Date,S.N.,Contract ID,Symbol,Buyer Broker,Seller Broker,volume,rate,amount,transaction_time
2025-07-06,87319,2025070603000038,SAPDBL,Vision Securities Pvt. Ltd,Linch Stock Market Ltd.,50,1078.2,53910.0,2025-07-06 10:46:00.090268
2025-07-06,87318,2025070603000039,SAPDBL,South Asian Bulls Pvt. Ltd.,Linch Stock Market Ltd.,50,1078.2,53910.0,2025-07-06 10:46:00.090301
2025-07-06,87317,2025070603000040,SAPDBL,South Asian Bulls Pvt. Ltd.,Linch Stock Market Ltd.,100,1078.2,107820.0,2025-07-06 10:46:00.090319
2025-07-06,87316,2025070603000041,SAPDBL,South Asian Bulls Pvt. Ltd.,Linch Stock Market Ltd.,100,1078.2,107820.0,2025-07-06 10:46:00.090339
2025-07-06,87315,2025070603000042,SAPDBL,ABC Securities Private Limited,Linch Stock Market Ltd.,10,1078.2,10782.0,2025-07-06 10:46:00.090362
2025-07-06,87314,2025070603000043,SAPDBL,Agrawal Securities (PVT) Ltd.,Linch Stock Market Ltd.,200,1078.2,215640.0,2025-07-06 10:46:00.090405
2025-07-06,87313,2025070603000044,SAPDBL,Deevyaa Securities & Stock House Pvt. Ltd,Linch Stock Market Ltd.,50,1078.2,53910.0,2025-07-06 10:46:00.090476
2025-07-06,87312,2025070603000045,SAPDBL,Vision Securities Pvt. Ltd,Linch Stock Market Ltd.,50,1078.2,53910.0,2025-07-06 10:46:00.090507
2025-07-06,87311,2025070603000046,SAPDBL,South Asian Bulls Pvt. Ltd.,Linch Stock Market Ltd.,80,1078.2,86256.0,2025-07-06 10:46:00.090532
2025-07-06,87283,2025070603000049,SAPDBL,ABC Securities Private Limited,Blue Chip Securities Ltd,10,1057.0,10570.0,2025-07-06 11:00:20.116648
2025-07-06,87258,2025070603000055,SAPDBL,ABC Securities Private Limited,Siprabi Securities Pvt. Ltd.,10,1035.9,10359.0,2025-07-06 11:00:31.001368
2025-07-06,87224,2025070603000072,SAPDBL,Online Securities Pvt. Ltd.,Blue Chip Securities Ltd,10,1036.0,10360.0,2025-07-06 11:00:43.191684
2025-07-06,87219,2025070603000074,SAPDBL,Online Securities Pvt. Ltd.,Aryatara Investment & Securities,20,1036.0,20720.0,2025-07-06 11:00:45.749627
2025-07-06,87214,2025070603000078,SAPDBL,Online Securities Pvt. Ltd.,Sipla Securities Private Limited,170,1036.0,176120.0,2025-07-06 11:00:47.413495
2025-07-06,87209,2025070603000079,SAPDBL,Imperial Securities Company Pvt. Ltd.,Sipla Securities Private Limited,100,1036.0,103600.0,2025-07-06 11:00:49.589688
2025-07-06,87203,2025070603000081,SAPDBL,Sani Securities Company Ltd.,ABC Securities Private Limited,10,1030.0,10300.0,2025-07-06 11:00:50.240762
2025-07-06,87201,2025070603000083,SAPDBL,Sani Securities Company Ltd.,Blue Chip Securities Ltd,10,1030.0,10300.0,2025-07-06 11:00:51.225129
2025-07-06,87200,2025070603000084,SAPDBL,ABC Securities Private Limited,Sipla Securities Private Limited,100,1036.0,103600.0,2025-07-06 11:00:51.259873
2025-07-06,87191,2025070603000088,SAPDBL,Primo Securities (PVT) Ltd.,Miyo Securities Pvt Ltd,120,1035.9,124308.0,2025-07-06 11:00:54.320469
2025-07-06,87190,2025070603000089,SAPDBL,Primo Securities (PVT) Ltd.,Sipla Securities Private Limited,30,1036.0,31080.0,2025-07-06 11:00:54.320547
2025-07-06,87168,2025070603000097,SAPDBL,Sani Securities Company Ltd.,Secured Securities Ltd.,20,1030.0,20600.0,2025-07-06 11:01:00.433188
2025-07-06,87165,2025070603000099,SAPDBL,Sani Securities Company Ltd.,Blue Chip Securities Ltd,10,1030.0,10300.0,2025-07-06 11:01:01.261289
2025-07-06,87153,2025070603000100,SAPDBL,Online Securities Pvt. Ltd.,Siprabi Securities Pvt. Ltd.,240,1015.3,243672.0,2025-07-06 11:01:04.209980
2025-07-06,87109,2025070603000113,SAPDBL,Market Securities & Exchange (PVT) Ltd.,Sagarmatha Securities Private Limited,100,1035.0,103500.0,2025-07-06 11:01:09.750959
2025-07-06,87107,2025070603000115,SAPDBL,Pragyan Securities (PVT) Ltd.,Dipshikha Dhitopatra Karobar Co. Pvt Ltd.,10,1016.0,10160.0,2025-07-06 11:01:10.061745
2025-07-06,87066,2025070603000128,SAPDBL,Capital Max Securities Ltd,Dynamic Money Managers Securities Pvt. Ltd.,10,1020.0,10200.0,2025-07-06 11:01:27.584171
2025-07-06,87049,2025070603000134,SAPDBL,Imperial Securities Company Pvt. Ltd.,Agrawal Securities (PVT) Ltd.,100,1021.0,102100.0,2025-07-06 11:01:30.139333
2025-07-06,87048,2025070603000135,SAPDBL,Capital Max Securities Ltd,Agrawal Securities (PVT) Ltd.,60,1020.0,61200.0,2025-07-06 11:01:30.139372
2025-07-06,87042,2025070603000139,SAPDBL,Nepal Investment And Securities Trading Private Limited,Sipla Securities Private Limited,100,1036.0,103600.0,2025-07-06 11:01:32.326519
2025-07-06,87029,2025070603000145,SAPDBL,Capital Max Securities Ltd,Blue Chip Securities Ltd,10,1020.0,10200.0,2025-07-06 11:01:35.366979
2025-07-06,87024,2025070603000148,SAPDBL,Capital Max Securities Ltd,Midas Stock Broking Company Private Limited,12,1020.0,12240.0,2025-07-06 11:01:37.179758
2025-07-06,87018,2025070603000152,SAPDBL,Kohinoor Investment & Securities Pvt. Ltd.,Imperial Securities Company Pvt. Ltd.,100,1035.0,103500.0,2025-07-06 11:01:41.262432
2025-07-06,87006,2025070603000158,SAPDBL,SUN SECURITIES PVT LTD,Blue Chip Securities Ltd,10,1035.0,10350.0,2025-07-06 11:01:44.400159
2025-07-06,86958,2025070603000173,SAPDBL,Pragyan Securities (PVT) Ltd.,KALASH STOCK MARKET PVT. LTD.,100,1054.9,105490.0,2025-07-06 11:01:53.852088
2025-07-06,86957,2025070603000174,SAPDBL,Pragyan Securities (PVT) Ltd.,Naasa Securities Co. Ltd.,85,1055.0,89675.0,2025-07-06 11:01:53.852179
2025-07-06,86956,2025070603000175,SAPDBL,Pragyan Securities (PVT) Ltd.,Capital Max Securities Ltd,15,1055.0,15825.0,2025-07-06 11:01:53.852223
2025-07-06,86936,2025070603000184,SAPDBL,Agrawal Securities (PVT) Ltd.,ABC Securities Private Limited,10,1041.0,10410.0,2025-07-06 11:01:59.723390
2025-07-06,86935,2025070603000185,SAPDBL,Sumeru Securities Pvt. Ltd.,ABC Securities Private Limited,10,1036.0,10360.0,2025-07-06 11:01:59.723436
2025-07-06,86932,2025070603000188,SAPDBL,Sumeru Securities Pvt. Ltd.,Capital Max Securities Ltd,200,1055.0,211000.0,2025-07-06 11:02:00.677708
2025-07-06,86925,2025070603000191,SAPDBL,Sumeru Securities Pvt. Ltd.,Linch Stock Market Ltd.,20,1036.0,20720.0,2025-07-06 11:02:03.317083
2025-07-06,86857,2025070603000213,SAPDBL,ABC Securities Private Limited,Midas Stock Broking Company Private Limited,100,1037.0,103700.0,2025-07-06 11:02:23.389114
2025-07-06,86839,2025070603000222,SAPDBL,Shree Krishna Securities Ltd.,Sagarmatha Securities Private Limited,20,1050.0,21000.0,2025-07-06 11:02:26.928923
2025-07-06,86833,2025070603000225,SAPDBL,Deevyaa Securities & Stock House Pvt. Ltd,Linch Stock Market Ltd.,10,1037.0,10370.0,2025-07-06 11:02:29.755333
2025-07-06,86832,2025070603000226,SAPDBL,Sumeru Securities Pvt. Ltd.,ABC Securities Private Limited,10,1036.0,10360.0,2025-07-06 11:02:29.899244
2025-07-06,86831,2025070603000227,SAPDBL,Nepal Investment And Securities Trading Private Limited,Sagarmatha Securities Private Limited,50,1050.0,52500.0,2025-07-06 11:02:30.032673
2025-07-06,86818,2025070603000231,SAPDBL,Pragyan Securities (PVT) Ltd.,Sagarmatha Securities Private Limited,30,1050.0,31500.0,2025-07-06 11:02:32.443983
2025-07-06,86817,2025070603000232,SAPDBL,Pragyan Securities (PVT) Ltd.,NIMB Stock Markets Limited,70,1050.0,73500.0,2025-07-06 11:02:32.444091
2025-07-06,86801,2025070603000238,SAPDBL,Sumeru Securities Pvt. Ltd.,Linch Stock Market Ltd.,10,1036.0,10360.0,2025-07-06 11:02:34.834532
2025-07-06,86793,2025070603000240,SAPDBL,Sumeru Securities Pvt. Ltd.,ABC Securities Private Limited,10,1036.0,10360.0,2025-07-06 11:02:36.942545
2025-07-06,86775,2025070603000246,SAPDBL,Sumeru Securities Pvt. Ltd.,Vision Securities Pvt. Ltd,40,1036.0,41440.0,2025-07-06 11:02:43.371690
2025-07-06,86774,2025070603000247,SAPDBL,Sundhara Securities Limited,Vision Securities Pvt. Ltd,20,1036.0,20720.0,2025-07-06 11:02:43.371795
2025-07-06,86773,2025070603000248,SAPDBL,Online Securities Pvt. Ltd.,Vision Securities Pvt. Ltd,40,1036.0,41440.0,2025-07-06 11:02:43.371858
2025-07-06,86758,2025070603000254,SAPDBL,Nepal Investment And Securities Trading Private Limited,Naasa Securities Co. Ltd.,21,1049.0,22029.0,2025-07-06 11:02:48.271532
2025-07-06,86749,2025070603000258,SAPDBL,Nepal Investment And Securities Trading Private Limited,Linch Stock Market Ltd.,10,1049.0,10490.0,2025-07-06 11:02:50.867995
2025-07-06,86730,2025070603000270,SAPDBL,Nepal Investment And Securities Trading Private Limited,Linch Stock Market Ltd.,19,1049.0,19931.0,2025-07-06 11:02:56.003223
2025-07-06,86729,2025070603000271,SAPDBL,Online Securities Pvt. Ltd.,Linch Stock Market Ltd.,11,1036.0,11396.0,2025-07-06 11:02:56.003271
2025-07-06,86724,2025070603000272,SAPDBL,Midas Stock Broking Company Private Limited,NIMB Stock Markets Limited,20,1050.0,21000.0,2025-07-06 11:02:56.538545
2025-07-06,86719,2025070603000276,SAPDBL,Online Securities Pvt. Ltd.,ABC Securities Private Limited,30,1036.0,31080.0,2025-07-06 11:02:57.138637
2025-07-06,86693,2025070603000286,SAPDBL,Kohinoor Investment & Securities Pvt. Ltd.,Sipla Securities Private Limited,10,1049.0,10490.0,2025-07-06 11:03:05.762310
2025-07-06,86675,2025070603000288,SAPDBL,Online Securities Pvt. Ltd.,Linch Stock Market Ltd.,10,1036.0,10360.0,2025-07-06 11:03:09.422148
2025-07-06,86671,2025070603000289,SAPDBL,Ashutosh Brokerage & Securities (PVT) Ltd.,Naasa Securities Co. Ltd.,20,1036.0,20720.0,2025-07-06 11:03:10.170870
2025-07-06,86670,2025070603000290,SAPDBL,Investment Management Nepal Pvt. Ltd.,Naasa Securities Co. Ltd.,100,1036.0,103600.0,2025-07-06 11:03:10.171115
2025-07-06,86669,2025070603000291,SAPDBL,Malla & Malla Stock Broking Company Pvt. Limited,Naasa Securities Co. Ltd.,100,1036.0,103600.0,2025-07-06 11:03:10.171256
2025-07-06,86668,2025070603000292,SAPDBL,SUN SECURITIES PVT LTD,Naasa Securities Co. Ltd.,40,1035.0,41400.0,2025-07-06 11:03:10.171396
2025-07-06,86667,2025070603000293,SAPDBL,Vision Securities Pvt. Ltd,Naasa Securities Co. Ltd.,100,1035.0,103500.0,2025-07-06 11:03:10.171539
2025-07-06,86666,2025070603000294,SAPDBL,Naasa Securities Co. Ltd.,Naasa Securities Co. Ltd.,140,1035.0,144900.0,2025-07-06 11:03:10.171672
2025-07-06,86665,2025070603000295,SAPDBL,Naasa Securities Co. Ltd.,ABC Securities Private Limited,10,1035.0,10350.0,2025-07-06 11:03:10.335571
2025-07-06,86618,2025070603000310,SAPDBL,Sumeru Securities Pvt. Ltd.,Sipla Securities Private Limited,90,1049.0,94410.0,2025-07-06 11:03:21.001413
2025-07-06,86603,2025070603000314,SAPDBL,Sumeru Securities Pvt. Ltd.,ABC Securities Private Limited,10,1049.0,10490.0,2025-07-06 11:03:23.437073
2025-07-06,86574,2025070603000323,SAPDBL,Naasa Securities Co. Ltd.,ABC Securities Private Limited,10,1035.0,10350.0,2025-07-06 11:03:28.500477
2025-07-06,86573,2025070603000324,SAPDBL,Naasa Securities Co. Ltd.,Linch Stock Market Ltd.,20,1035.0,20700.0,2025-07-06 11:03:28.539130
2025-07-06,86423,2025070603000388,SAPDBL,J.F. Securites (PVT) Ltd.,NIMB Stock Markets Limited,100,1050.0,105000.0,2025-07-06 11:04:00.307766
2025-07-06,86411,2025070603000390,SAPDBL,Aryatara Investment & Securities,ABC Securities Private Limited,10,1040.0,10400.0,2025-07-06 11:04:02.735626
2025-07-06,86410,2025070603000391,SAPDBL,Aryatara Investment & Securities,Linch Stock Market Ltd.,10,1040.0,10400.0,2025-07-06 11:04:02.764244
2025-07-06,86376,2025070603000405,SAPDBL,Online Securities Pvt. Ltd.,ABC Securities Private Limited,10,1037.0,10370.0,2025-07-06 11:04:09.789415
2025-07-06,86317,2025070603000420,SAPDBL,Shree Krishna Securities Ltd.,Sagarmatha Securities Private Limited,30,1040.0,31200.0,2025-07-06 11:04:25.119589
2025-07-06,86303,2025070603000424,SAPDBL,Imperial Securities Company Pvt. Ltd.,ABC Securities Private Limited,10,1040.0,10400.0,2025-07-06 11:04:27.937412
2025-07-06,86299,2025070603000425,SAPDBL,Online Securities Pvt. Ltd.,Linch Stock Market Ltd.,10,1037.0,10370.0,2025-07-06 11:04:28.941873
2025-07-06,86075,2025070603000494,SAPDBL,Nepal Stock House (PVT) Ltd.,Capital Max Securities Ltd,40,1049.9,41996.0,2025-07-06 11:05:08.210386
2025-07-06,86061,2025070603000504,SAPDBL,Cristal Kanchanjanga Securites Pvt. Ltd.,ABC Securities Private Limited,10,1037.2,10372.0,2025-07-06 11:05:10.237847
2025-07-06,86052,2025070603000507,SAPDBL,Cristal Kanchanjanga Securites Pvt. Ltd.,Linch Stock Market Ltd.,10,1037.2,10372.0,2025-07-06 11:05:12.168803
2025-07-06,85959,2025070603000548,SAPDBL,J.F. Securites (PVT) Ltd.,Capital Max Securities Ltd,100,1049.9,104990.0,2025-07-06 11:05:28.101996
2025-07-06,85931,2025070603000561,SAPDBL,Kumari Securities Private Limited,Linch Stock Market Ltd.,10,1045.5,10455.0,2025-07-06 11:05:31.311280
2025-07-06,85930,2025070603000562,SAPDBL,Kumari Securities Private Limited,ABC Securities Private Limited,10,1045.5,10455.0,2025-07-06 11:05:31.459806
2025-07-06,85915,2025070603000565,SAPDBL,Naasa Securities Co. Ltd.,Ashutosh Brokerage & Securities (PVT) Ltd.,50,1049.6,52480.0,2025-07-06 11:05:35.533477
2025-07-06,85914,2025070603000566,SAPDBL,Kumari Securities Private Limited,Ashutosh Brokerage & Securities (PVT) Ltd.,150,1045.5,156825.0,2025-07-06 11:05:35.533638
2025-07-06,85893,2025070603000571,SAPDBL,Agrawal Securities (PVT) Ltd.,Linch Stock Market Ltd.,10,1038.0,10380.0,2025-07-06 11:05:41.361879
2025-07-06,85892,2025070603000572,SAPDBL,Cristal Kanchanjanga Securites Pvt. Ltd.,ABC Securities Private Limited,10,1037.2,10372.0,2025-07-06 11:05:41.559742
2025-07-06,85820,2025070603000594,SAPDBL,Linch Stock Market Ltd.,Linch Stock Market Ltd.,20,1049.0,20980.0,2025-07-06 11:06:03.582685
2025-07-06,85805,2025070603000597,SAPDBL,Cristal Kanchanjanga Securites Pvt. Ltd.,ABC Securities Private Limited,10,1037.2,10372.0,2025-07-06 11:06:05.706688
2025-07-06,85796,2025070603000602,SAPDBL,Cristal Kanchanjanga Securites Pvt. Ltd.,Linch Stock Market Ltd.,10,1037.2,10372.0,2025-07-06 11:06:07.611662
2025-07-06,85773,2025070603000612,SAPDBL,Naasa Securities Co. Ltd.,Linch Stock Market Ltd.,30,1049.0,31470.0,2025-07-06 11:06:16.107392
2025-07-06,85752,2025070603000617,SAPDBL,Secured Securities Ltd.,ABC Securities Private Limited,10,1038.0,10380.0,2025-07-06 11:06:18.799239
2025-07-06,85745,2025070603000619,SAPDBL,Secured Securities Ltd.,Linch Stock Market Ltd.,10,1038.0,10380.0,2025-07-06 11:06:19.673325
2025-07-06,85710,2025070603000631,SAPDBL,Secured Securities Ltd.,Asian Securities Private Ltd.,40,1038.0,41520.0,2025-07-06 11:06:25.561780
2025-07-06,85709,2025070603000632,SAPDBL,Nepal Investment And Securities Trading Private Limited,Asian Securities Private Ltd.,500,1038.0,519000.0,2025-07-06 11:06:25.562052
2025-07-06,85708,2025070603000633,SAPDBL,Kumari Securities Private Limited,Asian Securities Private Ltd.,100,1037.3,103730.0,2025-07-06 11:06:25.562236
2025-07-06,85707,2025070603000634,SAPDBL,Cristal Kanchanjanga Securites Pvt. Ltd.,Asian Securities Private Ltd.,40,1037.2,41488.0,2025-07-06 11:06:25.562427
2025-07-06,85706,2025070603000635,SAPDBL,Midas Stock Broking Company Private Limited,Asian Securities Private Ltd.,30,1037.2,31116.0,2025-07-06 11:06:25.562600
2025-07-06,85705,2025070603000636,SAPDBL,Agrawal Securities (PVT) Ltd.,Asian Securities Private Ltd.,290,1037.1,300759.0,2025-07-06 11:06:25.562764
2025-07-06,85500,2025070603000682,SAPDBL,Naasa Securities Co. Ltd.,Hatemalo Financial Services Private Limited,40,1045.0,41800.0,2025-07-06 11:07:10.350253
2025-07-06,85499,2025070603000683,SAPDBL,Naasa Securities Co. Ltd.,Sani Securities Company Ltd.,35,1045.1,36578.5,2025-07-06 11:07:10.350396
2025-07-06,85476,2025070603000685,SAPDBL,Magnet Securities and Investment Company Private Limited,ABC Securities Private Limited,10,1040.0,10400.0,2025-07-06 11:07:13.309517
2025-07-06,85467,2025070603000686,SAPDBL,Magnet Securities and Investment Company Private Limited,Linch Stock Market Ltd.,10,1040.0,10400.0,2025-07-06 11:07:15.062044
2025-07-06,85422,2025070603000699,SAPDBL,Magnet Securities and Investment Company Private Limited,NIMB Stock Markets Limited,810,1040.0,842400.0,2025-07-06 11:07:25.605854
2025-07-06,85416,2025070603000702,SAPDBL,J.F. Securites (PVT) Ltd.,Sani Securities Company Ltd.,50,1045.1,52255.0,2025-07-06 11:07:27.074659
2025-07-06,85402,2025070603000708,SAPDBL,Opal Securities Investment (PVT) Ltd.,Linch Stock Market Ltd.,10,1041.0,10410.0,2025-07-06 11:07:30.158402
2025-07-06,85393,2025070603000709,SAPDBL,Opal Securities Investment (PVT) Ltd.,ABC Securities Private Limited,10,1041.0,10410.0,2025-07-06 11:07:30.395457
2025-07-06,85356,2025070603000716,SAPDBL,Midas Stock Broking Company Private Limited,Sani Securities Company Ltd.,200,1045.1,209020.0,2025-07-06 11:07:35.645489
2025-07-06,85339,2025070603000723,SAPDBL,Opal Securities Investment (PVT) Ltd.,Linch Stock Market Ltd.,10,1041.0,10410.0,2025-07-06 11:07:39.210997
2025-07-06,85316,2025070603000728,SAPDBL,Opal Securities Investment (PVT) Ltd.,ABC Securities Private Limited,10,1041.0,10410.0,2025-07-06 11:07:41.478851
2025-07-06,85238,2025070603000737,SAPDBL,Sumeru Securities Pvt. Ltd.,Sani Securities Company Ltd.,35,1045.1,36578.5,2025-07-06 11:07:53.117249
2025-07-06,85217,2025070603000740,SAPDBL,Sumeru Securities Pvt. Ltd.,Linch Stock Market Ltd.,10,1045.1,10451.0,2025-07-06 11:07:55.310169
2025-07-06,85206,2025070603000742,SAPDBL,Sumeru Securities Pvt. Ltd.,ABC Securities Private Limited,10,1045.1,10451.0,2025-07-06 11:07:56.584415
2025-07-06,85064,2025070603000765,SAPDBL,Deevyaa Securities & Stock House Pvt. Ltd,Dynamic Money Managers Securities Pvt. Ltd.,27,1047.0,28269.0,2025-07-06 11:08:18.748016
2025-07-06,85063,2025070603000766,SAPDBL,Deevyaa Securities & Stock House Pvt. Ltd,Deevyaa Securities & Stock House Pvt. Ltd,170,1049.0,178330.0,2025-07-06 11:08:18.748100
2025-07-06,85057,2025070603000769,SAPDBL,Sani Securities Company Ltd.,Linch Stock Market Ltd.,10,1046.0,10460.0,2025-07-06 11:08:21.453505
2025-07-06,85052,2025070603000772,SAPDBL,Sani Securities Company Ltd.,ABC Securities Private Limited,10,1046.0,10460.0,2025-07-06 11:08:21.717262
2025-07-06,85009,2025070603000784,SAPDBL,Trishakti Securities Public Limited,Capital Max Securities Ltd,100,1049.8,104980.0,2025-07-06 11:08:30.832491
2025-07-06,84987,2025070603000790,SAPDBL,Imperial Securities Company Pvt. Ltd.,ABC Securities Private Limited,10,1047.0,10470.0,2025-07-06 11:08:34.848045
2025-07-06,84982,2025070603000791,SAPDBL,Opal Securities Investment (PVT) Ltd.,Linch Stock Market Ltd.,10,1047.0,10470.0,2025-07-06 11:08:35.613296
2025-07-06,84981,2025070603000792,SAPDBL,Sani Securities Company Ltd.,Linch Stock Market Ltd.,20,1046.0,20920.0,2025-07-06 11:08:35.613331
2025-07-06,84963,2025070603000793,SAPDBL,Sani Securities Company Ltd.,Sani Securities Company Ltd.,20,1046.0,20920.0,2025-07-06 11:08:37.125205
2025-07-06,84919,2025070603000813,SAPDBL,Online Securities Pvt. Ltd.,Capital Max Securities Ltd,225,1049.8,236205.0,2025-07-06 11:08:48.211944
2025-07-06,84911,2025070603000815,SAPDBL,Sani Securities Company Ltd.,Linch Stock Market Ltd.,10,1046.0,10460.0,2025-07-06 11:08:50.028133
2025-07-06,84899,2025070603000817,SAPDBL,Naasa Securities Co. Ltd.,ABC Securities Private Limited,10,1046.1,10461.0,2025-07-06 11:08:51.929225
2025-07-06,84746,2025070603000860,SAPDBL,Dynamic Money Managers Securities Pvt. Ltd.,Capital Max Securities Ltd,50,1049.8,52490.0,2025-07-06 11:09:23.071310
2025-07-06,84723,2025070603000868,SAPDBL,Ashutosh Brokerage & Securities (PVT) Ltd.,Linch Stock Market Ltd.,10,1049.0,10490.0,2025-07-06 11:09:26.338926
2025-07-06,84710,2025070603000871,SAPDBL,Ashutosh Brokerage & Securities (PVT) Ltd.,Sagarmatha Securities Private Limited,50,1049.0,52450.0,2025-07-06 11:09:28.208055
2025-07-06,84669,2025070603000880,SAPDBL,Ashutosh Brokerage & Securities (PVT) Ltd.,Linch Stock Market Ltd.,100,1049.0,104900.0,2025-07-06 11:09:35.383570
2025-07-06,84632,2025070603000894,SAPDBL,Naasa Securities Co. Ltd.,Linch Stock Market Ltd.,32,1049.1,33571.2,2025-07-06 11:09:43.452454
2025-07-06,84631,2025070603000895,SAPDBL,Ashutosh Brokerage & Securities (PVT) Ltd.,Linch Stock Market Ltd.,18,1049.0,18882.0,2025-07-06 11:09:43.452507
2025-07-06,84595,2025070603000914,SAPDBL,Ashutosh Brokerage & Securities (PVT) Ltd.,Sagarmatha Securities Private Limited,20,1049.0,20980.0,2025-07-06 11:09:52.362469
2025-07-06,84559,2025070603000923,SAPDBL,Swarna Laxmi Securities Pvt. Ltd.,Capital Max Securities Ltd,25,1049.8,26245.0,2025-07-06 11:10:00.810112
2025-07-06,84558,2025070603000924,SAPDBL,Swarna Laxmi Securities Pvt. Ltd.,Miyo Securities Pvt Ltd,25,1049.8,26245.0,2025-07-06 11:10:00.810270
2025-07-06,84552,2025070603000929,SAPDBL,Arun Securities (PVT) Ltd.,Imperial Securities Company Pvt. Ltd.,100,1049.0,104900.0,2025-07-06 11:10:02.636066
2025-07-06,84551,2025070603000930,SAPDBL,Primo Securities (PVT) Ltd.,Imperial Securities Company Pvt. Ltd.,70,1049.0,73430.0,2025-07-06 11:10:02.636217
2025-07-06,84530,2025070603000945,SAPDBL,Sani Securities Company Ltd.,Linch Stock Market Ltd.,10,1049.0,10490.0,2025-07-06 11:10:05.656240
2025-07-06,84477,2025070603000960,SAPDBL,Sani Securities Company Ltd.,Linch Stock Market Ltd.,190,1049.0,199310.0,2025-07-06 11:10:13.749764
2025-07-06,84476,2025070603000961,SAPDBL,Sani Securities Company Ltd.,Linch Stock Market Ltd.,10,1046.0,10460.0,2025-07-06 11:10:13.749870
2025-07-06,84440,2025070603000971,SAPDBL,Dipshikha Dhitopatra Karobar Co. Pvt Ltd.,Imperial Securities Company Pvt. Ltd.,20,1049.0,20980.0,2025-07-06 11:10:18.132553
2025-07-06,84433,2025070603000974,SAPDBL,Sani Securities Company Ltd.,ABC Securities Private Limited,10,1046.0,10460.0,2025-07-06 11:10:20.462528
2025-07-06,84425,2025070603000976,SAPDBL,Sani Securities Company Ltd.,Linch Stock Market Ltd.,10,1046.0,10460.0,2025-07-06 11:10:21.822299
2025-07-06,84415,2025070603000979,SAPDBL,Sani Securities Company Ltd.,Imperial Securities Company Pvt. Ltd.,100,1049.0,104900.0,2025-07-06 11:10:23.579255
2025-07-06,84405,2025070603000981,SAPDBL,Aryatara Investment & Securities,Linch Stock Market Ltd.,10,1046.2,10462.0,2025-07-06 11:10:26.847036
2025-07-06,84403,2025070603000983,SAPDBL,Aryatara Investment & Securities,ABC Securities Private Limited,10,1046.2,10462.0,2025-07-06 11:10:27.505125
2025-07-06,84399,2025070603000986,SAPDBL,Sumeru Securities Pvt. Ltd.,Imperial Securities Company Pvt. Ltd.,70,1049.0,73430.0,2025-07-06 11:10:27.825602
2025-07-06,84369,2025070603000991,SAPDBL,Sundhara Securities Limited,Linch Stock Market Ltd.,10,1046.3,10463.0,2025-07-06 11:10:33.918823
2025-07-06,84284,2025070603001015,SAPDBL,Sumeru Securities Pvt. Ltd.,Miyo Securities Pvt Ltd,75,1049.8,78735.0,2025-07-06 11:10:46.915280
2025-07-06,84283,2025070603001016,SAPDBL,Sumeru Securities Pvt. Ltd.,Capital Max Securities Ltd,245,1049.9,257225.5,2025-07-06 11:10:46.915440
2025-07-06,84276,2025070603001018,SAPDBL,Sundhara Securities Limited,ABC Securities Private Limited,10,1046.3,10463.0,2025-07-06 11:10:48.643173
2025-07-06,84270,2025070603001023,SAPDBL,Sundhara Securities Limited,Linch Stock Market Ltd.,10,1046.3,10463.0,2025-07-06 11:10:49.032246
2025-07-06,84102,2025070603001057,SAPDBL,Oxford Securities Pvt. Ltd.,Primo Securities (PVT) Ltd.,50,1047.0,52350.0,2025-07-06 11:11:17.032769
2025-07-06,84101,2025070603001058,SAPDBL,Sundhara Securities Limited,Primo Securities (PVT) Ltd.,10,1046.3,10463.0,2025-07-06 11:11:17.032948
2025-07-06,84100,2025070603001059,SAPDBL,Aryatara Investment & Securities,Primo Securities (PVT) Ltd.,80,1046.2,83696.0,2025-07-06 11:11:17.033038
2025-07-06,84099,2025070603001060,SAPDBL,Sani Securities Company Ltd.,Primo Securities (PVT) Ltd.,60,1046.0,62760.0,2025-07-06 11:11:17.033125
2025-07-06,84014,2025070603001087,SAPDBL,Dipshikha Dhitopatra Karobar Co. Pvt Ltd.,Capital Max Securities Ltd,15,1049.9,15748.5,2025-07-06 11:11:27.547850
2025-07-06,84013,2025070603001088,SAPDBL,Dipshikha Dhitopatra Karobar Co. Pvt Ltd.,Midas Stock Broking Company Private Limited,60,1049.9,62994.0,2025-07-06 11:11:27.548017
2025-07-06,84012,2025070603001089,SAPDBL,Dipshikha Dhitopatra Karobar Co. Pvt Ltd.,Miyo Securities Pvt Ltd,10,1050.0,10500.0,2025-07-06 11:11:27.548099
2025-07-06,84011,2025070603001090,SAPDBL,Dipshikha Dhitopatra Karobar Co. Pvt Ltd.,Citizens Share Broker Limited,165,1050.0,173250.0,2025-07-06 11:11:27.548167
2025-07-06,83995,2025070603001092,SAPDBL,Sani Securities Company Ltd.,Linch Stock Market Ltd.,10,1046.0,10460.0,2025-07-06 11:11:30.280036
2025-07-06,83985,2025070603001093,SAPDBL,Sani Securities Company Ltd.,ABC Securities Private Limited,10,1046.0,10460.0,2025-07-06 11:11:30.969088
2025-07-06,83730,2025070603001179,SAPDBL,Naasa Securities Co. Ltd.,Linch Stock Market Ltd.,10,1046.1,10461.0,2025-07-06 11:12:07.525660
2025-07-06,83637,2025070603001205,SAPDBL,Sani Securities Company Ltd.,Aryatara Investment & Securities,70,1046.0,73220.0,2025-07-06 11:12:20.206735
2025-07-06,83636,2025070603001206,SAPDBL,Arun Securities (PVT) Ltd.,Aryatara Investment & Securities,30,1046.0,31380.0,2025-07-06 11:12:20.206898
2025-07-06,83515,2025070603001252,SAPDBL,Sumeru Securities Pvt. Ltd.,Dipshikha Dhitopatra Karobar Co. Pvt Ltd.,60,1049.9,62994.0,2025-07-06 11:12:40.469170
2025-07-06,83487,2025070603001262,SAPDBL,Arun Securities (PVT) Ltd.,ABC Securities Private Limited,10,1046.0,10460.0,2025-07-06 11:12:43.503333
2025-07-06,83441,2025070603001275,SAPDBL,Arun Securities (PVT) Ltd.,Agrawal Securities (PVT) Ltd.,60,1046.0,62760.0,2025-07-06 11:12:52.386210
2025-07-06,83440,2025070603001276,SAPDBL,Naasa Securities Co. Ltd.,Agrawal Securities (PVT) Ltd.,30,1046.0,31380.0,2025-07-06 11:12:52.386405
2025-07-06,83439,2025070603001277,SAPDBL,Sumeru Securities Pvt. Ltd.,Agrawal Securities (PVT) Ltd.,180,1045.1,188118.0,2025-07-06 11:12:52.386479
2025-07-06,83438,2025070603001278,SAPDBL,Aryatara Investment & Securities,Agrawal Securities (PVT) Ltd.,100,1045.0,104500.0,2025-07-06 11:12:52.386548
2025-07-06,83437,2025070603001279,SAPDBL,Sani Securities Company Ltd.,Agrawal Securities (PVT) Ltd.,100,1045.0,104500.0,2025-07-06 11:12:52.386626
2025-07-06,83436,2025070603001280,SAPDBL,Kumari Securities Private Limited,Agrawal Securities (PVT) Ltd.,348,1045.0,363660.0,2025-07-06 11:12:52.386728
2025-07-06,83343,2025070603001304,SAPDBL,Kumari Securities Private Limited,Vision Securities Pvt. Ltd,152,1045.0,158840.0,2025-07-06 11:13:05.647762
2025-07-06,83342,2025070603001305,SAPDBL,Sani Securities Company Ltd.,Vision Securities Pvt. Ltd,150,1045.0,156750.0,2025-07-06 11:13:05.647852
2025-07-06,83341,2025070603001306,SAPDBL,Arun Securities (PVT) Ltd.,Vision Securities Pvt. Ltd,100,1041.0,104100.0,2025-07-06 11:13:05.647926
2025-07-06,83340,2025070603001307,SAPDBL,Malla & Malla Stock Broking Company Pvt. Limited,Vision Securities Pvt. Ltd,100,1040.1,104010.0,2025-07-06 11:13:05.648001
2025-07-06,83339,2025070603001308,SAPDBL,Magnet Securities and Investment Company Private Limited,Vision Securities Pvt. Ltd,170,1040.0,176800.0,2025-07-06 11:13:05.648105
2025-07-06,83338,2025070603001309,SAPDBL,Indira securities pvt. ltd,Vision Securities Pvt. Ltd,50,1040.0,52000.0,2025-07-06 11:13:05.648169
2025-07-06,83337,2025070603001310,SAPDBL,Citizens Share Broker Limited,Vision Securities Pvt. Ltd,100,1040.0,104000.0,2025-07-06 11:13:05.648231
2025-07-06,83336,2025070603001311,SAPDBL,Naasa Securities Co. Ltd.,Vision Securities Pvt. Ltd,100,1040.0,104000.0,2025-07-06 11:13:05.648298
2025-07-06,83335,2025070603001312,SAPDBL,Midas Stock Broking Company Private Limited,Vision Securities Pvt. Ltd,28,1040.0,29120.0,2025-07-06 11:13:05.648358
2025-07-06,83111,2025070603001374,SAPDBL,Midas Stock Broking Company Private Limited,Dipshikha Dhitopatra Karobar Co. Pvt Ltd.,72,1040.0,74880.0,2025-07-06 11:13:38.271892
2025-07-06,83110,2025070603001375,SAPDBL,Sundhara Securities Limited,Dipshikha Dhitopatra Karobar Co. Pvt Ltd.,10,1040.0,10400.0,2025-07-06 11:13:38.272082
2025-07-06,83109,2025070603001376,SAPDBL,Kumari Securities Private Limited,Dipshikha Dhitopatra Karobar Co. Pvt Ltd.,30,1039.0,31170.0,2025-07-06 11:13:38.272155
2025-07-06,83108,2025070603001377,SAPDBL,Premier Securities Company Ltd.,Dipshikha Dhitopatra Karobar Co. Pvt Ltd.,1000,1039.0,1039000.0,2025-07-06 11:13:38.272219
2025-07-06,83032,2025070603001399,SAPDBL,Oxford Securities Pvt. Ltd.,Nepal Investment And Securities Trading Private Limited,50,1038.0,51900.0,2025-07-06 11:13:49.332213
2025-07-06,83028,2025070603001402,SAPDBL,Midas Stock Broking Company Private Limited,Dipshikha Dhitopatra Karobar Co. Pvt Ltd.,25,1039.0,25975.0,2025-07-06 11:13:49.992873
2025-07-06,82982,2025070603001428,SAPDBL,Oxford Securities Pvt. Ltd.,Secured Securities Ltd.,35,1038.0,36330.0,2025-07-06 11:13:57.286179
2025-07-06,82901,2025070603001451,SAPDBL,J.F. Securites (PVT) Ltd.,Dipshikha Dhitopatra Karobar Co. Pvt Ltd.,50,1039.0,51950.0,2025-07-06 11:14:06.954939
2025-07-06,82877,2025070603001459,SAPDBL,Secured Securities Ltd.,Dipshikha Dhitopatra Karobar Co. Pvt Ltd.,20,1039.0,20780.0,2025-07-06 11:14:11.364905
2025-07-06,82756,2025070603001481,SAPDBL,Dipshikha Dhitopatra Karobar Co. Pvt Ltd.,Citizens Share Broker Limited,30,1039.0,31170.0,2025-07-06 11:14:23.608742
2025-07-06,82746,2025070603001482,SAPDBL,Nepal Investment And Securities Trading Private Limited,Citizens Share Broker Limited,405,1039.0,420795.0,2025-07-06 11:14:26.540860
2025-07-06,82745,2025070603001483,SAPDBL,Nepal Investment And Securities Trading Private Limited,Kohinoor Investment & Securities Pvt. Ltd.,30,1039.0,31170.0,2025-07-06 11:14:27.155495
2025-07-06,82744,2025070603001484,SAPDBL,Oxford Securities Pvt. Ltd.,Kohinoor Investment & Securities Pvt. Ltd.,70,1038.0,72660.0,2025-07-06 11:14:27.155704
2025-07-06,82637,2025070603001515,SAPDBL,Oxford Securities Pvt. Ltd.,Aryatara Investment & Securities,45,1038.0,46710.0,2025-07-06 11:14:40.127490
2025-07-06,82636,2025070603001516,SAPDBL,Sundhara Securities Limited,Aryatara Investment & Securities,55,1038.0,57090.0,2025-07-06 11:14:40.127864
2025-07-06,82616,2025070603001518,SAPDBL,Sundhara Securities Limited,Naasa Securities Co. Ltd.,45,1038.0,46710.0,2025-07-06 11:14:41.946490
2025-07-06,82615,2025070603001519,SAPDBL,Cristal Kanchanjanga Securites Pvt. Ltd.,Naasa Securities Co. Ltd.,40,1037.2,41488.0,2025-07-06 11:14:41.946791
2025-07-06,82614,2025070603001520,SAPDBL,Magnet Securities and Investment Company Private Limited,Naasa Securities Co. Ltd.,100,1037.2,103720.0,2025-07-06 11:14:41.946987
2025-07-06,82613,2025070603001521,SAPDBL,Agrawal Securities (PVT) Ltd.,Naasa Securities Co. Ltd.,10,1037.1,10371.0,2025-07-06 11:14:41.947216
2025-07-06,82612,2025070603001522,SAPDBL,Naasa Securities Co. Ltd.,Naasa Securities Co. Ltd.,48,1037.1,49780.8,2025-07-06 11:14:41.947403
2025-07-06,82566,2025070603001538,SAPDBL,Online Securities Pvt. Ltd.,Sanima Securities Limited,30,1039.0,31170.0,2025-07-06 11:14:47.584964
2025-07-06,82529,2025070603001548,SAPDBL,Aryatara Investment & Securities,ABC Securities Private Limited,10,1037.1,10371.0,2025-07-06 11:14:51.417727
2025-07-06,82504,2025070603001557,SAPDBL,Shree Krishna Securities Ltd.,Sanima Securities Limited,20,1039.0,20780.0,2025-07-06 11:14:56.020409
2025-07-06,82481,2025070603001562,SAPDBL,Aryatara Investment & Securities,ABC Securities Private Limited,10,1037.1,10371.0,2025-07-06 11:14:58.518402
2025-07-06,82421,2025070603001578,SAPDBL,Aryatara Investment & Securities,Aryatara Investment & Securities,80,1037.1,82968.0,2025-07-06 11:15:06.353725
2025-07-06,82420,2025070603001579,SAPDBL,ABC Securities Private Limited,Aryatara Investment & Securities,50,1037.0,51850.0,2025-07-06 11:15:06.353894
2025-07-06,82419,2025070603001580,SAPDBL,Sani Securities Company Ltd.,Aryatara Investment & Securities,10,1037.0,10370.0,2025-07-06 11:15:06.353964
2025-07-06,82418,2025070603001581,SAPDBL,Dakshinkali Investment & Securities Pvt. Ltd.,Aryatara Investment & Securities,365,1037.0,378505.0,2025-07-06 11:15:06.354035
2025-07-06,82365,2025070603001587,SAPDBL,Aryatara Investment & Securities,Sanima Securities Limited,193,1039.0,200527.0,2025-07-06 11:15:12.394544
2025-07-06,82346,2025070603001591,SAPDBL,Dakshinkali Investment & Securities Pvt. Ltd.,ABC Securities Private Limited,10,1037.0,10370.0,2025-07-06 11:15:15.679406
2025-07-06,82263,2025070603001615,SAPDBL,Nepal Investment And Securities Trading Private Limited,Kalika Securities Pvt. Ltd.,250,1038.0,259500.0,2025-07-06 11:15:30.214503
2025-07-06,82251,2025070603001621,SAPDBL,Dakshinkali Investment & Securities Pvt. Ltd.,ABC Securities Private Limited,10,1037.0,10370.0,2025-07-06 11:15:32.840672
2025-07-06,81440,2025070603001813,SAPDBL,Naasa Securities Co. Ltd.,Capital Max Securities Ltd,20,1046.0,20920.0,2025-07-06 11:17:29.713410
2025-07-06,81414,2025070603001827,SAPDBL,Siprabi Securities Pvt. Ltd.,ABC Securities Private Limited,10,1039.0,10390.0,2025-07-06 11:17:32.617193
2025-07-06,81238,2025070603001855,SAPDBL,Siprabi Securities Pvt. Ltd.,Dipshikha Dhitopatra Karobar Co. Pvt Ltd.,90,1039.0,93510.0,2025-07-06 11:18:01.212022
2025-07-06,81237,2025070603001856,SAPDBL,Imperial Securities Company Pvt. Ltd.,Dipshikha Dhitopatra Karobar Co. Pvt Ltd.,100,1039.0,103900.0,2025-07-06 11:18:01.212173
2025-07-06,81236,2025070603001857,SAPDBL,Vision Securities Pvt. Ltd,Dipshikha Dhitopatra Karobar Co. Pvt Ltd.,50,1038.0,51900.0,2025-07-06 11:18:01.212279
2025-07-06,81235,2025070603001858,SAPDBL,Dakshinkali Investment & Securities Pvt. Ltd.,Dipshikha Dhitopatra Karobar Co. Pvt Ltd.,15,1037.0,15555.0,2025-07-06 11:18:01.212383
2025-07-06,81234,2025070603001859,SAPDBL,Naasa Securities Co. Ltd.,Dipshikha Dhitopatra Karobar Co. Pvt Ltd.,52,1037.0,53924.0,2025-07-06 11:18:01.212487
2025-07-06,81233,2025070603001860,SAPDBL,Swarna Laxmi Securities Pvt. Ltd.,Dipshikha Dhitopatra Karobar Co. Pvt Ltd.,20,1036.0,20720.0,2025-07-06 11:18:01.212609
2025-07-06,81232,2025070603001861,SAPDBL,Naasa Securities Co. Ltd.,Dipshikha Dhitopatra Karobar Co. Pvt Ltd.,20,1035.0,20700.0,2025-07-06 11:18:01.212720
2025-07-06,81231,2025070603001862,SAPDBL,Capital Max Securities Ltd,Dipshikha Dhitopatra Karobar Co. Pvt Ltd.,200,1031.0,206200.0,2025-07-06 11:18:01.212825
2025-07-06,80955,2025070603001915,SAPDBL,Deevyaa Securities & Stock House Pvt. Ltd,Sanima Securities Limited,100,1037.0,103700.0,2025-07-06 11:18:51.918210
2025-07-06,80914,2025070603001931,SAPDBL,Dakshinkali Investment & Securities Pvt. Ltd.,ABC Securities Private Limited,10,1031.1,10311.0,2025-07-06 11:18:56.193904
2025-07-06,80870,2025070603001939,SAPDBL,Market Securities & Exchange (PVT) Ltd.,Sanima Securities Limited,50,1037.0,51850.0,2025-07-06 11:19:03.677076
2025-07-06,80858,2025070603001942,SAPDBL,Dipshikha Dhitopatra Karobar Co. Pvt Ltd.,ABC Securities Private Limited,10,1032.0,10320.0,2025-07-06 11:19:05.276960
2025-07-06,80606,2025070603001985,SAPDBL,Vision Securities Pvt. Ltd,Sanima Securities Limited,50,1037.0,51850.0,2025-07-06 11:19:41.578085
2025-07-06,80592,2025070603001990,SAPDBL,ABC Securities Private Limited,ABC Securities Private Limited,10,1033.1,10331.0,2025-07-06 11:19:45.669568
2025-07-06,80562,2025070603001993,SAPDBL,ABC Securities Private Limited,NIMB Stock Markets Limited,40,1033.1,41324.0,2025-07-06 11:19:52.407095
2025-07-06,80561,2025070603001994,SAPDBL,Dipshikha Dhitopatra Karobar Co. Pvt Ltd.,NIMB Stock Markets Limited,32,1033.0,33056.0,2025-07-06 11:19:52.407278
2025-07-06,80501,2025070603002016,SAPDBL,Dipshikha Dhitopatra Karobar Co. Pvt Ltd.,Naasa Securities Co. Ltd.,10,1033.0,10330.0,2025-07-06 11:20:03.809529
2025-07-06,80387,2025070603002046,SAPDBL,Dipshikha Dhitopatra Karobar Co. Pvt Ltd.,Sewa Securities Pvt. Ltd.,348,1033.0,359484.0,2025-07-06 11:20:22.522132
2025-07-06,80386,2025070603002047,SAPDBL,Dakshinkali Investment & Securities Pvt. Ltd.,Sewa Securities Pvt. Ltd.,100,1032.1,103210.0,2025-07-06 11:20:22.522233
2025-07-06,80118,2025070603002107,SAPDBL,Aryatara Investment & Securities,Capital Max Securities Ltd,30,1036.0,31080.0,2025-07-06 11:21:12.930045
2025-07-06,80117,2025070603002108,SAPDBL,Aryatara Investment & Securities,Sanima Securities Limited,20,1037.0,20740.0,2025-07-06 11:21:12.930276
2025-07-06,80085,2025070603002115,SAPDBL,Dipshikha Dhitopatra Karobar Co. Pvt Ltd.,Linch Stock Market Ltd.,10,1033.0,10330.0,2025-07-06 11:21:17.571844
2025-07-06,79750,2025070603002198,SAPDBL,Dakshinkali Investment & Securities Pvt. Ltd.,Sanima Securities Limited,30,1037.0,31110.0,2025-07-06 11:22:21.842544
2025-07-06,79646,2025070603002208,SAPDBL,Nepal Investment And Securities Trading Private Limited,NIMB Stock Markets Limited,50,1044.0,52200.0,2025-07-06 11:22:34.367796
2025-07-06,79617,2025070603002213,SAPDBL,Dakshinkali Investment & Securities Pvt. Ltd.,Linch Stock Market Ltd.,10,1037.0,10370.0,2025-07-06 11:22:38.299983
2025-07-06,79551,2025070603002222,SAPDBL,Nepal Investment And Securities Trading Private Limited,NIMB Stock Markets Limited,50,1044.0,52200.0,2025-07-06 11:22:50.596882
2025-07-06,79477,2025070603002231,SAPDBL,Kohinoor Investment & Securities Pvt. Ltd.,Linch Stock Market Ltd.,10,1040.0,10400.0,2025-07-06 11:23:04.546339
2025-07-06,79455,2025070603002241,SAPDBL,Dakshinkali Investment & Securities Pvt. Ltd.,Linch Stock Market Ltd.,10,1036.0,10360.0,2025-07-06 11:23:08.593835
2025-07-06,79100,2025070603002331,SAPDBL,Sweta Securities Private Limited,Sagarmatha Securities Private Limited,15,1037.0,15555.0,2025-07-06 11:24:09.681251
2025-07-06,79099,2025070603002332,SAPDBL,Nepal Investment And Securities Trading Private Limited,Sagarmatha Securities Private Limited,100,1036.5,103650.0,2025-07-06 11:24:09.681460
2025-07-06,79098,2025070603002333,SAPDBL,Dakshinkali Investment & Securities Pvt. Ltd.,Sagarmatha Securities Private Limited,190,1036.0,196840.0,2025-07-06 11:24:09.681550
2025-07-06,79097,2025070603002334,SAPDBL,Dakshinkali Investment & Securities Pvt. Ltd.,Sagarmatha Securities Private Limited,50,1035.1,51755.0,2025-07-06 11:24:09.681647
2025-07-06,79096,2025070603002335,SAPDBL,Dipshikha Dhitopatra Karobar Co. Pvt Ltd.,Sagarmatha Securities Private Limited,290,1035.0,300150.0,2025-07-06 11:24:09.681751
2025-07-06,79095,2025070603002336,SAPDBL,Linch Stock Market Ltd.,Sagarmatha Securities Private Limited,50,1035.0,51750.0,2025-07-06 11:24:09.681887
2025-07-06,79071,2025070603002339,SAPDBL,Deevyaa Securities & Stock House Pvt. Ltd,Sagarmatha Securities Private Limited,20,1035.0,20700.0,2025-07-06 11:24:14.866901
2025-07-06,79048,2025070603002342,SAPDBL,Nepal Investment And Securities Trading Private Limited,Sagarmatha Securities Private Limited,285,1035.0,294975.0,2025-07-06 11:24:19.481242
2025-07-06,79018,2025070603002345,SAPDBL,Cristal Kanchanjanga Securites Pvt. Ltd.,Dipshikha Dhitopatra Karobar Co. Pvt Ltd.,10,1036.1,10361.0,2025-07-06 11:24:22.912993
2025-07-06,78660,2025070603002422,SAPDBL,Sweta Securities Private Limited,Imperial Securities Company Pvt. Ltd.,39,1036.0,40404.0,2025-07-06 11:25:20.430964
2025-07-06,78659,2025070603002423,SAPDBL,Magnet Securities and Investment Company Private Limited,Imperial Securities Company Pvt. Ltd.,100,1035.0,103500.0,2025-07-06 11:25:20.431067
2025-07-06,78658,2025070603002424,SAPDBL,J.F. Securites (PVT) Ltd.,Imperial Securities Company Pvt. Ltd.,20,1034.0,20680.0,2025-07-06 11:25:20.431144
2025-07-06,78657,2025070603002425,SAPDBL,J.F. Securites (PVT) Ltd.,Imperial Securities Company Pvt. Ltd.,50,1033.5,51675.0,2025-07-06 11:25:20.431217
2025-07-06,78656,2025070603002426,SAPDBL,Sewa Securities Pvt. Ltd.,Imperial Securities Company Pvt. Ltd.,190,1033.1,196289.0,2025-07-06 11:25:20.431289
2025-07-06,78655,2025070603002427,SAPDBL,Nepal Investment And Securities Trading Private Limited,Imperial Securities Company Pvt. Ltd.,250,1033.0,258250.0,2025-07-06 11:25:20.431362
2025-07-06,78654,2025070603002428,SAPDBL,Sweta Securities Private Limited,Imperial Securities Company Pvt. Ltd.,10,1032.1,10321.0,2025-07-06 11:25:20.431430
2025-07-06,78653,2025070603002429,SAPDBL,Capital Max Securities Ltd,Imperial Securities Company Pvt. Ltd.,41,1031.1,42275.1,2025-07-06 11:25:20.431512
2025-07-06,78234,2025070603002516,SAPDBL,Sani Securities Company Ltd.,Kumari Securities Private Limited,200,1037.0,207400.0,2025-07-06 11:26:39.777113
2025-07-06,78072,2025070603002546,SAPDBL,Dipshikha Dhitopatra Karobar Co. Pvt Ltd.,ABC Securities Private Limited,15,1036.0,15540.0,2025-07-06 11:27:06.092911
2025-07-06,78068,2025070603002547,SAPDBL,Dipshikha Dhitopatra Karobar Co. Pvt Ltd.,Linch Stock Market Ltd.,10,1031.2,10312.0,2025-07-06 11:27:07.412618
2025-07-06,77591,2025070603002619,SAPDBL,SHUBHAKAMANA SECURITIES PVT. LTD,Sundhara Securities Limited,50,1037.0,51850.0,2025-07-06 11:28:56.854150
2025-07-06,77574,2025070603002627,SAPDBL,Agrawal Securities (PVT) Ltd.,ABC Securities Private Limited,10,1033.0,10330.0,2025-07-06 11:28:58.965004
2025-07-06,76984,2025070603002747,SAPDBL,Dipshikha Dhitopatra Karobar Co. Pvt Ltd.,Elite Stock House Limited,10,1034.0,10340.0,2025-07-06 11:30:36.180235
2025-07-06,76983,2025070603002748,SAPDBL,Deevyaa Securities & Stock House Pvt. Ltd,Elite Stock House Limited,20,1033.0,20660.0,2025-07-06 11:30:36.180677
2025-07-06,76982,2025070603002749,SAPDBL,Indira securities pvt. ltd,Elite Stock House Limited,50,1033.0,51650.0,2025-07-06 11:30:36.180948
2025-07-06,76981,2025070603002750,SAPDBL,Linch Stock Market Ltd.,Elite Stock House Limited,40,1033.0,41320.0,2025-07-06 11:30:36.181250
2025-07-06,76980,2025070603002751,SAPDBL,ABC Securities Private Limited,Elite Stock House Limited,20,1033.0,20660.0,2025-07-06 11:30:36.181516
2025-07-06,76979,2025070603002752,SAPDBL,Nepal Investment And Securities Trading Private Limited,Elite Stock House Limited,70,1032.0,72240.0,2025-07-06 11:30:36.181780
2025-07-06,76856,2025070603002781,SAPDBL,Nepal Investment And Securities Trading Private Limited,Sagarmatha Securities Private Limited,1000,1039.0,1039000.0,2025-07-06 11:30:55.412687
2025-07-06,76698,2025070603002807,SAPDBL,Kohinoor Investment & Securities Pvt. Ltd.,Linch Stock Market Ltd.,10,1033.2,10332.0,2025-07-06 11:31:21.239150
2025-07-06,76685,2025070603002813,SAPDBL,Kohinoor Investment & Securities Pvt. Ltd.,ABC Securities Private Limited,10,1033.2,10332.0,2025-07-06 11:31:25.290030
2025-07-06,76671,2025070603002816,SAPDBL,Dipshikha Dhitopatra Karobar Co. Pvt Ltd.,Linch Stock Market Ltd.,10,1034.0,10340.0,2025-07-06 11:31:28.271353
2025-07-06,76547,2025070603002841,SAPDBL,Sundhara Securities Limited,Linch Stock Market Ltd.,10,1039.0,10390.0,2025-07-06 11:31:52.318672
2025-07-06,76529,2025070603002843,SAPDBL,Nepal Investment And Securities Trading Private Limited,Linch Stock Market Ltd.,40,1039.0,41560.0,2025-07-06 11:31:55.013151
2025-07-06,76528,2025070603002844,SAPDBL,Nepal Investment And Securities Trading Private Limited,Dipshikha Dhitopatra Karobar Co. Pvt Ltd.,110,1040.0,114400.0,2025-07-06 11:31:55.013570
2025-07-06,76527,2025070603002845,SAPDBL,Nepal Investment And Securities Trading Private Limited,Naasa Securities Co. Ltd.,300,1040.0,312000.0,2025-07-06 11:31:55.013846
2025-07-06,76526,2025070603002846,SAPDBL,Nepal Investment And Securities Trading Private Limited,NIMB Stock Markets Limited,700,1042.0,729400.0,2025-07-06 11:31:55.014158
2025-07-06,76446,2025070603002861,SAPDBL,Dipshikha Dhitopatra Karobar Co. Pvt Ltd.,Linch Stock Market Ltd.,10,1034.0,10340.0,2025-07-06 11:32:06.161660
2025-07-06,76439,2025070603002862,SAPDBL,Dipshikha Dhitopatra Karobar Co. Pvt Ltd.,ABC Securities Private Limited,10,1034.0,10340.0,2025-07-06 11:32:06.596553
2025-07-06,75905,2025070603002980,SAPDBL,Sumeru Securities Pvt. Ltd.,Online Securities Pvt. Ltd.,50,1039.0,51950.0,2025-07-06 11:33:49.017837
2025-07-06,75904,2025070603002981,SAPDBL,Roadshow securities limited,Online Securities Pvt. Ltd.,73,1039.0,75847.0,2025-07-06 11:33:49.018108
2025-07-06,75855,2025070603002991,SAPDBL,Roadshow securities limited,Linch Stock Market Ltd.,27,1039.0,28053.0,2025-07-06 11:33:56.837066
2025-07-06,75854,2025070603002992,SAPDBL,Sundhara Securities Limited,Linch Stock Market Ltd.,10,1037.0,10370.0,2025-07-06 11:33:56.837164
2025-07-06,75766,2025070603003015,SAPDBL,Kohinoor Investment & Securities Pvt. Ltd.,Siprabi Securities Pvt. Ltd.,100,1043.5,104350.0,2025-07-06 11:34:08.808005
2025-07-06,75765,2025070603003016,SAPDBL,Kohinoor Investment & Securities Pvt. Ltd.,Pragyan Securities (PVT) Ltd.,10,1044.0,10440.0,2025-07-06 11:34:08.808246
2025-07-06,75764,2025070603003017,SAPDBL,Kohinoor Investment & Securities Pvt. Ltd.,Dynamic Money Managers Securities Pvt. Ltd.,100,1044.0,104400.0,2025-07-06 11:34:08.808341
2025-07-06,75763,2025070603003018,SAPDBL,Kohinoor Investment & Securities Pvt. Ltd.,Linch Stock Market Ltd.,190,1045.0,198550.0,2025-07-06 11:34:08.808435
2025-07-06,75748,2025070603003020,SAPDBL,Sundhara Securities Limited,ABC Securities Private Limited,10,1037.0,10370.0,2025-07-06 11:34:11.573811
2025-07-06,75230,2025070603003178,SAPDBL,Indira securities pvt. ltd,Midas Stock Broking Company Private Limited,63,1043.5,65740.5,2025-07-06 11:35:45.848586
2025-07-06,75184,2025070603003192,SAPDBL,Kohinoor Investment & Securities Pvt. Ltd.,Linch Stock Market Ltd.,43,1045.0,44935.0,2025-07-06 11:35:59.077209
2025-07-06,75183,2025070603003193,SAPDBL,Kohinoor Investment & Securities Pvt. Ltd.,Market Securities & Exchange (PVT) Ltd.,37,1045.0,38665.0,2025-07-06 11:35:59.077669
2025-07-06,75131,2025070603003205,SAPDBL,Indira securities pvt. ltd,ABC Securities Private Limited,37,1043.5,38609.5,2025-07-06 11:36:11.029364
2025-07-06,75130,2025070603003206,SAPDBL,Linch Stock Market Ltd.,ABC Securities Private Limited,13,1037.5,13487.5,2025-07-06 11:36:11.029430
2025-07-06,75123,2025070603003209,SAPDBL,Linch Stock Market Ltd.,Linch Stock Market Ltd.,47,1037.5,48762.5,2025-07-06 11:36:12.859887
2025-07-06,74504,2025070603003345,SAPDBL,R.B.B. Securities Company Ltd,Himalayan Securities Limited,20,1044.0,20880.0,2025-07-06 11:38:00.681136
2025-07-06,74503,2025070603003346,SAPDBL,R.B.B. Securities Company Ltd,Market Securities & Exchange (PVT) Ltd.,63,1045.0,65835.0,2025-07-06 11:38:00.681416
2025-07-06,74502,2025070603003347,SAPDBL,R.B.B. Securities Company Ltd,Asian Securities Private Ltd.,200,1046.0,209200.0,2025-07-06 11:38:00.681528
2025-07-06,74501,2025070603003348,SAPDBL,R.B.B. Securities Company Ltd,Naasa Securities Co. Ltd.,17,1046.0,17782.0,2025-07-06 11:38:00.681632
2025-07-06,74480,2025070603003352,SAPDBL,Imperial Securities Company Pvt. Ltd.,ABC Securities Private Limited,10,1040.0,10400.0,2025-07-06 11:38:04.096579
2025-07-06,74478,2025070603003353,SAPDBL,Aryatara Investment & Securities,Linch Stock Market Ltd.,10,1040.0,10400.0,2025-07-06 11:38:04.690518
2025-07-06,74172,2025070603003451,SAPDBL,Kohinoor Investment & Securities Pvt. Ltd.,Naasa Securities Co. Ltd.,10,1046.0,10460.0,2025-07-06 11:38:53.311545
2025-07-06,74149,2025070603003459,SAPDBL,Malla & Malla Stock Broking Company Pvt. Limited,ABC Securities Private Limited,10,1040.2,10402.0,2025-07-06 11:38:56.598004
2025-07-06,74148,2025070603003460,SAPDBL,Malla & Malla Stock Broking Company Pvt. Limited,Linch Stock Market Ltd.,10,1040.2,10402.0,2025-07-06 11:38:56.993076
2025-07-06,73979,2025070603003495,SAPDBL,Aryatara Investment & Securities,Kohinoor Investment & Securities Pvt. Ltd.,50,1042.0,52100.0,2025-07-06 11:39:26.783278
2025-07-06,73978,2025070603003496,SAPDBL,Trishakti Securities Public Limited,Kohinoor Investment & Securities Pvt. Ltd.,90,1041.2,93708.0,2025-07-06 11:39:26.783555
2025-07-06,73929,2025070603003510,SAPDBL,Trisul Securities & Invt. Ltd.,Miyo Securities Pvt Ltd,10,1046.9,10469.0,2025-07-06 11:39:32.195188
2025-07-06,73923,2025070603003512,SAPDBL,Trisul Securities & Invt. Ltd.,Linch Stock Market Ltd.,10,1047.0,10470.0,2025-07-06 11:39:35.210093
2025-07-06,73907,2025070603003513,SAPDBL,Trisul Securities & Invt. Ltd.,ABC Securities Private Limited,10,1047.0,10470.0,2025-07-06 11:39:35.878950
2025-07-06,73861,2025070603003524,SAPDBL,Aryatara Investment & Securities,Linch Stock Market Ltd.,20,1041.5,20830.0,2025-07-06 11:39:40.274358
2025-07-06,73847,2025070603003536,SAPDBL,R.B.B. Securities Company Ltd,Sharepro Securities Private Limited,200,1050.0,210000.0,2025-07-06 11:39:43.971998
2025-07-06,73846,2025070603003537,SAPDBL,R.B.B. Securities Company Ltd,Sharepro Securities Private Limited,200,1051.0,210200.0,2025-07-06 11:39:43.972254
2025-07-06,73845,2025070603003538,SAPDBL,R.B.B. Securities Company Ltd,Sharepro Securities Private Limited,200,1051.2,210240.0,2025-07-06 11:39:43.972358
2025-07-06,73835,2025070603003539,SAPDBL,Linch Stock Market Ltd.,ABC Securities Private Limited,10,1050.0,10500.0,2025-07-06 11:39:46.948979
2025-07-06,73823,2025070603003540,SAPDBL,Linch Stock Market Ltd.,Linch Stock Market Ltd.,10,1050.0,10500.0,2025-07-06 11:39:48.329517
2025-07-06,73771,2025070603003562,SAPDBL,Linch Stock Market Ltd.,Dipshikha Dhitopatra Karobar Co. Pvt Ltd.,100,1050.0,105000.0,2025-07-06 11:39:56.782972
2025-07-06,73733,2025070603003574,SAPDBL,Midas Stock Broking Company Private Limited,Capital Max Securities Ltd,200,1051.7,210340.0,2025-07-06 11:40:03.163159
2025-07-06,73704,2025070603003584,SAPDBL,Linch Stock Market Ltd.,Thrive Brokerage House Pvt. Ltd,10,1050.0,10500.0,2025-07-06 11:40:07.052950
2025-07-06,73703,2025070603003585,SAPDBL,Linch Stock Market Ltd.,ABC Securities Private Limited,10,1050.0,10500.0,2025-07-06 11:40:07.087530
2025-07-06,73702,2025070603003586,SAPDBL,Dipshikha Dhitopatra Karobar Co. Pvt Ltd.,ABC Securities Private Limited,20,1043.0,20860.0,2025-07-06 11:40:07.087581
2025-07-06,73699,2025070603003587,SAPDBL,Dipshikha Dhitopatra Karobar Co. Pvt Ltd.,Linch Stock Market Ltd.,30,1043.0,31290.0,2025-07-06 11:40:07.521242
2025-07-06,73646,2025070603003597,SAPDBL,Trishakti Securities Public Limited,Capital Max Securities Ltd,200,1051.7,210340.0,2025-07-06 11:40:14.159959
2025-07-06,73632,2025070603003599,SAPDBL,Trishakti Securities Public Limited,ABC Securities Private Limited,10,1051.7,10517.0,2025-07-06 11:40:17.140085
2025-07-06,73505,2025070603003623,SAPDBL,Trishakti Securities Public Limited,Imperial Securities Company Pvt. Ltd.,290,1051.7,304993.0,2025-07-06 11:40:33.736336
2025-07-06,73469,2025070603003628,SAPDBL,Vision Securities Pvt. Ltd,Linch Stock Market Ltd.,10,1051.0,10510.0,2025-07-06 11:40:37.668127
2025-07-06,73450,2025070603003634,SAPDBL,Dipshikha Dhitopatra Karobar Co. Pvt Ltd.,ABC Securities Private Limited,10,1043.0,10430.0,2025-07-06 11:40:40.332721
2025-07-06,73437,2025070603003640,SAPDBL,R.B.B. Securities Company Ltd,Sharepro Securities Private Limited,200,1052.0,210400.0,2025-07-06 11:40:43.121263
2025-07-06,73422,2025070603003644,SAPDBL,Dipshikha Dhitopatra Karobar Co. Pvt Ltd.,Linch Stock Market Ltd.,10,1043.0,10430.0,2025-07-06 11:40:46.740731
2025-07-06,73301,2025070603003670,SAPDBL,Sumeru Securities Pvt. Ltd.,ABC Securities Private Limited,20,1050.0,21000.0,2025-07-06 11:41:07.518938
2025-07-06,73281,2025070603003679,SAPDBL,Sumeru Securities Pvt. Ltd.,Linch Stock Market Ltd.,80,1050.0,84000.0,2025-07-06 11:41:13.915638
2025-07-06,73280,2025070603003680,SAPDBL,Aryatara Investment & Securities,Linch Stock Market Ltd.,10,1043.2,10432.0,2025-07-06 11:41:13.915692
2025-07-06,73146,2025070603003715,SAPDBL,Sani Securities Company Ltd.,Ashutosh Brokerage & Securities (PVT) Ltd.,50,1051.0,52550.0,2025-07-06 11:41:35.408544
2025-07-06,73109,2025070603003727,SAPDBL,Sundhara Securities Limited,Linch Stock Market Ltd.,10,1050.0,10500.0,2025-07-06 11:41:38.985392
2025-07-06,73077,2025070603003733,SAPDBL,Sundhara Securities Limited,Imperial Securities Company Pvt. Ltd.,40,1050.0,42000.0,2025-07-06 11:41:45.673244
2025-07-06,73066,2025070603003735,SAPDBL,Dipshikha Dhitopatra Karobar Co. Pvt Ltd.,Linch Stock Market Ltd.,50,1048.0,52400.0,2025-07-06 11:41:47.030545
2025-07-06,73054,2025070603003737,SAPDBL,Imperial Securities Company Pvt. Ltd.,Imperial Securities Company Pvt. Ltd.,10,1050.0,10500.0,2025-07-06 11:41:47.706907
2025-07-06,72993,2025070603003749,SAPDBL,Dakshinkali Investment & Securities Pvt. Ltd.,Market Securities & Exchange (PVT) Ltd.,50,1052.5,52625.0,2025-07-06 11:41:56.583317
2025-07-06,72989,2025070603003752,SAPDBL,Imperial Securities Company Pvt. Ltd.,Imperial Securities Company Pvt. Ltd.,90,1050.0,94500.0,2025-07-06 11:41:57.795732
2025-07-06,72972,2025070603003756,SAPDBL,Dipshikha Dhitopatra Karobar Co. Pvt Ltd.,Linch Stock Market Ltd.,10,1048.0,10480.0,2025-07-06 11:42:00.138507
2025-07-06,72967,2025070603003757,SAPDBL,Dipshikha Dhitopatra Karobar Co. Pvt Ltd.,ABC Securities Private Limited,10,1048.0,10480.0,2025-07-06 11:42:00.970662
2025-07-06,72915,2025070603003761,SAPDBL,Dipshikha Dhitopatra Karobar Co. Pvt Ltd.,Linch Stock Market Ltd.,10,1048.0,10480.0,2025-07-06 11:42:08.184743
2025-07-06,72914,2025070603003762,SAPDBL,Opal Securities Investment (PVT) Ltd.,Linch Stock Market Ltd.,10,1045.0,10450.0,2025-07-06 11:42:08.184788
2025-07-06,72759,2025070603003803,SAPDBL,Sani Securities Company Ltd.,Linch Stock Market Ltd.,10,1052.0,10520.0,2025-07-06 11:42:35.387297
2025-07-06,72758,2025070603003804,SAPDBL,Opal Securities Investment (PVT) Ltd.,Linch Stock Market Ltd.,20,1045.0,20900.0,2025-07-06 11:42:35.387372
2025-07-06,72682,2025070603003825,SAPDBL,Midas Stock Broking Company Private Limited,Linch Stock Market Ltd.,19,1050.0,19950.0,2025-07-06 11:42:51.602321
2025-07-06,72681,2025070603003826,SAPDBL,Vision Securities Pvt. Ltd,Linch Stock Market Ltd.,10,1046.0,10460.0,2025-07-06 11:42:51.602369
2025-07-06,72673,2025070603003831,SAPDBL,Naasa Securities Co. Ltd.,Imperial Securities Company Pvt. Ltd.,10,1050.0,10500.0,2025-07-06 11:42:52.586113
2025-07-06,72621,2025070603003848,SAPDBL,Naasa Securities Co. Ltd.,Linch Stock Market Ltd.,18,1051.0,18918.0,2025-07-06 11:43:01.723683
2025-07-06,72620,2025070603003849,SAPDBL,Vision Securities Pvt. Ltd,Linch Stock Market Ltd.,10,1046.0,10460.0,2025-07-06 11:43:01.723796
2025-07-06,72553,2025070603003862,SAPDBL,Dipshikha Dhitopatra Karobar Co. Pvt Ltd.,Market Securities & Exchange (PVT) Ltd.,10,1052.5,10525.0,2025-07-06 11:43:12.809572
2025-07-06,72537,2025070603003867,SAPDBL,Vision Securities Pvt. Ltd,ABC Securities Private Limited,10,1046.0,10460.0,2025-07-06 11:43:15.587187
2025-07-06,72533,2025070603003868,SAPDBL,Vision Securities Pvt. Ltd,Linch Stock Market Ltd.,10,1046.0,10460.0,2025-07-06 11:43:15.912620
2025-07-06,72468,2025070603003884,SAPDBL,Kohinoor Investment & Securities Pvt. Ltd.,Linch Stock Market Ltd.,10,1052.0,10520.0,2025-07-06 11:43:24.024983
2025-07-06,72449,2025070603003888,SAPDBL,Vision Securities Pvt. Ltd,ABC Securities Private Limited,10,1046.0,10460.0,2025-07-06 11:43:26.652062
2025-07-06,72435,2025070603003890,SAPDBL,Trishakti Securities Public Limited,Linch Stock Market Ltd.,10,1046.0,10460.0,2025-07-06 11:43:29.063465
2025-07-06,72298,2025070603003932,SAPDBL,Aryatara Investment & Securities,Kumari Securities Private Limited,250,1046.5,261625.0,2025-07-06 11:43:48.574677
2025-07-06,72297,2025070603003933,SAPDBL,Naasa Securities Co. Ltd.,Kumari Securities Private Limited,50,1045.0,52250.0,2025-07-06 11:43:48.574923
2025-07-06,72234,2025070603003951,SAPDBL,Sundhara Securities Limited,Imperial Securities Company Pvt. Ltd.,110,1046.0,115060.0,2025-07-06 11:44:03.614082
2025-07-06,71873,2025070603004027,SAPDBL,South Asian Bulls Pvt. Ltd.,Investment Management Nepal Pvt. Ltd.,40,1050.0,42000.0,2025-07-06 11:45:07.111633
2025-07-06,71815,2025070603004046,SAPDBL,Dynamic Money Managers Securities Pvt. Ltd.,Investment Management Nepal Pvt. Ltd.,13,1052.0,13676.0,2025-07-06 11:45:13.695080
2025-07-06,71795,2025070603004053,SAPDBL,South Asian Bulls Pvt. Ltd.,Linch Stock Market Ltd.,10,1050.0,10500.0,2025-07-06 11:45:18.251884
2025-07-06,71790,2025070603004056,SAPDBL,South Asian Bulls Pvt. Ltd.,Imperial Securities Company Pvt. Ltd.,173,1050.0,181650.0,2025-07-06 11:45:19.362406
2025-07-06,71765,2025070603004070,SAPDBL,Naasa Securities Co. Ltd.,Linch Stock Market Ltd.,10,1045.0,10450.0,2025-07-06 11:45:24.278116
2025-07-06,71763,2025070603004071,SAPDBL,Naasa Securities Co. Ltd.,ABC Securities Private Limited,10,1045.0,10450.0,2025-07-06 11:45:25.553676
2025-07-06,71292,2025070603004186,SAPDBL,Sani Securities Company Ltd.,Imperial Securities Company Pvt. Ltd.,217,1050.0,227850.0,2025-07-06 11:46:41.048778
2025-07-06,70907,2025070603004291,SAPDBL,Sani Securities Company Ltd.,Midas Stock Broking Company Private Limited,183,1050.0,192150.0,2025-07-06 11:47:40.269229
2025-07-06,70889,2025070603004298,SAPDBL,ABC Securities Private Limited,ABC Securities Private Limited,10,1046.0,10460.0,2025-07-06 11:47:43.485767
2025-07-06,70876,2025070603004305,SAPDBL,ABC Securities Private Limited,Linch Stock Market Ltd.,10,1046.0,10460.0,2025-07-06 11:47:47.268577
2025-07-06,70569,2025070603004388,SAPDBL,Elite Stock House Limited,Vision Securities Pvt. Ltd,10,1049.0,10490.0,2025-07-06 11:48:33.286746
2025-07-06,70517,2025070603004397,SAPDBL,Elite Stock House Limited,Capital Max Securities Ltd,20,1049.0,20980.0,2025-07-06 11:48:38.399011
2025-07-06,70510,2025070603004399,SAPDBL,Himalayan Brokerage Company Limited,Dakshinkali Investment & Securities Pvt. Ltd.,200,1048.0,209600.0,2025-07-06 11:48:39.260035
2025-07-06,70369,2025070603004439,SAPDBL,Aryatara Investment & Securities,Linch Stock Market Ltd.,10,1046.5,10465.0,2025-07-06 11:49:02.901090
2025-07-06,70252,2025070603004476,SAPDBL,Aryatara Investment & Securities,Kumari Securities Private Limited,100,1046.5,104650.0,2025-07-06 11:49:21.814256
2025-07-06,70189,2025070603004491,SAPDBL,Aryatara Investment & Securities,Sri Hari Securities Pvt. Ltd.,180,1046.5,188370.0,2025-07-06 11:49:30.160927
2025-07-06,70188,2025070603004492,SAPDBL,ABC Securities Private Limited,Sri Hari Securities Pvt. Ltd.,310,1046.0,324260.0,2025-07-06 11:49:30.161462
2025-07-06,70113,2025070603004513,SAPDBL,ABC Securities Private Limited,Sri Hari Securities Pvt. Ltd.,10,1046.0,10460.0,2025-07-06 11:49:43.371799
2025-07-06,69475,2025070603004708,SAPDBL,ABC Securities Private Limited,Cristal Kanchanjanga Securites Pvt. Ltd.,20,1046.0,20920.0,2025-07-06 11:51:46.501904
2025-07-06,69273,2025070603004753,SAPDBL,Magnet Securities and Investment Company Private Limited,Capital Max Securities Ltd,180,1049.0,188820.0,2025-07-06 11:52:24.989573
2025-07-06,69272,2025070603004754,SAPDBL,Magnet Securities and Investment Company Private Limited,Capital Max Securities Ltd,20,1049.9,20998.0,2025-07-06 11:52:24.989863
2025-07-06,69244,2025070603004761,SAPDBL,ABC Securities Private Limited,Nepal Investment And Securities Trading Private Limited,40,1046.0,41840.0,2025-07-06 11:52:29.721694
2025-07-06,69243,2025070603004762,SAPDBL,ABC Securities Private Limited,Nepal Investment And Securities Trading Private Limited,100,1046.0,104600.0,2025-07-06 11:52:29.721948
2025-07-06,69242,2025070603004763,SAPDBL,Sani Securities Company Ltd.,Nepal Investment And Securities Trading Private Limited,10,1046.0,10460.0,2025-07-06 11:52:29.722063
2025-07-06,67481,2025070603005317,SAPDBL,Sundhara Securities Limited,Vision Securities Pvt. Ltd,50,1049.0,52450.0,2025-07-06 11:57:53.547634
2025-07-06,67354,2025070603005367,SAPDBL,Aryatara Investment & Securities,Linch Stock Market Ltd.,10,1047.0,10470.0,2025-07-06 11:58:17.137189
2025-07-06,67349,2025070603005369,SAPDBL,Aryatara Investment & Securities,Roadshow securities limited,40,1047.0,41880.0,2025-07-06 11:58:18.568572
2025-07-06,67348,2025070603005370,SAPDBL,BHOLE GANESH SECURITIES LTD,Roadshow securities limited,60,1047.0,62820.0,2025-07-06 11:58:18.568861
2025-07-06,67040,2025070603005478,SAPDBL,Nepal Stock House (PVT) Ltd.,Vision Securities Pvt. Ltd,38,1049.0,39862.0,2025-07-06 11:59:30.934082
2025-07-06,66917,2025070603005527,SAPDBL,Primo Securities (PVT) Ltd.,Capital Max Securities Ltd,180,1049.9,188982.0,2025-07-06 12:00:02.143722
2025-07-06,66916,2025070603005528,SAPDBL,Primo Securities (PVT) Ltd.,Naasa Securities Co. Ltd.,120,1050.0,126000.0,2025-07-06 12:00:02.144005
2025-07-06,66909,2025070603005533,SAPDBL,Sweta Securities Private Limited,Naasa Securities Co. Ltd.,250,1050.0,262500.0,2025-07-06 12:00:03.206569
2025-07-06,66768,2025070603005584,SAPDBL,Naasa Securities Co. Ltd.,Naasa Securities Co. Ltd.,76,1050.0,79800.0,2025-07-06 12:00:31.984284
2025-07-06,66739,2025070603005592,SAPDBL,Agrawal Securities (PVT) Ltd.,Naasa Securities Co. Ltd.,149,1050.0,156450.0,2025-07-06 12:00:39.133188
2025-07-06,66732,2025070603005593,SAPDBL,Dynamic Money Managers Securities Pvt. Ltd.,ABC Securities Private Limited,10,1049.9,10499.0,2025-07-06 12:00:40.349893
2025-07-06,66707,2025070603005605,SAPDBL,Naasa Securities Co. Ltd.,Sharepro Securities Private Limited,11,1050.0,11550.0,2025-07-06 12:00:45.126385
2025-07-06,66579,2025070603005659,SAPDBL,Primo Securities (PVT) Ltd.,Sharepro Securities Private Limited,176,1050.0,184800.0,2025-07-06 12:01:10.380572
2025-07-06,66573,2025070603005663,SAPDBL,Online Securities Pvt. Ltd.,Sharepro Securities Private Limited,10,1050.0,10500.0,2025-07-06 12:01:11.891770
2025-07-06,66530,2025070603005672,SAPDBL,Dynamic Money Managers Securities Pvt. Ltd.,Dipshikha Dhitopatra Karobar Co. Pvt Ltd.,10,1049.9,10499.0,2025-07-06 12:01:21.196490
2025-07-06,66258,2025070603005754,SAPDBL,Imperial Securities Company Pvt. Ltd.,Sharepro Securities Private Limited,250,1050.0,262500.0,2025-07-06 12:01:58.570952
2025-07-06,66149,2025070603005798,SAPDBL,Dynamic Money Managers Securities Pvt. Ltd.,Trisul Securities & Invt. Ltd.,184,1049.9,193181.6,2025-07-06 12:02:13.808635
2025-07-06,66148,2025070603005799,SAPDBL,Nepal Stock House (PVT) Ltd.,Trisul Securities & Invt. Ltd.,216,1049.0,226584.0,2025-07-06 12:02:13.809270
2025-07-06,66082,2025070603005832,SAPDBL,Roadshow securities limited,Sharepro Securities Private Limited,53,1050.0,55650.0,2025-07-06 12:02:27.310379
2025-07-06,66081,2025070603005833,SAPDBL,Roadshow securities limited,Trisul Securities & Invt. Ltd.,47,1050.0,49350.0,2025-07-06 12:02:27.310893
2025-07-06,66067,2025070603005842,SAPDBL,Vision Securities Pvt. Ltd,Trisul Securities & Invt. Ltd.,60,1050.0,63000.0,2025-07-06 12:02:31.521128
2025-07-06,65972,2025070603005874,SAPDBL,Vision Securities Pvt. Ltd,Trisul Securities & Invt. Ltd.,43,1050.0,45150.0,2025-07-06 12:02:48.456493
2025-07-06,65849,2025070603005912,SAPDBL,Agrawal Securities (PVT) Ltd.,Investment Management Nepal Pvt. Ltd.,10,1050.0,10500.0,2025-07-06 12:03:07.397546
2025-07-06,65775,2025070603005947,SAPDBL,Imperial Securities Company Pvt. Ltd.,Investment Management Nepal Pvt. Ltd.,90,1050.0,94500.0,2025-07-06 12:03:19.460328
2025-07-06,65774,2025070603005948,SAPDBL,Imperial Securities Company Pvt. Ltd.,Deevyaa Securities & Stock House Pvt. Ltd,20,1050.0,21000.0,2025-07-06 12:03:19.460602
2025-07-06,65773,2025070603005949,SAPDBL,Imperial Securities Company Pvt. Ltd.,Aryatara Investment & Securities,170,1050.0,178500.0,2025-07-06 12:03:19.460720
2025-07-06,65628,2025070603006003,SAPDBL,Naasa Securities Co. Ltd.,Aryatara Investment & Securities,40,1050.0,42000.0,2025-07-06 12:03:44.534576
2025-07-06,65485,2025070603006059,SAPDBL,Kalika Securities Pvt. Ltd.,Aryatara Investment & Securities,10,1050.0,10500.0,2025-07-06 12:04:13.234222
2025-07-06,65387,2025070603006101,SAPDBL,Vision Securities Pvt. Ltd,Aryatara Investment & Securities,10,1050.0,10500.0,2025-07-06 12:04:29.327641
2025-07-06,65191,2025070603006177,SAPDBL,Dakshinkali Investment & Securities Pvt. Ltd.,Aryatara Investment & Securities,50,1050.0,52500.0,2025-07-06 12:05:01.946429
2025-07-06,64952,2025070603006261,SAPDBL,Vision Securities Pvt. Ltd,Aryatara Investment & Securities,10,1050.0,10500.0,2025-07-06 12:05:40.901244
2025-07-06,64854,2025070603006301,SAPDBL,Nepal Stock House (PVT) Ltd.,Linch Stock Market Ltd.,10,1049.0,10490.0,2025-07-06 12:05:54.211338
2025-07-06,64853,2025070603006302,SAPDBL,Imperial Securities Company Pvt. Ltd.,Aryatara Investment & Securities,10,1050.0,10500.0,2025-07-06 12:05:54.284176
2025-07-06,64852,2025070603006303,SAPDBL,Imperial Securities Company Pvt. Ltd.,Naasa Securities Co. Ltd.,300,1050.0,315000.0,2025-07-06 12:05:54.284447
2025-07-06,64290,2025070603006535,SAPDBL,ABC Securities Private Limited,Nagarik Stock Dealer ,10,1050.1,10501.0,2025-07-06 12:07:23.944210
2025-07-06,63648,2025070603006850,SAPDBL,Sumeru Securities Pvt. Ltd.,Sani Securities Company Ltd.,25,1051.0,26275.0,2025-07-06 12:09:17.867827
2025-07-06,63505,2025070603006907,SAPDBL,Sumeru Securities Pvt. Ltd.,Capital Max Securities Ltd,60,1052.0,63120.0,2025-07-06 12:09:54.100359
2025-07-06,63485,2025070603006914,SAPDBL,Linch Stock Market Ltd.,Primo Securities (PVT) Ltd.,16,1052.4,16838.4,2025-07-06 12:09:57.201622
2025-07-06,63425,2025070603006933,SAPDBL,Sani Securities Company Ltd.,ABC Securities Private Limited,10,1051.0,10510.0,2025-07-06 12:10:06.534579
2025-07-06,62644,2025070603007204,SAPDBL,Kohinoor Investment & Securities Pvt. Ltd.,Naasa Securities Co. Ltd.,50,1051.1,52555.0,2025-07-06 12:12:44.656777
2025-07-06,62608,2025070603007216,SAPDBL,Sani Securities Company Ltd.,Market Securities & Exchange (PVT) Ltd.,23,1052.5,24207.5,2025-07-06 12:12:54.940397
2025-07-06,62600,2025070603007217,SAPDBL,Nepal Stock House (PVT) Ltd.,Market Securities & Exchange (PVT) Ltd.,17,1052.5,17892.5,2025-07-06 12:12:56.259371
2025-07-06,62599,2025070603007218,SAPDBL,Nepal Stock House (PVT) Ltd.,Aakashbhairab Securities Ltd.,100,1053.0,105300.0,2025-07-06 12:12:56.259672
2025-07-06,62598,2025070603007219,SAPDBL,Nepal Stock House (PVT) Ltd.,Market Securities & Exchange (PVT) Ltd.,83,1053.0,87399.0,2025-07-06 12:12:56.259817
2025-07-06,62586,2025070603007222,SAPDBL,Kohinoor Investment & Securities Pvt. Ltd.,ABC Securities Private Limited,10,1051.1,10511.0,2025-07-06 12:12:58.883571
2025-07-06,61827,2025070603007470,SAPDBL,Roadshow securities limited,Kumari Securities Private Limited,20,1051.2,21024.0,2025-07-06 12:15:49.637724
2025-07-06,61417,2025070603007582,SAPDBL,Dipshikha Dhitopatra Karobar Co. Pvt Ltd.,Market Securities & Exchange (PVT) Ltd.,17,1053.0,17901.0,2025-07-06 12:17:07.938559
2025-07-06,61374,2025070603007594,SAPDBL,Neev Securities Pvt. Ltd.,Asian Securities Private Ltd.,10,1052.0,10520.0,2025-07-06 12:17:18.910542
2025-07-06,61373,2025070603007595,SAPDBL,Roadshow securities limited,Asian Securities Private Ltd.,80,1051.2,84096.0,2025-07-06 12:17:18.910648
2025-07-06,61372,2025070603007596,SAPDBL,Sweta Securities Private Limited,Asian Securities Private Ltd.,10,1051.2,10512.0,2025-07-06 12:17:18.910732
2025-07-06,61251,2025070603007627,SAPDBL,Sweta Securities Private Limited,Vision Securities Pvt. Ltd,50,1051.2,52560.0,2025-07-06 12:17:37.450924
2025-07-06,60711,2025070603007752,SAPDBL,Kumari Securities Private Limited,Investment Management Nepal Pvt. Ltd.,40,1053.0,42120.0,2025-07-06 12:19:18.777545
2025-07-06,60625,2025070603007771,SAPDBL,Imperial Securities Company Pvt. Ltd.,Linch Stock Market Ltd.,17,1053.0,17901.0,2025-07-06 12:19:28.320647
2025-07-06,60624,2025070603007772,SAPDBL,Imperial Securities Company Pvt. Ltd.,Linch Stock Market Ltd.,10,1052.0,10520.0,2025-07-06 12:19:28.320690
2025-07-06,60550,2025070603007807,SAPDBL,Kohinoor Investment & Securities Pvt. Ltd.,Capital Max Securities Ltd,140,1055.0,147700.0,2025-07-06 12:19:45.244818
2025-07-06,60523,2025070603007816,SAPDBL,Linch Stock Market Ltd.,ABC Securities Private Limited,10,1052.0,10520.0,2025-07-06 12:19:52.498435
2025-07-06,60522,2025070603007817,SAPDBL,Linch Stock Market Ltd.,Linch Stock Market Ltd.,10,1052.0,10520.0,2025-07-06 12:19:52.702276
2025-07-06,60241,2025070603007943,SAPDBL,Nepal Stock House (PVT) Ltd.,Capital Max Securities Ltd,45,1055.0,47475.0,2025-07-06 12:20:40.138761
2025-07-06,60123,2025070603007982,SAPDBL,Linch Stock Market Ltd.,Linch Stock Market Ltd.,10,1052.0,10520.0,2025-07-06 12:21:08.957193
2025-07-06,60105,2025070603007987,SAPDBL,Linch Stock Market Ltd.,ABC Securities Private Limited,10,1052.0,10520.0,2025-07-06 12:21:15.358409
2025-07-06,59374,2025070603008233,SAPDBL,Nepal Stock House (PVT) Ltd.,Capital Max Securities Ltd,100,1057.9,105790.0,2025-07-06 12:23:30.543339
2025-07-06,59357,2025070603008237,SAPDBL,Linch Stock Market Ltd.,Linch Stock Market Ltd.,10,1052.1,10521.0,2025-07-06 12:23:34.515621
2025-07-06,58895,2025070603008359,SAPDBL,R.B.B. Securities Company Ltd,Capital Max Securities Ltd,100,1057.9,105790.0,2025-07-06 12:24:45.040701
2025-07-06,58890,2025070603008361,SAPDBL,ABC Securities Private Limited,ABC Securities Private Limited,10,1052.2,10522.0,2025-07-06 12:24:47.206678
2025-07-06,58623,2025070603008419,SAPDBL,R.B.B. Securities Company Ltd,Sundhara Securities Limited,20,1058.0,21160.0,2025-07-06 12:25:41.192210
2025-07-06,58612,2025070603008426,SAPDBL,Infinity Securities Limited,ABC Securities Private Limited,10,1052.5,10525.0,2025-07-06 12:25:43.617535
2025-07-06,58599,2025070603008437,SAPDBL,Infinity Securities Limited,Linch Stock Market Ltd.,10,1052.5,10525.0,2025-07-06 12:25:44.933388
2025-07-06,58407,2025070603008489,SAPDBL,Linch Stock Market Ltd.,Kohinoor Investment & Securities Pvt. Ltd.,50,1053.0,52650.0,2025-07-06 12:26:22.952094
2025-07-06,58146,2025070603008545,SAPDBL,Midas Stock Broking Company Private Limited,Investment Management Nepal Pvt. Ltd.,40,1063.0,42520.0,2025-07-06 12:27:19.677547
2025-07-06,58145,2025070603008546,SAPDBL,Midas Stock Broking Company Private Limited,Capital Max Securities Ltd,150,1064.9,159735.0,2025-07-06 12:27:19.677849
2025-07-06,58129,2025070603008558,SAPDBL,Dipshikha Dhitopatra Karobar Co. Pvt Ltd.,ABC Securities Private Limited,10,1055.0,10550.0,2025-07-06 12:27:22.417419
2025-07-06,58088,2025070603008567,SAPDBL,Kohinoor Investment & Securities Pvt. Ltd.,Linch Stock Market Ltd.,10,1054.2,10542.0,2025-07-06 12:27:29.702100
2025-07-06,58043,2025070603008576,SAPDBL,Naasa Securities Co. Ltd.,Capital Max Securities Ltd,50,1064.9,53245.0,2025-07-06 12:27:35.310515
2025-07-06,58042,2025070603008577,SAPDBL,Naasa Securities Co. Ltd.,Primo Securities (PVT) Ltd.,20,1065.0,21300.0,2025-07-06 12:27:35.310802
2025-07-06,58041,2025070603008578,SAPDBL,Naasa Securities Co. Ltd.,Sani Securities Company Ltd.,30,1065.0,31950.0,2025-07-06 12:27:35.310936
2025-07-06,58022,2025070603008583,SAPDBL,Sani Securities Company Ltd.,ABC Securities Private Limited,10,1055.0,10550.0,2025-07-06 12:27:39.538261
2025-07-06,57992,2025070603008591,SAPDBL,Sani Securities Company Ltd.,Linch Stock Market Ltd.,10,1055.0,10550.0,2025-07-06 12:27:42.785141
2025-07-06,57815,2025070603008657,SAPDBL,R.B.B. Securities Company Ltd,Sani Securities Company Ltd.,25,1065.0,26625.0,2025-07-06 12:28:14.632692
2025-07-06,57805,2025070603008663,SAPDBL,Sani Securities Company Ltd.,ABC Securities Private Limited,10,1055.0,10550.0,2025-07-06 12:28:17.795981
2025-07-06,57781,2025070603008678,SAPDBL,Sani Securities Company Ltd.,Linch Stock Market Ltd.,10,1055.0,10550.0,2025-07-06 12:28:20.059685
2025-07-06,57705,2025070603008698,SAPDBL,Sani Securities Company Ltd.,Online Securities Pvt. Ltd.,40,1055.0,42200.0,2025-07-06 12:28:39.240067
2025-07-06,57276,2025070603008796,SAPDBL,Aryatara Investment & Securities,Investment Management Nepal Pvt. Ltd.,50,1064.0,53200.0,2025-07-06 12:30:11.572150
2025-07-06,57275,2025070603008797,SAPDBL,Aryatara Investment & Securities,Dipshikha Dhitopatra Karobar Co. Pvt Ltd.,10,1064.0,10640.0,2025-07-06 12:30:11.572741
2025-07-06,57257,2025070603008802,SAPDBL,Aryatara Investment & Securities,ABC Securities Private Limited,10,1064.0,10640.0,2025-07-06 12:30:14.658008
2025-07-06,57244,2025070603008806,SAPDBL,Aryatara Investment & Securities,Linch Stock Market Ltd.,10,1064.0,10640.0,2025-07-06 12:30:19.077764
2025-07-06,57188,2025070603008826,SAPDBL,Aryatara Investment & Securities,Linch Stock Market Ltd.,80,1064.0,85120.0,2025-07-06 12:30:28.159155
2025-07-06,57187,2025070603008827,SAPDBL,Kohinoor Investment & Securities Pvt. Ltd.,Linch Stock Market Ltd.,10,1055.2,10552.0,2025-07-06 12:30:28.159261
2025-07-06,56954,2025070603008880,SAPDBL,Naasa Securities Co. Ltd.,Shree Krishna Securities Ltd.,150,1064.9,159735.0,2025-07-06 12:31:05.648426
2025-07-06,56892,2025070603008899,SAPDBL,Naasa Securities Co. Ltd.,Linch Stock Market Ltd.,100,1064.9,106490.0,2025-07-06 12:31:16.444593
2025-07-06,56891,2025070603008900,SAPDBL,Sani Securities Company Ltd.,Linch Stock Market Ltd.,10,1055.3,10553.0,2025-07-06 12:31:16.444707
2025-07-06,56372,2025070603009056,SAPDBL,Naasa Securities Co. Ltd.,Market Securities & Exchange (PVT) Ltd.,30,1065.0,31950.0,2025-07-06 12:32:59.853119
2025-07-06,56352,2025070603009062,SAPDBL,Vision Securities Pvt. Ltd,Linch Stock Market Ltd.,10,1057.0,10570.0,2025-07-06 12:33:04.064123
2025-07-06,56347,2025070603009063,SAPDBL,Vision Securities Pvt. Ltd,ABC Securities Private Limited,10,1057.0,10570.0,2025-07-06 12:33:04.997065
2025-07-06,56278,2025070603009082,SAPDBL,Sri Hari Securities Pvt. Ltd.,Market Securities & Exchange (PVT) Ltd.,13,1065.0,13845.0,2025-07-06 12:33:26.479152
2025-07-06,56274,2025070603009085,SAPDBL,Sani Securities Company Ltd.,ABC Securities Private Limited,10,1057.0,10570.0,2025-07-06 12:33:28.187232
2025-07-06,56269,2025070603009087,SAPDBL,Sani Securities Company Ltd.,Linch Stock Market Ltd.,10,1057.0,10570.0,2025-07-06 12:33:29.185381
2025-07-06,56074,2025070603009129,SAPDBL,Infinity Securities Limited,Sagarmatha Securities Private Limited,80,1057.1,84568.0,2025-07-06 12:34:17.704825
2025-07-06,56073,2025070603009130,SAPDBL,Sani Securities Company Ltd.,Sagarmatha Securities Private Limited,234,1057.0,247338.0,2025-07-06 12:34:17.705136
2025-07-06,55804,2025070603009214,SAPDBL,ABC Securities Private Limited,Vision Securities Pvt. Ltd,30,1064.5,31935.0,2025-07-06 12:35:12.022837
2025-07-06,55787,2025070603009220,SAPDBL,Sani Securities Company Ltd.,Linch Stock Market Ltd.,10,1057.0,10570.0,2025-07-06 12:35:15.280042
2025-07-06,55104,2025070603009399,SAPDBL,Linch Stock Market Ltd.,Market Securities & Exchange (PVT) Ltd.,57,1065.0,60705.0,2025-07-06 12:37:24.467049
2025-07-06,55103,2025070603009400,SAPDBL,Linch Stock Market Ltd.,NIMB Stock Markets Limited,33,1066.0,35178.0,2025-07-06 12:37:24.467350
2025-07-06,55092,2025070603009404,SAPDBL,Trishakti Securities Public Limited,ABC Securities Private Limited,10,1061.0,10610.0,2025-07-06 12:37:27.175740
2025-07-06,55089,2025070603009405,SAPDBL,Trishakti Securities Public Limited,Linch Stock Market Ltd.,10,1061.0,10610.0,2025-07-06 12:37:27.486789
2025-07-06,55062,2025070603009412,SAPDBL,Naasa Securities Co. Ltd.,Sipla Securities Private Limited,50,1065.0,53250.0,2025-07-06 12:37:32.279251
2025-07-06,55061,2025070603009413,SAPDBL,Trishakti Securities Public Limited,Sipla Securities Private Limited,50,1061.0,53050.0,2025-07-06 12:37:32.279612
2025-07-06,54973,2025070603009426,SAPDBL,Trishakti Securities Public Limited,Sipla Securities Private Limited,30,1061.0,31830.0,2025-07-06 12:37:55.342562
2025-07-06,54845,2025070603009453,SAPDBL,Sani Securities Company Ltd.,Sipla Securities Private Limited,46,1061.0,48806.0,2025-07-06 12:38:14.535327
2025-07-06,54827,2025070603009458,SAPDBL,Linch Stock Market Ltd.,Sipla Securities Private Limited,90,1061.0,95490.0,2025-07-06 12:38:15.879287
2025-07-06,54789,2025070603009466,SAPDBL,Dynamic Money Managers Securities Pvt. Ltd.,Sipla Securities Private Limited,34,1061.0,36074.0,2025-07-06 12:38:19.424839
2025-07-06,54526,2025070603009538,SAPDBL,Linch Stock Market Ltd.,NIMB Stock Markets Limited,367,1066.0,391222.0,2025-07-06 12:39:07.421162
2025-07-06,54520,2025070603009541,SAPDBL,Dynamic Money Managers Securities Pvt. Ltd.,Linch Stock Market Ltd.,10,1061.0,10610.0,2025-07-06 12:39:10.442414
2025-07-06,54504,2025070603009548,SAPDBL,Dynamic Money Managers Securities Pvt. Ltd.,Sewa Securities Pvt. Ltd.,11,1061.0,11671.0,2025-07-06 12:39:14.013914
2025-07-06,54464,2025070603009558,SAPDBL,J.F. Securites (PVT) Ltd.,Vision Securities Pvt. Ltd,10,1069.8,10698.0,2025-07-06 12:39:23.504979
2025-07-06,54447,2025070603009563,SAPDBL,Oxford Securities Pvt. Ltd.,ABC Securities Private Limited,10,1061.0,10610.0,2025-07-06 12:39:26.226289
2025-07-06,54446,2025070603009564,SAPDBL,Naasa Securities Co. Ltd.,Vision Securities Pvt. Ltd,10,1069.8,10698.0,2025-07-06 12:39:26.336105
2025-07-06,54445,2025070603009565,SAPDBL,Naasa Securities Co. Ltd.,Miyo Securities Pvt Ltd,10,1069.9,10699.0,2025-07-06 12:39:26.336142
2025-07-06,54444,2025070603009566,SAPDBL,Naasa Securities Co. Ltd.,Kumari Securities Private Limited,10,1070.2,10702.0,2025-07-06 12:39:26.336169
2025-07-06,54443,2025070603009567,SAPDBL,Naasa Securities Co. Ltd.,Dakshinkali Investment & Securities Pvt. Ltd.,75,1070.9,80317.5,2025-07-06 12:39:26.336197
2025-07-06,54440,2025070603009569,SAPDBL,Oxford Securities Pvt. Ltd.,Linch Stock Market Ltd.,10,1061.0,10610.0,2025-07-06 12:39:26.614144
2025-07-06,54295,2025070603009614,SAPDBL,J.F. Securites (PVT) Ltd.,Linch Stock Market Ltd.,20,1070.0,21400.0,2025-07-06 12:39:57.928075
2025-07-06,54294,2025070603009615,SAPDBL,Online Securities Pvt. Ltd.,Linch Stock Market Ltd.,10,1062.0,10620.0,2025-07-06 12:39:57.928119
2025-07-06,53987,2025070603009690,SAPDBL,Sri Hari Securities Pvt. Ltd.,Dakshinkali Investment & Securities Pvt. Ltd.,175,1070.9,187407.5,2025-07-06 12:40:47.667554
2025-07-06,53986,2025070603009691,SAPDBL,Sri Hari Securities Pvt. Ltd.,Linch Stock Market Ltd.,100,1071.0,107100.0,2025-07-06 12:40:47.667896
2025-07-06,53985,2025070603009692,SAPDBL,Sri Hari Securities Pvt. Ltd.,Vision Securities Pvt. Ltd,70,1071.0,74970.0,2025-07-06 12:40:47.668020
2025-07-06,53984,2025070603009693,SAPDBL,Sri Hari Securities Pvt. Ltd.,Imperial Securities Company Pvt. Ltd.,32,1071.0,34272.0,2025-07-06 12:40:47.668156
2025-07-06,53983,2025070603009694,SAPDBL,Sri Hari Securities Pvt. Ltd.,Dakshinkali Investment & Securities Pvt. Ltd.,50,1072.0,53600.0,2025-07-06 12:40:47.668290
2025-07-06,53982,2025070603009695,SAPDBL,Sri Hari Securities Pvt. Ltd.,Linch Stock Market Ltd.,200,1072.0,214400.0,2025-07-06 12:40:47.668515
2025-07-06,53981,2025070603009696,SAPDBL,Sri Hari Securities Pvt. Ltd.,Dipshikha Dhitopatra Karobar Co. Pvt Ltd.,100,1072.2,107220.0,2025-07-06 12:40:47.668674
2025-07-06,53980,2025070603009697,SAPDBL,Sri Hari Securities Pvt. Ltd.,Trishakti Securities Public Limited,20,1073.0,21460.0,2025-07-06 12:40:47.668865
2025-07-06,53954,2025070603009706,SAPDBL,Kohinoor Investment & Securities Pvt. Ltd.,Linch Stock Market Ltd.,10,1063.2,10632.0,2025-07-06 12:40:52.319012
2025-07-06,53809,2025070603009748,SAPDBL,Sani Securities Company Ltd.,Sewa Securities Pvt. Ltd.,15,1073.1,16096.5,2025-07-06 12:41:11.267282
2025-07-06,53803,2025070603009750,SAPDBL,Trishakti Securities Public Limited,Linch Stock Market Ltd.,10,1065.0,10650.0,2025-07-06 12:41:12.931397
2025-07-06,53787,2025070603009753,SAPDBL,Trishakti Securities Public Limited,ABC Securities Private Limited,10,1065.0,10650.0,2025-07-06 12:41:14.167931
2025-07-06,53760,2025070603009761,SAPDBL,Vision Securities Pvt. Ltd,KALASH STOCK MARKET PVT. LTD.,10,1075.0,10750.0,2025-07-06 12:41:18.739020
2025-07-06,53743,2025070603009762,SAPDBL,Trishakti Securities Public Limited,Linch Stock Market Ltd.,10,1065.0,10650.0,2025-07-06 12:41:22.008383
2025-07-06,53688,2025070603009768,SAPDBL,Vision Securities Pvt. Ltd,KALASH STOCK MARKET PVT. LTD.,100,1075.0,107500.0,2025-07-06 12:41:29.812946
2025-07-06,53678,2025070603009774,SAPDBL,Kohinoor Investment & Securities Pvt. Ltd.,Linch Stock Market Ltd.,10,1065.1,10651.0,2025-07-06 12:41:32.076930
2025-07-06,53516,2025070603009805,SAPDBL,Linch Stock Market Ltd.,Asian Securities Private Ltd.,100,1071.0,107100.0,2025-07-06 12:41:58.346860
2025-07-06,53483,2025070603009806,SAPDBL,Kohinoor Investment & Securities Pvt. Ltd.,Linch Stock Market Ltd.,10,1066.2,10662.0,2025-07-06 12:42:01.380816
2025-07-06,53470,2025070603009808,SAPDBL,Kohinoor Investment & Securities Pvt. Ltd.,ABC Securities Private Limited,10,1066.3,10663.0,2025-07-06 12:42:02.576088
2025-07-06,53439,2025070603009826,SAPDBL,Imperial Securities Company Pvt. Ltd.,Asian Securities Private Ltd.,20,1071.0,21420.0,2025-07-06 12:42:06.445836
2025-07-06,53421,2025070603009832,SAPDBL,Vision Securities Pvt. Ltd,Linch Stock Market Ltd.,10,1067.0,10670.0,2025-07-06 12:42:09.599742
2025-07-06,53288,2025070603009881,SAPDBL,Kohinoor Investment & Securities Pvt. Ltd.,Asian Securities Private Ltd.,180,1071.0,192780.0,2025-07-06 12:42:34.837113
2025-07-06,53268,2025070603009885,SAPDBL,Dipshikha Dhitopatra Karobar Co. Pvt Ltd.,Linch Stock Market Ltd.,10,1068.0,10680.0,2025-07-06 12:42:37.974984
2025-07-06,53131,2025070603009941,SAPDBL,Imperial Securities Company Pvt. Ltd.,Asian Securities Private Ltd.,10,1071.0,10710.0,2025-07-06 12:42:53.174758
2025-07-06,53119,2025070603009942,SAPDBL,Dipshikha Dhitopatra Karobar Co. Pvt Ltd.,ABC Securities Private Limited,10,1068.0,10680.0,2025-07-06 12:42:56.031742
2025-07-06,53113,2025070603009945,SAPDBL,Dipshikha Dhitopatra Karobar Co. Pvt Ltd.,Linch Stock Market Ltd.,10,1068.0,10680.0,2025-07-06 12:42:56.168932
2025-07-06,53093,2025070603009948,SAPDBL,Premier Securities Company Ltd.,Asian Securities Private Ltd.,100,1071.0,107100.0,2025-07-06 12:42:59.530757
2025-07-06,53072,2025070603009957,SAPDBL,Capital Max Securities Ltd,ABC Securities Private Limited,10,1069.0,10690.0,2025-07-06 12:43:05.088306
2025-07-06,53055,2025070603009958,SAPDBL,Capital Max Securities Ltd,Linch Stock Market Ltd.,10,1069.0,10690.0,2025-07-06 12:43:07.363260
2025-07-06,52988,2025070603009977,SAPDBL,Nepal Stock House (PVT) Ltd.,Asian Securities Private Ltd.,10,1071.0,10710.0,2025-07-06 12:43:21.004226
2025-07-06,52965,2025070603009990,SAPDBL,Vision Securities Pvt. Ltd,ABC Securities Private Limited,10,1069.2,10692.0,2025-07-06 12:43:24.221202
2025-07-06,52945,2025070603009997,SAPDBL,Linch Stock Market Ltd.,Asian Securities Private Ltd.,10,1071.0,10710.0,2025-07-06 12:43:28.556714
2025-07-06,52936,2025070603010002,SAPDBL,Online Securities Pvt. Ltd.,Asian Securities Private Ltd.,28,1071.0,29988.0,2025-07-06 12:43:29.822441
2025-07-06,52935,2025070603010003,SAPDBL,Online Securities Pvt. Ltd.,KALASH STOCK MARKET PVT. LTD.,42,1075.0,45150.0,2025-07-06 12:43:29.823248
2025-07-06,52898,2025070603010009,SAPDBL,Kohinoor Investment & Securities Pvt. Ltd.,Linch Stock Market Ltd.,10,1070.2,10702.0,2025-07-06 12:43:32.586171
2025-07-06,52892,2025070603010013,SAPDBL,Kohinoor Investment & Securities Pvt. Ltd.,ABC Securities Private Limited,10,1070.2,10702.0,2025-07-06 12:43:33.306001
2025-07-06,52805,2025070603010022,SAPDBL,Sri Hari Securities Pvt. Ltd.,KALASH STOCK MARKET PVT. LTD.,40,1075.0,43000.0,2025-07-06 12:43:43.213718
2025-07-06,52757,2025070603010029,SAPDBL,Dakshinkali Investment & Securities Pvt. Ltd.,Linch Stock Market Ltd.,10,1071.0,10710.0,2025-07-06 12:43:48.026451
2025-07-06,52743,2025070603010030,SAPDBL,Dakshinkali Investment & Securities Pvt. Ltd.,KALASH STOCK MARKET PVT. LTD.,10,1075.0,10750.0,2025-07-06 12:43:50.582179
2025-07-06,52742,2025070603010031,SAPDBL,Midas Stock Broking Company Private Limited,KALASH STOCK MARKET PVT. LTD.,100,1075.0,107500.0,2025-07-06 12:43:50.770143
2025-07-06,52723,2025070603010038,SAPDBL,Sewa Securities Pvt. Ltd.,Linch Stock Market Ltd.,10,1072.0,10720.0,2025-07-06 12:43:55.121956
2025-07-06,52722,2025070603010039,SAPDBL,Neev Securities Pvt. Ltd.,KALASH STOCK MARKET PVT. LTD.,98,1075.0,105350.0,2025-07-06 12:43:55.304012
2025-07-06,52719,2025070603010040,SAPDBL,Dakshinkali Investment & Securities Pvt. Ltd.,ABC Securities Private Limited,10,1071.0,10710.0,2025-07-06 12:43:55.492406
2025-07-06,52686,2025070603010045,SAPDBL,Vision Securities Pvt. Ltd,Secured Securities Ltd.,100,1075.0,107500.0,2025-07-06 12:43:58.125172
2025-07-06,52647,2025070603010061,SAPDBL,Dakshinkali Investment & Securities Pvt. Ltd.,Linch Stock Market Ltd.,10,1071.0,10710.0,2025-07-06 12:44:02.207783
2025-07-06,52643,2025070603010065,SAPDBL,Siprabi Securities Pvt. Ltd.,Secured Securities Ltd.,50,1075.0,53750.0,2025-07-06 12:44:02.536785
2025-07-06,52634,2025070603010068,SAPDBL,Capital Max Securities Ltd,ABC Securities Private Limited,10,1073.0,10730.0,2025-07-06 12:44:04.609562
2025-07-06,52593,2025070603010073,SAPDBL,Roadshow securities limited,Secured Securities Ltd.,100,1075.0,107500.0,2025-07-06 12:44:11.562422
2025-07-06,52567,2025070603010084,SAPDBL,Nepal Stock House (PVT) Ltd.,Secured Securities Ltd.,20,1075.0,21500.0,2025-07-06 12:44:14.135011
2025-07-06,52564,2025070603010085,SAPDBL,Capital Max Securities Ltd,Linch Stock Market Ltd.,10,1073.0,10730.0,2025-07-06 12:44:14.289530
2025-07-06,52546,2025070603010092,SAPDBL,Kohinoor Investment & Securities Pvt. Ltd.,Secured Securities Ltd.,105,1075.0,112875.0,2025-07-06 12:44:17.471750
2025-07-06,52520,2025070603010101,SAPDBL,Capital Max Securities Ltd,ABC Securities Private Limited,10,1073.0,10730.0,2025-07-06 12:44:20.807270
2025-07-06,52511,2025070603010107,SAPDBL,Magnet Securities and Investment Company Private Limited,Secured Securities Ltd.,100,1075.0,107500.0,2025-07-06 12:44:23.076454
2025-07-06,52466,2025070603010133,SAPDBL,Vision Securities Pvt. Ltd,Linch Stock Market Ltd.,10,1072.0,10720.0,2025-07-06 12:44:28.410204
2025-07-06,52458,2025070603010135,SAPDBL,Vision Securities Pvt. Ltd,ABC Securities Private Limited,10,1072.0,10720.0,2025-07-06 12:44:29.859634
2025-07-06,52442,2025070603010141,SAPDBL,Magnet Securities and Investment Company Private Limited,Secured Securities Ltd.,25,1075.0,26875.0,2025-07-06 12:44:35.112245
2025-07-06,52441,2025070603010142,SAPDBL,Magnet Securities and Investment Company Private Limited,Cristal Kanchanjanga Securites Pvt. Ltd.,10,1078.0,10780.0,2025-07-06 12:44:35.112564
2025-07-06,52426,2025070603010143,SAPDBL,Vision Securities Pvt. Ltd,Linch Stock Market Ltd.,10,1072.0,10720.0,2025-07-06 12:44:38.462886
2025-07-06,52423,2025070603010146,SAPDBL,Vision Securities Pvt. Ltd,ABC Securities Private Limited,10,1072.0,10720.0,2025-07-06 12:44:38.931197
2025-07-06,52386,2025070603010155,SAPDBL,Dakshinkali Investment & Securities Pvt. Ltd.,Cristal Kanchanjanga Securites Pvt. Ltd.,25,1078.0,26950.0,2025-07-06 12:44:45.969453
2025-07-06,52374,2025070603010160,SAPDBL,Vision Securities Pvt. Ltd,Linch Stock Market Ltd.,10,1072.0,10720.0,2025-07-06 12:44:49.570815
2025-07-06,52243,2025070603010192,SAPDBL,Capital Max Securities Ltd,Secured Securities Ltd.,18,1073.0,19314.0,2025-07-06 12:45:19.480717
2025-07-06,52242,2025070603010193,SAPDBL,Vision Securities Pvt. Ltd,Secured Securities Ltd.,130,1072.0,139360.0,2025-07-06 12:45:19.481308
2025-07-06,52241,2025070603010194,SAPDBL,Sani Securities Company Ltd.,Secured Securities Ltd.,10,1072.0,10720.0,2025-07-06 12:45:19.481672
2025-07-06,52240,2025070603010195,SAPDBL,Sani Securities Company Ltd.,Secured Securities Ltd.,160,1072.0,171520.0,2025-07-06 12:45:19.482074
2025-07-06,52239,2025070603010196,SAPDBL,Shree Krishna Securities Ltd.,Secured Securities Ltd.,18,1072.0,19296.0,2025-07-06 12:45:19.482580
2025-07-06,52238,2025070603010197,SAPDBL,Midas Stock Broking Company Private Limited,Secured Securities Ltd.,10,1072.0,10720.0,2025-07-06 12:45:19.483138
2025-07-06,52198,2025070603010206,SAPDBL,Deevyaa Securities & Stock House Pvt. Ltd,Secured Securities Ltd.,20,1072.0,21440.0,2025-07-06 12:45:27.497989
2025-07-06,52193,2025070603010207,SAPDBL,Dakshinkali Investment & Securities Pvt. Ltd.,Linch Stock Market Ltd.,10,1071.0,10710.0,2025-07-06 12:45:28.875838
2025-07-06,52148,2025070603010208,SAPDBL,Online Securities Pvt. Ltd.,Secured Securities Ltd.,60,1072.0,64320.0,2025-07-06 12:45:31.444625
2025-07-06,52142,2025070603010211,SAPDBL,Dynamic Money Managers Securities Pvt. Ltd.,Secured Securities Ltd.,50,1072.0,53600.0,2025-07-06 12:45:32.768252
2025-07-06,52139,2025070603010212,SAPDBL,Dakshinkali Investment & Securities Pvt. Ltd.,Nagarik Stock Dealer ,40,1071.0,42840.0,2025-07-06 12:45:33.472620
2025-07-06,52124,2025070603010216,SAPDBL,Midas Stock Broking Company Private Limited,Secured Securities Ltd.,10,1072.0,10720.0,2025-07-06 12:45:37.295110
2025-07-06,52107,2025070603010218,SAPDBL,Trisul Securities & Invt. Ltd.,Secured Securities Ltd.,100,1072.0,107200.0,2025-07-06 12:45:42.280658
2025-07-06,52074,2025070603010225,SAPDBL,SUN SECURITIES PVT LTD,Secured Securities Ltd.,14,1072.0,15008.0,2025-07-06 12:45:51.348945
2025-07-06,52054,2025070603010232,SAPDBL,Opal Securities Investment (PVT) Ltd.,Aryatara Investment & Securities,20,1075.0,21500.0,2025-07-06 12:45:56.816017
2025-07-06,52003,2025070603010235,SAPDBL,SUN SECURITIES PVT LTD,Linch Stock Market Ltd.,10,1072.0,10720.0,2025-07-06 12:46:01.278266
2025-07-06,51975,2025070603010238,SAPDBL,SUN SECURITIES PVT LTD,KALASH STOCK MARKET PVT. LTD.,150,1072.0,160800.0,2025-07-06 12:46:06.947865
2025-07-06,51846,2025070603010257,SAPDBL,Vision Securities Pvt. Ltd,Aryatara Investment & Securities,10,1075.0,10750.0,2025-07-06 12:46:23.244577
2025-07-06,51832,2025070603010259,SAPDBL,SUN SECURITIES PVT LTD,Linch Stock Market Ltd.,10,1072.0,10720.0,2025-07-06 12:46:25.762166
2025-07-06,51814,2025070603010264,SAPDBL,SUN SECURITIES PVT LTD,Creative Securities Pvt Ltd,16,1072.0,17152.0,2025-07-06 12:46:27.180225
2025-07-06,51813,2025070603010265,SAPDBL,Nepal Stock House (PVT) Ltd.,Creative Securities Pvt Ltd,100,1072.0,107200.0,2025-07-06 12:46:27.180764
2025-07-06,51812,2025070603010266,SAPDBL,Dakshinkali Investment & Securities Pvt. Ltd.,Creative Securities Pvt Ltd,170,1071.0,182070.0,2025-07-06 12:46:27.181138
2025-07-06,51811,2025070603010267,SAPDBL,Cristal Kanchanjanga Securites Pvt. Ltd.,Creative Securities Pvt Ltd,200,1071.0,214200.0,2025-07-06 12:46:27.181471
2025-07-06,51810,2025070603010268,SAPDBL,Midas Stock Broking Company Private Limited,Creative Securities Pvt Ltd,14,1071.0,14994.0,2025-07-06 12:46:27.181819
2025-07-06,51786,2025070603010272,SAPDBL,Premier Securities Company Ltd.,Aryatara Investment & Securities,70,1075.0,75250.0,2025-07-06 12:46:32.978709
2025-07-06,51785,2025070603010273,SAPDBL,Premier Securities Company Ltd.,Online Securities Pvt. Ltd.,30,1075.0,32250.0,2025-07-06 12:46:32.978985
2025-07-06,51778,2025070603010276,SAPDBL,Vision Securities Pvt. Ltd,Linch Stock Market Ltd.,10,1072.0,10720.0,2025-07-06 12:46:35.836355
2025-07-06,51777,2025070603010277,SAPDBL,Dynamic Money Managers Securities Pvt. Ltd.,Online Securities Pvt. Ltd.,20,1075.0,21500.0,2025-07-06 12:46:36.508737
2025-07-06,51729,2025070603010292,SAPDBL,Dynamic Money Managers Securities Pvt. Ltd.,Linch Stock Market Ltd.,30,1075.0,32250.0,2025-07-06 12:46:49.025889
2025-07-06,51728,2025070603010293,SAPDBL,Vision Securities Pvt. Ltd,Linch Stock Market Ltd.,10,1072.0,10720.0,2025-07-06 12:46:49.025934
2025-07-06,51531,2025070603010357,SAPDBL,BHOLE GANESH SECURITIES LTD,Creative Securities Pvt Ltd,92,1077.8,99157.6,2025-07-06 12:47:19.018890
2025-07-06,51518,2025070603010360,SAPDBL,Nepal Investment And Securities Trading Private Limited,Linch Stock Market Ltd.,10,1077.0,10770.0,2025-07-06 12:47:22.499789
2025-07-06,51485,2025070603010370,SAPDBL,Nepal Investment And Securities Trading Private Limited,Naasa Securities Co. Ltd.,10,1077.0,10770.0,2025-07-06 12:47:28.077469
2025-07-06,51484,2025070603010371,SAPDBL,Opal Securities Investment (PVT) Ltd.,Naasa Securities Co. Ltd.,10,1077.0,10770.0,2025-07-06 12:47:28.077787
2025-07-06,51475,2025070603010372,SAPDBL,Aryatara Investment & Securities,Creative Securities Pvt Ltd,100,1077.8,107780.0,2025-07-06 12:47:29.348850
2025-07-06,51409,2025070603010385,SAPDBL,Opal Securities Investment (PVT) Ltd.,Market Securities & Exchange (PVT) Ltd.,90,1077.0,96930.0,2025-07-06 12:47:41.499235
2025-07-06,51399,2025070603010387,SAPDBL,Midas Stock Broking Company Private Limited,Market Securities & Exchange (PVT) Ltd.,10,1077.0,10770.0,2025-07-06 12:47:44.875368
2025-07-06,51346,2025070603010395,SAPDBL,Trisul Securities & Invt. Ltd.,Creative Securities Pvt Ltd,100,1077.8,107780.0,2025-07-06 12:47:51.570888
2025-07-06,51337,2025070603010396,SAPDBL,Market Securities & Exchange (PVT) Ltd.,Linch Stock Market Ltd.,10,1075.1,10751.0,2025-07-06 12:47:52.754218
2025-07-06,51288,2025070603010418,SAPDBL,Linch Stock Market Ltd.,J.F. Securites (PVT) Ltd.,30,1077.8,32334.0,2025-07-06 12:48:02.875382
2025-07-06,51160,2025070603010446,SAPDBL,Malla & Malla Stock Broking Company Pvt. Limited,Linch Stock Market Ltd.,10,1076.0,10760.0,2025-07-06 12:48:23.955853
2025-07-06,51131,2025070603010448,SAPDBL,Sewa Securities Pvt. Ltd.,J.F. Securites (PVT) Ltd.,10,1077.0,10770.0,2025-07-06 12:48:25.045494
2025-07-06,51059,2025070603010460,SAPDBL,Deevyaa Securities & Stock House Pvt. Ltd,J.F. Securites (PVT) Ltd.,10,1077.0,10770.0,2025-07-06 12:48:38.986598
2025-07-06,51055,2025070603010461,SAPDBL,Sundhara Securities Limited,Midas Stock Broking Company Private Limited,20,1077.0,21540.0,2025-07-06 12:48:40.873183
2025-07-06,50979,2025070603010476,SAPDBL,Market Securities & Exchange (PVT) Ltd.,Arun Securities (PVT) Ltd.,10,1077.9,10779.0,2025-07-06 12:48:56.914919
2025-07-06,50816,2025070603010501,SAPDBL,Naasa Securities Co. Ltd.,Cristal Kanchanjanga Securites Pvt. Ltd.,10,1078.0,10780.0,2025-07-06 12:49:26.918502
2025-07-06,50813,2025070603010502,SAPDBL,J.F. Securites (PVT) Ltd.,Cristal Kanchanjanga Securites Pvt. Ltd.,80,1078.0,86240.0,2025-07-06 12:49:28.305156
2025-07-06,50809,2025070603010505,SAPDBL,Linch Stock Market Ltd.,Cristal Kanchanjanga Securites Pvt. Ltd.,20,1078.0,21560.0,2025-07-06 12:49:28.694561
2025-07-06,50787,2025070603010516,SAPDBL,Naasa Securities Co. Ltd.,Cristal Kanchanjanga Securites Pvt. Ltd.,10,1078.0,10780.0,2025-07-06 12:49:30.854395
2025-07-06,50758,2025070603010521,SAPDBL,Imperial Securities Company Pvt. Ltd.,Cristal Kanchanjanga Securites Pvt. Ltd.,100,1078.0,107800.0,2025-07-06 12:49:36.335321
2025-07-06,50729,2025070603010531,SAPDBL,Online Securities Pvt. Ltd.,Cristal Kanchanjanga Securites Pvt. Ltd.,10,1078.0,10780.0,2025-07-06 12:49:42.996365
2025-07-06,50722,2025070603010535,SAPDBL,BHOLE GANESH SECURITIES LTD,Cristal Kanchanjanga Securites Pvt. Ltd.,100,1078.0,107800.0,2025-07-06 12:49:44.417811
2025-07-06,50712,2025070603010539,SAPDBL,Online Securities Pvt. Ltd.,Cristal Kanchanjanga Securites Pvt. Ltd.,10,1078.0,10780.0,2025-07-06 12:49:47.022192
2025-07-06,50709,2025070603010541,SAPDBL,Aryatara Investment & Securities,Cristal Kanchanjanga Securites Pvt. Ltd.,10,1078.0,10780.0,2025-07-06 12:49:47.919920
2025-07-06,50646,2025070603010557,SAPDBL,Aryatara Investment & Securities,Midas Stock Broking Company Private Limited,50,1077.9,53895.0,2025-07-06 12:50:02.580358
2025-07-06,50637,2025070603010561,SAPDBL,Online Securities Pvt. Ltd.,Cristal Kanchanjanga Securites Pvt. Ltd.,115,1078.0,123970.0,2025-07-06 12:50:04.200386
2025-07-06,50636,2025070603010562,SAPDBL,Online Securities Pvt. Ltd.,Hatemalo Financial Services Private Limited,100,1078.0,107800.0,2025-07-06 12:50:04.200660
2025-07-06,50635,2025070603010563,SAPDBL,Online Securities Pvt. Ltd.,Imperial Securities Company Pvt. Ltd.,91,1078.0,98098.0,2025-07-06 12:50:04.200783
2025-07-06,50625,2025070603010565,SAPDBL,Malla & Malla Stock Broking Company Pvt. Limited,Secured Securities Ltd.,100,1078.0,107800.0,2025-07-06 12:50:05.055500
2025-07-06,50600,2025070603010571,SAPDBL,Dipshikha Dhitopatra Karobar Co. Pvt Ltd.,Secured Securities Ltd.,20,1078.0,21560.0,2025-07-06 12:50:12.535499
2025-07-06,50595,2025070603010574,SAPDBL,Imperial Securities Company Pvt. Ltd.,Secured Securities Ltd.,200,1078.0,215600.0,2025-07-06 12:50:13.702856
2025-07-06,50586,2025070603010576,SAPDBL,Roadshow securities limited,Secured Securities Ltd.,100,1078.0,107800.0,2025-07-06 12:50:14.659086
2025-07-06,50576,2025070603010580,SAPDBL,Imperial Securities Company Pvt. Ltd.,Secured Securities Ltd.,80,1078.0,86240.0,2025-07-06 12:50:16.733878
2025-07-06,50575,2025070603010581,SAPDBL,Imperial Securities Company Pvt. Ltd.,Sipla Securities Private Limited,20,1078.0,21560.0,2025-07-06 12:50:16.734166
2025-07-06,50527,2025070603010601,SAPDBL,Agrawal Securities (PVT) Ltd.,Sipla Securities Private Limited,50,1078.0,53900.0,2025-07-06 12:50:22.461205
2025-07-06,50486,2025070603010605,SAPDBL,Midas Stock Broking Company Private Limited,Sipla Securities Private Limited,30,1078.0,32340.0,2025-07-06 12:50:29.790081
2025-07-06,50380,2025070603010633,SAPDBL,Roadshow securities limited,Nepal Investment And Securities Trading Private Limited,100,1078.2,107820.0,2025-07-06 12:50:45.743963
2025-07-06,50289,2025070603010650,SAPDBL,Naasa Securities Co. Ltd.,Online Securities Pvt. Ltd.,68,1078.2,73317.6,2025-07-06 12:50:57.442356
2025-07-06,50234,2025070603010667,SAPDBL,Sundhara Securities Limited,Arun Securities (PVT) Ltd.,190,1079.0,205010.0,2025-07-06 12:51:11.331650
2025-07-06,50188,2025070603010674,SAPDBL,Naasa Securities Co. Ltd.,Secured Securities Ltd.,32,1080.0,34560.0,2025-07-06 12:51:19.647422
2025-07-06,50174,2025070603010675,SAPDBL,Roadshow securities limited,Secured Securities Ltd.,100,1080.0,108000.0,2025-07-06 12:51:20.852230
2025-07-06,50152,2025070603010685,SAPDBL,Naasa Securities Co. Ltd.,Secured Securities Ltd.,15,1080.0,16200.0,2025-07-06 12:51:27.749945
2025-07-06,50119,2025070603010694,SAPDBL,Primo Securities (PVT) Ltd.,Secured Securities Ltd.,10,1080.0,10800.0,2025-07-06 12:51:32.972772
2025-07-06,50116,2025070603010695,SAPDBL,Imperial Securities Company Pvt. Ltd.,Secured Securities Ltd.,50,1080.0,54000.0,2025-07-06 12:51:33.505560
2025-07-06,50110,2025070603010697,SAPDBL,Cristal Kanchanjanga Securites Pvt. Ltd.,Secured Securities Ltd.,200,1080.0,216000.0,2025-07-06 12:51:34.362219
2025-07-06,50092,2025070603010704,SAPDBL,Sri Hari Securities Pvt. Ltd.,Secured Securities Ltd.,20,1080.0,21600.0,2025-07-06 12:51:38.778242
2025-07-06,50070,2025070603010711,SAPDBL,Roadshow securities limited,Secured Securities Ltd.,100,1080.0,108000.0,2025-07-06 12:51:44.921179
2025-07-06,50056,2025070603010715,SAPDBL,Aryatara Investment & Securities,Secured Securities Ltd.,20,1080.0,21600.0,2025-07-06 12:51:47.363248
2025-07-06,50041,2025070603010723,SAPDBL,Imperial Securities Company Pvt. Ltd.,Linch Stock Market Ltd.,10,1079.9,10799.0,2025-07-06 12:51:50.335882
2025-07-06,50020,2025070603010727,SAPDBL,Midas Stock Broking Company Private Limited,Secured Securities Ltd.,53,1080.0,57240.0,2025-07-06 12:51:55.137018
2025-07-06,49984,2025070603010734,SAPDBL,Naasa Securities Co. Ltd.,Prabhu Stock Market Limited,20,1080.0,21600.0,2025-07-06 12:52:02.386064
2025-07-06,49934,2025070603010741,SAPDBL,Secured Securities Ltd.,Prabhu Stock Market Limited,10,1080.0,10800.0,2025-07-06 12:52:10.714082
2025-07-06,49929,2025070603010742,SAPDBL,Dakshinkali Investment & Securities Pvt. Ltd.,Prabhu Stock Market Limited,70,1080.0,75600.0,2025-07-06 12:52:11.778951
2025-07-06,49928,2025070603010743,SAPDBL,Dakshinkali Investment & Securities Pvt. Ltd.,Thrive Brokerage House Pvt. Ltd,10,1092.9,10929.0,2025-07-06 12:52:11.778984
2025-07-06,49841,2025070603010772,SAPDBL,Sani Securities Company Ltd.,Linch Stock Market Ltd.,10,1081.0,10810.0,2025-07-06 12:52:21.548365
2025-07-06,49626,2025070603010800,SAPDBL,Agrawal Securities (PVT) Ltd.,Midas Stock Broking Company Private Limited,60,1085.0,65100.0,2025-07-06 12:53:00.370616
2025-07-06,49625,2025070603010801,SAPDBL,Shree Krishna Securities Ltd.,Midas Stock Broking Company Private Limited,90,1083.0,97470.0,2025-07-06 12:53:00.371227
2025-07-06,49624,2025070603010802,SAPDBL,Sani Securities Company Ltd.,Midas Stock Broking Company Private Limited,40,1081.0,43240.0,2025-07-06 12:53:00.371368
2025-07-06,49623,2025070603010803,SAPDBL,Linch Stock Market Ltd.,Midas Stock Broking Company Private Limited,210,1081.0,227010.0,2025-07-06 12:53:00.371512
2025-07-06,49467,2025070603010830,SAPDBL,Midas Stock Broking Company Private Limited,Midas Stock Broking Company Private Limited,100,1081.1,108110.0,2025-07-06 12:53:22.547989
2025-07-06,49466,2025070603010831,SAPDBL,Linch Stock Market Ltd.,Midas Stock Broking Company Private Limited,300,1081.0,324300.0,2025-07-06 12:53:22.548313
2025-07-06,49387,2025070603010850,SAPDBL,Secured Securities Ltd.,Vision Securities Pvt. Ltd,50,1092.5,54625.0,2025-07-06 12:53:38.568061
2025-07-06,49386,2025070603010851,SAPDBL,Secured Securities Ltd.,Thrive Brokerage House Pvt. Ltd,250,1092.6,273150.0,2025-07-06 12:53:38.568394
2025-07-06,49324,2025070603010868,SAPDBL,Dakshinkali Investment & Securities Pvt. Ltd.,Linch Stock Market Ltd.,10,1081.1,10811.0,2025-07-06 12:53:52.803550
2025-07-06,49322,2025070603010869,SAPDBL,Naasa Securities Co. Ltd.,Elite Stock House Limited,22,1092.0,24024.0,2025-07-06 12:53:53.012868
