Date,S.N.,Contract ID,Symbol,Buyer Broker,Seller Broker,quantity,rate,amount,transaction_time
2025-08-17,85104,2025081705000557,HIDCL,Capital Max Securities Ltd,Vision Securities Pvt. Ltd,140,288.0,40320.0,2025-08-17 11:04:55.286071
2025-08-17,85021,2025081705000596,HIDCL,Capital Max Securities Ltd,Aryatara Investment & Securities,100,288.0,28800.0,2025-08-17 11:05:11.942331
2025-08-17,83362,2025081705001319,HIDCL,Dynamic Money Managers Securities Pvt. Ltd.,Primo Securities (PVT) Ltd.,62,288.4,17880.8,2025-08-17 11:09:54.617923
2025-08-17,83041,2025081705001475,HIDCL,Naasa Securities Co. Ltd.,Vision Securities Pvt. Ltd,59,290.0,17110.0,2025-08-17 11:10:53.620283
2025-08-17,82709,2025081705001621,HIDCL,Capital Max Securities Ltd,Vision Securities Pvt. Ltd,260,290.0,75400.0,2025-08-17 11:11:47.232722
2025-08-17,82561,2025081705001690,HIDCL,Bhrikuti Stock Broking Co. Pvt. Ltd.,Vision Securities Pvt. Ltd,10,290.0,2900.0,2025-08-17 11:12:15.840820
2025-08-17,82047,2025081705001937,HIDCL,Online Securities Pvt. Ltd.,Vision Securities Pvt. Ltd,103,290.0,29870.0,2025-08-17 11:13:42.705209
2025-08-17,82001,2025081705001961,HIDCL,Dynamic Money Managers Securities Pvt. Ltd.,Vision Securities Pvt. Ltd,300,290.0,87000.0,2025-08-17 11:13:50.996951
2025-08-17,81648,2025081705002122,HIDCL,Dynamic Money Managers Securities Pvt. Ltd.,Vision Securities Pvt. Ltd,268,290.0,77720.0,2025-08-17 11:14:49.250045
2025-08-17,81611,2025081705002145,HIDCL,Dynamic Money Managers Securities Pvt. Ltd.,Aryatara Investment & Securities,100,290.0,29000.0,2025-08-17 11:14:57.299478
2025-08-17,81391,2025081705002243,HIDCL,Dynamic Money Managers Securities Pvt. Ltd.,Aryatara Investment & Securities,100,290.0,29000.0,2025-08-17 11:15:33.611329
2025-08-17,81193,2025081705002319,HIDCL,Dynamic Money Managers Securities Pvt. Ltd.,Trishakti Securities Public Limited,60,290.0,17400.0,2025-08-17 11:16:08.234855
2025-08-17,81136,2025081705002343,HIDCL,Dynamic Money Managers Securities Pvt. Ltd.,Market Securities & Exchange (PVT) Ltd.,2000,290.0,580000.0,2025-08-17 11:16:16.262644
2025-08-17,80724,2025081705002536,HIDCL,Neev Securities Pvt. Ltd.,Vision Securities Pvt. Ltd,600,290.8,174480.0,2025-08-17 11:17:30.778417
2025-08-17,80675,2025081705002554,HIDCL,Dynamic Money Managers Securities Pvt. Ltd.,Imperial Securities Company Pvt. Ltd.,272,290.0,78880.0,2025-08-17 11:17:39.678904
2025-08-17,80564,2025081705002589,HIDCL,Vision Securities Pvt. Ltd,Imperial Securities Company Pvt. Ltd.,100,290.0,29000.0,2025-08-17 11:17:59.367977
2025-08-17,80497,2025081705002627,HIDCL,Naasa Securities Co. Ltd.,Imperial Securities Company Pvt. Ltd.,28,290.0,8120.0,2025-08-17 11:18:07.242546
2025-08-17,80456,2025081705002643,HIDCL,Neev Securities Pvt. Ltd.,Imperial Securities Company Pvt. Ltd.,100,290.0,29000.0,2025-08-17 11:18:11.048899
2025-08-17,80455,2025081705002644,HIDCL,Neev Securities Pvt. Ltd.,Vision Securities Pvt. Ltd,113,290.0,32770.0,2025-08-17 11:18:11.049038
2025-08-17,80292,2025081705002724,HIDCL,Neev Securities Pvt. Ltd.,Dynamic Money Managers Securities Pvt. Ltd.,128,290.0,37120.0,2025-08-17 11:18:39.192178
2025-08-17,80218,2025081705002769,HIDCL,Neev Securities Pvt. Ltd.,Imperial Securities Company Pvt. Ltd.,600,290.9,174540.0,2025-08-17 11:18:49.208561
2025-08-17,80147,2025081705002793,HIDCL,Midas Stock Broking Company Private Limited,Dynamic Money Managers Securities Pvt. Ltd.,10,290.0,2900.0,2025-08-17 11:19:01.215025
2025-08-17,80146,2025081705002794,HIDCL,Investment Management Nepal Pvt. Ltd.,Dynamic Money Managers Securities Pvt. Ltd.,200,289.6,57920.0,2025-08-17 11:19:01.215160
2025-08-17,80145,2025081705002795,HIDCL,Cristal Kanchanjanga Securites Pvt. Ltd.,Dynamic Money Managers Securities Pvt. Ltd.,590,289.5,170805.0,2025-08-17 11:19:01.215218
2025-08-17,79840,2025081705002914,HIDCL,Neev Securities Pvt. Ltd.,Imperial Securities Company Pvt. Ltd.,100,290.9,29090.0,2025-08-17 11:19:46.514101
2025-08-17,79562,2025081705003056,HIDCL,Neev Securities Pvt. Ltd.,Imperial Securities Company Pvt. Ltd.,50,290.9,14545.0,2025-08-17 11:20:24.758122
2025-08-17,79353,2025081705003122,HIDCL,Neev Securities Pvt. Ltd.,Imperial Securities Company Pvt. Ltd.,20,290.9,5818.0,2025-08-17 11:20:57.926859
2025-08-17,79071,2025081705003263,HIDCL,Vision Securities Pvt. Ltd,Vision Securities Pvt. Ltd,1,285.5,285.5,2025-08-17 11:21:36.721271
2025-08-17,78640,2025081705003427,HIDCL,Kalika Securities Pvt. Ltd.,Trishakti Securities Public Limited,100,291.0,29100.0,2025-08-17 11:22:51.554344
2025-08-17,77816,2025081705003714,HIDCL,Kalika Securities Pvt. Ltd.,Primo Securities (PVT) Ltd.,10,291.0,2910.0,2025-08-17 11:25:05.226193
2025-08-17,77467,2025081705003844,HIDCL,Kalika Securities Pvt. Ltd.,Magnet Securities and Investment Company Private Limited,25,291.0,7275.0,2025-08-17 11:25:57.375157
2025-08-17,77466,2025081705003845,HIDCL,Dynamic Money Managers Securities Pvt. Ltd.,Magnet Securities and Investment Company Private Limited,37,291.0,10767.0,2025-08-17 11:25:57.375351
2025-08-17,77087,2025081705004076,HIDCL,Naasa Securities Co. Ltd.,Magnet Securities and Investment Company Private Limited,38,291.0,11058.0,2025-08-17 11:26:49.476355
2025-08-17,76766,2025081705004200,HIDCL,Naasa Securities Co. Ltd.,Trishakti Securities Public Limited,46,291.4,13404.4,2025-08-17 11:27:46.313061
2025-08-17,76200,2025081705004397,HIDCL,Vision Securities Pvt. Ltd,Kumari Securities Private Limited,17,290.9,4945.3,2025-08-17 11:29:13.683661
2025-08-17,76199,2025081705004398,HIDCL,Bhrikuti Stock Broking Co. Pvt. Ltd.,Kumari Securities Private Limited,92,290.9,26762.8,2025-08-17 11:29:13.683981
2025-08-17,75899,2025081705004503,HIDCL,Imperial Securities Company Pvt. Ltd.,Siprabi Securities Pvt. Ltd.,100,291.0,29100.0,2025-08-17 11:29:57.751084
2025-08-17,74907,2025081705004923,HIDCL,Sani Securities Company Ltd.,Oxford Securities Pvt. Ltd.,30,290.2,8706.0,2025-08-17 11:32:08.821592
2025-08-17,74906,2025081705004924,HIDCL,Oxford Securities Pvt. Ltd.,Oxford Securities Pvt. Ltd.,42,290.2,12188.4,2025-08-17 11:32:08.821802
2025-08-17,74829,2025081705004962,HIDCL,Oxford Securities Pvt. Ltd.,Imperial Securities Company Pvt. Ltd.,458,290.2,132911.6,2025-08-17 11:32:25.952012
2025-08-17,74828,2025081705004963,HIDCL,Imperial Securities Company Pvt. Ltd.,Imperial Securities Company Pvt. Ltd.,42,290.1,12184.2,2025-08-17 11:32:25.952184
2025-08-17,74389,2025081705005140,HIDCL,Imperial Securities Company Pvt. Ltd.,Trishakti Securities Public Limited,100,290.1,29010.0,2025-08-17 11:33:39.662023
2025-08-17,74132,2025081705005231,HIDCL,Imperial Securities Company Pvt. Ltd.,Vision Securities Pvt. Ltd,70,290.1,20307.0,2025-08-17 11:34:20.233984
2025-08-17,74052,2025081705005262,HIDCL,Imperial Securities Company Pvt. Ltd.,Naasa Securities Co. Ltd.,25,290.1,7252.5,2025-08-17 11:34:31.136370
2025-08-17,73651,2025081705005392,HIDCL,Naasa Securities Co. Ltd.,Aryatara Investment & Securities,10,291.0,2910.0,2025-08-17 11:35:37.822414
2025-08-17,73542,2025081705005441,HIDCL,Imperial Securities Company Pvt. Ltd.,Linch Stock Market Ltd.,263,290.1,76296.3,2025-08-17 11:35:54.936976
2025-08-17,73541,2025081705005442,HIDCL,Imperial Securities Company Pvt. Ltd.,Linch Stock Market Ltd.,237,290.1,68753.7,2025-08-17 11:35:54.937175
2025-08-17,73408,2025081705005496,HIDCL,Imperial Securities Company Pvt. Ltd.,Deevyaa Securities & Stock House Pvt. Ltd,13,290.1,3771.3,2025-08-17 11:36:07.863823
2025-08-17,73407,2025081705005497,HIDCL,Dipshikha Dhitopatra Karobar Co. Pvt Ltd.,Deevyaa Securities & Stock House Pvt. Ltd,1000,290.0,290000.0,2025-08-17 11:36:07.864066
2025-08-17,73406,2025081705005498,HIDCL,Neev Securities Pvt. Ltd.,Deevyaa Securities & Stock House Pvt. Ltd,20,290.0,5800.0,2025-08-17 11:36:07.864155
2025-08-17,73405,2025081705005499,HIDCL,Kohinoor Investment & Securities Pvt. Ltd.,Deevyaa Securities & Stock House Pvt. Ltd,100,290.0,29000.0,2025-08-17 11:36:07.864235
2025-08-17,73404,2025081705005500,HIDCL,Sani Securities Company Ltd.,Deevyaa Securities & Stock House Pvt. Ltd,100,290.0,29000.0,2025-08-17 11:36:07.864323
2025-08-17,73403,2025081705005501,HIDCL,J.F. Securites (PVT) Ltd.,Deevyaa Securities & Stock House Pvt. Ltd,20,290.0,5800.0,2025-08-17 11:36:07.864402
2025-08-17,73402,2025081705005502,HIDCL,Sani Securities Company Ltd.,Deevyaa Securities & Stock House Pvt. Ltd,138,290.0,40020.0,2025-08-17 11:36:07.864479
2025-08-17,73401,2025081705005503,HIDCL,Oxford Securities Pvt. Ltd.,Deevyaa Securities & Stock House Pvt. Ltd,10,290.0,2900.0,2025-08-17 11:36:07.864552
2025-08-17,72940,2025081705005693,HIDCL,Investment Management Nepal Pvt. Ltd.,Trishakti Securities Public Limited,54,289.6,15638.4,2025-08-17 11:37:18.644492
2025-08-17,72641,2025081705005822,HIDCL,Cristal Kanchanjanga Securites Pvt. Ltd.,Trishakti Securities Public Limited,10,289.5,2895.0,2025-08-17 11:38:11.891724
2025-08-17,72640,2025081705005823,HIDCL,Naasa Securities Co. Ltd.,Trishakti Securities Public Limited,20,289.5,5790.0,2025-08-17 11:38:11.891938
2025-08-17,72639,2025081705005824,HIDCL,Dynamic Money Managers Securities Pvt. Ltd.,Trishakti Securities Public Limited,70,289.0,20230.0,2025-08-17 11:38:11.892013
2025-08-17,71747,2025081705006124,HIDCL,Dynamic Money Managers Securities Pvt. Ltd.,Secured Securities Ltd.,15,289.0,4335.0,2025-08-17 11:40:42.838519
2025-08-17,71584,2025081705006190,HIDCL,Dynamic Money Managers Securities Pvt. Ltd.,Primo Securities (PVT) Ltd.,215,289.0,62135.0,2025-08-17 11:41:12.882991
2025-08-17,71583,2025081705006191,HIDCL,Oxford Securities Pvt. Ltd.,Primo Securities (PVT) Ltd.,10,289.0,2890.0,2025-08-17 11:41:12.883228
2025-08-17,71582,2025081705006192,HIDCL,Imperial Securities Company Pvt. Ltd.,Primo Securities (PVT) Ltd.,253,289.0,73117.0,2025-08-17 11:41:12.883308
2025-08-17,70914,2025081705006460,HIDCL,Imperial Securities Company Pvt. Ltd.,Primo Securities (PVT) Ltd.,10,289.0,2890.0,2025-08-17 11:43:17.542879
2025-08-17,70889,2025081705006472,HIDCL,Imperial Securities Company Pvt. Ltd.,Opal Securities Investment (PVT) Ltd.,237,289.0,68493.0,2025-08-17 11:43:26.696245
2025-08-17,70888,2025081705006473,HIDCL,ABC Securities Private Limited,Opal Securities Investment (PVT) Ltd.,40,289.0,11560.0,2025-08-17 11:43:26.696469
2025-08-17,70887,2025081705006474,HIDCL,Sundhara Securities Limited,Opal Securities Investment (PVT) Ltd.,12,289.0,3468.0,2025-08-17 11:43:26.696553
2025-08-17,70736,2025081705006525,HIDCL,Neev Securities Pvt. Ltd.,Ashutosh Brokerage & Securities (PVT) Ltd.,45,289.3,13018.5,2025-08-17 11:43:50.626722
2025-08-17,70136,2025081705006768,HIDCL,Sani Securities Company Ltd.,Online Securities Pvt. Ltd.,34,289.0,9826.0,2025-08-17 11:45:54.558798
2025-08-17,70135,2025081705006769,HIDCL,Capital Max Securities Ltd,Online Securities Pvt. Ltd.,17,289.0,4913.0,2025-08-17 11:45:54.559196
2025-08-17,70134,2025081705006770,HIDCL,Trishakti Securities Public Limited,Online Securities Pvt. Ltd.,110,289.0,31790.0,2025-08-17 11:45:54.559464
2025-08-17,70082,2025081705006797,HIDCL,Secured Securities Ltd.,Midas Stock Broking Company Private Limited,30,289.5,8685.0,2025-08-17 11:46:05.889455
2025-08-17,70081,2025081705006798,HIDCL,Secured Securities Ltd.,Imperial Securities Company Pvt. Ltd.,250,289.5,72375.0,2025-08-17 11:46:05.889823
2025-08-17,69856,2025081705006869,HIDCL,Secured Securities Ltd.,Vision Securities Pvt. Ltd,90,289.5,26055.0,2025-08-17 11:46:54.712576
2025-08-17,69770,2025081705006911,HIDCL,Trisul Securities & Invt. Ltd.,Deevyaa Securities & Stock House Pvt. Ltd,100,289.6,28960.0,2025-08-17 11:47:06.589906
2025-08-17,69769,2025081705006912,HIDCL,Secured Securities Ltd.,Deevyaa Securities & Stock House Pvt. Ltd,130,289.5,37635.0,2025-08-17 11:47:06.590162
2025-08-17,69768,2025081705006913,HIDCL,Dynamic Money Managers Securities Pvt. Ltd.,Deevyaa Securities & Stock House Pvt. Ltd,535,289.5,154882.5,2025-08-17 11:47:06.590246
2025-08-17,69767,2025081705006914,HIDCL,Trishakti Securities Public Limited,Deevyaa Securities & Stock House Pvt. Ltd,290,289.0,83810.0,2025-08-17 11:47:06.590347
2025-08-17,69766,2025081705006915,HIDCL,Naasa Securities Co. Ltd.,Deevyaa Securities & Stock House Pvt. Ltd,44,289.0,12716.0,2025-08-17 11:47:06.590426
2025-08-17,69745,2025081705006927,HIDCL,Nepal Stock House (PVT) Ltd.,Dynamic Money Managers Securities Pvt. Ltd.,50,289.9,14495.0,2025-08-17 11:47:09.319626
2025-08-17,69295,2025081705007078,HIDCL,Sani Securities Company Ltd.,Dipshikha Dhitopatra Karobar Co. Pvt Ltd.,100,289.1,28910.0,2025-08-17 11:48:30.039241
2025-08-17,68950,2025081705007251,HIDCL,Dipshikha Dhitopatra Karobar Co. Pvt Ltd.,Pragyan Securities (PVT) Ltd.,10,289.8,2898.0,2025-08-17 11:49:35.449472
2025-08-17,68659,2025081705007391,HIDCL,Sani Securities Company Ltd.,Pragyan Securities (PVT) Ltd.,130,289.8,37674.0,2025-08-17 11:50:35.504491
2025-08-17,68556,2025081705007439,HIDCL,Bhrikuti Stock Broking Co. Pvt. Ltd.,Naasa Securities Co. Ltd.,120,289.8,34776.0,2025-08-17 11:50:54.991464
2025-08-17,67770,2025081705007726,HIDCL,Neev Securities Pvt. Ltd.,Dynamic Money Managers Securities Pvt. Ltd.,250,289.9,72475.0,2025-08-17 11:53:16.508646
2025-08-17,67455,2025081705007847,HIDCL,Investment Management Nepal Pvt. Ltd.,Thrive Brokerage House Pvt. Ltd,100,289.2,28920.0,2025-08-17 11:54:03.753679
2025-08-17,65637,2025081705008596,HIDCL,Naasa Securities Co. Ltd.,Naasa Securities Co. Ltd.,100,290.0,29000.0,2025-08-17 11:59:50.481004
2025-08-17,65636,2025081705008597,HIDCL,Naasa Securities Co. Ltd.,Primo Securities (PVT) Ltd.,30,290.0,8700.0,2025-08-17 11:59:50.481330
2025-08-17,65635,2025081705008598,HIDCL,Naasa Securities Co. Ltd.,Online Securities Pvt. Ltd.,52,290.0,15080.0,2025-08-17 11:59:50.481450
2025-08-17,65634,2025081705008599,HIDCL,Naasa Securities Co. Ltd.,Dipshikha Dhitopatra Karobar Co. Pvt Ltd.,68,290.0,19720.0,2025-08-17 11:59:50.481676
2025-08-17,65519,2025081705008651,HIDCL,Sundhara Securities Limited,Thrive Brokerage House Pvt. Ltd,5,289.0,1445.0,2025-08-17 12:00:12.370582
2025-08-17,65139,2025081705008827,HIDCL,Bhrikuti Stock Broking Co. Pvt. Ltd.,Dipshikha Dhitopatra Karobar Co. Pvt Ltd.,70,290.0,20300.0,2025-08-17 12:01:18.276154
2025-08-17,64792,2025081705008962,HIDCL,Vision Securities Pvt. Ltd,Dipshikha Dhitopatra Karobar Co. Pvt Ltd.,481,290.0,139490.0,2025-08-17 12:02:19.488840
2025-08-17,64303,2025081705009133,HIDCL,Nepal Investment And Securities Trading Private Limited,Oxford Securities Pvt. Ltd.,500,289.4,144700.0,2025-08-17 12:03:57.165370
2025-08-17,64302,2025081705009134,HIDCL,Nepal Investment And Securities Trading Private Limited,Bhrikuti Stock Broking Co. Pvt. Ltd.,900,289.9,260910.0,2025-08-17 12:03:57.165602
2025-08-17,64301,2025081705009135,HIDCL,Nepal Investment And Securities Trading Private Limited,Dipshikha Dhitopatra Karobar Co. Pvt Ltd.,81,290.0,23490.0,2025-08-17 12:03:57.165703
2025-08-17,64300,2025081705009136,HIDCL,Nepal Investment And Securities Trading Private Limited,ABC Securities Private Limited,567,290.0,164430.0,2025-08-17 12:03:57.165804
2025-08-17,64299,2025081705009137,HIDCL,Nepal Investment And Securities Trading Private Limited,Agrawal Securities (PVT) Ltd.,132,290.0,38280.0,2025-08-17 12:03:57.165904
2025-08-17,64213,2025081705009173,HIDCL,Sani Securities Company Ltd.,Sani Securities Company Ltd.,69,289.3,19961.7,2025-08-17 12:04:14.554801
2025-08-17,63955,2025081705009296,HIDCL,Sani Securities Company Ltd.,Aryatara Investment & Securities,201,289.3,58149.3,2025-08-17 12:04:53.822672
2025-08-17,63954,2025081705009297,HIDCL,Citizens Share Broker Limited,Aryatara Investment & Securities,1039,289.3,300582.7,2025-08-17 12:04:53.822919
2025-08-17,63953,2025081705009298,HIDCL,Siprabi Securities Pvt. Ltd.,Aryatara Investment & Securities,300,289.1,86730.0,2025-08-17 12:04:53.823022
2025-08-17,63952,2025081705009299,HIDCL,Kohinoor Investment & Securities Pvt. Ltd.,Aryatara Investment & Securities,50,289.1,14455.0,2025-08-17 12:04:53.823138
2025-08-17,63951,2025081705009300,HIDCL,Sewa Securities Pvt. Ltd.,Aryatara Investment & Securities,2000,289.0,578000.0,2025-08-17 12:04:53.823265
2025-08-17,63950,2025081705009301,HIDCL,Imperial Securities Company Pvt. Ltd.,Aryatara Investment & Securities,100,289.0,28900.0,2025-08-17 12:04:53.823381
2025-08-17,63949,2025081705009302,HIDCL,Trishakti Securities Public Limited,Aryatara Investment & Securities,145,289.0,41905.0,2025-08-17 12:04:53.823492
2025-08-17,63948,2025081705009303,HIDCL,Sani Securities Company Ltd.,Aryatara Investment & Securities,530,288.8,153064.0,2025-08-17 12:04:53.823605
2025-08-17,63947,2025081705009304,HIDCL,Sani Securities Company Ltd.,Aryatara Investment & Securities,635,288.6,183261.0,2025-08-17 12:04:53.823718
2025-08-17,63875,2025081705009322,HIDCL,Naasa Securities Co. Ltd.,Kalika Securities Pvt. Ltd.,1,283.4,283.4,2025-08-17 12:05:06.589618
2025-08-17,62973,2025081705009674,HIDCL,Sani Securities Company Ltd.,Pragyan Securities (PVT) Ltd.,14,289.0,4046.0,2025-08-17 12:08:02.639196
2025-08-17,62972,2025081705009675,HIDCL,Sani Securities Company Ltd.,Siprabi Securities Pvt. Ltd.,10,289.0,2890.0,2025-08-17 12:08:02.639528
2025-08-17,62971,2025081705009676,HIDCL,Sani Securities Company Ltd.,Indira securities pvt. ltd,30,289.9,8697.0,2025-08-17 12:08:02.639645
2025-08-17,62970,2025081705009677,HIDCL,Sani Securities Company Ltd.,Dynamic Money Managers Securities Pvt. Ltd.,46,289.9,13335.4,2025-08-17 12:08:02.639769
2025-08-17,62965,2025081705009680,HIDCL,Investment Management Nepal Pvt. Ltd.,Trishakti Securities Public Limited,18,288.8,5198.4,2025-08-17 12:08:04.200831
2025-08-17,62522,2025081705009837,HIDCL,Investment Management Nepal Pvt. Ltd.,Siprabi Securities Pvt. Ltd.,13,288.8,3754.4,2025-08-17 12:09:21.000946
2025-08-17,61674,2025081705010177,HIDCL,Investment Management Nepal Pvt. Ltd.,Oxford Securities Pvt. Ltd.,23,288.8,6642.4,2025-08-17 12:11:57.336519
2025-08-17,61475,2025081705010279,HIDCL,Sundhara Securities Limited,Sundhara Securities Limited,1,283.1,283.1,2025-08-17 12:12:21.157471
2025-08-17,61337,2025081705010313,HIDCL,Investment Management Nepal Pvt. Ltd.,Pragyan Securities (PVT) Ltd.,46,288.8,13284.8,2025-08-17 12:12:46.025324
2025-08-17,61336,2025081705010314,HIDCL,Sani Securities Company Ltd.,Pragyan Securities (PVT) Ltd.,34,288.7,9815.8,2025-08-17 12:12:46.025588
2025-08-17,61140,2025081705010405,HIDCL,Sani Securities Company Ltd.,Arun Securities (PVT) Ltd.,24,288.7,6928.8,2025-08-17 12:13:26.296814
2025-08-17,60640,2025081705010558,HIDCL,Sani Securities Company Ltd.,SUN SECURITIES PVT LTD,81,288.7,23384.7,2025-08-17 12:14:41.100567
2025-08-17,60443,2025081705010630,HIDCL,Sani Securities Company Ltd.,Dynamic Money Managers Securities Pvt. Ltd.,226,288.7,65246.2,2025-08-17 12:15:15.353472
2025-08-17,60312,2025081705010682,HIDCL,Online Securities Pvt. Ltd.,Opal Securities Investment (PVT) Ltd.,1,283.0,283.0,2025-08-17 12:15:38.168733
2025-08-17,60177,2025081705010731,HIDCL,Online Securities Pvt. Ltd.,Sewa Securities Pvt. Ltd.,1,283.6,283.6,2025-08-17 12:16:03.363533
2025-08-17,59421,2025081705011007,HIDCL,Sani Securities Company Ltd.,Vision Securities Pvt. Ltd,10,288.7,2887.0,2025-08-17 12:18:30.799933
2025-08-17,59002,2025081705011153,HIDCL,Sani Securities Company Ltd.,Trishakti Securities Public Limited,125,288.7,36087.5,2025-08-17 12:19:34.339969
2025-08-17,59001,2025081705011154,HIDCL,Online Securities Pvt. Ltd.,Trishakti Securities Public Limited,585,288.7,168889.5,2025-08-17 12:19:34.340256
2025-08-17,58586,2025081705011325,HIDCL,Sewa Securities Pvt. Ltd.,Neev Securities Pvt. Ltd.,200,288.8,57760.0,2025-08-17 12:20:37.963298
2025-08-17,58332,2025081705011403,HIDCL,Sewa Securities Pvt. Ltd.,Opal Securities Investment (PVT) Ltd.,59,288.8,17039.2,2025-08-17 12:21:25.537917
2025-08-17,58286,2025081705011420,HIDCL,Sewa Securities Pvt. Ltd.,Secured Securities Ltd.,180,288.8,51984.0,2025-08-17 12:21:33.341339
2025-08-17,57163,2025081705011838,HIDCL,Online Securities Pvt. Ltd.,Sani Securities Company Ltd.,191,288.9,55179.9,2025-08-17 12:24:31.018541
2025-08-17,57093,2025081705011865,HIDCL,Online Securities Pvt. Ltd.,Dynamic Money Managers Securities Pvt. Ltd.,224,288.9,64713.6,2025-08-17 12:24:44.301243
2025-08-17,57068,2025081705011875,HIDCL,Online Securities Pvt. Ltd.,Sri Hari Securities Pvt. Ltd.,2,284.0,568.0,2025-08-17 12:24:50.481726
2025-08-17,56996,2025081705011904,HIDCL,Sewa Securities Pvt. Ltd.,Dynamic Money Managers Securities Pvt. Ltd.,561,288.8,162016.8,2025-08-17 12:25:04.227915
2025-08-17,56902,2025081705011943,HIDCL,Arun Securities (PVT) Ltd.,Vision Securities Pvt. Ltd,10,288.9,2889.0,2025-08-17 12:25:23.680554
2025-08-17,56770,2025081705011992,HIDCL,Sani Securities Company Ltd.,Neev Securities Pvt. Ltd.,550,288.6,158730.0,2025-08-17 12:25:52.319019
2025-08-17,56566,2025081705012109,HIDCL,Online Securities Pvt. Ltd.,Sri Hari Securities Pvt. Ltd.,2,284.0,568.0,2025-08-17 12:26:27.449896
2025-08-17,56565,2025081705012110,HIDCL,Sani Securities Company Ltd.,Deevyaa Securities & Stock House Pvt. Ltd,15,288.6,4329.0,2025-08-17 12:26:27.775457
2025-08-17,56564,2025081705012111,HIDCL,Online Securities Pvt. Ltd.,Deevyaa Securities & Stock House Pvt. Ltd,200,288.6,57720.0,2025-08-17 12:26:27.775551
2025-08-17,56563,2025081705012112,HIDCL,Creative Securities Pvt Ltd,Deevyaa Securities & Stock House Pvt. Ltd,500,288.5,144250.0,2025-08-17 12:26:27.775576
2025-08-17,56562,2025081705012113,HIDCL,Online Securities Pvt. Ltd.,Deevyaa Securities & Stock House Pvt. Ltd,200,288.5,57700.0,2025-08-17 12:26:27.775601
2025-08-17,56561,2025081705012114,HIDCL,Online Securities Pvt. Ltd.,Deevyaa Securities & Stock House Pvt. Ltd,20,288.5,5770.0,2025-08-17 12:26:27.775622
2025-08-17,56560,2025081705012115,HIDCL,Opal Securities Investment (PVT) Ltd.,Deevyaa Securities & Stock House Pvt. Ltd,20,288.5,5770.0,2025-08-17 12:26:27.775641
2025-08-17,56559,2025081705012116,HIDCL,Online Securities Pvt. Ltd.,Deevyaa Securities & Stock House Pvt. Ltd,45,288.3,12973.5,2025-08-17 12:26:27.775662
2025-08-17,56524,2025081705012125,HIDCL,Aryatara Investment & Securities,Bhrikuti Stock Broking Co. Pvt. Ltd.,35,288.5,10097.5,2025-08-17 12:26:35.299129
2025-08-17,56523,2025081705012126,HIDCL,Online Securities Pvt. Ltd.,Bhrikuti Stock Broking Co. Pvt. Ltd.,155,288.3,44686.5,2025-08-17 12:26:35.299657
2025-08-17,56522,2025081705012127,HIDCL,Indira securities pvt. ltd,Bhrikuti Stock Broking Co. Pvt. Ltd.,100,288.3,28830.0,2025-08-17 12:26:35.299983
2025-08-17,56521,2025081705012128,HIDCL,Online Securities Pvt. Ltd.,Bhrikuti Stock Broking Co. Pvt. Ltd.,200,288.2,57640.0,2025-08-17 12:26:35.300303
2025-08-17,56520,2025081705012129,HIDCL,Online Securities Pvt. Ltd.,Bhrikuti Stock Broking Co. Pvt. Ltd.,200,288.1,57620.0,2025-08-17 12:26:35.300642
2025-08-17,56519,2025081705012130,HIDCL,Sundhara Securities Limited,Bhrikuti Stock Broking Co. Pvt. Ltd.,210,288.1,60501.0,2025-08-17 12:26:35.300958
2025-08-17,56518,2025081705012131,HIDCL,S.P.S.A. Securities Limited,Bhrikuti Stock Broking Co. Pvt. Ltd.,30,288.0,8640.0,2025-08-17 12:26:35.301265
2025-08-17,56517,2025081705012132,HIDCL,Sri Hari Securities Pvt. Ltd.,Bhrikuti Stock Broking Co. Pvt. Ltd.,100,288.0,28800.0,2025-08-17 12:26:35.301601
2025-08-17,56516,2025081705012133,HIDCL,Kumari Securities Private Limited,Bhrikuti Stock Broking Co. Pvt. Ltd.,200,288.0,57600.0,2025-08-17 12:26:35.301911
2025-08-17,56515,2025081705012134,HIDCL,Deevyaa Securities & Stock House Pvt. Ltd,Bhrikuti Stock Broking Co. Pvt. Ltd.,500,288.0,144000.0,2025-08-17 12:26:35.302222
2025-08-17,56514,2025081705012135,HIDCL,Bhrikuti Stock Broking Co. Pvt. Ltd.,Bhrikuti Stock Broking Co. Pvt. Ltd.,100,288.0,28800.0,2025-08-17 12:26:35.302538
2025-08-17,56513,2025081705012136,HIDCL,Dakshinkali Investment & Securities Pvt. Ltd.,Bhrikuti Stock Broking Co. Pvt. Ltd.,170,288.0,48960.0,2025-08-17 12:26:35.302844
2025-08-17,56290,2025081705012212,HIDCL,Dakshinkali Investment & Securities Pvt. Ltd.,Nagarik Stock Dealer ,1000,288.8,288800.0,2025-08-17 12:27:18.203026
2025-08-17,56001,2025081705012317,HIDCL,Online Securities Pvt. Ltd.,Online Securities Pvt. Ltd.,1,283.2,283.2,2025-08-17 12:28:15.432431
2025-08-17,55593,2025081705012475,HIDCL,Online Securities Pvt. Ltd.,Online Securities Pvt. Ltd.,1,283.5,283.5,2025-08-17 12:29:48.689619
2025-08-17,55541,2025081705012507,HIDCL,Sani Securities Company Ltd.,Deevyaa Securities & Stock House Pvt. Ltd,250,288.5,72125.0,2025-08-17 12:30:01.879441
2025-08-17,55540,2025081705012508,HIDCL,Imperial Securities Company Pvt. Ltd.,Deevyaa Securities & Stock House Pvt. Ltd,150,288.4,43260.0,2025-08-17 12:30:01.879533
2025-08-17,55539,2025081705012509,HIDCL,Dakshinkali Investment & Securities Pvt. Ltd.,Deevyaa Securities & Stock House Pvt. Ltd,385,288.0,110880.0,2025-08-17 12:30:01.879562
2025-08-17,55538,2025081705012510,HIDCL,Vision Securities Pvt. Ltd,Deevyaa Securities & Stock House Pvt. Ltd,300,288.0,86400.0,2025-08-17 12:30:01.879584
2025-08-17,55537,2025081705012511,HIDCL,Thrive Brokerage House Pvt. Ltd,Deevyaa Securities & Stock House Pvt. Ltd,120,288.0,34560.0,2025-08-17 12:30:01.879628
2025-08-17,55407,2025081705012573,HIDCL,Thrive Brokerage House Pvt. Ltd,Capital Max Securities Ltd,80,288.0,23040.0,2025-08-17 12:30:26.863645
2025-08-17,55406,2025081705012574,HIDCL,Naasa Securities Co. Ltd.,Capital Max Securities Ltd,10,288.0,2880.0,2025-08-17 12:30:26.863936
2025-08-17,55235,2025081705012630,HIDCL,Midas Stock Broking Company Private Limited,Capital Max Securities Ltd,30,288.0,8640.0,2025-08-17 12:31:04.063605
2025-08-17,55033,2025081705012724,HIDCL,Sani Securities Company Ltd.,Sweta Securities Private Limited,100,287.2,28720.0,2025-08-17 12:31:45.033069
2025-08-17,55032,2025081705012725,HIDCL,Trisul Securities & Invt. Ltd.,Sweta Securities Private Limited,50,287.1,14355.0,2025-08-17 12:31:45.033410
2025-08-17,55031,2025081705012726,HIDCL,Cristal Kanchanjanga Securites Pvt. Ltd.,Sweta Securities Private Limited,122,287.0,35014.0,2025-08-17 12:31:45.033574
2025-08-17,54788,2025081705012828,HIDCL,Cristal Kanchanjanga Securites Pvt. Ltd.,Dipshikha Dhitopatra Karobar Co. Pvt Ltd.,42,287.0,12054.0,2025-08-17 12:32:33.637557
2025-08-17,54779,2025081705012833,HIDCL,Imperial Securities Company Pvt. Ltd.,Capital Max Securities Ltd,230,288.0,66240.0,2025-08-17 12:32:35.258067
2025-08-17,54737,2025081705012855,HIDCL,Online Securities Pvt. Ltd.,Capital Max Securities Ltd,500,288.0,144000.0,2025-08-17 12:32:44.506568
2025-08-17,54563,2025081705012949,HIDCL,Asian Securities Private Ltd.,Capital Max Securities Ltd,100,288.0,28800.0,2025-08-17 12:33:13.352542
2025-08-17,54501,2025081705012965,HIDCL,Online Securities Pvt. Ltd.,Capital Max Securities Ltd,30,288.0,8640.0,2025-08-17 12:33:25.843555
2025-08-17,53870,2025081705013216,HIDCL,Online Securities Pvt. Ltd.,Dakshinkali Investment & Securities Pvt. Ltd.,50,288.0,14400.0,2025-08-17 12:35:51.907075
2025-08-17,53769,2025081705013248,HIDCL,J.F. Securites (PVT) Ltd.,Bhrikuti Stock Broking Co. Pvt. Ltd.,24,288.7,6928.8,2025-08-17 12:36:07.124187
2025-08-17,53411,2025081705013379,HIDCL,Sani Securities Company Ltd.,Nagarik Stock Dealer ,60,288.0,17280.0,2025-08-17 12:37:38.165467
2025-08-17,52193,2025081705013841,HIDCL,Premier Securities Company Ltd.,Sani Securities Company Ltd.,72,288.0,20736.0,2025-08-17 12:42:09.498795
2025-08-17,52089,2025081705013873,HIDCL,Dipshikha Dhitopatra Karobar Co. Pvt Ltd.,Sani Securities Company Ltd.,10,288.0,2880.0,2025-08-17 12:42:36.520862
2025-08-17,51933,2025081705013934,HIDCL,Online Securities Pvt. Ltd.,Sani Securities Company Ltd.,228,288.0,65664.0,2025-08-17 12:43:26.309850
2025-08-17,51932,2025081705013935,HIDCL,Online Securities Pvt. Ltd.,Imperial Securities Company Pvt. Ltd.,172,288.0,49536.0,2025-08-17 12:43:26.310182
2025-08-17,51899,2025081705013950,HIDCL,Online Securities Pvt. Ltd.,Imperial Securities Company Pvt. Ltd.,20,288.0,5760.0,2025-08-17 12:43:38.404640
2025-08-17,51724,2025081705014019,HIDCL,Sani Securities Company Ltd.,Midas Stock Broking Company Private Limited,100,288.0,28800.0,2025-08-17 12:44:26.891739
2025-08-17,50623,2025081705014420,HIDCL,Trisul Securities & Invt. Ltd.,Bhrikuti Stock Broking Co. Pvt. Ltd.,436,288.7,125873.2,2025-08-17 12:48:41.020048
2025-08-17,50473,2025081705014477,HIDCL,Trisul Securities & Invt. Ltd.,Naasa Securities Co. Ltd.,16,288.7,4619.2,2025-08-17 12:49:18.237436
2025-08-17,50417,2025081705014506,HIDCL,Trisul Securities & Invt. Ltd.,Agrawal Securities (PVT) Ltd.,548,288.7,158207.6,2025-08-17 12:49:31.391588
2025-08-17,50416,2025081705014507,HIDCL,Sani Securities Company Ltd.,Agrawal Securities (PVT) Ltd.,100,288.0,28800.0,2025-08-17 12:49:31.391886
2025-08-17,50415,2025081705014508,HIDCL,Trishakti Securities Public Limited,Agrawal Securities (PVT) Ltd.,50,288.0,14400.0,2025-08-17 12:49:31.392007
2025-08-17,50414,2025081705014509,HIDCL,Ashutosh Brokerage & Securities (PVT) Ltd.,Agrawal Securities (PVT) Ltd.,100,288.0,28800.0,2025-08-17 12:49:31.392131
2025-08-17,50411,2025081705014512,HIDCL,Kohinoor Investment & Securities Pvt. Ltd.,Agrawal Securities (PVT) Ltd.,200,288.0,57600.0,2025-08-17 12:49:32.466936
2025-08-17,49925,2025081705014663,HIDCL,Online Securities Pvt. Ltd.,Agrawal Securities (PVT) Ltd.,200,288.0,57600.0,2025-08-17 12:51:23.607939
2025-08-17,49922,2025081705014665,HIDCL,Bhrikuti Stock Broking Co. Pvt. Ltd.,Agrawal Securities (PVT) Ltd.,200,288.0,57600.0,2025-08-17 12:51:24.388336
2025-08-17,49735,2025081705014716,HIDCL,Opal Securities Investment (PVT) Ltd.,Malla & Malla Stock Broking Company Pvt. Limited,100,287.8,28780.0,2025-08-17 12:51:59.651994
2025-08-17,49732,2025081705014718,HIDCL,Bhrikuti Stock Broking Co. Pvt. Ltd.,Agrawal Securities (PVT) Ltd.,500,288.0,144000.0,2025-08-17 12:52:01.582189
2025-08-17,47867,2025081705015457,HIDCL,Nepal Stock House (PVT) Ltd.,Siprabi Securities Pvt. Ltd.,100,287.8,28780.0,2025-08-17 12:59:08.590815
2025-08-17,47866,2025081705015458,HIDCL,Online Securities Pvt. Ltd.,Siprabi Securities Pvt. Ltd.,100,287.8,28780.0,2025-08-17 12:59:08.591249
2025-08-17,47816,2025081705015482,HIDCL,Online Securities Pvt. Ltd.,Agrawal Securities (PVT) Ltd.,34,288.0,9792.0,2025-08-17 12:59:20.017530
2025-08-17,47182,2025081705015719,HIDCL,Premier Securities Company Ltd.,Agrawal Securities (PVT) Ltd.,25,287.9,7197.5,2025-08-17 13:01:44.692918
2025-08-17,47181,2025081705015720,HIDCL,Online Securities Pvt. Ltd.,Agrawal Securities (PVT) Ltd.,100,287.8,28780.0,2025-08-17 13:01:44.693226
2025-08-17,47180,2025081705015721,HIDCL,Kohinoor Investment & Securities Pvt. Ltd.,Agrawal Securities (PVT) Ltd.,80,287.8,23024.0,2025-08-17 13:01:44.693391
2025-08-17,47179,2025081705015722,HIDCL,Sani Securities Company Ltd.,Agrawal Securities (PVT) Ltd.,100,287.7,28770.0,2025-08-17 13:01:44.693530
2025-08-17,47178,2025081705015723,HIDCL,Online Securities Pvt. Ltd.,Agrawal Securities (PVT) Ltd.,200,287.7,57540.0,2025-08-17 13:01:44.693664
2025-08-17,47177,2025081705015724,HIDCL,Online Securities Pvt. Ltd.,Agrawal Securities (PVT) Ltd.,200,287.6,57520.0,2025-08-17 13:01:44.693792
2025-08-17,47176,2025081705015725,HIDCL,Online Securities Pvt. Ltd.,Agrawal Securities (PVT) Ltd.,200,287.5,57500.0,2025-08-17 13:01:44.693920
2025-08-17,47175,2025081705015726,HIDCL,Sundhara Securities Limited,Agrawal Securities (PVT) Ltd.,30,287.4,8622.0,2025-08-17 13:01:44.694048
2025-08-17,47174,2025081705015727,HIDCL,Online Securities Pvt. Ltd.,Agrawal Securities (PVT) Ltd.,200,287.4,57480.0,2025-08-17 13:01:44.694176
2025-08-17,47173,2025081705015728,HIDCL,Nepal Stock House (PVT) Ltd.,Agrawal Securities (PVT) Ltd.,25,287.3,7182.5,2025-08-17 13:01:44.694305
2025-08-17,47172,2025081705015729,HIDCL,Online Securities Pvt. Ltd.,Agrawal Securities (PVT) Ltd.,200,287.2,57440.0,2025-08-17 13:01:44.694436
2025-08-17,47171,2025081705015730,HIDCL,Sewa Securities Pvt. Ltd.,Agrawal Securities (PVT) Ltd.,2000,287.1,574200.0,2025-08-17 13:01:44.694561
2025-08-17,47170,2025081705015731,HIDCL,Online Securities Pvt. Ltd.,Agrawal Securities (PVT) Ltd.,200,287.1,57420.0,2025-08-17 13:01:44.694687
2025-08-17,47169,2025081705015732,HIDCL,Trisul Securities & Invt. Ltd.,Agrawal Securities (PVT) Ltd.,100,287.1,28710.0,2025-08-17 13:01:44.694823
2025-08-17,47168,2025081705015733,HIDCL,Cristal Kanchanjanga Securites Pvt. Ltd.,Agrawal Securities (PVT) Ltd.,836,287.0,239932.0,2025-08-17 13:01:44.694951
2025-08-17,47167,2025081705015734,HIDCL,Opal Securities Investment (PVT) Ltd.,Agrawal Securities (PVT) Ltd.,200,287.0,57400.0,2025-08-17 13:01:44.695095
2025-08-17,47166,2025081705015735,HIDCL,Vision Securities Pvt. Ltd,Agrawal Securities (PVT) Ltd.,100,287.0,28700.0,2025-08-17 13:01:44.695230
2025-08-17,47165,2025081705015736,HIDCL,Sani Securities Company Ltd.,Agrawal Securities (PVT) Ltd.,500,287.0,143500.0,2025-08-17 13:01:44.695364
2025-08-17,47164,2025081705015737,HIDCL,ABC Securities Private Limited,Agrawal Securities (PVT) Ltd.,2000,287.0,574000.0,2025-08-17 13:01:44.695489
2025-08-17,47163,2025081705015738,HIDCL,Linch Stock Market Ltd.,Agrawal Securities (PVT) Ltd.,100,287.0,28700.0,2025-08-17 13:01:44.695621
2025-08-17,47162,2025081705015739,HIDCL,Agrawal Securities (PVT) Ltd.,Agrawal Securities (PVT) Ltd.,100,287.0,28700.0,2025-08-17 13:01:44.695755
2025-08-17,47161,2025081705015740,HIDCL,Trishakti Securities Public Limited,Agrawal Securities (PVT) Ltd.,140,287.0,40180.0,2025-08-17 13:01:44.695918
2025-08-17,47160,2025081705015741,HIDCL,Online Securities Pvt. Ltd.,Agrawal Securities (PVT) Ltd.,200,287.0,57400.0,2025-08-17 13:01:44.696057
2025-08-17,47159,2025081705015742,HIDCL,Trishakti Securities Public Limited,Agrawal Securities (PVT) Ltd.,100,287.0,28700.0,2025-08-17 13:01:44.696180
2025-08-17,47158,2025081705015743,HIDCL,Premier Securities Company Ltd.,Agrawal Securities (PVT) Ltd.,47,287.0,13489.0,2025-08-17 13:01:44.696307
2025-08-17,45930,2025081705016161,HIDCL,Premier Securities Company Ltd.,Dipshikha Dhitopatra Karobar Co. Pvt Ltd.,153,287.0,43911.0,2025-08-17 13:05:03.323279
2025-08-17,45929,2025081705016162,HIDCL,Online Securities Pvt. Ltd.,Dipshikha Dhitopatra Karobar Co. Pvt Ltd.,300,287.0,86100.0,2025-08-17 13:05:03.323623
2025-08-17,45928,2025081705016163,HIDCL,Dipshikha Dhitopatra Karobar Co. Pvt Ltd.,Dipshikha Dhitopatra Karobar Co. Pvt Ltd.,10,287.0,2870.0,2025-08-17 13:05:03.323747
2025-08-17,45927,2025081705016164,HIDCL,Trishakti Securities Public Limited,Dipshikha Dhitopatra Karobar Co. Pvt Ltd.,50,287.0,14350.0,2025-08-17 13:05:03.323940
2025-08-17,45926,2025081705016165,HIDCL,Nepal Stock House (PVT) Ltd.,Dipshikha Dhitopatra Karobar Co. Pvt Ltd.,100,287.0,28700.0,2025-08-17 13:05:03.324102
2025-08-17,45692,2025081705016270,HIDCL,Online Securities Pvt. Ltd.,Dipshikha Dhitopatra Karobar Co. Pvt Ltd.,380,287.0,109060.0,2025-08-17 13:05:46.718960
2025-08-17,45294,2025081705016356,HIDCL,Naasa Securities Co. Ltd.,Imperial Securities Company Pvt. Ltd.,4,285.0,1140.0,2025-08-17 13:06:40.739445
2025-08-17,45278,2025081705016363,HIDCL,Imperial Securities Company Pvt. Ltd.,Trisul Securities & Invt. Ltd.,60,287.0,17220.0,2025-08-17 13:06:43.304723
2025-08-17,44494,2025081705016640,HIDCL,Sani Securities Company Ltd.,Sundhara Securities Limited,82,287.1,23542.2,2025-08-17 13:09:11.060607
2025-08-17,44493,2025081705016641,HIDCL,Linch Stock Market Ltd.,Sundhara Securities Limited,10,287.1,2871.0,2025-08-17 13:09:11.060918
2025-08-17,44492,2025081705016642,HIDCL,Imperial Securities Company Pvt. Ltd.,Sundhara Securities Limited,40,287.0,11480.0,2025-08-17 13:09:11.061048
2025-08-17,44491,2025081705016643,HIDCL,Cristal Kanchanjanga Securites Pvt. Ltd.,Sundhara Securities Limited,173,287.0,49651.0,2025-08-17 13:09:11.061173
2025-08-17,44140,2025081705016760,HIDCL,Dynamic Money Managers Securities Pvt. Ltd.,Sundhara Securities Limited,195,286.9,55945.5,2025-08-17 13:10:10.399469
2025-08-17,43393,2025081705016989,HIDCL,Bhrikuti Stock Broking Co. Pvt. Ltd.,ABC Securities Private Limited,300,287.1,86130.0,2025-08-17 13:12:05.718683
2025-08-17,43392,2025081705016990,HIDCL,Aakashbhairab Securities Ltd.,ABC Securities Private Limited,195,287.0,55965.0,2025-08-17 13:12:05.719263
2025-08-17,43391,2025081705016991,HIDCL,Online Securities Pvt. Ltd.,ABC Securities Private Limited,55,287.0,15785.0,2025-08-17 13:12:05.719661
2025-08-17,43141,2025081705017114,HIDCL,Online Securities Pvt. Ltd.,Ashutosh Brokerage & Securities (PVT) Ltd.,65,287.5,18687.5,2025-08-17 13:12:35.840543
2025-08-17,42838,2025081705017317,HIDCL,Online Securities Pvt. Ltd.,ABC Securities Private Limited,145,287.0,41615.0,2025-08-17 13:13:15.393356
2025-08-17,42837,2025081705017318,HIDCL,Online Securities Pvt. Ltd.,ABC Securities Private Limited,156,287.0,44772.0,2025-08-17 13:13:15.393652
2025-08-17,42836,2025081705017319,HIDCL,Blue Chip Securities Ltd,ABC Securities Private Limited,349,287.0,100163.0,2025-08-17 13:13:15.393783
2025-08-17,42791,2025081705017336,HIDCL,Blue Chip Securities Ltd,Online Securities Pvt. Ltd.,30,287.0,8610.0,2025-08-17 13:13:31.400203
2025-08-17,42685,2025081705017376,HIDCL,Blue Chip Securities Ltd,Imperial Securities Company Pvt. Ltd.,65,287.0,18655.0,2025-08-17 13:13:53.075689
2025-08-17,42583,2025081705017418,HIDCL,Blue Chip Securities Ltd,Agrawal Securities (PVT) Ltd.,556,287.0,159572.0,2025-08-17 13:14:17.028924
2025-08-17,42582,2025081705017419,HIDCL,Imperial Securities Company Pvt. Ltd.,Agrawal Securities (PVT) Ltd.,42,287.0,12054.0,2025-08-17 13:14:17.029239
2025-08-17,42513,2025081705017439,HIDCL,Online Securities Pvt. Ltd.,Agrawal Securities (PVT) Ltd.,500,287.0,143500.0,2025-08-17 13:14:30.560561
2025-08-17,42458,2025081705017467,HIDCL,Dynamic Money Managers Securities Pvt. Ltd.,Oxford Securities Pvt. Ltd.,55,286.9,15779.5,2025-08-17 13:14:42.769101
2025-08-17,42457,2025081705017468,HIDCL,Online Securities Pvt. Ltd.,Oxford Securities Pvt. Ltd.,145,286.9,41600.5,2025-08-17 13:14:42.769462
2025-08-17,42180,2025081705017582,HIDCL,Naasa Securities Co. Ltd.,Agrawal Securities (PVT) Ltd.,40,287.0,11480.0,2025-08-17 13:15:36.686077
2025-08-17,42163,2025081705017584,HIDCL,Online Securities Pvt. Ltd.,Vision Securities Pvt. Ltd,24,286.9,6885.6,2025-08-17 13:15:37.277182
2025-08-17,42098,2025081705017607,HIDCL,Online Securities Pvt. Ltd.,Agrawal Securities (PVT) Ltd.,31,287.0,8897.0,2025-08-17 13:15:50.720947
2025-08-17,41732,2025081705017780,HIDCL,Online Securities Pvt. Ltd.,Premier Securities Company Ltd.,1,283.0,283.0,2025-08-17 13:17:08.416856
2025-08-17,41720,2025081705017784,HIDCL,Deevyaa Securities & Stock House Pvt. Ltd,Vision Securities Pvt. Ltd,100,286.9,28690.0,2025-08-17 13:17:12.024972
2025-08-17,41719,2025081705017785,HIDCL,Online Securities Pvt. Ltd.,Vision Securities Pvt. Ltd,200,286.8,57360.0,2025-08-17 13:17:12.025298
2025-08-17,41718,2025081705017786,HIDCL,Dynamic Money Managers Securities Pvt. Ltd.,Vision Securities Pvt. Ltd,700,286.7,200690.0,2025-08-17 13:17:12.025464
2025-08-17,41699,2025081705017797,HIDCL,Online Securities Pvt. Ltd.,Imperial Securities Company Pvt. Ltd.,2,283.0,566.0,2025-08-17 13:17:15.475599
2025-08-17,41355,2025081705018002,HIDCL,Dynamic Money Managers Securities Pvt. Ltd.,Online Securities Pvt. Ltd.,1300,286.7,372710.0,2025-08-17 13:17:57.037633
2025-08-17,41354,2025081705018003,HIDCL,Kumari Securities Private Limited,Online Securities Pvt. Ltd.,200,286.6,57320.0,2025-08-17 13:17:57.037706
2025-08-17,40952,2025081705018165,HIDCL,Sani Securities Company Ltd.,Kumari Securities Private Limited,80,286.9,22952.0,2025-08-17 13:19:06.758176
2025-08-17,39970,2025081705018556,HIDCL,Kumari Securities Private Limited,Dynamic Money Managers Securities Pvt. Ltd.,100,286.6,28660.0,2025-08-17 13:21:53.479840
2025-08-17,39525,2025081705018742,HIDCL,Sani Securities Company Ltd.,Agrawal Securities (PVT) Ltd.,175,287.0,50225.0,2025-08-17 13:23:11.990434
2025-08-17,39134,2025081705018854,HIDCL,Online Securities Pvt. Ltd.,Pragyan Securities (PVT) Ltd.,200,286.9,57380.0,2025-08-17 13:24:32.818065
2025-08-17,39029,2025081705018890,HIDCL,Vision Securities Pvt. Ltd,Vision Securities Pvt. Ltd,1,283.0,283.0,2025-08-17 13:24:49.212701
2025-08-17,38682,2025081705019070,HIDCL,Neev Securities Pvt. Ltd.,Agrawal Securities (PVT) Ltd.,500,287.0,143500.0,2025-08-17 13:25:57.785429
2025-08-17,38415,2025081705019163,HIDCL,Kumari Securities Private Limited,Nagarik Stock Dealer ,700,286.6,200620.0,2025-08-17 13:26:51.516869
2025-08-17,38414,2025081705019164,HIDCL,Online Securities Pvt. Ltd.,Nagarik Stock Dealer ,200,286.5,57300.0,2025-08-17 13:26:51.517204
2025-08-17,38413,2025081705019165,HIDCL,Online Securities Pvt. Ltd.,Nagarik Stock Dealer ,100,286.5,28650.0,2025-08-17 13:26:51.517351
2025-08-17,38185,2025081705019201,HIDCL,Online Securities Pvt. Ltd.,Naasa Securities Co. Ltd.,53,286.5,15184.5,2025-08-17 13:27:26.682051
2025-08-17,38076,2025081705019232,HIDCL,Online Securities Pvt. Ltd.,Nagarik Stock Dealer ,500,286.9,143450.0,2025-08-17 13:27:53.217271
2025-08-17,37890,2025081705019297,HIDCL,Linch Stock Market Ltd.,Vision Securities Pvt. Ltd,100,286.9,28690.0,2025-08-17 13:28:39.178931
2025-08-17,37660,2025081705019364,HIDCL,Online Securities Pvt. Ltd.,Vision Securities Pvt. Ltd,55,286.9,15779.5,2025-08-17 13:29:33.043549
2025-08-17,37621,2025081705019377,HIDCL,Global IME Securities Limited,Vision Securities Pvt. Ltd,50,286.5,14325.0,2025-08-17 13:29:43.507151
2025-08-17,37620,2025081705019378,HIDCL,Online Securities Pvt. Ltd.,Vision Securities Pvt. Ltd,10,286.1,2861.0,2025-08-17 13:29:43.507220
2025-08-17,37563,2025081705019398,HIDCL,Linch Stock Market Ltd.,Vision Securities Pvt. Ltd,60,286.9,17214.0,2025-08-17 13:29:55.737085
2025-08-17,37292,2025081705019494,HIDCL,Online Securities Pvt. Ltd.,Nepal Stock House (PVT) Ltd.,100,286.3,28630.0,2025-08-17 13:30:46.339777
2025-08-17,37228,2025081705019522,HIDCL,Online Securities Pvt. Ltd.,KALASH STOCK MARKET PVT. LTD.,90,286.3,25767.0,2025-08-17 13:31:05.253413
2025-08-17,37227,2025081705019523,HIDCL,Online Securities Pvt. Ltd.,KALASH STOCK MARKET PVT. LTD.,200,286.1,57220.0,2025-08-17 13:31:05.253790
2025-08-17,37226,2025081705019524,HIDCL,Vision Securities Pvt. Ltd,KALASH STOCK MARKET PVT. LTD.,100,286.0,28600.0,2025-08-17 13:31:05.253931
2025-08-17,37225,2025081705019525,HIDCL,Cristal Kanchanjanga Securites Pvt. Ltd.,KALASH STOCK MARKET PVT. LTD.,110,286.0,31460.0,2025-08-17 13:31:05.254067
2025-08-17,35816,2025081705019956,HIDCL,Naasa Securities Co. Ltd.,Nagarik Stock Dealer ,20,286.8,5736.0,2025-08-17 13:35:42.731170
2025-08-17,35807,2025081705019958,HIDCL,Kohinoor Investment & Securities Pvt. Ltd.,Vision Securities Pvt. Ltd,100,286.1,28610.0,2025-08-17 13:35:45.006536
2025-08-17,35806,2025081705019959,HIDCL,Online Securities Pvt. Ltd.,Vision Securities Pvt. Ltd,47,286.1,13446.7,2025-08-17 13:35:45.006608
2025-08-17,35805,2025081705019960,HIDCL,Naasa Securities Co. Ltd.,Vision Securities Pvt. Ltd,85,286.1,24318.5,2025-08-17 13:35:45.006636
2025-08-17,35804,2025081705019961,HIDCL,Cristal Kanchanjanga Securites Pvt. Ltd.,Vision Securities Pvt. Ltd,468,286.0,133848.0,2025-08-17 13:35:45.006666
2025-08-17,35359,2025081705020100,HIDCL,Online Securities Pvt. Ltd.,Nagarik Stock Dealer ,480,286.8,137664.0,2025-08-17 13:37:07.142667
2025-08-17,35300,2025081705020125,HIDCL,Naasa Securities Co. Ltd.,Vision Securities Pvt. Ltd,1000,286.9,286900.0,2025-08-17 13:37:21.399210
2025-08-17,35168,2025081705020182,HIDCL,Siprabi Securities Pvt. Ltd.,Sani Securities Company Ltd.,13,286.1,3719.3,2025-08-17 13:37:49.750509
2025-08-17,33991,2025081705020632,HIDCL,Roadshow securities limited,Vision Securities Pvt. Ltd,285,286.9,81766.5,2025-08-17 13:41:57.229450
2025-08-17,33951,2025081705020643,HIDCL,Roadshow securities limited,Agrawal Securities (PVT) Ltd.,4000,287.0,1148000.0,2025-08-17 13:42:05.253446
2025-08-17,33761,2025081705020690,HIDCL,Roadshow securities limited,Agrawal Securities (PVT) Ltd.,134,287.0,38458.0,2025-08-17 13:42:42.352134
2025-08-17,33706,2025081705020726,HIDCL,Roadshow securities limited,Imperial Securities Company Pvt. Ltd.,10,288.0,2880.0,2025-08-17 13:42:58.391325
2025-08-17,33155,2025081705020980,HIDCL,Naasa Securities Co. Ltd.,Thrive Brokerage House Pvt. Ltd,50,286.5,14325.0,2025-08-17 13:44:55.718497
2025-08-17,33024,2025081705021031,HIDCL,Agrawal Securities (PVT) Ltd.,K.B.L. Securities Limited ,110,286.6,31526.0,2025-08-17 13:45:27.119520
2025-08-17,33023,2025081705021032,HIDCL,Naasa Securities Co. Ltd.,K.B.L. Securities Limited ,261,286.5,74776.5,2025-08-17 13:45:27.119899
2025-08-17,33022,2025081705021033,HIDCL,Naasa Securities Co. Ltd.,K.B.L. Securities Limited ,629,286.4,180145.6,2025-08-17 13:45:27.120042
2025-08-17,32440,2025081705021250,HIDCL,Investment Management Nepal Pvt. Ltd.,Thrive Brokerage House Pvt. Ltd,50,286.5,14325.0,2025-08-17 13:47:32.646870
2025-08-17,32439,2025081705021251,HIDCL,Naasa Securities Co. Ltd.,Thrive Brokerage House Pvt. Ltd,350,286.4,100240.0,2025-08-17 13:47:32.647218
2025-08-17,31981,2025081705021435,HIDCL,Naasa Securities Co. Ltd.,Sumeru Securities Pvt. Ltd.,21,286.4,6014.4,2025-08-17 13:49:12.434162
2025-08-17,31980,2025081705021436,HIDCL,Siprabi Securities Pvt. Ltd.,Sumeru Securities Pvt. Ltd.,87,286.3,24908.1,2025-08-17 13:49:12.434551
2025-08-17,31979,2025081705021437,HIDCL,Aryatara Investment & Securities,Sumeru Securities Pvt. Ltd.,400,286.2,114480.0,2025-08-17 13:49:12.434696
2025-08-17,31978,2025081705021438,HIDCL,Blue Chip Securities Ltd,Sumeru Securities Pvt. Ltd.,92,286.1,26321.2,2025-08-17 13:49:12.434831
2025-08-17,31730,2025081705021511,HIDCL,Naasa Securities Co. Ltd.,Kumari Securities Private Limited,100,286.2,28620.0,2025-08-17 13:49:43.341753
2025-08-17,31368,2025081705021658,HIDCL,Cristal Kanchanjanga Securites Pvt. Ltd.,Premier Securities Company Ltd.,20,287.9,5758.0,2025-08-17 13:51:17.696492
2025-08-17,30137,2025081705022170,HIDCL,Vision Securities Pvt. Ltd,Imperial Securities Company Pvt. Ltd.,2,283.0,566.0,2025-08-17 13:55:14.925089
2025-08-17,29864,2025081705022252,HIDCL,Sumeru Securities Pvt. Ltd.,Premier Securities Company Ltd.,300,287.9,86370.0,2025-08-17 13:56:11.483093
2025-08-17,29473,2025081705022429,HIDCL,Dipshikha Dhitopatra Karobar Co. Pvt Ltd.,Cristal Kanchanjanga Securites Pvt. Ltd.,200,287.5,57500.0,2025-08-17 13:57:33.740096
2025-08-17,28585,2025081705022765,HIDCL,Opal Securities Investment (PVT) Ltd.,Dipshikha Dhitopatra Karobar Co. Pvt Ltd.,25,286.4,7160.0,2025-08-17 14:00:46.253946
2025-08-17,28223,2025081705022917,HIDCL,Opal Securities Investment (PVT) Ltd.,Online Securities Pvt. Ltd.,146,286.4,41814.4,2025-08-17 14:02:16.790205
2025-08-17,28110,2025081705022967,HIDCL,Opal Securities Investment (PVT) Ltd.,Elite Stock House Limited,85,286.4,24344.0,2025-08-17 14:02:56.083600
2025-08-17,28108,2025081705022968,HIDCL,Vision Securities Pvt. Ltd,Sumeru Securities Pvt. Ltd.,2,283.0,566.0,2025-08-17 14:02:56.652347
2025-08-17,27916,2025081705023048,HIDCL,Opal Securities Investment (PVT) Ltd.,Sundhara Securities Limited,44,286.4,12601.6,2025-08-17 14:03:47.194152
2025-08-17,27915,2025081705023049,HIDCL,Naasa Securities Co. Ltd.,Sundhara Securities Limited,520,286.4,148928.0,2025-08-17 14:03:47.194631
2025-08-17,27914,2025081705023050,HIDCL,Sewa Securities Pvt. Ltd.,Sundhara Securities Limited,30,286.3,8589.0,2025-08-17 14:03:47.194944
2025-08-17,27913,2025081705023051,HIDCL,Sajilo Broker Limited,Sundhara Securities Limited,40,286.3,11452.0,2025-08-17 14:03:47.195128
2025-08-17,27912,2025081705023052,HIDCL,Agrawal Securities (PVT) Ltd.,Sundhara Securities Limited,50,286.3,14315.0,2025-08-17 14:03:47.195350
2025-08-17,27911,2025081705023053,HIDCL,Naasa Securities Co. Ltd.,Sundhara Securities Limited,316,286.2,90439.2,2025-08-17 14:03:47.195531
2025-08-17,27415,2025081705023300,HIDCL,Sweta Securities Private Limited,Nagarik Stock Dealer ,50,287.5,14375.0,2025-08-17 14:05:23.405604
2025-08-17,27356,2025081705023330,HIDCL,Online Securities Pvt. Ltd.,Sumeru Securities Pvt. Ltd.,1,283.0,283.0,2025-08-17 14:05:30.272101
2025-08-17,27070,2025081705023433,HIDCL,Naasa Securities Co. Ltd.,Roadshow securities limited,50,286.8,14340.0,2025-08-17 14:06:27.013434
2025-08-17,27069,2025081705023434,HIDCL,Linch Stock Market Ltd.,Roadshow securities limited,200,286.7,57340.0,2025-08-17 14:06:27.013774
2025-08-17,27068,2025081705023435,HIDCL,Sewa Securities Pvt. Ltd.,Roadshow securities limited,2750,286.6,788150.0,2025-08-17 14:06:27.014018
2025-08-17,27047,2025081705023445,HIDCL,Imperial Securities Company Pvt. Ltd.,Aakashbhairab Securities Ltd.,50,287.4,14370.0,2025-08-17 14:06:30.705952
2025-08-17,26361,2025081705023674,HIDCL,Asian Securities Private Ltd.,Linch Stock Market Ltd.,40,287.0,11480.0,2025-08-17 14:08:23.486017
2025-08-17,26360,2025081705023675,HIDCL,Asian Securities Private Ltd.,Sani Securities Company Ltd.,249,287.0,71463.0,2025-08-17 14:08:23.486474
2025-08-17,26359,2025081705023676,HIDCL,Asian Securities Private Ltd.,Aakashbhairab Securities Ltd.,1000,287.0,287000.0,2025-08-17 14:08:23.486655
2025-08-17,25754,2025081705023960,HIDCL,Neev Securities Pvt. Ltd.,Sundhara Securities Limited,60,287.0,17220.0,2025-08-17 14:10:23.165823
2025-08-17,25753,2025081705023961,HIDCL,Kumari Securities Private Limited,Sundhara Securities Limited,48,287.0,13776.0,2025-08-17 14:10:23.166222
2025-08-17,25621,2025081705024024,HIDCL,Neev Securities Pvt. Ltd.,Sundhara Securities Limited,100,287.0,28700.0,2025-08-17 14:10:57.381636
2025-08-17,25506,2025081705024068,HIDCL,Asian Securities Private Ltd.,Sundhara Securities Limited,211,286.7,60493.7,2025-08-17 14:11:18.506093
2025-08-17,25459,2025081705024097,HIDCL,Blue Chip Securities Ltd,Nagarik Stock Dealer ,950,287.3,272935.0,2025-08-17 14:11:27.227257
2025-08-17,25458,2025081705024098,HIDCL,Blue Chip Securities Ltd,Aakashbhairab Securities Ltd.,50,287.4,14370.0,2025-08-17 14:11:27.227631
2025-08-17,25337,2025081705024164,HIDCL,Sewa Securities Pvt. Ltd.,Sundhara Securities Limited,250,286.6,71650.0,2025-08-17 14:11:41.655022
2025-08-17,25336,2025081705024165,HIDCL,Naasa Securities Co. Ltd.,Sundhara Securities Limited,450,286.6,128970.0,2025-08-17 14:11:41.655765
2025-08-17,25314,2025081705024174,HIDCL,Nepal Stock House (PVT) Ltd.,Sundhara Securities Limited,72,286.5,20628.0,2025-08-17 14:11:46.677587
2025-08-17,24896,2025081705024296,HIDCL,Bhrikuti Stock Broking Co. Pvt. Ltd.,Sundhara Securities Limited,200,286.7,57340.0,2025-08-17 14:13:10.184168
2025-08-17,24651,2025081705024405,HIDCL,Naasa Securities Co. Ltd.,Sundhara Securities Limited,50,286.6,14330.0,2025-08-17 14:14:01.450175
2025-08-17,24446,2025081705024493,HIDCL,Nepal Stock House (PVT) Ltd.,Premier Securities Company Ltd.,428,286.5,122622.0,2025-08-17 14:14:43.186795
2025-08-17,24445,2025081705024494,HIDCL,Naasa Securities Co. Ltd.,Premier Securities Company Ltd.,520,286.5,148980.0,2025-08-17 14:14:43.187168
2025-08-17,24444,2025081705024495,HIDCL,Trisul Securities & Invt. Ltd.,Premier Securities Company Ltd.,200,286.3,57260.0,2025-08-17 14:14:43.187326
2025-08-17,24443,2025081705024496,HIDCL,Naasa Securities Co. Ltd.,Premier Securities Company Ltd.,34,286.2,9730.8,2025-08-17 14:14:43.187477
2025-08-17,24442,2025081705024497,HIDCL,Nepal Investment And Securities Trading Private Limited,Premier Securities Company Ltd.,500,286.2,143100.0,2025-08-17 14:14:43.187631
2025-08-17,24441,2025081705024498,HIDCL,Naasa Securities Co. Ltd.,Premier Securities Company Ltd.,200,286.2,57240.0,2025-08-17 14:14:43.187778
2025-08-17,24440,2025081705024499,HIDCL,Blue Chip Securities Ltd,Premier Securities Company Ltd.,908,286.1,259778.8,2025-08-17 14:14:43.187942
2025-08-17,24439,2025081705024500,HIDCL,Investment Management Nepal Pvt. Ltd.,Premier Securities Company Ltd.,50,286.1,14305.0,2025-08-17 14:14:43.188088
2025-08-17,24438,2025081705024501,HIDCL,Cristal Kanchanjanga Securites Pvt. Ltd.,Premier Securities Company Ltd.,422,286.0,120692.0,2025-08-17 14:14:43.188237
2025-08-17,24437,2025081705024502,HIDCL,Sani Securities Company Ltd.,Premier Securities Company Ltd.,10,286.0,2860.0,2025-08-17 14:14:43.188393
2025-08-17,24436,2025081705024503,HIDCL,Ashutosh Brokerage & Securities (PVT) Ltd.,Premier Securities Company Ltd.,250,286.0,71500.0,2025-08-17 14:14:43.188553
2025-08-17,24435,2025081705024504,HIDCL,Sewa Securities Pvt. Ltd.,Premier Securities Company Ltd.,500,286.0,143000.0,2025-08-17 14:14:43.188707
2025-08-17,24434,2025081705024505,HIDCL,Sumeru Securities Pvt. Ltd.,Premier Securities Company Ltd.,20,286.0,5720.0,2025-08-17 14:14:43.188855
2025-08-17,24433,2025081705024506,HIDCL,Agrawal Securities (PVT) Ltd.,Premier Securities Company Ltd.,200,286.0,57200.0,2025-08-17 14:14:43.189089
2025-08-17,24432,2025081705024507,HIDCL,Sagarmatha Securities Private Limited,Premier Securities Company Ltd.,55,286.0,15730.0,2025-08-17 14:14:43.189279
2025-08-17,24431,2025081705024508,HIDCL,Online Securities Pvt. Ltd.,Premier Securities Company Ltd.,75,286.0,21450.0,2025-08-17 14:14:43.189466
2025-08-17,24430,2025081705024509,HIDCL,Capital Max Securities Ltd,Premier Securities Company Ltd.,100,286.0,28600.0,2025-08-17 14:14:43.189619
2025-08-17,24429,2025081705024510,HIDCL,Dipshikha Dhitopatra Karobar Co. Pvt Ltd.,Premier Securities Company Ltd.,100,286.0,28600.0,2025-08-17 14:14:43.189780
2025-08-17,24428,2025081705024511,HIDCL,Online Securities Pvt. Ltd.,Premier Securities Company Ltd.,200,286.0,57200.0,2025-08-17 14:14:43.189959
2025-08-17,24427,2025081705024512,HIDCL,Sundhara Securities Limited,Premier Securities Company Ltd.,25,286.0,7150.0,2025-08-17 14:14:43.190127
2025-08-17,24426,2025081705024513,HIDCL,Online Securities Pvt. Ltd.,Premier Securities Company Ltd.,500,286.0,143000.0,2025-08-17 14:14:43.190263
2025-08-17,24425,2025081705024514,HIDCL,Premier Securities Company Ltd.,Premier Securities Company Ltd.,100,286.0,28600.0,2025-08-17 14:14:43.190428
2025-08-17,24424,2025081705024515,HIDCL,Opal Securities Investment (PVT) Ltd.,Premier Securities Company Ltd.,110,286.0,31460.0,2025-08-17 14:14:43.190608
2025-08-17,24423,2025081705024516,HIDCL,Kohinoor Investment & Securities Pvt. Ltd.,Premier Securities Company Ltd.,250,286.0,71500.0,2025-08-17 14:14:43.190773
2025-08-17,24422,2025081705024517,HIDCL,Kumari Securities Private Limited,Premier Securities Company Ltd.,243,286.0,69498.0,2025-08-17 14:14:43.190909
2025-08-17,24272,2025081705024553,HIDCL,Naasa Securities Co. Ltd.,Aakashbhairab Securities Ltd.,10,286.6,2866.0,2025-08-17 14:15:09.788895
2025-08-17,24271,2025081705024554,HIDCL,Kumari Securities Private Limited,Aakashbhairab Securities Ltd.,57,286.0,16302.0,2025-08-17 14:15:09.789700
2025-08-17,24270,2025081705024555,HIDCL,Trishakti Securities Public Limited,Aakashbhairab Securities Ltd.,1500,286.0,429000.0,2025-08-17 14:15:09.790212
2025-08-17,24269,2025081705024556,HIDCL,J.F. Securites (PVT) Ltd.,Aakashbhairab Securities Ltd.,100,286.0,28600.0,2025-08-17 14:15:09.790723
2025-08-17,24268,2025081705024557,HIDCL,Imperial Securities Company Pvt. Ltd.,Aakashbhairab Securities Ltd.,333,286.0,95238.0,2025-08-17 14:15:09.791209
2025-08-17,24120,2025081705024606,HIDCL,Vision Securities Pvt. Ltd,Premier Securities Company Ltd.,500,286.1,143050.0,2025-08-17 14:15:26.420703
2025-08-17,24119,2025081705024607,HIDCL,Imperial Securities Company Pvt. Ltd.,Premier Securities Company Ltd.,167,286.0,47762.0,2025-08-17 14:15:26.421064
2025-08-17,24118,2025081705024608,HIDCL,Trishakti Securities Public Limited,Premier Securities Company Ltd.,200,286.0,57200.0,2025-08-17 14:15:26.421203
2025-08-17,24117,2025081705024609,HIDCL,Opal Securities Investment (PVT) Ltd.,Premier Securities Company Ltd.,50,286.0,14300.0,2025-08-17 14:15:26.421364
2025-08-17,24116,2025081705024610,HIDCL,Agrawal Securities (PVT) Ltd.,Premier Securities Company Ltd.,400,286.0,114400.0,2025-08-17 14:15:26.421499
2025-08-17,24115,2025081705024611,HIDCL,Oxford Securities Pvt. Ltd.,Premier Securities Company Ltd.,83,286.0,23738.0,2025-08-17 14:15:26.421627
2025-08-17,23990,2025081705024649,HIDCL,Oxford Securities Pvt. Ltd.,Sundhara Securities Limited,93,286.0,26598.0,2025-08-17 14:15:42.335133
2025-08-17,23832,2025081705024722,HIDCL,Online Securities Pvt. Ltd.,Sundhara Securities Limited,500,285.6,142800.0,2025-08-17 14:16:11.496675
2025-08-17,23831,2025081705024723,HIDCL,Online Securities Pvt. Ltd.,Sundhara Securities Limited,500,285.6,142800.0,2025-08-17 14:16:11.497005
2025-08-17,23306,2025081705024920,HIDCL,Sani Securities Company Ltd.,Sundhara Securities Limited,72,286.0,20592.0,2025-08-17 14:17:14.858348
2025-08-17,22722,2025081705025064,HIDCL,Arun Securities (PVT) Ltd.,Sundhara Securities Limited,500,286.1,143050.0,2025-08-17 14:18:30.307568
2025-08-17,22365,2025081705025212,HIDCL,Arun Securities (PVT) Ltd.,Aakashbhairab Securities Ltd.,500,286.1,143050.0,2025-08-17 14:19:22.578499
2025-08-17,22049,2025081705025373,HIDCL,Capital Max Securities Ltd,Sundhara Securities Limited,58,286.2,16599.6,2025-08-17 14:20:06.778750
2025-08-17,21938,2025081705025424,HIDCL,Capital Max Securities Ltd,Kohinoor Investment & Securities Pvt. Ltd.,1000,286.2,286200.0,2025-08-17 14:20:16.605339
2025-08-17,21813,2025081705025459,HIDCL,Capital Max Securities Ltd,Aakashbhairab Securities Ltd.,642,286.2,183740.4,2025-08-17 14:20:35.788254
2025-08-17,21812,2025081705025460,HIDCL,Arun Securities (PVT) Ltd.,Aakashbhairab Securities Ltd.,500,286.1,143050.0,2025-08-17 14:20:35.788919
2025-08-17,21811,2025081705025461,HIDCL,Naasa Securities Co. Ltd.,Aakashbhairab Securities Ltd.,10,286.1,2861.0,2025-08-17 14:20:35.789379
2025-08-17,21810,2025081705025462,HIDCL,Sani Securities Company Ltd.,Aakashbhairab Securities Ltd.,128,286.0,36608.0,2025-08-17 14:20:35.789798
2025-08-17,21809,2025081705025463,HIDCL,Cristal Kanchanjanga Securites Pvt. Ltd.,Aakashbhairab Securities Ltd.,20,286.0,5720.0,2025-08-17 14:20:35.790216
2025-08-17,21235,2025081705025638,HIDCL,Imperial Securities Company Pvt. Ltd.,Nagarik Stock Dealer ,200,286.9,57380.0,2025-08-17 14:22:01.422896
2025-08-17,20858,2025081705025778,HIDCL,Oxford Securities Pvt. Ltd.,Aakashbhairab Securities Ltd.,100,286.1,28610.0,2025-08-17 14:22:51.183474
2025-08-17,20857,2025081705025779,HIDCL,Arun Securities (PVT) Ltd.,Aakashbhairab Securities Ltd.,900,286.1,257490.0,2025-08-17 14:22:51.183831
2025-08-17,20800,2025081705025785,HIDCL,Midas Stock Broking Company Private Limited,Bhrikuti Stock Broking Co. Pvt. Ltd.,48,286.6,13756.8,2025-08-17 14:22:59.023969
2025-08-17,20636,2025081705025851,HIDCL,Arun Securities (PVT) Ltd.,Secured Securities Ltd.,100,286.1,28610.0,2025-08-17 14:23:31.680916
2025-08-17,20635,2025081705025852,HIDCL,Cristal Kanchanjanga Securites Pvt. Ltd.,Secured Securities Ltd.,100,286.0,28600.0,2025-08-17 14:23:31.681264
2025-08-17,20395,2025081705025948,HIDCL,Linch Stock Market Ltd.,Vision Securities Pvt. Ltd,140,286.8,40152.0,2025-08-17 14:24:16.345383
2025-08-17,20147,2025081705026025,HIDCL,Blue Chip Securities Ltd,Sani Securities Company Ltd.,2,285.0,570.0,2025-08-17 14:24:52.893650
2025-08-17,19321,2025081705026377,HIDCL,Opal Securities Investment (PVT) Ltd.,Naasa Securities Co. Ltd.,200,286.6,57320.0,2025-08-17 14:27:15.513626
2025-08-17,19180,2025081705026421,HIDCL,Opal Securities Investment (PVT) Ltd.,Aakashbhairab Securities Ltd.,100,286.2,28620.0,2025-08-17 14:27:40.001519
2025-08-17,19179,2025081705026422,HIDCL,Ashutosh Brokerage & Securities (PVT) Ltd.,Aakashbhairab Securities Ltd.,100,286.2,28620.0,2025-08-17 14:27:40.001910
2025-08-17,19178,2025081705026423,HIDCL,Kalika Securities Pvt. Ltd.,Aakashbhairab Securities Ltd.,14,286.1,4005.4,2025-08-17 14:27:40.002058
2025-08-17,19177,2025081705026424,HIDCL,Cristal Kanchanjanga Securites Pvt. Ltd.,Aakashbhairab Securities Ltd.,140,286.0,40040.0,2025-08-17 14:27:40.002201
2025-08-17,19176,2025081705026425,HIDCL,Asian Securities Private Ltd.,Aakashbhairab Securities Ltd.,50,286.0,14300.0,2025-08-17 14:27:40.002368
2025-08-17,19175,2025081705026426,HIDCL,Nepal Stock House (PVT) Ltd.,Aakashbhairab Securities Ltd.,50,286.0,14300.0,2025-08-17 14:27:40.002509
2025-08-17,19174,2025081705026427,HIDCL,Imperial Securities Company Pvt. Ltd.,Aakashbhairab Securities Ltd.,90,286.0,25740.0,2025-08-17 14:27:40.002649
2025-08-17,19173,2025081705026428,HIDCL,J.F. Securites (PVT) Ltd.,Aakashbhairab Securities Ltd.,500,285.9,142950.0,2025-08-17 14:27:40.002790
2025-08-17,19172,2025081705026429,HIDCL,Kumari Securities Private Limited,Aakashbhairab Securities Ltd.,500,285.6,142800.0,2025-08-17 14:27:40.002931
2025-08-17,19171,2025081705026430,HIDCL,Sumeru Securities Pvt. Ltd.,Aakashbhairab Securities Ltd.,300,285.5,85650.0,2025-08-17 14:27:40.003071
2025-08-17,19170,2025081705026431,HIDCL,Dynamic Money Managers Securities Pvt. Ltd.,Aakashbhairab Securities Ltd.,1000,285.3,285300.0,2025-08-17 14:27:40.003212
2025-08-17,19169,2025081705026432,HIDCL,Naasa Securities Co. Ltd.,Aakashbhairab Securities Ltd.,300,285.2,85560.0,2025-08-17 14:27:40.003356
2025-08-17,19168,2025081705026433,HIDCL,Sani Securities Company Ltd.,Aakashbhairab Securities Ltd.,100,285.1,28510.0,2025-08-17 14:27:40.003496
2025-08-17,19167,2025081705026434,HIDCL,Imperial Securities Company Pvt. Ltd.,Aakashbhairab Securities Ltd.,10,285.1,2851.0,2025-08-17 14:27:40.003638
2025-08-17,19166,2025081705026435,HIDCL,Thrive Brokerage House Pvt. Ltd,Aakashbhairab Securities Ltd.,350,285.1,99785.0,2025-08-17 14:27:40.003775
2025-08-17,19165,2025081705026436,HIDCL,Trishakti Securities Public Limited,Aakashbhairab Securities Ltd.,50,285.1,14255.0,2025-08-17 14:27:40.003913
2025-08-17,19164,2025081705026437,HIDCL,Naasa Securities Co. Ltd.,Aakashbhairab Securities Ltd.,500,285.1,142550.0,2025-08-17 14:27:40.004053
2025-08-17,19163,2025081705026438,HIDCL,Opal Securities Investment (PVT) Ltd.,Aakashbhairab Securities Ltd.,140,285.0,39900.0,2025-08-17 14:27:40.004189
2025-08-17,19162,2025081705026439,HIDCL,Online Securities Pvt. Ltd.,Aakashbhairab Securities Ltd.,1000,285.0,285000.0,2025-08-17 14:27:40.004333
2025-08-17,19161,2025081705026440,HIDCL,Sri Hari Securities Pvt. Ltd.,Aakashbhairab Securities Ltd.,706,285.0,201210.0,2025-08-17 14:27:40.004468
2025-08-17,18580,2025081705026631,HIDCL,Naasa Securities Co. Ltd.,Naasa Securities Co. Ltd.,80,286.6,22928.0,2025-08-17 14:29:25.765101
2025-08-17,18329,2025081705026721,HIDCL,Naasa Securities Co. Ltd.,Aakashbhairab Securities Ltd.,10,285.4,2854.0,2025-08-17 14:30:38.525644
2025-08-17,18328,2025081705026722,HIDCL,Arun Securities (PVT) Ltd.,Aakashbhairab Securities Ltd.,1000,285.2,285200.0,2025-08-17 14:30:38.526374
2025-08-17,18327,2025081705026723,HIDCL,Siprabi Securities Pvt. Ltd.,Aakashbhairab Securities Ltd.,100,285.1,28510.0,2025-08-17 14:30:38.526836
2025-08-17,18326,2025081705026724,HIDCL,Sundhara Securities Limited,Aakashbhairab Securities Ltd.,315,285.1,89806.5,2025-08-17 14:30:38.527350
2025-08-17,18325,2025081705026725,HIDCL,Sri Hari Securities Pvt. Ltd.,Aakashbhairab Securities Ltd.,294,285.0,83790.0,2025-08-17 14:30:38.527914
2025-08-17,18324,2025081705026726,HIDCL,Sani Securities Company Ltd.,Aakashbhairab Securities Ltd.,10,285.0,2850.0,2025-08-17 14:30:38.528478
2025-08-17,18323,2025081705026727,HIDCL,Agrawal Securities (PVT) Ltd.,Aakashbhairab Securities Ltd.,500,285.0,142500.0,2025-08-17 14:30:38.528904
2025-08-17,18322,2025081705026728,HIDCL,Kohinoor Investment & Securities Pvt. Ltd.,Aakashbhairab Securities Ltd.,1368,285.0,389880.0,2025-08-17 14:30:38.529381
2025-08-17,18321,2025081705026729,HIDCL,Deevyaa Securities & Stock House Pvt. Ltd,Aakashbhairab Securities Ltd.,300,285.0,85500.0,2025-08-17 14:30:38.529836
2025-08-17,18320,2025081705026730,HIDCL,South Asian Bulls Pvt. Ltd.,Aakashbhairab Securities Ltd.,500,285.0,142500.0,2025-08-17 14:30:38.530385
2025-08-17,18319,2025081705026731,HIDCL,Online Securities Pvt. Ltd.,Aakashbhairab Securities Ltd.,500,285.0,142500.0,2025-08-17 14:30:38.530817
2025-08-17,18318,2025081705026732,HIDCL,Kohinoor Investment & Securities Pvt. Ltd.,Aakashbhairab Securities Ltd.,50,285.0,14250.0,2025-08-17 14:30:38.531263
2025-08-17,18317,2025081705026733,HIDCL,Sumeru Securities Pvt. Ltd.,Aakashbhairab Securities Ltd.,20,285.0,5700.0,2025-08-17 14:30:38.531780
2025-08-17,18316,2025081705026734,HIDCL,Kumari Securities Private Limited,Aakashbhairab Securities Ltd.,100,285.0,28500.0,2025-08-17 14:30:38.532287
2025-08-17,18315,2025081705026735,HIDCL,Online Securities Pvt. Ltd.,Aakashbhairab Securities Ltd.,1000,285.0,285000.0,2025-08-17 14:30:38.532739
2025-08-17,18314,2025081705026736,HIDCL,Dipshikha Dhitopatra Karobar Co. Pvt Ltd.,Aakashbhairab Securities Ltd.,500,285.0,142500.0,2025-08-17 14:30:38.533200
2025-08-17,18313,2025081705026737,HIDCL,Vision Securities Pvt. Ltd,Aakashbhairab Securities Ltd.,200,285.0,57000.0,2025-08-17 14:30:38.533756
2025-08-17,18312,2025081705026738,HIDCL,Aryatara Investment & Securities,Aakashbhairab Securities Ltd.,500,285.0,142500.0,2025-08-17 14:30:38.534177
2025-08-17,18311,2025081705026739,HIDCL,Dynamic Money Managers Securities Pvt. Ltd.,Aakashbhairab Securities Ltd.,15,285.0,4275.0,2025-08-17 14:30:38.534308
2025-08-17,18310,2025081705026740,HIDCL,Sani Securities Company Ltd.,Aakashbhairab Securities Ltd.,100,285.0,28500.0,2025-08-17 14:30:38.534443
2025-08-17,18309,2025081705026741,HIDCL,Online Securities Pvt. Ltd.,Aakashbhairab Securities Ltd.,100,285.0,28500.0,2025-08-17 14:30:38.534576
2025-08-17,18308,2025081705026742,HIDCL,Siprabi Securities Pvt. Ltd.,Aakashbhairab Securities Ltd.,175,285.0,49875.0,2025-08-17 14:30:38.534710
2025-08-17,18307,2025081705026743,HIDCL,Neev Securities Pvt. Ltd.,Aakashbhairab Securities Ltd.,400,285.0,114000.0,2025-08-17 14:30:38.534850
2025-08-17,18306,2025081705026744,HIDCL,Bhrikuti Stock Broking Co. Pvt. Ltd.,Aakashbhairab Securities Ltd.,1700,285.0,484500.0,2025-08-17 14:30:38.534992
2025-08-17,18305,2025081705026745,HIDCL,Asian Securities Private Ltd.,Aakashbhairab Securities Ltd.,5000,285.0,1425000.0,2025-08-17 14:30:38.535121
2025-08-17,18304,2025081705026746,HIDCL,Sani Securities Company Ltd.,Aakashbhairab Securities Ltd.,1000,285.0,285000.0,2025-08-17 14:30:38.535273
2025-08-17,18303,2025081705026747,HIDCL,Sani Securities Company Ltd.,Aakashbhairab Securities Ltd.,377,285.0,107445.0,2025-08-17 14:30:38.535420
2025-08-17,18302,2025081705026748,HIDCL,Malla & Malla Stock Broking Company Pvt. Limited,Aakashbhairab Securities Ltd.,1000,285.0,285000.0,2025-08-17 14:30:38.535585
2025-08-17,18301,2025081705026749,HIDCL,Dynamic Money Managers Securities Pvt. Ltd.,Aakashbhairab Securities Ltd.,2000,285.0,570000.0,2025-08-17 14:30:38.535709
2025-08-17,18300,2025081705026750,HIDCL,Ashutosh Brokerage & Securities (PVT) Ltd.,Aakashbhairab Securities Ltd.,1000,285.0,285000.0,2025-08-17 14:30:38.535830
2025-08-17,18299,2025081705026751,HIDCL,NIMB Stock Markets Limited,Aakashbhairab Securities Ltd.,1000,285.0,285000.0,2025-08-17 14:30:38.535954
2025-08-17,18298,2025081705026752,HIDCL,Nepal Stock House (PVT) Ltd.,Aakashbhairab Securities Ltd.,500,285.0,142500.0,2025-08-17 14:30:38.536076
2025-08-17,18297,2025081705026753,HIDCL,Dynamic Money Managers Securities Pvt. Ltd.,Aakashbhairab Securities Ltd.,200,285.0,57000.0,2025-08-17 14:30:38.536206
2025-08-17,18296,2025081705026754,HIDCL,Global IME Securities Limited,Aakashbhairab Securities Ltd.,100,285.0,28500.0,2025-08-17 14:30:38.536342
2025-08-17,18295,2025081705026755,HIDCL,Imperial Securities Company Pvt. Ltd.,Aakashbhairab Securities Ltd.,500,285.0,142500.0,2025-08-17 14:30:38.536460
2025-08-17,18294,2025081705026756,HIDCL,Kohinoor Investment & Securities Pvt. Ltd.,Aakashbhairab Securities Ltd.,500,285.0,142500.0,2025-08-17 14:30:38.536577
2025-08-17,18293,2025081705026757,HIDCL,Aryatara Investment & Securities,Aakashbhairab Securities Ltd.,350,285.0,99750.0,2025-08-17 14:30:38.536695
2025-08-17,18292,2025081705026758,HIDCL,Vision Securities Pvt. Ltd,Aakashbhairab Securities Ltd.,100,285.0,28500.0,2025-08-17 14:30:38.536841
2025-08-17,18291,2025081705026759,HIDCL,Online Securities Pvt. Ltd.,Aakashbhairab Securities Ltd.,500,285.0,142500.0,2025-08-17 14:30:38.536983
2025-08-17,18290,2025081705026760,HIDCL,Premier Securities Company Ltd.,Aakashbhairab Securities Ltd.,1000,285.0,285000.0,2025-08-17 14:30:38.537123
2025-08-17,18289,2025081705026761,HIDCL,Naasa Securities Co. Ltd.,Aakashbhairab Securities Ltd.,100,285.0,28500.0,2025-08-17 14:30:38.537252
2025-08-17,18288,2025081705026762,HIDCL,Imperial Securities Company Pvt. Ltd.,Aakashbhairab Securities Ltd.,100,285.0,28500.0,2025-08-17 14:30:38.537392
2025-08-17,18287,2025081705026763,HIDCL,Linch Stock Market Ltd.,Aakashbhairab Securities Ltd.,100,285.0,28500.0,2025-08-17 14:30:38.537520
2025-08-17,18286,2025081705026764,HIDCL,Agrawal Securities (PVT) Ltd.,Aakashbhairab Securities Ltd.,1000,285.0,285000.0,2025-08-17 14:30:38.537644
2025-08-17,18285,2025081705026765,HIDCL,Aryatara Investment & Securities,Aakashbhairab Securities Ltd.,100,285.0,28500.0,2025-08-17 14:30:38.537760
2025-08-17,18284,2025081705026766,HIDCL,Naasa Securities Co. Ltd.,Aakashbhairab Securities Ltd.,290,285.0,82650.0,2025-08-17 14:30:38.537875
2025-08-17,18283,2025081705026767,HIDCL,Kalika Securities Pvt. Ltd.,Aakashbhairab Securities Ltd.,100,285.0,28500.0,2025-08-17 14:30:38.537980
2025-08-17,18282,2025081705026768,HIDCL,Aryatara Investment & Securities,Aakashbhairab Securities Ltd.,350,285.0,99750.0,2025-08-17 14:30:38.538099
2025-08-17,18281,2025081705026769,HIDCL,Online Securities Pvt. Ltd.,Aakashbhairab Securities Ltd.,976,285.0,278160.0,2025-08-17 14:30:38.538214
2025-08-17,18143,2025081705026821,HIDCL,Online Securities Pvt. Ltd.,Nagarik Stock Dealer ,24,285.0,6840.0,2025-08-17 14:31:05.943907
2025-08-17,18142,2025081705026822,HIDCL,Vision Securities Pvt. Ltd,Nagarik Stock Dealer ,500,285.0,142500.0,2025-08-17 14:31:05.944220
2025-08-17,18141,2025081705026823,HIDCL,Naasa Securities Co. Ltd.,Nagarik Stock Dealer ,180,285.0,51300.0,2025-08-17 14:31:05.944342
2025-08-17,18140,2025081705026824,HIDCL,Naasa Securities Co. Ltd.,Nagarik Stock Dealer ,96,285.0,27360.0,2025-08-17 14:31:05.944449
2025-08-17,18061,2025081705026853,HIDCL,Naasa Securities Co. Ltd.,Premier Securities Company Ltd.,185,285.0,52725.0,2025-08-17 14:31:21.168363
2025-08-17,18060,2025081705026854,HIDCL,Nepal Stock House (PVT) Ltd.,Premier Securities Company Ltd.,300,285.0,85500.0,2025-08-17 14:31:21.168900
2025-08-17,18059,2025081705026855,HIDCL,Imperial Securities Company Pvt. Ltd.,Premier Securities Company Ltd.,400,285.0,114000.0,2025-08-17 14:31:21.169236
2025-08-17,18058,2025081705026856,HIDCL,Online Securities Pvt. Ltd.,Premier Securities Company Ltd.,100,285.0,28500.0,2025-08-17 14:31:21.169557
2025-08-17,18057,2025081705026857,HIDCL,Online Securities Pvt. Ltd.,Premier Securities Company Ltd.,200,285.0,57000.0,2025-08-17 14:31:21.169877
2025-08-17,17752,2025081705026963,HIDCL,Sundhara Securities Limited,Premier Securities Company Ltd.,500,285.0,142500.0,2025-08-17 14:32:17.888019
2025-08-17,17566,2025081705027043,HIDCL,Aakashbhairab Securities Ltd.,J.F. Securites (PVT) Ltd.,105,285.0,29925.0,2025-08-17 14:32:46.903367
2025-08-17,17364,2025081705027165,HIDCL,Sani Securities Company Ltd.,Nagarik Stock Dealer ,500,285.0,142500.0,2025-08-17 14:33:21.353074
2025-08-17,17363,2025081705027166,HIDCL,Sani Securities Company Ltd.,Nagarik Stock Dealer ,205,285.0,58425.0,2025-08-17 14:33:21.353393
2025-08-17,17153,2025081705027268,HIDCL,Ashutosh Brokerage & Securities (PVT) Ltd.,Nagarik Stock Dealer ,295,284.6,83957.0,2025-08-17 14:33:55.456460
2025-08-17,17073,2025081705027305,HIDCL,Online Securities Pvt. Ltd.,Imperial Securities Company Pvt. Ltd.,22,285.0,6270.0,2025-08-17 14:34:07.666153
2025-08-17,16726,2025081705027427,HIDCL,Ashutosh Brokerage & Securities (PVT) Ltd.,Online Securities Pvt. Ltd.,205,284.6,58343.0,2025-08-17 14:35:11.258899
2025-08-17,16725,2025081705027428,HIDCL,Online Securities Pvt. Ltd.,Online Securities Pvt. Ltd.,2000,284.6,569200.0,2025-08-17 14:35:11.259200
2025-08-17,16724,2025081705027429,HIDCL,Sumeru Securities Pvt. Ltd.,Online Securities Pvt. Ltd.,250,284.5,71125.0,2025-08-17 14:35:11.259321
2025-08-17,16723,2025081705027430,HIDCL,Dynamic Money Managers Securities Pvt. Ltd.,Online Securities Pvt. Ltd.,1000,284.3,284300.0,2025-08-17 14:35:11.259447
2025-08-17,16722,2025081705027431,HIDCL,Dipshikha Dhitopatra Karobar Co. Pvt Ltd.,Online Securities Pvt. Ltd.,45,284.2,12789.0,2025-08-17 14:35:11.259643
2025-08-17,16566,2025081705027491,HIDCL,Dipshikha Dhitopatra Karobar Co. Pvt Ltd.,Trishakti Securities Public Limited,109,284.2,30977.8,2025-08-17 14:35:44.224782
2025-08-17,16447,2025081705027541,HIDCL,Online Securities Pvt. Ltd.,Siprabi Securities Pvt. Ltd.,200,285.0,57000.0,2025-08-17 14:36:02.776821
2025-08-17,16362,2025081705027568,HIDCL,Imperial Securities Company Pvt. Ltd.,Siprabi Securities Pvt. Ltd.,450,285.0,128250.0,2025-08-17 14:36:16.882425
2025-08-17,16157,2025081705027641,HIDCL,Sharepro Securities Private Limited,Siprabi Securities Pvt. Ltd.,29,285.0,8265.0,2025-08-17 14:36:47.098787
2025-08-17,15895,2025081705027712,HIDCL,Nagarik Stock Dealer ,Siprabi Securities Pvt. Ltd.,500,285.0,142500.0,2025-08-17 14:37:27.451917
2025-08-17,15605,2025081705027863,HIDCL,Opal Securities Investment (PVT) Ltd.,Premier Securities Company Ltd.,200,284.5,56900.0,2025-08-17 14:38:05.894022
2025-08-17,15430,2025081705027915,HIDCL,Opal Securities Investment (PVT) Ltd.,Online Securities Pvt. Ltd.,12,284.5,3414.0,2025-08-17 14:38:32.374977
2025-08-17,15369,2025081705027939,HIDCL,Opal Securities Investment (PVT) Ltd.,Linch Stock Market Ltd.,26,284.5,7397.0,2025-08-17 14:38:40.357898
2025-08-17,15368,2025081705027940,HIDCL,Premier Securities Company Ltd.,Linch Stock Market Ltd.,974,284.3,276908.2,2025-08-17 14:38:40.358196
2025-08-17,15267,2025081705027958,HIDCL,Asian Securities Private Ltd.,Siprabi Securities Pvt. Ltd.,20,285.0,5700.0,2025-08-17 14:38:48.321555
2025-08-17,15151,2025081705027989,HIDCL,Premier Securities Company Ltd.,Sipla Securities Private Limited,63,284.3,17910.9,2025-08-17 14:39:06.029913
2025-08-17,14967,2025081705028040,HIDCL,Premier Securities Company Ltd.,Secured Securities Ltd.,30,284.3,8529.0,2025-08-17 14:39:22.474433
2025-08-17,14892,2025081705028065,HIDCL,Asian Securities Private Ltd.,Vision Securities Pvt. Ltd,20,284.4,5688.0,2025-08-17 14:39:32.388841
2025-08-17,14891,2025081705028066,HIDCL,Premier Securities Company Ltd.,Vision Securities Pvt. Ltd,433,284.3,123101.9,2025-08-17 14:39:32.389326
2025-08-17,14890,2025081705028067,HIDCL,Investment Management Nepal Pvt. Ltd.,Vision Securities Pvt. Ltd,100,284.3,28430.0,2025-08-17 14:39:32.389653
2025-08-17,14712,2025081705028120,HIDCL,Dipshikha Dhitopatra Karobar Co. Pvt Ltd.,Vision Securities Pvt. Ltd,257,284.3,73065.1,2025-08-17 14:39:59.165215
2025-08-17,14368,2025081705028195,HIDCL,Dipshikha Dhitopatra Karobar Co. Pvt Ltd.,Naasa Securities Co. Ltd.,10,284.4,2844.0,2025-08-17 14:40:35.052153
2025-08-17,13876,2025081705028357,HIDCL,Vision Securities Pvt. Ltd,Aakashbhairab Securities Ltd.,200,284.6,56920.0,2025-08-17 14:41:32.421059
2025-08-17,13875,2025081705028358,HIDCL,Midas Stock Broking Company Private Limited,Aakashbhairab Securities Ltd.,200,284.5,56900.0,2025-08-17 14:41:32.421407
2025-08-17,13874,2025081705028359,HIDCL,Sundhara Securities Limited,Aakashbhairab Securities Ltd.,500,284.5,142250.0,2025-08-17 14:41:32.421545
2025-08-17,13873,2025081705028360,HIDCL,Dipshikha Dhitopatra Karobar Co. Pvt Ltd.,Aakashbhairab Securities Ltd.,100,284.4,28440.0,2025-08-17 14:41:32.421653
2025-08-17,13766,2025081705028393,HIDCL,Deevyaa Securities & Stock House Pvt. Ltd,Aakashbhairab Securities Ltd.,900,284.5,256050.0,2025-08-17 14:41:43.456696
2025-08-17,12926,2025081705028662,HIDCL,Deevyaa Securities & Stock House Pvt. Ltd,Dipshikha Dhitopatra Karobar Co. Pvt Ltd.,58,284.5,16501.0,2025-08-17 14:43:15.540026
2025-08-17,12897,2025081705028667,HIDCL,Online Securities Pvt. Ltd.,Kohinoor Investment & Securities Pvt. Ltd.,90,284.9,25641.0,2025-08-17 14:43:19.783889
2025-08-17,12896,2025081705028668,HIDCL,Online Securities Pvt. Ltd.,Siprabi Securities Pvt. Ltd.,210,284.9,59829.0,2025-08-17 14:43:19.784178
2025-08-17,12892,2025081705028669,HIDCL,Deevyaa Securities & Stock House Pvt. Ltd,Roadshow securities limited,42,284.5,11949.0,2025-08-17 14:43:20.412639
2025-08-17,12891,2025081705028670,HIDCL,Sani Securities Company Ltd.,Roadshow securities limited,200,284.5,56900.0,2025-08-17 14:43:20.413026
2025-08-17,12890,2025081705028671,HIDCL,Online Securities Pvt. Ltd.,Roadshow securities limited,80,284.5,22760.0,2025-08-17 14:43:20.413162
2025-08-17,12889,2025081705028672,HIDCL,Dipshikha Dhitopatra Karobar Co. Pvt Ltd.,Roadshow securities limited,633,284.4,180025.2,2025-08-17 14:43:20.413285
2025-08-17,12888,2025081705028673,HIDCL,Siprabi Securities Pvt. Ltd.,Roadshow securities limited,65,284.3,18479.5,2025-08-17 14:43:20.413450
2025-08-17,12887,2025081705028674,HIDCL,Blue Chip Securities Ltd,Roadshow securities limited,200,284.3,56860.0,2025-08-17 14:43:20.413579
2025-08-17,12886,2025081705028675,HIDCL,Dipshikha Dhitopatra Karobar Co. Pvt Ltd.,Roadshow securities limited,846,284.2,240433.2,2025-08-17 14:43:20.413833
2025-08-17,12885,2025081705028676,HIDCL,Hatemalo Financial Services Private Limited,Roadshow securities limited,100,284.2,28420.0,2025-08-17 14:43:20.413950
2025-08-17,12884,2025081705028677,HIDCL,Siprabi Securities Pvt. Ltd.,Roadshow securities limited,500,284.2,142100.0,2025-08-17 14:43:20.414060
2025-08-17,12883,2025081705028678,HIDCL,Nepal Investment And Securities Trading Private Limited,Roadshow securities limited,500,284.2,142100.0,2025-08-17 14:43:20.414169
2025-08-17,12882,2025081705028679,HIDCL,Kumari Securities Private Limited,Roadshow securities limited,50,284.2,14210.0,2025-08-17 14:43:20.414306
2025-08-17,12881,2025081705028680,HIDCL,Online Securities Pvt. Ltd.,Roadshow securities limited,2500,284.2,710500.0,2025-08-17 14:43:20.414760
2025-08-17,12880,2025081705028681,HIDCL,Naasa Securities Co. Ltd.,Roadshow securities limited,500,284.1,142050.0,2025-08-17 14:43:20.415099
2025-08-17,12879,2025081705028682,HIDCL,Online Securities Pvt. Ltd.,Roadshow securities limited,2500,284.1,710250.0,2025-08-17 14:43:20.415445
2025-08-17,12878,2025081705028683,HIDCL,Sumeru Securities Pvt. Ltd.,Roadshow securities limited,200,284.0,56800.0,2025-08-17 14:43:20.415772
2025-08-17,12877,2025081705028684,HIDCL,Dipshikha Dhitopatra Karobar Co. Pvt Ltd.,Roadshow securities limited,10,284.0,2840.0,2025-08-17 14:43:20.416082
2025-08-17,12876,2025081705028685,HIDCL,Sani Securities Company Ltd.,Roadshow securities limited,350,284.0,99400.0,2025-08-17 14:43:20.416428
2025-08-17,12875,2025081705028686,HIDCL,Sani Securities Company Ltd.,Roadshow securities limited,150,284.0,42600.0,2025-08-17 14:43:20.416815
2025-08-17,12874,2025081705028687,HIDCL,Opal Securities Investment (PVT) Ltd.,Roadshow securities limited,574,284.0,163016.0,2025-08-17 14:43:20.417175
2025-08-17,12838,2025081705028692,HIDCL,Midas Stock Broking Company Private Limited,Siprabi Securities Pvt. Ltd.,20,284.9,5698.0,2025-08-17 14:43:23.121724
2025-08-17,12739,2025081705028716,HIDCL,Online Securities Pvt. Ltd.,Linch Stock Market Ltd.,50,284.5,14225.0,2025-08-17 14:43:34.003914
2025-08-17,12613,2025081705028767,HIDCL,Online Securities Pvt. Ltd.,Siprabi Securities Pvt. Ltd.,70,284.9,19943.0,2025-08-17 14:43:44.101722
2025-08-17,12465,2025081705028807,HIDCL,J.F. Securites (PVT) Ltd.,Premier Securities Company Ltd.,500,284.2,142100.0,2025-08-17 14:43:59.684487
2025-08-17,12464,2025081705028808,HIDCL,Vision Securities Pvt. Ltd,Premier Securities Company Ltd.,800,284.1,227280.0,2025-08-17 14:43:59.684793
2025-08-17,12463,2025081705028809,HIDCL,Kohinoor Investment & Securities Pvt. Ltd.,Premier Securities Company Ltd.,50,284.1,14205.0,2025-08-17 14:43:59.684944
2025-08-17,12462,2025081705028810,HIDCL,Opal Securities Investment (PVT) Ltd.,Premier Securities Company Ltd.,226,284.0,64184.0,2025-08-17 14:43:59.685095
2025-08-17,12461,2025081705028811,HIDCL,Ashutosh Brokerage & Securities (PVT) Ltd.,Premier Securities Company Ltd.,200,284.0,56800.0,2025-08-17 14:43:59.685221
2025-08-17,12460,2025081705028812,HIDCL,Opal Securities Investment (PVT) Ltd.,Premier Securities Company Ltd.,800,284.0,227200.0,2025-08-17 14:43:59.685356
2025-08-17,12459,2025081705028813,HIDCL,Sani Securities Company Ltd.,Premier Securities Company Ltd.,10,284.0,2840.0,2025-08-17 14:43:59.685480
2025-08-17,12458,2025081705028814,HIDCL,Sumeru Securities Pvt. Ltd.,Premier Securities Company Ltd.,20,284.0,5680.0,2025-08-17 14:43:59.685597
2025-08-17,12457,2025081705028815,HIDCL,Kumari Securities Private Limited,Premier Securities Company Ltd.,100,284.0,28400.0,2025-08-17 14:43:59.685714
2025-08-17,12456,2025081705028816,HIDCL,Opal Securities Investment (PVT) Ltd.,Premier Securities Company Ltd.,200,284.0,56800.0,2025-08-17 14:43:59.685865
2025-08-17,12455,2025081705028817,HIDCL,Thrive Brokerage House Pvt. Ltd,Premier Securities Company Ltd.,200,284.0,56800.0,2025-08-17 14:43:59.686006
2025-08-17,12454,2025081705028818,HIDCL,Nepal Stock House (PVT) Ltd.,Premier Securities Company Ltd.,60,284.0,17040.0,2025-08-17 14:43:59.686121
2025-08-17,12453,2025081705028819,HIDCL,Sewa Securities Pvt. Ltd.,Premier Securities Company Ltd.,300,284.0,85200.0,2025-08-17 14:43:59.686217
2025-08-17,12452,2025081705028820,HIDCL,Premier Securities Company Ltd.,Premier Securities Company Ltd.,100,284.0,28400.0,2025-08-17 14:43:59.686343
2025-08-17,12451,2025081705028821,HIDCL,Himalayan Securities Limited,Premier Securities Company Ltd.,40,284.0,11360.0,2025-08-17 14:43:59.686451
2025-08-17,12450,2025081705028822,HIDCL,Midas Stock Broking Company Private Limited,Premier Securities Company Ltd.,12,284.0,3408.0,2025-08-17 14:43:59.686551
2025-08-17,12449,2025081705028823,HIDCL,Dynamic Money Managers Securities Pvt. Ltd.,Premier Securities Company Ltd.,250,284.0,71000.0,2025-08-17 14:43:59.686647
2025-08-17,12448,2025081705028824,HIDCL,Nepal Investment And Securities Trading Private Limited,Premier Securities Company Ltd.,50,284.0,14200.0,2025-08-17 14:43:59.686747
2025-08-17,12447,2025081705028825,HIDCL,Agrawal Securities (PVT) Ltd.,Premier Securities Company Ltd.,80,284.0,22720.0,2025-08-17 14:43:59.686841
2025-08-17,11635,2025081705029215,HIDCL,Investment Management Nepal Pvt. Ltd.,Sundhara Securities Limited,100,284.2,28420.0,2025-08-17 14:45:22.496994
2025-08-17,11634,2025081705029216,HIDCL,Imperial Securities Company Pvt. Ltd.,Sundhara Securities Limited,50,284.1,14205.0,2025-08-17 14:45:22.497529
2025-08-17,11633,2025081705029217,HIDCL,Naasa Securities Co. Ltd.,Sundhara Securities Limited,500,284.1,142050.0,2025-08-17 14:45:22.497866
2025-08-17,11632,2025081705029218,HIDCL,Secured Securities Ltd.,Sundhara Securities Limited,350,284.1,99435.0,2025-08-17 14:45:22.498186
2025-08-17,11631,2025081705029219,HIDCL,Sagarmatha Securities Private Limited,Sundhara Securities Limited,125,284.1,35512.5,2025-08-17 14:45:22.498519
2025-08-17,11630,2025081705029220,HIDCL,Online Securities Pvt. Ltd.,Sundhara Securities Limited,100,284.0,28400.0,2025-08-17 14:45:22.498828
2025-08-17,11629,2025081705029221,HIDCL,Sumeru Securities Pvt. Ltd.,Sundhara Securities Limited,1000,284.0,284000.0,2025-08-17 14:45:22.499147
2025-08-17,11628,2025081705029222,HIDCL,Online Securities Pvt. Ltd.,Sundhara Securities Limited,200,284.0,56800.0,2025-08-17 14:45:22.499472
2025-08-17,11627,2025081705029223,HIDCL,Sumeru Securities Pvt. Ltd.,Sundhara Securities Limited,100,284.0,28400.0,2025-08-17 14:45:22.499787
2025-08-17,11626,2025081705029224,HIDCL,Trishakti Securities Public Limited,Sundhara Securities Limited,475,284.0,134900.0,2025-08-17 14:45:22.500122
2025-08-17,11523,2025081705029248,HIDCL,Investment Management Nepal Pvt. Ltd.,Siprabi Securities Pvt. Ltd.,500,284.1,142050.0,2025-08-17 14:45:37.277802
2025-08-17,11522,2025081705029249,HIDCL,Trishakti Securities Public Limited,Siprabi Securities Pvt. Ltd.,525,284.0,149100.0,2025-08-17 14:45:37.278262
2025-08-17,11521,2025081705029250,HIDCL,Imperial Securities Company Pvt. Ltd.,Siprabi Securities Pvt. Ltd.,500,284.0,142000.0,2025-08-17 14:45:37.278572
2025-08-17,11520,2025081705029251,HIDCL,Premier Securities Company Ltd.,Siprabi Securities Pvt. Ltd.,200,284.0,56800.0,2025-08-17 14:45:37.278860
2025-08-17,11519,2025081705029252,HIDCL,Kohinoor Investment & Securities Pvt. Ltd.,Siprabi Securities Pvt. Ltd.,1000,284.0,284000.0,2025-08-17 14:45:37.279138
2025-08-17,11518,2025081705029253,HIDCL,Imperial Securities Company Pvt. Ltd.,Siprabi Securities Pvt. Ltd.,50,284.0,14200.0,2025-08-17 14:45:37.279430
2025-08-17,11517,2025081705029254,HIDCL,Sundhara Securities Limited,Siprabi Securities Pvt. Ltd.,201,284.0,57084.0,2025-08-17 14:45:37.279693
2025-08-17,11504,2025081705029260,HIDCL,Roadshow securities limited,Vision Securities Pvt. Ltd,1400,285.0,399000.0,2025-08-17 14:45:38.834527
2025-08-17,11503,2025081705029261,HIDCL,Roadshow securities limited,Imperial Securities Company Pvt. Ltd.,210,285.0,59850.0,2025-08-17 14:45:38.834566
2025-08-17,11502,2025081705029262,HIDCL,Roadshow securities limited,Imperial Securities Company Pvt. Ltd.,1500,285.0,427500.0,2025-08-17 14:45:38.834594
2025-08-17,11501,2025081705029263,HIDCL,Roadshow securities limited,Sharepro Securities Private Limited,139,285.0,39615.0,2025-08-17 14:45:38.834620
2025-08-17,11500,2025081705029264,HIDCL,Roadshow securities limited,Naasa Securities Co. Ltd.,250,285.0,71250.0,2025-08-17 14:45:38.834645
2025-08-17,11499,2025081705029265,HIDCL,Roadshow securities limited,Nagarik Stock Dealer ,100,286.0,28600.0,2025-08-17 14:45:38.834685
2025-08-17,11498,2025081705029266,HIDCL,Roadshow securities limited,J.F. Securites (PVT) Ltd.,1000,286.7,286700.0,2025-08-17 14:45:38.834712
2025-08-17,11497,2025081705029267,HIDCL,Roadshow securities limited,J.F. Securites (PVT) Ltd.,1000,286.7,286700.0,2025-08-17 14:45:38.834737
2025-08-17,11496,2025081705029268,HIDCL,Roadshow securities limited,Primo Securities (PVT) Ltd.,300,287.6,86280.0,2025-08-17 14:45:38.834761
2025-08-17,11495,2025081705029269,HIDCL,Roadshow securities limited,Sani Securities Company Ltd.,101,287.8,29067.8,2025-08-17 14:45:38.834786
2025-08-17,11392,2025081705029292,HIDCL,Trishakti Securities Public Limited,ABC Securities Private Limited,10,285.0,2850.0,2025-08-17 14:45:55.482253
2025-08-17,11312,2025081705029318,HIDCL,Trishakti Securities Public Limited,Naasa Securities Co. Ltd.,10,285.0,2850.0,2025-08-17 14:46:04.128960
2025-08-17,11137,2025081705029359,HIDCL,Blue Chip Securities Ltd,Kumari Securities Private Limited,6,283.0,1698.0,2025-08-17 14:46:20.064459
2025-08-17,10955,2025081705029447,HIDCL,Roadshow securities limited,Nagarik Stock Dealer ,100,286.0,28600.0,2025-08-17 14:46:44.075616
2025-08-17,10954,2025081705029448,HIDCL,Roadshow securities limited,South Asian Bulls Pvt. Ltd.,900,287.0,258300.0,2025-08-17 14:46:44.075655
2025-08-17,10030,2025081705029783,HIDCL,Roadshow securities limited,South Asian Bulls Pvt. Ltd.,100,287.0,28700.0,2025-08-17 14:48:20.307625
2025-08-17,10029,2025081705029784,HIDCL,Roadshow securities limited,Opal Securities Investment (PVT) Ltd.,70,287.0,20090.0,2025-08-17 14:48:20.307696
2025-08-17,9079,2025081705030129,HIDCL,Vision Securities Pvt. Ltd,South Asian Bulls Pvt. Ltd.,60,286.0,17160.0,2025-08-17 14:49:55.213021
2025-08-17,9041,2025081705030139,HIDCL,Vision Securities Pvt. Ltd,Roadshow securities limited,2300,286.0,657800.0,2025-08-17 14:49:59.739477
2025-08-17,8893,2025081705030207,HIDCL,Vision Securities Pvt. Ltd,Aakashbhairab Securities Ltd.,1000,286.0,286000.0,2025-08-17 14:50:14.911321
2025-08-17,8797,2025081705030220,HIDCL,Vision Securities Pvt. Ltd,Roadshow securities limited,2640,286.0,755040.0,2025-08-17 14:50:20.794540
2025-08-17,8796,2025081705030221,HIDCL,Naasa Securities Co. Ltd.,Roadshow securities limited,164,285.4,46805.6,2025-08-17 14:50:20.794647
2025-08-17,8795,2025081705030222,HIDCL,Naasa Securities Co. Ltd.,Roadshow securities limited,50,285.1,14255.0,2025-08-17 14:50:20.794732
2025-08-17,8794,2025081705030223,HIDCL,Midas Stock Broking Company Private Limited,Roadshow securities limited,746,285.1,212684.6,2025-08-17 14:50:20.794808
2025-08-17,7314,2025081705030689,HIDCL,Nepal Stock House (PVT) Ltd.,Aakashbhairab Securities Ltd.,50,285.5,14275.0,2025-08-17 14:52:31.356812
2025-08-17,7313,2025081705030690,HIDCL,ABC Securities Private Limited,Aakashbhairab Securities Ltd.,77,285.2,21960.4,2025-08-17 14:52:31.357125
2025-08-17,7312,2025081705030691,HIDCL,Midas Stock Broking Company Private Limited,Aakashbhairab Securities Ltd.,254,285.1,72415.4,2025-08-17 14:52:31.357401
2025-08-17,7311,2025081705030692,HIDCL,Investment Management Nepal Pvt. Ltd.,Aakashbhairab Securities Ltd.,100,285.1,28510.0,2025-08-17 14:52:31.357602
2025-08-17,7310,2025081705030693,HIDCL,Capital Max Securities Ltd,Aakashbhairab Securities Ltd.,880,285.1,250888.0,2025-08-17 14:52:31.357711
2025-08-17,7309,2025081705030694,HIDCL,Trishakti Securities Public Limited,Aakashbhairab Securities Ltd.,80,285.0,22800.0,2025-08-17 14:52:31.357818
2025-08-17,7308,2025081705030695,HIDCL,Online Securities Pvt. Ltd.,Aakashbhairab Securities Ltd.,50,285.0,14250.0,2025-08-17 14:52:31.357930
2025-08-17,7307,2025081705030696,HIDCL,Roadshow securities limited,Aakashbhairab Securities Ltd.,500,285.0,142500.0,2025-08-17 14:52:31.358072
2025-08-17,7306,2025081705030697,HIDCL,Sani Securities Company Ltd.,Aakashbhairab Securities Ltd.,530,285.0,151050.0,2025-08-17 14:52:31.358208
2025-08-17,7305,2025081705030698,HIDCL,Arun Securities (PVT) Ltd.,Aakashbhairab Securities Ltd.,479,285.0,136515.0,2025-08-17 14:52:31.358366
2025-08-17,7225,2025081705030728,HIDCL,Malla & Malla Stock Broking Company Pvt. Limited,Infinity Securities Limited,500,285.6,142800.0,2025-08-17 14:52:38.252053
2025-08-17,6614,2025081705030923,HIDCL,Malla & Malla Stock Broking Company Pvt. Limited,Investment Management Nepal Pvt. Ltd.,100,285.6,28560.0,2025-08-17 14:53:28.940677
2025-08-17,6585,2025081705030924,HIDCL,Malla & Malla Stock Broking Company Pvt. Limited,Arun Securities (PVT) Ltd.,100,285.6,28560.0,2025-08-17 14:53:30.603302
2025-08-17,5545,2025081705031213,HIDCL,Malla & Malla Stock Broking Company Pvt. Limited,Sani Securities Company Ltd.,300,285.6,85680.0,2025-08-17 14:55:08.781207
2025-08-17,5471,2025081705031239,HIDCL,Opal Securities Investment (PVT) Ltd.,Aryatara Investment & Securities,20,286.0,5720.0,2025-08-17 14:55:14.783814
2025-08-17,5079,2025081705031398,HIDCL,Opal Securities Investment (PVT) Ltd.,Nagarik Stock Dealer ,180,286.0,51480.0,2025-08-17 14:55:48.928877
2025-08-17,4418,2025081705031583,HIDCL,Nepal Stock House (PVT) Ltd.,Aakashbhairab Securities Ltd.,500,285.6,142800.0,2025-08-17 14:56:45.060822
2025-08-17,4417,2025081705031584,HIDCL,Midas Stock Broking Company Private Limited,Aakashbhairab Securities Ltd.,25,285.5,7137.5,2025-08-17 14:56:45.061422
2025-08-17,4416,2025081705031585,HIDCL,Naasa Securities Co. Ltd.,Aakashbhairab Securities Ltd.,220,285.5,62810.0,2025-08-17 14:56:45.061763
2025-08-17,4415,2025081705031586,HIDCL,Nabil Stock Dealer Ltd.,Aakashbhairab Securities Ltd.,100,285.5,28550.0,2025-08-17 14:56:45.062065
2025-08-17,3906,2025081705031689,HIDCL,Nepal Stock House (PVT) Ltd.,Premier Securities Company Ltd.,500,285.1,142550.0,2025-08-17 14:57:14.704201
2025-08-17,3905,2025081705031690,HIDCL,Arun Securities (PVT) Ltd.,Premier Securities Company Ltd.,21,285.0,5985.0,2025-08-17 14:57:14.704526
2025-08-17,3904,2025081705031691,HIDCL,Imperial Securities Company Pvt. Ltd.,Premier Securities Company Ltd.,100,285.0,28500.0,2025-08-17 14:57:14.704653
2025-08-17,3903,2025081705031692,HIDCL,Garima Securities Limited,Premier Securities Company Ltd.,100,285.0,28500.0,2025-08-17 14:57:14.704781
2025-08-17,3902,2025081705031693,HIDCL,Sani Securities Company Ltd.,Premier Securities Company Ltd.,250,285.0,71250.0,2025-08-17 14:57:14.704903
2025-08-17,3901,2025081705031694,HIDCL,Midas Stock Broking Company Private Limited,Premier Securities Company Ltd.,330,285.0,94050.0,2025-08-17 14:57:14.705020
2025-08-17,3900,2025081705031695,HIDCL,Agrawal Securities (PVT) Ltd.,Premier Securities Company Ltd.,500,285.0,142500.0,2025-08-17 14:57:14.705138
2025-08-17,3743,2025081705031752,HIDCL,Vision Securities Pvt. Ltd,Premier Securities Company Ltd.,699,285.0,199215.0,2025-08-17 14:57:25.009564
2025-08-17,3235,2025081705031931,HIDCL,Sewa Securities Pvt. Ltd.,Sri Hari Securities Pvt. Ltd.,100,285.0,28500.0,2025-08-17 14:57:57.098241
2025-08-17,3106,2025081705031957,HIDCL,Sewa Securities Pvt. Ltd.,Bhrikuti Stock Broking Co. Pvt. Ltd.,50,285.0,14250.0,2025-08-17 14:58:02.738531
2025-08-17,3094,2025081705031966,HIDCL,J.F. Securites (PVT) Ltd.,Sani Securities Company Ltd.,200,285.1,57020.0,2025-08-17 14:58:04.710821
2025-08-17,2880,2025081705032036,HIDCL,Sewa Securities Pvt. Ltd.,Sani Securities Company Ltd.,50,285.0,14250.0,2025-08-17 14:58:16.348631
2025-08-17,2879,2025081705032037,HIDCL,Deevyaa Securities & Stock House Pvt. Ltd,Sani Securities Company Ltd.,10,285.0,2850.0,2025-08-17 14:58:16.348902
2025-08-17,2878,2025081705032038,HIDCL,Sewa Securities Pvt. Ltd.,Sani Securities Company Ltd.,50,285.0,14250.0,2025-08-17 14:58:16.349020
2025-08-17,2840,2025081705032057,HIDCL,Vision Securities Pvt. Ltd,Sani Securities Company Ltd.,50,285.0,14250.0,2025-08-17 14:58:18.069594
2025-08-17,2839,2025081705032058,HIDCL,Vision Securities Pvt. Ltd,Sani Securities Company Ltd.,151,285.1,43050.1,2025-08-17 14:58:18.069856
2025-08-17,2583,2025081705032125,HIDCL,Sri Hari Securities Pvt. Ltd.,Sani Securities Company Ltd.,100,284.9,28490.0,2025-08-17 14:58:33.669879
2025-08-17,2517,2025081705032146,HIDCL,Vision Securities Pvt. Ltd,Sagarmatha Securities Private Limited,100,285.0,28500.0,2025-08-17 14:58:38.807476
2025-08-17,2367,2025081705032207,HIDCL,Oxford Securities Pvt. Ltd.,Sagarmatha Securities Private Limited,100,285.0,28500.0,2025-08-17 14:58:45.831683
2025-08-17,2290,2025081705032225,HIDCL,Bhrikuti Stock Broking Co. Pvt. Ltd.,Premier Securities Company Ltd.,120,284.7,34164.0,2025-08-17 14:58:49.596675
2025-08-17,1782,2025081705032394,HIDCL,Kohinoor Investment & Securities Pvt. Ltd.,Sani Securities Company Ltd.,80,284.8,22784.0,2025-08-17 14:59:13.489654
2025-08-17,1725,2025081705032409,HIDCL,Kohinoor Investment & Securities Pvt. Ltd.,Sagarmatha Securities Private Limited,20,284.8,5696.0,2025-08-17 14:59:15.774401
2025-08-17,1724,2025081705032410,HIDCL,Bhrikuti Stock Broking Co. Pvt. Ltd.,Sagarmatha Securities Private Limited,30,284.7,8541.0,2025-08-17 14:59:15.774744
2025-08-17,1631,2025081705032451,HIDCL,Roadshow securities limited,Nepal Stock House (PVT) Ltd.,500,284.8,142400.0,2025-08-17 14:59:19.318480
2025-08-17,1630,2025081705032452,HIDCL,Roadshow securities limited,Cristal Kanchanjanga Securites Pvt. Ltd.,1000,285.0,285000.0,2025-08-17 14:59:19.318521
2025-08-17,1629,2025081705032453,HIDCL,Roadshow securities limited,Sani Securities Company Ltd.,149,285.1,42479.9,2025-08-17 14:59:19.318556
2025-08-17,1628,2025081705032454,HIDCL,Roadshow securities limited,Aakashbhairab Securities Ltd.,155,285.5,44252.5,2025-08-17 14:59:19.318589
2025-08-17,1627,2025081705032455,HIDCL,Roadshow securities limited,Nagarik Stock Dealer ,320,286.0,91520.0,2025-08-17 14:59:19.318628
2025-08-17,1626,2025081705032456,HIDCL,Roadshow securities limited,Primo Securities (PVT) Ltd.,876,286.0,250536.0,2025-08-17 14:59:19.318658
2025-08-17,1413,2025081705032578,HIDCL,Midas Stock Broking Company Private Limited,Naasa Securities Co. Ltd.,87,285.0,24795.0,2025-08-17 14:59:23.728329
2025-08-17,1272,2025081705032628,HIDCL,Midas Stock Broking Company Private Limited,SUN SECURITIES PVT LTD,70,285.0,19950.0,2025-08-17 14:59:27.954083
2025-08-17,1271,2025081705032629,HIDCL,Midas Stock Broking Company Private Limited,Aryatara Investment & Securities,1,285.0,285.0,2025-08-17 14:59:27.954180
2025-08-17,1161,2025081705032642,HIDCL,Bhrikuti Stock Broking Co. Pvt. Ltd.,Sani Securities Company Ltd.,50,284.7,14235.0,2025-08-17 14:59:30.912349
2025-08-17,1160,2025081705032643,HIDCL,Naasa Securities Co. Ltd.,Sani Securities Company Ltd.,200,284.7,56940.0,2025-08-17 14:59:30.912627
2025-08-17,739,2025081705032780,HIDCL,Vision Securities Pvt. Ltd,Nagarik Stock Dealer ,10,284.7,2847.0,2025-08-17 14:59:43.587040
2025-08-17,594,2025081705032821,HIDCL,Imperial Securities Company Pvt. Ltd.,Roadshow securities limited,110,285.0,31350.0,2025-08-17 14:59:47.403368
2025-08-17,593,2025081705032822,HIDCL,Cristal Kanchanjanga Securites Pvt. Ltd.,Roadshow securities limited,2000,285.0,570000.0,2025-08-17 14:59:47.403421
2025-08-17,592,2025081705032823,HIDCL,ABC Securities Private Limited,Roadshow securities limited,20,284.8,5696.0,2025-08-17 14:59:47.403458
2025-08-17,591,2025081705032824,HIDCL,Vision Securities Pvt. Ltd,Roadshow securities limited,370,284.7,105339.0,2025-08-17 14:59:47.403491
2025-08-17,582,2025081705032831,HIDCL,Nepal Stock House (PVT) Ltd.,Primo Securities (PVT) Ltd.,124,286.0,35464.0,2025-08-17 14:59:47.526597
