Date,S.N.,Contract ID,Symbol,Buyer Broker,Seller Broker,quantity,rate,amount,transaction_time
2025-08-17,84536,2025081704000336,UNHPL,Kohinoor Investment & Securities Pvt. Ltd.,Dynamic Money Managers Securities Pvt. Ltd.,1000,386.0,386000.0,2025-08-17 11:06:38.410622
2025-08-17,84535,2025081704000337,UNHPL,Imperial Securities Company Pvt. Ltd.,Dynamic Money Managers Securities Pvt. Ltd.,500,385.5,192750.0,2025-08-17 11:06:38.410747
2025-08-17,84534,2025081704000338,UNHPL,Midas Stock Broking Company Private Limited,Dynamic Money Managers Securities Pvt. Ltd.,1000,385.4,385400.0,2025-08-17 11:06:38.410831
2025-08-17,84533,2025081704000339,UNHPL,Trisul Securities & Invt. Ltd.,Dynamic Money Managers Securities Pvt. Ltd.,1000,385.3,385300.0,2025-08-17 11:06:38.410919
2025-08-17,84532,2025081704000340,UNHPL,Online Securities Pvt. Ltd.,Dynamic Money Managers Securities Pvt. Ltd.,1000,385.2,385200.0,2025-08-17 11:06:38.410998
2025-08-17,84531,2025081704000341,UNHPL,Imperial Securities Company Pvt. Ltd.,Dynamic Money Managers Securities Pvt. Ltd.,100,385.1,38510.0,2025-08-17 11:06:38.411081
2025-08-17,84530,2025081704000342,UNHPL,Nepal Investment And Securities Trading Private Limited,Dynamic Money Managers Securities Pvt. Ltd.,142,385.0,54670.0,2025-08-17 11:06:38.411161
2025-08-17,82428,2025081704000708,UNHPL,Online Securities Pvt. Ltd.,Shree Krishna Securities Ltd.,10,392.7,3927.0,2025-08-17 11:12:36.125406
2025-08-17,81726,2025081704000846,UNHPL,Premier Securities Company Ltd.,Imperial Securities Company Pvt. Ltd.,10,392.6,3926.0,2025-08-17 11:14:36.495933
2025-08-17,81026,2025081704001008,UNHPL,Sewa Securities Pvt. Ltd.,Imperial Securities Company Pvt. Ltd.,45,392.6,17667.0,2025-08-17 11:16:31.931083
2025-08-17,81025,2025081704001009,UNHPL,Sewa Securities Pvt. Ltd.,Investment Management Nepal Pvt. Ltd.,55,392.8,21604.0,2025-08-17 11:16:31.931182
2025-08-17,78228,2025081704001504,UNHPL,Vision Securities Pvt. Ltd,Siprabi Securities Pvt. Ltd.,100,392.7,39270.0,2025-08-17 11:24:02.616256
2025-08-17,78014,2025081704001540,UNHPL,Vision Securities Pvt. Ltd,Investment Management Nepal Pvt. Ltd.,40,392.8,15712.0,2025-08-17 11:24:33.254047
2025-08-17,77824,2025081704001575,UNHPL,Dipshikha Dhitopatra Karobar Co. Pvt Ltd.,Capital Max Securities Ltd,10,390.0,3900.0,2025-08-17 11:25:03.284218
2025-08-17,77823,2025081704001576,UNHPL,J.F. Securites (PVT) Ltd.,Capital Max Securities Ltd,230,390.0,89700.0,2025-08-17 11:25:03.284278
2025-08-17,77576,2025081704001616,UNHPL,Sri Hari Securities Pvt. Ltd.,Vision Securities Pvt. Ltd,10,393.9,3939.0,2025-08-17 11:25:44.632165
2025-08-17,77399,2025081704001665,UNHPL,Agrawal Securities (PVT) Ltd.,Vision Securities Pvt. Ltd,290,393.9,114231.0,2025-08-17 11:26:09.526913
2025-08-17,77398,2025081704001666,UNHPL,Agrawal Securities (PVT) Ltd.,Bhrikuti Stock Broking Co. Pvt. Ltd.,210,394.0,82740.0,2025-08-17 11:26:09.527024
2025-08-17,75969,2025081704001918,UNHPL,Trisul Securities & Invt. Ltd.,Capital Max Securities Ltd,25,393.0,9825.0,2025-08-17 11:29:44.260922
2025-08-17,75199,2025081704002028,UNHPL,Trishakti Securities Public Limited,Capital Max Securities Ltd,100,393.0,39300.0,2025-08-17 11:31:30.633205
2025-08-17,74582,2025081704002141,UNHPL,J.F. Securites (PVT) Ltd.,Deevyaa Securities & Stock House Pvt. Ltd,70,390.0,27300.0,2025-08-17 11:33:06.558151
2025-08-17,74581,2025081704002142,UNHPL,Sewa Securities Pvt. Ltd.,Deevyaa Securities & Stock House Pvt. Ltd,50,390.0,19500.0,2025-08-17 11:33:06.558271
2025-08-17,74580,2025081704002143,UNHPL,Sani Securities Company Ltd.,Deevyaa Securities & Stock House Pvt. Ltd,500,390.0,195000.0,2025-08-17 11:33:06.558352
2025-08-17,74579,2025081704002144,UNHPL,Elite Stock House Limited,Deevyaa Securities & Stock House Pvt. Ltd,250,390.0,97500.0,2025-08-17 11:33:06.558408
2025-08-17,74578,2025081704002145,UNHPL,Vision Securities Pvt. Ltd,Deevyaa Securities & Stock House Pvt. Ltd,100,389.0,38900.0,2025-08-17 11:33:06.558456
2025-08-17,74577,2025081704002146,UNHPL,Sumeru Securities Pvt. Ltd.,Deevyaa Securities & Stock House Pvt. Ltd,1000,388.1,388100.0,2025-08-17 11:33:06.558504
2025-08-17,74576,2025081704002147,UNHPL,Sweta Securities Private Limited,Deevyaa Securities & Stock House Pvt. Ltd,60,388.0,23280.0,2025-08-17 11:33:06.558550
2025-08-17,74575,2025081704002148,UNHPL,Sri Hari Securities Pvt. Ltd.,Deevyaa Securities & Stock House Pvt. Ltd,650,388.0,252200.0,2025-08-17 11:33:06.558597
2025-08-17,74574,2025081704002149,UNHPL,Vision Securities Pvt. Ltd,Deevyaa Securities & Stock House Pvt. Ltd,500,388.0,194000.0,2025-08-17 11:33:06.558641
2025-08-17,74407,2025081704002186,UNHPL,Bhrikuti Stock Broking Co. Pvt. Ltd.,Sani Securities Company Ltd.,12,387.1,4645.2,2025-08-17 11:33:37.071673
2025-08-17,74316,2025081704002212,UNHPL,Vision Securities Pvt. Ltd,Aryatara Investment & Securities,16,388.0,6208.0,2025-08-17 11:33:53.355181
2025-08-17,73439,2025081704002370,UNHPL,Vision Securities Pvt. Ltd,Dakshinkali Investment & Securities Pvt. Ltd.,84,388.0,32592.0,2025-08-17 11:36:04.098959
2025-08-17,73438,2025081704002371,UNHPL,Sani Securities Company Ltd.,Dakshinkali Investment & Securities Pvt. Ltd.,166,388.0,64408.0,2025-08-17 11:36:04.099002
2025-08-17,72945,2025081704002483,UNHPL,Sani Securities Company Ltd.,Kumari Securities Private Limited,84,388.0,32592.0,2025-08-17 11:37:16.755911
2025-08-17,72944,2025081704002484,UNHPL,Bhrikuti Stock Broking Co. Pvt. Ltd.,Kumari Securities Private Limited,51,387.1,19742.1,2025-08-17 11:37:16.756147
2025-08-17,72646,2025081704002537,UNHPL,Bhrikuti Stock Broking Co. Pvt. Ltd.,Siprabi Securities Pvt. Ltd.,37,387.1,14322.7,2025-08-17 11:38:11.071883
2025-08-17,72645,2025081704002538,UNHPL,Sani Securities Company Ltd.,Siprabi Securities Pvt. Ltd.,10,387.0,3870.0,2025-08-17 11:38:11.072107
2025-08-17,72539,2025081704002554,UNHPL,Sani Securities Company Ltd.,Oxford Securities Pvt. Ltd.,10,389.0,3890.0,2025-08-17 11:38:28.677694
2025-08-17,71920,2025081704002707,UNHPL,Naasa Securities Co. Ltd.,Oxford Securities Pvt. Ltd.,90,389.0,35010.0,2025-08-17 11:40:06.187727
2025-08-17,71919,2025081704002708,UNHPL,Naasa Securities Co. Ltd.,Capital Max Securities Ltd,190,390.0,74100.0,2025-08-17 11:40:06.187941
2025-08-17,71752,2025081704002733,UNHPL,Naasa Securities Co. Ltd.,Himalayan Brokerage Company Limited,100,390.0,39000.0,2025-08-17 11:40:42.470923
2025-08-17,71692,2025081704002748,UNHPL,Naasa Securities Co. Ltd.,Premier Securities Company Ltd.,120,390.0,46800.0,2025-08-17 11:40:52.880597
2025-08-17,70292,2025081704003018,UNHPL,Aryatara Investment & Securities,Siprabi Securities Pvt. Ltd.,100,391.7,39170.0,2025-08-17 11:45:20.695460
2025-08-17,67858,2025081704003384,UNHPL,Himalayan Brokerage Company Limited,Siprabi Securities Pvt. Ltd.,100,391.8,39180.0,2025-08-17 11:53:00.530422
2025-08-17,67857,2025081704003385,UNHPL,Himalayan Brokerage Company Limited,Premier Securities Company Ltd.,400,391.9,156760.0,2025-08-17 11:53:00.530569
2025-08-17,67343,2025081704003469,UNHPL,Naasa Securities Co. Ltd.,Deevyaa Securities & Stock House Pvt. Ltd,360,391.8,141048.0,2025-08-17 11:54:30.818518
2025-08-17,67063,2025081704003535,UNHPL,Bhrikuti Stock Broking Co. Pvt. Ltd.,Kumari Securities Private Limited,150,391.0,58650.0,2025-08-17 11:55:29.874497
2025-08-17,66511,2025081704003645,UNHPL,Himalayan Brokerage Company Limited,Kumari Securities Private Limited,50,391.0,19550.0,2025-08-17 11:57:06.150838
2025-08-17,64434,2025081704003956,UNHPL,Naasa Securities Co. Ltd.,Siprabi Securities Pvt. Ltd.,100,391.0,39100.0,2025-08-17 12:03:27.473757
2025-08-17,64396,2025081704003966,UNHPL,Naasa Securities Co. Ltd.,Siprabi Securities Pvt. Ltd.,100,391.0,39100.0,2025-08-17 12:03:35.815669
2025-08-17,64394,2025081704003967,UNHPL,Naasa Securities Co. Ltd.,Sani Securities Company Ltd.,90,391.0,35190.0,2025-08-17 12:03:36.958196
2025-08-17,63328,2025081704004118,UNHPL,Naasa Securities Co. Ltd.,Sani Securities Company Ltd.,127,390.0,49530.0,2025-08-17 12:06:57.427388
2025-08-17,62722,2025081704004240,UNHPL,Himalayan Brokerage Company Limited,Sani Securities Company Ltd.,500,390.0,195000.0,2025-08-17 12:08:49.982708
2025-08-17,62202,2025081704004335,UNHPL,Himalayan Brokerage Company Limited,Premier Securities Company Ltd.,100,388.5,38850.0,2025-08-17 12:10:20.350386
2025-08-17,62201,2025081704004336,UNHPL,Dipshikha Dhitopatra Karobar Co. Pvt Ltd.,Premier Securities Company Ltd.,150,388.3,58245.0,2025-08-17 12:10:20.350556
2025-08-17,62200,2025081704004337,UNHPL,Midas Stock Broking Company Private Limited,Premier Securities Company Ltd.,1000,388.2,388200.0,2025-08-17 12:10:20.350614
2025-08-17,62199,2025081704004338,UNHPL,South Asian Bulls Pvt. Ltd.,Premier Securities Company Ltd.,150,388.1,58215.0,2025-08-17 12:10:20.350673
2025-08-17,60967,2025081704004593,UNHPL,Neev Securities Pvt. Ltd.,Capital Max Securities Ltd,10,388.5,3885.0,2025-08-17 12:13:58.698044
2025-08-17,60411,2025081704004675,UNHPL,Dipshikha Dhitopatra Karobar Co. Pvt Ltd.,Capital Max Securities Ltd,100,388.6,38860.0,2025-08-17 12:15:21.054868
2025-08-17,60410,2025081704004676,UNHPL,Neev Securities Pvt. Ltd.,Capital Max Securities Ltd,490,388.5,190365.0,2025-08-17 12:15:21.054942
2025-08-17,60409,2025081704004677,UNHPL,South Asian Bulls Pvt. Ltd.,Capital Max Securities Ltd,250,388.1,97025.0,2025-08-17 12:15:21.054977
2025-08-17,60408,2025081704004678,UNHPL,Aryatara Investment & Securities,Capital Max Securities Ltd,100,388.0,38800.0,2025-08-17 12:15:21.055022
2025-08-17,60407,2025081704004679,UNHPL,Midas Stock Broking Company Private Limited,Capital Max Securities Ltd,30,388.0,11640.0,2025-08-17 12:15:21.055053
2025-08-17,60406,2025081704004680,UNHPL,Secured Securities Ltd.,Capital Max Securities Ltd,530,388.0,205640.0,2025-08-17 12:15:21.055101
2025-08-17,60289,2025081704004704,UNHPL,Secured Securities Ltd.,Nepal Stock House (PVT) Ltd.,470,388.0,182360.0,2025-08-17 12:15:44.498374
2025-08-17,60288,2025081704004705,UNHPL,Sweta Securities Private Limited,Nepal Stock House (PVT) Ltd.,100,388.0,38800.0,2025-08-17 12:15:44.498515
2025-08-17,60287,2025081704004706,UNHPL,Vision Securities Pvt. Ltd,Nepal Stock House (PVT) Ltd.,100,388.0,38800.0,2025-08-17 12:15:44.498569
2025-08-17,60286,2025081704004707,UNHPL,Opal Securities Investment (PVT) Ltd.,Nepal Stock House (PVT) Ltd.,100,387.2,38720.0,2025-08-17 12:15:44.498650
2025-08-17,60285,2025081704004708,UNHPL,Dipshikha Dhitopatra Karobar Co. Pvt Ltd.,Nepal Stock House (PVT) Ltd.,230,387.0,89010.0,2025-08-17 12:15:44.498699
2025-08-17,60068,2025081704004761,UNHPL,Dipshikha Dhitopatra Karobar Co. Pvt Ltd.,Sani Securities Company Ltd.,82,387.0,31734.0,2025-08-17 12:16:24.227139
2025-08-17,59536,2025081704004836,UNHPL,Dipshikha Dhitopatra Karobar Co. Pvt Ltd.,Vision Securities Pvt. Ltd,188,387.0,72756.0,2025-08-17 12:18:04.635589
2025-08-17,59535,2025081704004837,UNHPL,South Asian Bulls Pvt. Ltd.,Vision Securities Pvt. Ltd,12,387.0,4644.0,2025-08-17 12:18:04.635654
2025-08-17,58770,2025081704004957,UNHPL,South Asian Bulls Pvt. Ltd.,Deevyaa Securities & Stock House Pvt. Ltd,288,387.0,111456.0,2025-08-17 12:20:12.800407
2025-08-17,58769,2025081704004958,UNHPL,Sewa Securities Pvt. Ltd.,Deevyaa Securities & Stock House Pvt. Ltd,50,387.0,19350.0,2025-08-17 12:20:12.800535
2025-08-17,58768,2025081704004959,UNHPL,Secured Securities Ltd.,Deevyaa Securities & Stock House Pvt. Ltd,1000,386.0,386000.0,2025-08-17 12:20:12.800593
2025-08-17,58767,2025081704004960,UNHPL,Sani Securities Company Ltd.,Deevyaa Securities & Stock House Pvt. Ltd,210,386.0,81060.0,2025-08-17 12:20:12.800648
2025-08-17,58766,2025081704004961,UNHPL,ABC Securities Private Limited,Deevyaa Securities & Stock House Pvt. Ltd,500,386.0,193000.0,2025-08-17 12:20:12.800698
2025-08-17,58765,2025081704004962,UNHPL,Kohinoor Investment & Securities Pvt. Ltd.,Deevyaa Securities & Stock House Pvt. Ltd,150,386.0,57900.0,2025-08-17 12:20:12.800751
2025-08-17,58764,2025081704004963,UNHPL,Aryatara Investment & Securities,Deevyaa Securities & Stock House Pvt. Ltd,121,385.1,46597.1,2025-08-17 12:20:12.800802
2025-08-17,57315,2025081704005231,UNHPL,Oxford Securities Pvt. Ltd.,Vision Securities Pvt. Ltd,50,385.2,19260.0,2025-08-17 12:24:05.802012
2025-08-17,57201,2025081704005258,UNHPL,Oxford Securities Pvt. Ltd.,Dipshikha Dhitopatra Karobar Co. Pvt Ltd.,15,385.2,5778.0,2025-08-17 12:24:27.462375
2025-08-17,53970,2025081704005841,UNHPL,Himalayan Brokerage Company Limited,Swarna Laxmi Securities Pvt. Ltd.,100,390.0,39000.0,2025-08-17 12:35:27.207092
2025-08-17,53614,2025081704005914,UNHPL,Nepal Investment And Securities Trading Private Limited,Global IME Securities Limited,20,387.0,7740.0,2025-08-17 12:36:44.035914
2025-08-17,50808,2025081704006536,UNHPL,Sani Securities Company Ltd.,Swarna Laxmi Securities Pvt. Ltd.,10,390.0,3900.0,2025-08-17 12:48:00.946729
2025-08-17,50173,2025081704006671,UNHPL,Midas Stock Broking Company Private Limited,Swarna Laxmi Securities Pvt. Ltd.,40,390.0,15600.0,2025-08-17 12:50:29.197920
2025-08-17,50172,2025081704006672,UNHPL,Midas Stock Broking Company Private Limited,Naasa Securities Co. Ltd.,250,390.0,97500.0,2025-08-17 12:50:29.198159
2025-08-17,50171,2025081704006673,UNHPL,Midas Stock Broking Company Private Limited,Imperial Securities Company Pvt. Ltd.,115,390.0,44850.0,2025-08-17 12:50:29.198252
2025-08-17,50170,2025081704006674,UNHPL,Midas Stock Broking Company Private Limited,KALASH STOCK MARKET PVT. LTD.,395,390.0,154050.0,2025-08-17 12:50:29.198359
2025-08-17,48695,2025081704006984,UNHPL,Premier Securities Company Ltd.,KALASH STOCK MARKET PVT. LTD.,105,390.0,40950.0,2025-08-17 12:56:02.893264
2025-08-17,47943,2025081704007122,UNHPL,Premier Securities Company Ltd.,MILKY WAY SHARE BROKER COMPANY LTD ,295,390.0,115050.0,2025-08-17 12:58:54.276877
2025-08-17,46603,2025081704007434,UNHPL,ABC Securities Private Limited,Imperial Securities Company Pvt. Ltd.,120,388.0,46560.0,2025-08-17 13:03:32.890600
2025-08-17,45783,2025081704007566,UNHPL,Aryatara Investment & Securities,Imperial Securities Company Pvt. Ltd.,80,388.0,31040.0,2025-08-17 13:05:26.105988
2025-08-17,45644,2025081704007606,UNHPL,Aakashbhairab Securities Ltd.,Sani Securities Company Ltd.,10,389.0,3890.0,2025-08-17 13:05:54.526409
2025-08-17,44484,2025081704007878,UNHPL,Aryatara Investment & Securities,Agrawal Securities (PVT) Ltd.,20,388.0,7760.0,2025-08-17 13:09:12.080244
2025-08-17,43657,2025081704008107,UNHPL,Naasa Securities Co. Ltd.,Primo Securities (PVT) Ltd.,50,387.1,19355.0,2025-08-17 13:11:37.468377
2025-08-17,43656,2025081704008108,UNHPL,Himalayan Brokerage Company Limited,Primo Securities (PVT) Ltd.,200,387.0,77400.0,2025-08-17 13:11:37.468573
2025-08-17,43655,2025081704008109,UNHPL,Vision Securities Pvt. Ltd,Primo Securities (PVT) Ltd.,127,387.0,49149.0,2025-08-17 13:11:37.468638
2025-08-17,43654,2025081704008110,UNHPL,Sani Securities Company Ltd.,Primo Securities (PVT) Ltd.,100,386.4,38640.0,2025-08-17 13:11:37.468720
2025-08-17,43653,2025081704008111,UNHPL,Aryatara Investment & Securities,Primo Securities (PVT) Ltd.,479,386.2,184989.8,2025-08-17 13:11:37.468792
2025-08-17,43652,2025081704008112,UNHPL,ABC Securities Private Limited,Primo Securities (PVT) Ltd.,44,386.1,16988.4,2025-08-17 13:11:37.468853
2025-08-17,42927,2025081704008270,UNHPL,ABC Securities Private Limited,Nepal Stock House (PVT) Ltd.,956,386.1,369111.6,2025-08-17 13:12:55.379367
2025-08-17,42926,2025081704008271,UNHPL,Linch Stock Market Ltd.,Nepal Stock House (PVT) Ltd.,44,386.0,16984.0,2025-08-17 13:12:55.379523
2025-08-17,41993,2025081704008508,UNHPL,Imperial Securities Company Pvt. Ltd.,Sani Securities Company Ltd.,500,386.3,193150.0,2025-08-17 13:16:11.362480
2025-08-17,41992,2025081704008509,UNHPL,Bhrikuti Stock Broking Co. Pvt. Ltd.,Sani Securities Company Ltd.,490,386.2,189238.0,2025-08-17 13:16:11.362656
2025-08-17,40626,2025081704008708,UNHPL,Oxford Securities Pvt. Ltd.,Aryatara Investment & Securities,100,386.3,38630.0,2025-08-17 13:20:11.683139
2025-08-17,40625,2025081704008709,UNHPL,Bhrikuti Stock Broking Co. Pvt. Ltd.,Aryatara Investment & Securities,10,386.2,3862.0,2025-08-17 13:20:11.683362
2025-08-17,40624,2025081704008710,UNHPL,Linch Stock Market Ltd.,Aryatara Investment & Securities,31,386.0,11966.0,2025-08-17 13:20:11.683430
2025-08-17,38343,2025081704009187,UNHPL,Premier Securities Company Ltd.,Aryatara Investment & Securities,20,385.5,7710.0,2025-08-17 13:27:06.914666
2025-08-17,38342,2025081704009188,UNHPL,Imperial Securities Company Pvt. Ltd.,Aryatara Investment & Securities,500,385.4,192700.0,2025-08-17 13:27:06.914877
2025-08-17,38341,2025081704009189,UNHPL,Sundhara Securities Limited,Aryatara Investment & Securities,50,385.3,19265.0,2025-08-17 13:27:06.914944
2025-08-17,38340,2025081704009190,UNHPL,Midas Stock Broking Company Private Limited,Aryatara Investment & Securities,297,385.3,114434.1,2025-08-17 13:27:06.915037
2025-08-17,38035,2025081704009247,UNHPL,Midas Stock Broking Company Private Limited,Agrawal Securities (PVT) Ltd.,80,385.3,30824.0,2025-08-17 13:28:02.980610
2025-08-17,37480,2025081704009399,UNHPL,Secured Securities Ltd.,Capital Max Securities Ltd,500,385.9,192950.0,2025-08-17 13:30:11.600784
2025-08-17,37345,2025081704009448,UNHPL,Midas Stock Broking Company Private Limited,Sweta Securities Private Limited,50,385.3,19265.0,2025-08-17 13:30:32.014958
2025-08-17,37181,2025081704009468,UNHPL,Midas Stock Broking Company Private Limited,Vision Securities Pvt. Ltd,410,385.3,157973.0,2025-08-17 13:31:14.414658
2025-08-17,35279,2025081704009886,UNHPL,Agrawal Securities (PVT) Ltd.,Secured Securities Ltd.,200,385.6,77120.0,2025-08-17 13:37:25.541419
2025-08-17,35278,2025081704009887,UNHPL,Imperial Securities Company Pvt. Ltd.,Secured Securities Ltd.,100,385.6,38560.0,2025-08-17 13:37:25.541751
2025-08-17,34398,2025081704010103,UNHPL,Imperial Securities Company Pvt. Ltd.,Dynamic Money Managers Securities Pvt. Ltd.,133,385.6,51284.8,2025-08-17 13:40:23.774044
2025-08-17,34371,2025081704010111,UNHPL,Imperial Securities Company Pvt. Ltd.,Agrawal Securities (PVT) Ltd.,200,385.6,77120.0,2025-08-17 13:40:29.580855
2025-08-17,32378,2025081704010558,UNHPL,Dynamic Money Managers Securities Pvt. Ltd.,Nabil Stock Dealer Ltd.,150,385.7,57855.0,2025-08-17 13:47:44.987803
2025-08-17,32377,2025081704010559,UNHPL,Siprabi Securities Pvt. Ltd.,Nabil Stock Dealer Ltd.,2000,385.7,771400.0,2025-08-17 13:47:44.988004
2025-08-17,32376,2025081704010560,UNHPL,Sumeru Securities Pvt. Ltd.,Nabil Stock Dealer Ltd.,850,385.6,327760.0,2025-08-17 13:47:44.988076
2025-08-17,30325,2025081704011002,UNHPL,Pragyan Securities (PVT) Ltd.,Imperial Securities Company Pvt. Ltd.,9,380.0,3420.0,2025-08-17 13:54:58.971510
2025-08-17,28832,2025081704011322,UNHPL,Sani Securities Company Ltd.,Cristal Kanchanjanga Securites Pvt. Ltd.,30,386.0,11580.0,2025-08-17 13:59:37.427906
2025-08-17,28522,2025081704011382,UNHPL,Online Securities Pvt. Ltd.,Dynamic Money Managers Securities Pvt. Ltd.,50,386.1,19305.0,2025-08-17 14:01:09.267501
2025-08-17,27428,2025081704011587,UNHPL,Sumeru Securities Pvt. Ltd.,Bhrikuti Stock Broking Co. Pvt. Ltd.,150,388.0,58200.0,2025-08-17 14:05:22.224843
2025-08-17,27081,2025081704011652,UNHPL,Trishakti Securities Public Limited,Bhrikuti Stock Broking Co. Pvt. Ltd.,100,388.0,38800.0,2025-08-17 14:06:23.750860
2025-08-17,26788,2025081704011716,UNHPL,Nepal Investment And Securities Trading Private Limited,Bhrikuti Stock Broking Co. Pvt. Ltd.,98,388.0,38024.0,2025-08-17 14:07:11.250705
2025-08-17,26645,2025081704011743,UNHPL,Imperial Securities Company Pvt. Ltd.,Bhrikuti Stock Broking Co. Pvt. Ltd.,52,388.0,20176.0,2025-08-17 14:07:29.569128
2025-08-17,26644,2025081704011744,UNHPL,Imperial Securities Company Pvt. Ltd.,Capital Max Securities Ltd,948,388.0,367824.0,2025-08-17 14:07:29.569343
2025-08-17,26136,2025081704011834,UNHPL,Online Securities Pvt. Ltd.,Capital Max Securities Ltd,150,388.0,58200.0,2025-08-17 14:09:02.847970
2025-08-17,25868,2025081704011876,UNHPL,Thrive Brokerage House Pvt. Ltd,Online Securities Pvt. Ltd.,70,387.0,27090.0,2025-08-17 14:10:01.727637
2025-08-17,25615,2025081704011912,UNHPL,KALASH STOCK MARKET PVT. LTD.,Midas Stock Broking Company Private Limited,1000,388.0,388000.0,2025-08-17 14:10:57.902821
2025-08-17,25271,2025081704011975,UNHPL,Dakshinkali Investment & Securities Pvt. Ltd.,Investment Management Nepal Pvt. Ltd.,150,388.0,58200.0,2025-08-17 14:11:58.038333
2025-08-17,25204,2025081704011991,UNHPL,Dakshinkali Investment & Securities Pvt. Ltd.,Trisul Securities & Invt. Ltd.,100,388.0,38800.0,2025-08-17 14:12:10.389514
2025-08-17,25139,2025081704012005,UNHPL,Thrive Brokerage House Pvt. Ltd,Investment Management Nepal Pvt. Ltd.,110,387.0,42570.0,2025-08-17 14:12:24.177381
2025-08-17,25073,2025081704012017,UNHPL,KALASH STOCK MARKET PVT. LTD.,Investment Management Nepal Pvt. Ltd.,117,387.0,45279.0,2025-08-17 14:12:40.232048
2025-08-17,22789,2025081704012592,UNHPL,Linch Stock Market Ltd.,Investment Management Nepal Pvt. Ltd.,20,387.5,7750.0,2025-08-17 14:18:20.819232
2025-08-17,22464,2025081704012692,UNHPL,Sani Securities Company Ltd.,Investment Management Nepal Pvt. Ltd.,200,387.5,77500.0,2025-08-17 14:19:11.463297
2025-08-17,22094,2025081704012751,UNHPL,KALASH STOCK MARKET PVT. LTD.,Midas Stock Broking Company Private Limited,157,387.0,60759.0,2025-08-17 14:20:02.123186
2025-08-17,21894,2025081704012789,UNHPL,Sani Securities Company Ltd.,Midas Stock Broking Company Private Limited,470,386.0,181420.0,2025-08-17 14:20:23.211319
2025-08-17,21893,2025081704012790,UNHPL,Oxford Securities Pvt. Ltd.,Midas Stock Broking Company Private Limited,85,386.0,32810.0,2025-08-17 14:20:23.211501
2025-08-17,21892,2025081704012791,UNHPL,Sewa Securities Pvt. Ltd.,Midas Stock Broking Company Private Limited,400,386.0,154400.0,2025-08-17 14:20:23.211599
2025-08-17,21891,2025081704012792,UNHPL,Aryatara Investment & Securities,Midas Stock Broking Company Private Limited,45,386.0,17370.0,2025-08-17 14:20:23.211672
2025-08-17,21874,2025081704012794,UNHPL,Aryatara Investment & Securities,Midas Stock Broking Company Private Limited,55,386.0,21230.0,2025-08-17 14:20:27.232342
2025-08-17,21873,2025081704012795,UNHPL,Kumari Securities Private Limited,Midas Stock Broking Company Private Limited,10,386.0,3860.0,2025-08-17 14:20:27.232671
2025-08-17,21872,2025081704012796,UNHPL,Primo Securities (PVT) Ltd.,Midas Stock Broking Company Private Limited,129,386.0,49794.0,2025-08-17 14:20:27.232877
2025-08-17,21871,2025081704012797,UNHPL,Thrive Brokerage House Pvt. Ltd,Midas Stock Broking Company Private Limited,306,386.0,118116.0,2025-08-17 14:20:27.233083
2025-08-17,21795,2025081704012828,UNHPL,Thrive Brokerage House Pvt. Ltd,Midas Stock Broking Company Private Limited,194,386.0,74884.0,2025-08-17 14:20:38.293858
2025-08-17,21794,2025081704012829,UNHPL,Online Securities Pvt. Ltd.,Midas Stock Broking Company Private Limited,200,386.0,77200.0,2025-08-17 14:20:38.294036
2025-08-17,21793,2025081704012830,UNHPL,Pragyan Securities (PVT) Ltd.,Midas Stock Broking Company Private Limited,100,386.0,38600.0,2025-08-17 14:20:38.294187
2025-08-17,21792,2025081704012831,UNHPL,Naasa Securities Co. Ltd.,Midas Stock Broking Company Private Limited,122,386.0,47092.0,2025-08-17 14:20:38.294262
2025-08-17,21789,2025081704012832,UNHPL,Imperial Securities Company Pvt. Ltd.,Midas Stock Broking Company Private Limited,100,386.0,38600.0,2025-08-17 14:20:39.443212
2025-08-17,21596,2025081704012917,UNHPL,Sumeru Securities Pvt. Ltd.,South Asian Bulls Pvt. Ltd.,1000,385.8,385800.0,2025-08-17 14:21:04.350230
2025-08-17,21485,2025081704012965,UNHPL,Himalayan Brokerage Company Limited,Midas Stock Broking Company Private Limited,200,386.0,77200.0,2025-08-17 14:21:22.567247
2025-08-17,21339,2025081704013002,UNHPL,Himalayan Brokerage Company Limited,Midas Stock Broking Company Private Limited,84,386.0,32424.0,2025-08-17 14:21:47.640707
2025-08-17,20567,2025081704013209,UNHPL,Nepal Stock House (PVT) Ltd.,Midas Stock Broking Company Private Limited,109,387.0,42183.0,2025-08-17 14:23:47.048950
2025-08-17,20102,2025081704013317,UNHPL,Kohinoor Investment & Securities Pvt. Ltd.,Midas Stock Broking Company Private Limited,103,387.0,39861.0,2025-08-17 14:24:59.795984
2025-08-17,19874,2025081704013361,UNHPL,Linch Stock Market Ltd.,Sundhara Securities Limited,10,386.0,3860.0,2025-08-17 14:25:42.046956
2025-08-17,17286,2025081704013895,UNHPL,Linch Stock Market Ltd.,Naasa Securities Co. Ltd.,10,386.0,3860.0,2025-08-17 14:33:36.914468
2025-08-17,17285,2025081704013896,UNHPL,Siprabi Securities Pvt. Ltd.,Naasa Securities Co. Ltd.,20,385.5,7710.0,2025-08-17 14:33:36.914836
2025-08-17,17284,2025081704013897,UNHPL,Malla & Malla Stock Broking Company Pvt. Limited,Naasa Securities Co. Ltd.,500,385.5,192750.0,2025-08-17 14:33:36.915061
2025-08-17,17283,2025081704013898,UNHPL,Aryatara Investment & Securities,Naasa Securities Co. Ltd.,500,385.4,192700.0,2025-08-17 14:33:36.915275
2025-08-17,17282,2025081704013899,UNHPL,Secured Securities Ltd.,Naasa Securities Co. Ltd.,100,385.4,38540.0,2025-08-17 14:33:36.915501
2025-08-17,17281,2025081704013900,UNHPL,Midas Stock Broking Company Private Limited,Naasa Securities Co. Ltd.,1163,385.3,448103.9,2025-08-17 14:33:36.915705
2025-08-17,17280,2025081704013901,UNHPL,Primo Securities (PVT) Ltd.,Naasa Securities Co. Ltd.,129,385.3,49703.7,2025-08-17 14:33:36.915906
2025-08-17,17279,2025081704013902,UNHPL,Thrive Brokerage House Pvt. Ltd,Naasa Securities Co. Ltd.,1000,385.2,385200.0,2025-08-17 14:33:36.916102
2025-08-17,17278,2025081704013903,UNHPL,Vision Securities Pvt. Ltd,Naasa Securities Co. Ltd.,30,385.1,11553.0,2025-08-17 14:33:36.916298
2025-08-17,17277,2025081704013904,UNHPL,Linch Stock Market Ltd.,Naasa Securities Co. Ltd.,500,385.0,192500.0,2025-08-17 14:33:36.916532
2025-08-17,17276,2025081704013905,UNHPL,Sani Securities Company Ltd.,Naasa Securities Co. Ltd.,48,385.0,18480.0,2025-08-17 14:33:36.916727
2025-08-17,15857,2025081704014251,UNHPL,Vision Securities Pvt. Ltd,Midas Stock Broking Company Private Limited,760,385.1,292676.0,2025-08-17 14:37:33.144602
2025-08-17,15856,2025081704014252,UNHPL,Aryatara Investment & Securities,Midas Stock Broking Company Private Limited,100,385.1,38510.0,2025-08-17 14:37:33.144947
2025-08-17,15773,2025081704014277,UNHPL,Sani Securities Company Ltd.,MILKY WAY SHARE BROKER COMPANY LTD ,52,385.0,20020.0,2025-08-17 14:37:44.452418
2025-08-17,15772,2025081704014278,UNHPL,Primo Securities (PVT) Ltd.,MILKY WAY SHARE BROKER COMPANY LTD ,100,385.0,38500.0,2025-08-17 14:37:44.452734
2025-08-17,15771,2025081704014279,UNHPL,Premier Securities Company Ltd.,MILKY WAY SHARE BROKER COMPANY LTD ,53,385.0,20405.0,2025-08-17 14:37:44.452947
2025-08-17,15466,2025081704014337,UNHPL,Midas Stock Broking Company Private Limited,Midas Stock Broking Company Private Limited,30,385.1,11553.0,2025-08-17 14:38:26.385274
2025-08-17,15456,2025081704014340,UNHPL,Premier Securities Company Ltd.,Aryatara Investment & Securities,40,385.0,15400.0,2025-08-17 14:38:27.692288
2025-08-17,15374,2025081704014355,UNHPL,Himalayan Brokerage Company Limited,Midas Stock Broking Company Private Limited,110,385.1,42361.0,2025-08-17 14:38:39.720184
2025-08-17,15367,2025081704014356,UNHPL,Premier Securities Company Ltd.,Midas Stock Broking Company Private Limited,107,385.0,41195.0,2025-08-17 14:38:40.453903
2025-08-17,15366,2025081704014357,UNHPL,Agrawal Securities (PVT) Ltd.,Midas Stock Broking Company Private Limited,500,385.0,192500.0,2025-08-17 14:38:40.454086
2025-08-17,15365,2025081704014358,UNHPL,Oxford Securities Pvt. Ltd.,Midas Stock Broking Company Private Limited,300,385.0,115500.0,2025-08-17 14:38:40.454157
2025-08-17,15364,2025081704014359,UNHPL,Sani Securities Company Ltd.,Midas Stock Broking Company Private Limited,93,385.0,35805.0,2025-08-17 14:38:40.454224
2025-08-17,14682,2025081704014569,UNHPL,Vision Securities Pvt. Ltd,Midas Stock Broking Company Private Limited,100,385.1,38510.0,2025-08-17 14:40:04.941421
2025-08-17,14552,2025081704014604,UNHPL,Sani Securities Company Ltd.,Midas Stock Broking Company Private Limited,37,385.0,14245.0,2025-08-17 14:40:20.014131
2025-08-17,14551,2025081704014605,UNHPL,Imperial Securities Company Pvt. Ltd.,Midas Stock Broking Company Private Limited,500,385.0,192500.0,2025-08-17 14:40:20.014300
2025-08-17,14550,2025081704014606,UNHPL,Secured Securities Ltd.,Midas Stock Broking Company Private Limited,50,385.0,19250.0,2025-08-17 14:40:20.014387
2025-08-17,14549,2025081704014607,UNHPL,Online Securities Pvt. Ltd.,Midas Stock Broking Company Private Limited,100,385.0,38500.0,2025-08-17 14:40:20.014463
2025-08-17,14548,2025081704014608,UNHPL,Primo Securities (PVT) Ltd.,Midas Stock Broking Company Private Limited,72,385.0,27720.0,2025-08-17 14:40:20.014535
2025-08-17,14547,2025081704014609,UNHPL,Kumari Securities Private Limited,Midas Stock Broking Company Private Limited,50,385.0,19250.0,2025-08-17 14:40:20.014597
2025-08-17,14546,2025081704014610,UNHPL,Oxford Securities Pvt. Ltd.,Midas Stock Broking Company Private Limited,100,385.0,38500.0,2025-08-17 14:40:20.014657
2025-08-17,14545,2025081704014611,UNHPL,Sewa Securities Pvt. Ltd.,Midas Stock Broking Company Private Limited,150,385.0,57750.0,2025-08-17 14:40:20.014717
2025-08-17,13199,2025081704015003,UNHPL,SUN SECURITIES PVT LTD,Midas Stock Broking Company Private Limited,200,384.1,76820.0,2025-08-17 14:42:49.946608
2025-08-17,13198,2025081704015004,UNHPL,Online Securities Pvt. Ltd.,Midas Stock Broking Company Private Limited,200,384.1,76820.0,2025-08-17 14:42:49.946815
2025-08-17,13197,2025081704015005,UNHPL,Midas Stock Broking Company Private Limited,Midas Stock Broking Company Private Limited,140,384.0,53760.0,2025-08-17 14:42:49.946925
2025-08-17,12102,2025081704015319,UNHPL,Vision Securities Pvt. Ltd,Sagarmatha Securities Private Limited,50,384.1,19205.0,2025-08-17 14:44:44.958201
2025-08-17,11749,2025081704015420,UNHPL,Swarna Laxmi Securities Pvt. Ltd.,Asian Securities Private Ltd.,355,385.0,136675.0,2025-08-17 14:45:10.528063
2025-08-17,11323,2025081704015537,UNHPL,Nabil Stock Dealer Ltd.,SHUBHAKAMANA SECURITIES PVT. LTD,690,385.2,265788.0,2025-08-17 14:46:03.471171
2025-08-17,11038,2025081704015614,UNHPL,Linch Stock Market Ltd.,SHUBHAKAMANA SECURITIES PVT. LTD,170,385.0,65450.0,2025-08-17 14:46:33.559713
2025-08-17,9961,2025081704015946,UNHPL,Secured Securities Ltd.,Agrawal Securities (PVT) Ltd.,415,385.1,159816.5,2025-08-17 14:48:27.374699
2025-08-17,9960,2025081704015947,UNHPL,Linch Stock Market Ltd.,Agrawal Securities (PVT) Ltd.,330,385.0,127050.0,2025-08-17 14:48:27.375017
2025-08-17,9959,2025081704015948,UNHPL,Oxford Securities Pvt. Ltd.,Agrawal Securities (PVT) Ltd.,200,385.0,77000.0,2025-08-17 14:48:27.375255
2025-08-17,9517,2025081704016056,UNHPL,Prabhu Stock Market Limited,Agrawal Securities (PVT) Ltd.,455,385.0,175175.0,2025-08-17 14:49:16.227373
2025-08-17,8227,2025081704016395,UNHPL,Prabhu Stock Market Limited,Premier Securities Company Ltd.,45,385.0,17325.0,2025-08-17 14:51:22.492618
2025-08-17,8226,2025081704016396,UNHPL,Dynamic Money Managers Securities Pvt. Ltd.,Premier Securities Company Ltd.,200,385.0,77000.0,2025-08-17 14:51:22.492808
2025-08-17,8225,2025081704016397,UNHPL,Online Securities Pvt. Ltd.,Premier Securities Company Ltd.,100,384.9,38490.0,2025-08-17 14:51:22.492876
2025-08-17,8224,2025081704016398,UNHPL,Vision Securities Pvt. Ltd,Premier Securities Company Ltd.,450,384.1,172845.0,2025-08-17 14:51:22.492939
2025-08-17,8223,2025081704016399,UNHPL,Swarna Laxmi Securities Pvt. Ltd.,Premier Securities Company Ltd.,145,384.1,55694.5,2025-08-17 14:51:22.493003
2025-08-17,8222,2025081704016400,UNHPL,Midas Stock Broking Company Private Limited,Premier Securities Company Ltd.,160,384.0,61440.0,2025-08-17 14:51:22.493067
2025-08-17,8221,2025081704016401,UNHPL,Linch Stock Market Ltd.,Premier Securities Company Ltd.,163,384.0,62592.0,2025-08-17 14:51:22.493127
2025-08-17,6933,2025081704016707,UNHPL,Online Securities Pvt. Ltd.,Aryatara Investment & Securities,10,385.0,3850.0,2025-08-17 14:53:01.250783
2025-08-17,5710,2025081704016953,UNHPL,Midas Stock Broking Company Private Limited,Naasa Securities Co. Ltd.,50,385.0,19250.0,2025-08-17 14:54:53.752824
2025-08-17,5709,2025081704016954,UNHPL,Online Securities Pvt. Ltd.,Naasa Securities Co. Ltd.,10,385.0,3850.0,2025-08-17 14:54:53.752993
2025-08-17,5347,2025081704017059,UNHPL,Secured Securities Ltd.,Naasa Securities Co. Ltd.,440,385.0,169400.0,2025-08-17 14:55:24.280053
2025-08-17,5048,2025081704017113,UNHPL,Secured Securities Ltd.,Sri Hari Securities Pvt. Ltd.,60,385.0,23100.0,2025-08-17 14:55:51.881864
2025-08-17,5047,2025081704017114,UNHPL,Vision Securities Pvt. Ltd,Sri Hari Securities Pvt. Ltd.,250,384.2,96050.0,2025-08-17 14:55:51.882203
2025-08-17,5046,2025081704017115,UNHPL,Asian Securities Private Ltd.,Sri Hari Securities Pvt. Ltd.,193,384.2,74150.6,2025-08-17 14:55:51.882440
2025-08-17,2368,2025081704017799,UNHPL,Kohinoor Investment & Securities Pvt. Ltd.,Sani Securities Company Ltd.,235,385.0,90475.0,2025-08-17 14:58:45.501838
2025-08-17,2317,2025081704017815,UNHPL,Kohinoor Investment & Securities Pvt. Ltd.,Vision Securities Pvt. Ltd,500,385.0,192500.0,2025-08-17 14:58:47.917297
2025-08-17,929,2025081704018148,UNHPL,Kohinoor Investment & Securities Pvt. Ltd.,Investment Management Nepal Pvt. Ltd.,265,385.0,102025.0,2025-08-17 14:59:38.374669
2025-08-17,928,2025081704018149,UNHPL,Kohinoor Investment & Securities Pvt. Ltd.,Investment Management Nepal Pvt. Ltd.,115,385.0,44275.0,2025-08-17 14:59:38.374826
2025-08-17,506,2025081704018272,UNHPL,Vision Securities Pvt. Ltd,Deevyaa Securities & Stock House Pvt. Ltd,100,385.5,38550.0,2025-08-17 14:59:50.841370
2025-08-17,69,2025081704018355,UNHPL,Kohinoor Investment & Securities Pvt. Ltd.,Sharepro Securities Private Limited,276,385.9,106508.4,2025-08-17 14:59:58.216619
