Date,S.N.,Contract ID,Symbol,Buyer Broker,Seller Broker,quantity,rate,amount,transaction_time
2025-09-01,68198,2025090104000053,SSHL,Naasa Securities Co. Ltd.,Bhrikuti Stock Broking Co. Pvt. Ltd.,10,187.9,1879.0,2025-09-01 11:02:23.051726
2025-09-01,67764,2025090104000087,SSHL,Kumari Securities Private Limited,Bhrikuti Stock Broking Co. Pvt. Ltd.,100,187.9,18790.0,2025-09-01 11:03:53.779952
2025-09-01,66866,2025090104000156,SSHL,Ashutosh Brokerage & Securities (PVT) Ltd.,Premier Securities Company Ltd.,100,187.0,18700.0,2025-09-01 11:07:18.999851
2025-09-01,66843,2025090104000159,SSHL,Investment Management Nepal Pvt. Ltd.,Global IME Securities Limited,343,186.0,63798.0,2025-09-01 11:07:24.452938
2025-09-01,66677,2025090104000179,SSHL,Oxford Securities Pvt. Ltd.,Premier Securities Company Ltd.,200,185.0,37000.0,2025-09-01 11:07:54.484895
2025-09-01,66676,2025090104000180,SSHL,J.F. Securites (PVT) Ltd.,Premier Securities Company Ltd.,100,185.0,18500.0,2025-09-01 11:07:54.484952
2025-09-01,66675,2025090104000181,SSHL,Nepal Stock House (PVT) Ltd.,Premier Securities Company Ltd.,10,185.0,1850.0,2025-09-01 11:07:54.484991
2025-09-01,66655,2025090104000182,SSHL,Nepal Stock House (PVT) Ltd.,Premier Securities Company Ltd.,10,185.0,1850.0,2025-09-01 11:07:58.091859
2025-09-01,66577,2025090104000192,SSHL,Asian Securities Private Ltd.,Premier Securities Company Ltd.,10,185.0,1850.0,2025-09-01 11:08:11.171753
2025-09-01,65678,2025090104000356,SSHL,Asian Securities Private Ltd.,Global IME Securities Limited,530,185.0,98050.0,2025-09-01 11:11:11.031992
2025-09-01,65677,2025090104000357,SSHL,South Asian Bulls Pvt. Ltd.,Global IME Securities Limited,50,185.0,9250.0,2025-09-01 11:11:11.032055
2025-09-01,65676,2025090104000358,SSHL,Nepal Stock House (PVT) Ltd.,Global IME Securities Limited,77,185.0,14245.0,2025-09-01 11:11:11.032092
2025-09-01,62582,2025090104000686,SSHL,Midas Stock Broking Company Private Limited,Bhrikuti Stock Broking Co. Pvt. Ltd.,65,187.9,12213.5,2025-09-01 11:20:53.365650
2025-09-01,60156,2025090104001001,SSHL,Sundhara Securities Limited,Vision Securities Pvt. Ltd,97,187.8,18216.6,2025-09-01 11:28:48.130199
2025-09-01,59712,2025090104001066,SSHL,Sundhara Securities Limited,Bhrikuti Stock Broking Co. Pvt. Ltd.,13,187.9,2442.7,2025-09-01 11:30:06.417496
2025-09-01,58156,2025090104001305,SSHL,Naasa Securities Co. Ltd.,South Asian Bulls Pvt. Ltd.,40,187.8,7512.0,2025-09-01 11:35:33.716411
2025-09-01,58155,2025090104001306,SSHL,Ashutosh Brokerage & Securities (PVT) Ltd.,South Asian Bulls Pvt. Ltd.,50,187.0,9350.0,2025-09-01 11:35:33.716529
2025-09-01,58154,2025090104001307,SSHL,Pragyan Securities (PVT) Ltd.,South Asian Bulls Pvt. Ltd.,115,187.0,21505.0,2025-09-01 11:35:33.716599
2025-09-01,58153,2025090104001308,SSHL,Nepal Investment And Securities Trading Private Limited,South Asian Bulls Pvt. Ltd.,295,187.0,55165.0,2025-09-01 11:35:33.716661
2025-09-01,56453,2025090104001562,SSHL,SHUBHAKAMANA SECURITIES PVT. LTD,Aakashbhairab Securities Ltd.,50,187.8,9390.0,2025-09-01 11:42:19.757085
2025-09-01,55600,2025090104001689,SSHL,Sri Hari Securities Pvt. Ltd.,KALASH STOCK MARKET PVT. LTD.,215,187.0,40205.0,2025-09-01 11:45:30.971017
2025-09-01,55599,2025090104001690,SSHL,Dakshinkali Investment & Securities Pvt. Ltd.,KALASH STOCK MARKET PVT. LTD.,10,187.0,1870.0,2025-09-01 11:45:30.971259
2025-09-01,55033,2025090104001778,SSHL,Dakshinkali Investment & Securities Pvt. Ltd.,Kohinoor Investment & Securities Pvt. Ltd.,10,187.0,1870.0,2025-09-01 11:47:36.742426
2025-09-01,55032,2025090104001779,SSHL,Vision Securities Pvt. Ltd,Kohinoor Investment & Securities Pvt. Ltd.,12,187.0,2244.0,2025-09-01 11:47:36.742580
2025-09-01,55031,2025090104001780,SSHL,Naasa Securities Co. Ltd.,Kohinoor Investment & Securities Pvt. Ltd.,28,187.0,5236.0,2025-09-01 11:47:36.742636
2025-09-01,54918,2025090104001792,SSHL,Naasa Securities Co. Ltd.,Thrive Brokerage House Pvt. Ltd,22,187.0,4114.0,2025-09-01 11:48:12.126816
2025-09-01,54917,2025090104001793,SSHL,Ashutosh Brokerage & Securities (PVT) Ltd.,Thrive Brokerage House Pvt. Ltd,78,187.0,14586.0,2025-09-01 11:48:12.127075
2025-09-01,54864,2025090104001800,SSHL,Ashutosh Brokerage & Securities (PVT) Ltd.,Imperial Securities Company Pvt. Ltd.,243,187.0,45441.0,2025-09-01 11:48:27.023531
2025-09-01,54735,2025090104001810,SSHL,Opal Securities Investment (PVT) Ltd.,Imperial Securities Company Pvt. Ltd.,100,187.0,18700.0,2025-09-01 11:48:56.362971
2025-09-01,54077,2025090104001899,SSHL,Linch Stock Market Ltd.,Online Securities Pvt. Ltd.,10,187.0,1870.0,2025-09-01 11:51:42.882378
2025-09-01,53987,2025090104001927,SSHL,J.F. Securites (PVT) Ltd.,Vision Securities Pvt. Ltd,320,186.1,59552.0,2025-09-01 11:52:04.377585
2025-09-01,53982,2025090104001928,SSHL,Naasa Securities Co. Ltd.,Online Securities Pvt. Ltd.,12,187.0,2244.0,2025-09-01 11:52:05.098061
2025-09-01,53456,2025090104002021,SSHL,Naasa Securities Co. Ltd.,Online Securities Pvt. Ltd.,78,187.0,14586.0,2025-09-01 11:54:10.227383
2025-09-01,53455,2025090104002022,SSHL,Naasa Securities Co. Ltd.,Siprabi Securities Pvt. Ltd.,28,187.0,5236.0,2025-09-01 11:54:10.227650
2025-09-01,53318,2025090104002043,SSHL,J.F. Securites (PVT) Ltd.,Neev Securities Pvt. Ltd.,18,186.1,3349.8,2025-09-01 11:54:45.792183
2025-09-01,53169,2025090104002064,SSHL,J.F. Securites (PVT) Ltd.,Kalika Securities Pvt. Ltd.,125,186.1,23262.5,2025-09-01 11:55:23.267982
2025-09-01,52862,2025090104002088,SSHL,Cristal Kanchanjanga Securites Pvt. Ltd.,Siprabi Securities Pvt. Ltd.,32,187.0,5984.0,2025-09-01 11:56:42.088275
2025-09-01,52786,2025090104002096,SSHL,Sweta Securities Private Limited,Siprabi Securities Pvt. Ltd.,40,187.0,7480.0,2025-09-01 11:56:55.633951
2025-09-01,52785,2025090104002097,SSHL,Sweta Securities Private Limited,Ashutosh Brokerage & Securities (PVT) Ltd.,20,187.0,3740.0,2025-09-01 11:56:55.634108
2025-09-01,52784,2025090104002098,SSHL,Sweta Securities Private Limited,Aryatara Investment & Securities,40,187.0,7480.0,2025-09-01 11:56:55.634177
2025-09-01,52076,2025090104002185,SSHL,Sweta Securities Private Limited,Imperial Securities Company Pvt. Ltd.,100,187.0,18700.0,2025-09-01 11:59:25.539160
2025-09-01,51763,2025090104002230,SSHL,Cristal Kanchanjanga Securites Pvt. Ltd.,Capital Max Securities Ltd,950,186.9,177555.0,2025-09-01 12:00:16.182183
2025-09-01,51692,2025090104002244,SSHL,Naasa Securities Co. Ltd.,South Asian Bulls Pvt. Ltd.,20,187.0,3740.0,2025-09-01 12:00:29.990697
2025-09-01,51566,2025090104002279,SSHL,Primo Securities (PVT) Ltd.,South Asian Bulls Pvt. Ltd.,80,187.0,14960.0,2025-09-01 12:00:51.702607
2025-09-01,51388,2025090104002317,SSHL,Primo Securities (PVT) Ltd.,Online Securities Pvt. Ltd.,20,187.6,3752.0,2025-09-01 12:01:31.849664
2025-09-01,50677,2025090104002423,SSHL,Sundhara Securities Limited,Online Securities Pvt. Ltd.,40,187.6,7504.0,2025-09-01 12:04:27.252890
2025-09-01,50531,2025090104002439,SSHL,Nepal Stock House (PVT) Ltd.,Online Securities Pvt. Ltd.,40,187.6,7504.0,2025-09-01 12:05:11.985950
2025-09-01,50530,2025090104002440,SSHL,Nepal Stock House (PVT) Ltd.,Naasa Securities Co. Ltd.,150,187.6,28140.0,2025-09-01 12:05:11.986161
2025-09-01,50462,2025090104002451,SSHL,Primo Securities (PVT) Ltd.,Imperial Securities Company Pvt. Ltd.,30,187.7,5631.0,2025-09-01 12:05:30.775362
2025-09-01,50461,2025090104002452,SSHL,Primo Securities (PVT) Ltd.,Neev Securities Pvt. Ltd.,10,187.7,1877.0,2025-09-01 12:05:30.775530
2025-09-01,50460,2025090104002453,SSHL,Primo Securities (PVT) Ltd.,Aakashbhairab Securities Ltd.,250,187.8,46950.0,2025-09-01 12:05:30.775595
2025-09-01,50459,2025090104002454,SSHL,Primo Securities (PVT) Ltd.,Vision Securities Pvt. Ltd,610,187.8,114558.0,2025-09-01 12:05:30.775654
2025-09-01,49921,2025090104002543,SSHL,Dipshikha Dhitopatra Karobar Co. Pvt Ltd.,Trisul Securities & Invt. Ltd.,20,187.3,3746.0,2025-09-01 12:07:32.776604
2025-09-01,49544,2025090104002593,SSHL,Oxford Securities Pvt. Ltd.,Trisul Securities & Invt. Ltd.,180,187.3,33714.0,2025-09-01 12:08:53.728302
2025-09-01,48396,2025090104002730,SSHL,Oxford Securities Pvt. Ltd.,Nepal Stock House (PVT) Ltd.,500,187.3,93650.0,2025-09-01 12:12:01.578366
2025-09-01,47776,2025090104002807,SSHL,Oxford Securities Pvt. Ltd.,Thrive Brokerage House Pvt. Ltd,10,187.3,1873.0,2025-09-01 12:14:05.000022
2025-09-01,46765,2025090104002920,SSHL,Secured Securities Ltd.,Imperial Securities Company Pvt. Ltd.,50,187.3,9365.0,2025-09-01 12:16:19.041747
2025-09-01,46004,2025090104003057,SSHL,Oxford Securities Pvt. Ltd.,Imperial Securities Company Pvt. Ltd.,26,187.3,4869.8,2025-09-01 12:18:34.142359
2025-09-01,43281,2025090104003546,SSHL,J.F. Securites (PVT) Ltd.,Premier Securities Company Ltd.,37,186.1,6885.7,2025-09-01 12:30:01.773572
2025-09-01,43280,2025090104003547,SSHL,Dipshikha Dhitopatra Karobar Co. Pvt Ltd.,Premier Securities Company Ltd.,100,186.0,18600.0,2025-09-01 12:30:01.773804
2025-09-01,43279,2025090104003548,SSHL,Naasa Securities Co. Ltd.,Premier Securities Company Ltd.,29,186.0,5394.0,2025-09-01 12:30:01.773879
2025-09-01,43278,2025090104003549,SSHL,Naasa Securities Co. Ltd.,Premier Securities Company Ltd.,50,186.0,9300.0,2025-09-01 12:30:01.773952
2025-09-01,43277,2025090104003550,SSHL,Vision Securities Pvt. Ltd,Premier Securities Company Ltd.,10,186.0,1860.0,2025-09-01 12:30:01.774023
2025-09-01,43276,2025090104003551,SSHL,Midas Stock Broking Company Private Limited,Premier Securities Company Ltd.,274,186.0,50964.0,2025-09-01 12:30:01.774099
2025-09-01,43163,2025090104003568,SSHL,Midas Stock Broking Company Private Limited,Thrive Brokerage House Pvt. Ltd,20,186.0,3720.0,2025-09-01 12:30:30.647410
2025-09-01,43077,2025090104003586,SSHL,Nepal Stock House (PVT) Ltd.,Naasa Securities Co. Ltd.,80,186.9,14952.0,2025-09-01 12:30:58.439918
2025-09-01,42579,2025090104003681,SSHL,Nepal Stock House (PVT) Ltd.,Opal Securities Investment (PVT) Ltd.,70,186.9,13083.0,2025-09-01 12:33:15.772074
2025-09-01,39972,2025090104004092,SSHL,Neev Securities Pvt. Ltd.,Opal Securities Investment (PVT) Ltd.,30,186.9,5607.0,2025-09-01 12:45:15.711364
2025-09-01,39971,2025090104004093,SSHL,Neev Securities Pvt. Ltd.,Miyo Securities Pvt Ltd,170,186.9,31773.0,2025-09-01 12:45:15.711639
2025-09-01,37402,2025090104004523,SSHL,Sani Securities Company Ltd.,Imperial Securities Company Pvt. Ltd.,20,186.4,3728.0,2025-09-01 12:57:39.724508
2025-09-01,37401,2025090104004524,SSHL,Deevyaa Securities & Stock House Pvt. Ltd,Imperial Securities Company Pvt. Ltd.,480,186.3,89424.0,2025-09-01 12:57:39.724722
2025-09-01,36888,2025090104004595,SSHL,Deevyaa Securities & Stock House Pvt. Ltd,Online Securities Pvt. Ltd.,20,186.3,3726.0,2025-09-01 13:00:17.232454
2025-09-01,36887,2025090104004596,SSHL,Sewa Securities Pvt. Ltd.,Online Securities Pvt. Ltd.,50,186.2,9310.0,2025-09-01 13:00:17.232666
2025-09-01,36886,2025090104004597,SSHL,Sagarmatha Securities Private Limited,Online Securities Pvt. Ltd.,20,186.1,3722.0,2025-09-01 13:00:17.232747
2025-09-01,36885,2025090104004598,SSHL,Midas Stock Broking Company Private Limited,Online Securities Pvt. Ltd.,228,186.0,42408.0,2025-09-01 13:00:17.232822
2025-09-01,36884,2025090104004599,SSHL,Imperial Securities Company Pvt. Ltd.,Online Securities Pvt. Ltd.,40,186.0,7440.0,2025-09-01 13:00:17.232899
2025-09-01,36883,2025090104004600,SSHL,Linch Stock Market Ltd.,Online Securities Pvt. Ltd.,20,186.0,3720.0,2025-09-01 13:00:17.232971
2025-09-01,36882,2025090104004601,SSHL,Naasa Securities Co. Ltd.,Online Securities Pvt. Ltd.,10,186.0,1860.0,2025-09-01 13:00:17.233043
2025-09-01,36881,2025090104004602,SSHL,Imperial Securities Company Pvt. Ltd.,Online Securities Pvt. Ltd.,30,186.0,5580.0,2025-09-01 13:00:17.233115
2025-09-01,36880,2025090104004603,SSHL,Sani Securities Company Ltd.,Online Securities Pvt. Ltd.,100,186.0,18600.0,2025-09-01 13:00:17.233197
2025-09-01,36879,2025090104004604,SSHL,Nepal Stock House (PVT) Ltd.,Online Securities Pvt. Ltd.,200,186.0,37200.0,2025-09-01 13:00:17.233275
2025-09-01,36367,2025090104004695,SSHL,Aryatara Investment & Securities,Online Securities Pvt. Ltd.,250,186.0,46500.0,2025-09-01 13:02:47.141056
2025-09-01,36117,2025090104004724,SSHL,Sri Hari Securities Pvt. Ltd.,Online Securities Pvt. Ltd.,40,186.0,7440.0,2025-09-01 13:04:00.989617
2025-09-01,35157,2025090104004868,SSHL,Premier Securities Company Ltd.,Online Securities Pvt. Ltd.,200,186.0,37200.0,2025-09-01 13:08:48.686221
2025-09-01,35015,2025090104004884,SSHL,Hatemalo Financial Services Private Limited,Online Securities Pvt. Ltd.,100,186.0,18600.0,2025-09-01 13:09:20.781458
2025-09-01,34945,2025090104004916,SSHL,Naasa Securities Co. Ltd.,Online Securities Pvt. Ltd.,500,186.0,93000.0,2025-09-01 13:09:45.014303
2025-09-01,34817,2025090104004944,SSHL,Online Securities Pvt. Ltd.,Naasa Securities Co. Ltd.,18,185.4,3337.2,2025-09-01 13:10:23.976837
2025-09-01,34816,2025090104004945,SSHL,Cristal Kanchanjanga Securites Pvt. Ltd.,Naasa Securities Co. Ltd.,100,185.4,18540.0,2025-09-01 13:10:23.977028
2025-09-01,34815,2025090104004946,SSHL,Thrive Brokerage House Pvt. Ltd,Naasa Securities Co. Ltd.,60,185.1,11106.0,2025-09-01 13:10:23.977124
2025-09-01,34814,2025090104004947,SSHL,Premier Securities Company Ltd.,Naasa Securities Co. Ltd.,122,185.1,22582.2,2025-09-01 13:10:23.977203
2025-09-01,34013,2025090104005124,SSHL,Oxford Securities Pvt. Ltd.,Shree Krishna Securities Ltd.,31,185.1,5738.1,2025-09-01 13:14:05.197749
2025-09-01,34012,2025090104005125,SSHL,Opal Securities Investment (PVT) Ltd.,Shree Krishna Securities Ltd.,169,185.0,31265.0,2025-09-01 13:14:05.197969
2025-09-01,33653,2025090104005175,SSHL,Opal Securities Investment (PVT) Ltd.,South Asian Bulls Pvt. Ltd.,81,185.0,14985.0,2025-09-01 13:15:58.127786
2025-09-01,33652,2025090104005176,SSHL,Aryatara Investment & Securities,South Asian Bulls Pvt. Ltd.,100,185.0,18500.0,2025-09-01 13:15:58.128011
2025-09-01,33651,2025090104005177,SSHL,Asian Securities Private Ltd.,South Asian Bulls Pvt. Ltd.,200,185.0,37000.0,2025-09-01 13:15:58.128091
2025-09-01,33650,2025090104005178,SSHL,Kumari Securities Private Limited,South Asian Bulls Pvt. Ltd.,16,185.0,2960.0,2025-09-01 13:15:58.128170
2025-09-01,33649,2025090104005179,SSHL,Aryatara Investment & Securities,South Asian Bulls Pvt. Ltd.,30,185.0,5550.0,2025-09-01 13:15:58.128245
2025-09-01,33648,2025090104005180,SSHL,Oxford Securities Pvt. Ltd.,South Asian Bulls Pvt. Ltd.,34,185.0,6290.0,2025-09-01 13:15:58.128322
2025-09-01,33647,2025090104005181,SSHL,Nepal Investment And Securities Trading Private Limited,South Asian Bulls Pvt. Ltd.,20,185.0,3700.0,2025-09-01 13:15:58.128393
2025-09-01,33646,2025090104005182,SSHL,Online Securities Pvt. Ltd.,South Asian Bulls Pvt. Ltd.,19,185.0,3515.0,2025-09-01 13:15:58.128462
2025-09-01,33510,2025090104005200,SSHL,Secured Securities Ltd.,Online Securities Pvt. Ltd.,342,186.0,63612.0,2025-09-01 13:16:35.989889
2025-09-01,33509,2025090104005201,SSHL,Secured Securities Ltd.,Naasa Securities Co. Ltd.,350,186.0,65100.0,2025-09-01 13:16:35.990078
2025-09-01,33508,2025090104005202,SSHL,Secured Securities Ltd.,Imperial Securities Company Pvt. Ltd.,100,186.0,18600.0,2025-09-01 13:16:35.990183
2025-09-01,33507,2025090104005203,SSHL,Secured Securities Ltd.,Investment Management Nepal Pvt. Ltd.,208,186.0,38688.0,2025-09-01 13:16:35.990252
2025-09-01,33256,2025090104005248,SSHL,Kumari Securities Private Limited,Investment Management Nepal Pvt. Ltd.,1292,186.0,240312.0,2025-09-01 13:17:56.704605
2025-09-01,33255,2025090104005249,SSHL,Kumari Securities Private Limited,Naasa Securities Co. Ltd.,300,186.0,55800.0,2025-09-01 13:17:56.704938
2025-09-01,33217,2025090104005256,SSHL,Online Securities Pvt. Ltd.,Miyo Securities Pvt Ltd,81,185.0,14985.0,2025-09-01 13:18:07.663244
2025-09-01,33216,2025090104005257,SSHL,Midas Stock Broking Company Private Limited,Miyo Securities Pvt Ltd,249,185.0,46065.0,2025-09-01 13:18:07.663427
2025-09-01,33177,2025090104005266,SSHL,Kumari Securities Private Limited,Naasa Securities Co. Ltd.,500,186.0,93000.0,2025-09-01 13:18:16.773989
2025-09-01,33045,2025090104005287,SSHL,Midas Stock Broking Company Private Limited,Online Securities Pvt. Ltd.,140,185.0,25900.0,2025-09-01 13:18:58.599854
2025-09-01,32791,2025090104005319,SSHL,Kumari Securities Private Limited,Vision Securities Pvt. Ltd,105,186.0,19530.0,2025-09-01 13:20:15.634523
2025-09-01,32189,2025090104005413,SSHL,Dipshikha Dhitopatra Karobar Co. Pvt Ltd.,Vision Securities Pvt. Ltd,10,187.0,1870.0,2025-09-01 13:23:07.782835
2025-09-01,29771,2025090104005875,SSHL,Imperial Securities Company Pvt. Ltd.,Vision Securities Pvt. Ltd,40,187.0,7480.0,2025-09-01 13:33:35.922940
2025-09-01,29770,2025090104005876,SSHL,Imperial Securities Company Pvt. Ltd.,Aryatara Investment & Securities,210,187.0,39270.0,2025-09-01 13:33:35.923294
2025-09-01,27656,2025090104006199,SSHL,Primo Securities (PVT) Ltd.,Nepal Investment And Securities Trading Private Limited,75,187.0,14025.0,2025-09-01 13:42:09.254299
2025-09-01,27655,2025090104006200,SSHL,Primo Securities (PVT) Ltd.,Naasa Securities Co. Ltd.,25,187.0,4675.0,2025-09-01 13:42:09.254505
2025-09-01,27449,2025090104006236,SSHL,Aryatara Investment & Securities,Naasa Securities Co. Ltd.,125,187.0,23375.0,2025-09-01 13:43:16.250988
2025-09-01,27171,2025090104006277,SSHL,Aryatara Investment & Securities,Sani Securities Company Ltd.,40,187.0,7480.0,2025-09-01 13:44:26.800086
2025-09-01,26895,2025090104006297,SSHL,Aryatara Investment & Securities,Imperial Securities Company Pvt. Ltd.,35,187.0,6545.0,2025-09-01 13:45:43.202870
2025-09-01,26891,2025090104006299,SSHL,Online Securities Pvt. Ltd.,Imperial Securities Company Pvt. Ltd.,35,187.0,6545.0,2025-09-01 13:45:44.405795
2025-09-01,26890,2025090104006300,SSHL,Online Securities Pvt. Ltd.,Imperial Securities Company Pvt. Ltd.,399,187.3,74732.7,2025-09-01 13:45:44.405999
2025-09-01,26312,2025090104006390,SSHL,Primo Securities (PVT) Ltd.,Naasa Securities Co. Ltd.,10,187.0,1870.0,2025-09-01 13:48:03.629701
2025-09-01,26311,2025090104006391,SSHL,Primo Securities (PVT) Ltd.,Premier Securities Company Ltd.,90,187.0,16830.0,2025-09-01 13:48:03.630121
2025-09-01,26299,2025090104006393,SSHL,Kumari Securities Private Limited,Premier Securities Company Ltd.,35,187.0,6545.0,2025-09-01 13:48:10.843353
2025-09-01,25428,2025090104006487,SSHL,Imperial Securities Company Pvt. Ltd.,Premier Securities Company Ltd.,175,187.0,32725.0,2025-09-01 13:51:59.949358
2025-09-01,25427,2025090104006488,SSHL,Imperial Securities Company Pvt. Ltd.,Oxford Securities Pvt. Ltd.,200,187.0,37400.0,2025-09-01 13:51:59.949642
2025-09-01,25390,2025090104006493,SSHL,Imperial Securities Company Pvt. Ltd.,Imperial Securities Company Pvt. Ltd.,85,187.0,15895.0,2025-09-01 13:52:08.871418
2025-09-01,23520,2025090104006784,SSHL,Dynamic Money Managers Securities Pvt. Ltd.,Investment Management Nepal Pvt. Ltd.,40,187.0,7480.0,2025-09-01 14:00:26.044058
2025-09-01,23519,2025090104006785,SSHL,Cristal Kanchanjanga Securites Pvt. Ltd.,Investment Management Nepal Pvt. Ltd.,10,187.0,1870.0,2025-09-01 14:00:26.044295
2025-09-01,23441,2025090104006795,SSHL,Cristal Kanchanjanga Securites Pvt. Ltd.,Sweta Securities Private Limited,797,187.0,149039.0,2025-09-01 14:00:55.601272
2025-09-01,22998,2025090104006859,SSHL,Vision Securities Pvt. Ltd,Imperial Securities Company Pvt. Ltd.,30,187.0,5610.0,2025-09-01 14:02:32.696523
2025-09-01,22972,2025090104006866,SSHL,Vision Securities Pvt. Ltd,Sweta Securities Private Limited,70,187.0,13090.0,2025-09-01 14:02:42.032678
2025-09-01,22971,2025090104006867,SSHL,Vision Securities Pvt. Ltd,Sweta Securities Private Limited,10,186.5,1865.0,2025-09-01 14:02:42.032933
2025-09-01,22970,2025090104006868,SSHL,Market Securities & Exchange (PVT) Ltd.,Sweta Securities Private Limited,50,186.5,9325.0,2025-09-01 14:02:42.033040
2025-09-01,22969,2025090104006869,SSHL,Bhrikuti Stock Broking Co. Pvt. Ltd.,Sweta Securities Private Limited,30,186.5,5595.0,2025-09-01 14:02:42.033135
2025-09-01,22678,2025090104006921,SSHL,Bhrikuti Stock Broking Co. Pvt. Ltd.,Dakshinkali Investment & Securities Pvt. Ltd.,70,186.5,13055.0,2025-09-01 14:03:41.691240
2025-09-01,22079,2025090104006984,SSHL,Primo Securities (PVT) Ltd.,Dakshinkali Investment & Securities Pvt. Ltd.,100,186.5,18650.0,2025-09-01 14:05:47.437522
2025-09-01,21816,2025090104006997,SSHL,Aakashbhairab Securities Ltd.,Dakshinkali Investment & Securities Pvt. Ltd.,70,186.5,13055.0,2025-09-01 14:06:38.791301
2025-09-01,21404,2025090104007063,SSHL,Siprabi Securities Pvt. Ltd.,Sundhara Securities Limited,40,186.1,7444.0,2025-09-01 14:07:48.408256
2025-09-01,21230,2025090104007082,SSHL,Kumari Securities Private Limited,Sundhara Securities Limited,460,186.0,85560.0,2025-09-01 14:08:25.573866
2025-09-01,20478,2025090104007205,SSHL,Aryatara Investment & Securities,Dakshinkali Investment & Securities Pvt. Ltd.,280,186.5,52220.0,2025-09-01 14:10:51.283878
2025-09-01,19667,2025090104007358,SSHL,Naasa Securities Co. Ltd.,Dakshinkali Investment & Securities Pvt. Ltd.,80,186.5,14920.0,2025-09-01 14:13:06.691610
2025-09-01,19329,2025090104007412,SSHL,Primo Securities (PVT) Ltd.,Oxford Securities Pvt. Ltd.,100,187.0,18700.0,2025-09-01 14:13:58.493935
2025-09-01,19179,2025090104007443,SSHL,Primo Securities (PVT) Ltd.,Oxford Securities Pvt. Ltd.,100,187.0,18700.0,2025-09-01 14:14:23.612610
2025-09-01,18802,2025090104007497,SSHL,Imperial Securities Company Pvt. Ltd.,Sanima Securities Limited,500,187.0,93500.0,2025-09-01 14:15:40.535476
2025-09-01,18514,2025090104007531,SSHL,Siprabi Securities Pvt. Ltd.,Sanima Securities Limited,410,187.0,76670.0,2025-09-01 14:16:35.859365
2025-09-01,15871,2025090104007908,SSHL,Ashutosh Brokerage & Securities (PVT) Ltd.,Capital Max Securities Ltd,500,187.0,93500.0,2025-09-01 14:23:44.142114
2025-09-01,15547,2025090104007939,SSHL,Aryatara Investment & Securities,Vision Securities Pvt. Ltd,100,187.0,18700.0,2025-09-01 14:24:37.071681
2025-09-01,15144,2025090104007974,SSHL,Linch Stock Market Ltd.,Vision Securities Pvt. Ltd,50,186.7,9335.0,2025-09-01 14:25:35.749359
2025-09-01,15143,2025090104007975,SSHL,Premier Securities Company Ltd.,Vision Securities Pvt. Ltd,35,186.7,6534.5,2025-09-01 14:25:35.749792
2025-09-01,14981,2025090104008005,SSHL,Imperial Securities Company Pvt. Ltd.,Asian Securities Private Ltd.,200,186.6,37320.0,2025-09-01 14:26:03.572199
2025-09-01,14779,2025090104008044,SSHL,Oxford Securities Pvt. Ltd.,Sani Securities Company Ltd.,220,186.5,41030.0,2025-09-01 14:26:45.488091
2025-09-01,14471,2025090104008107,SSHL,Oxford Securities Pvt. Ltd.,Vision Securities Pvt. Ltd,280,186.5,52220.0,2025-09-01 14:27:41.807480
2025-09-01,13629,2025090104008254,SSHL,Sri Hari Securities Pvt. Ltd.,Kumari Securities Private Limited,100,187.0,18700.0,2025-09-01 14:30:14.502431
2025-09-01,12737,2025090104008452,SSHL,Citizens Share Broker Limited,Kumari Securities Private Limited,10,187.0,1870.0,2025-09-01 14:33:21.106120
2025-09-01,12234,2025090104008521,SSHL,Primo Securities (PVT) Ltd.,Kumari Securities Private Limited,20,187.0,3740.0,2025-09-01 14:35:00.142937
2025-09-01,11007,2025090104008716,SSHL,Vision Securities Pvt. Ltd,Kumari Securities Private Limited,20,187.0,3740.0,2025-09-01 14:39:13.430337
2025-09-01,10799,2025090104008736,SSHL,Aryatara Investment & Securities,Kumari Securities Private Limited,502,187.0,93874.0,2025-09-01 14:39:52.686592
2025-09-01,10748,2025090104008739,SSHL,Vision Securities Pvt. Ltd,Kumari Securities Private Limited,20,187.0,3740.0,2025-09-01 14:40:07.808747
2025-09-01,10542,2025090104008785,SSHL,Vision Securities Pvt. Ltd,Kumari Securities Private Limited,10,187.0,1870.0,2025-09-01 14:40:56.517987
2025-09-01,10344,2025090104008842,SSHL,Trishakti Securities Public Limited,Imperial Securities Company Pvt. Ltd.,32,186.9,5980.8,2025-09-01 14:41:35.302566
2025-09-01,9597,2025090104009003,SSHL,Aryatara Investment & Securities,Kumari Securities Private Limited,318,187.0,59466.0,2025-09-01 14:44:14.538435
2025-09-01,9596,2025090104009004,SSHL,Aryatara Investment & Securities,Naasa Securities Co. Ltd.,182,187.0,34034.0,2025-09-01 14:44:14.538861
2025-09-01,9308,2025090104009062,SSHL,Trishakti Securities Public Limited,Secured Securities Ltd.,68,186.9,12709.2,2025-09-01 14:44:54.763896
2025-09-01,9307,2025090104009063,SSHL,Imperial Securities Company Pvt. Ltd.,Secured Securities Ltd.,500,186.5,93250.0,2025-09-01 14:44:54.764307
2025-09-01,9306,2025090104009064,SSHL,Imperial Securities Company Pvt. Ltd.,Secured Securities Ltd.,260,186.5,48490.0,2025-09-01 14:44:54.764585
2025-09-01,8883,2025090104009168,SSHL,Imperial Securities Company Pvt. Ltd.,Secured Securities Ltd.,20,186.5,3730.0,2025-09-01 14:45:38.445329
2025-09-01,8421,2025090104009249,SSHL,Infinity Securities Limited,Secured Securities Ltd.,152,186.5,28348.0,2025-09-01 14:46:43.072680
2025-09-01,8420,2025090104009250,SSHL,Infinity Securities Limited,Naasa Securities Co. Ltd.,13,187.0,2431.0,2025-09-01 14:46:43.073089
2025-09-01,7086,2025090104009524,SSHL,Ashutosh Brokerage & Securities (PVT) Ltd.,Secured Securities Ltd.,50,186.5,9325.0,2025-09-01 14:49:34.805827
2025-09-01,6859,2025090104009587,SSHL,Sipla Securities Private Limited,Secured Securities Ltd.,5200,186.5,969800.0,2025-09-01 14:50:09.395208
2025-09-01,5895,2025090104009822,SSHL,Investment Management Nepal Pvt. Ltd.,Naasa Securities Co. Ltd.,10,186.1,1861.0,2025-09-01 14:52:10.788510
2025-09-01,5611,2025090104009867,SSHL,Ashutosh Brokerage & Securities (PVT) Ltd.,Oxford Securities Pvt. Ltd.,50,186.9,9345.0,2025-09-01 14:52:46.214147
2025-09-01,4852,2025090104010071,SSHL,Thrive Brokerage House Pvt. Ltd,Oxford Securities Pvt. Ltd.,100,186.9,18690.0,2025-09-01 14:54:24.354723
2025-09-01,3361,2025090104010359,SSHL,Imperial Securities Company Pvt. Ltd.,Online Securities Pvt. Ltd.,23,186.5,4289.5,2025-09-01 14:56:47.581264
2025-09-01,3360,2025090104010360,SSHL,Dakshinkali Investment & Securities Pvt. Ltd.,Online Securities Pvt. Ltd.,477,186.5,88960.5,2025-09-01 14:56:47.581496
2025-09-01,2695,2025090104010520,SSHL,Dakshinkali Investment & Securities Pvt. Ltd.,Oxford Securities Pvt. Ltd.,50,186.9,9345.0,2025-09-01 14:57:41.735682
2025-09-01,2439,2025090104010628,SSHL,Dakshinkali Investment & Securities Pvt. Ltd.,Oxford Securities Pvt. Ltd.,23,186.5,4289.5,2025-09-01 14:58:02.675094
2025-09-01,1961,2025090104010743,SSHL,Investment Management Nepal Pvt. Ltd.,Investment Management Nepal Pvt. Ltd.,90,186.1,16749.0,2025-09-01 14:58:33.478954
2025-09-01,1960,2025090104010744,SSHL,Siprabi Securities Pvt. Ltd.,Investment Management Nepal Pvt. Ltd.,500,186.1,93050.0,2025-09-01 14:58:33.479167
2025-09-01,1959,2025090104010745,SSHL,Naasa Securities Co. Ltd.,Investment Management Nepal Pvt. Ltd.,500,186.1,93050.0,2025-09-01 14:58:33.479260
2025-09-01,1958,2025090104010746,SSHL,Kumari Securities Private Limited,Investment Management Nepal Pvt. Ltd.,310,186.0,57660.0,2025-09-01 14:58:33.479357
2025-09-01,1773,2025090104010786,SSHL,Kumari Securities Private Limited,Siprabi Securities Pvt. Ltd.,264,186.0,49104.0,2025-09-01 14:58:48.948370
2025-09-01,1772,2025090104010787,SSHL,Sani Securities Company Ltd.,Siprabi Securities Pvt. Ltd.,162,186.0,30132.0,2025-09-01 14:58:48.948776
2025-09-01,1771,2025090104010788,SSHL,Linch Stock Market Ltd.,Siprabi Securities Pvt. Ltd.,299,186.0,55614.0,2025-09-01 14:58:48.949053
2025-09-01,1592,2025090104010801,SSHL,Linch Stock Market Ltd.,Opal Securities Investment (PVT) Ltd.,198,186.0,36828.0,2025-09-01 14:58:53.553155
2025-09-01,564,2025090104011051,SSHL,Aryatara Investment & Securities,Cristal Kanchanjanga Securites Pvt. Ltd.,50,186.1,9305.0,2025-09-01 14:59:39.565878
2025-09-01,563,2025090104011052,SSHL,Deevyaa Securities & Stock House Pvt. Ltd,Cristal Kanchanjanga Securites Pvt. Ltd.,2450,186.0,455700.0,2025-09-01 14:59:39.566119
