Date,S.N.,Contract ID,Symbol,Buyer Broker,Seller Broker,quantity,rate,amount,transaction_time
2025-07-28,170617,2025072804000022,AKJCL,Thrive Brokerage House Pvt. Ltd,Linch Stock Market Ltd.,500,223.0,111500.0,2025-07-28T11:00:13.945345
2025-07-28,170490,2025072804000067,AKJCL,Linch Stock Market Ltd.,Linch Stock Market Ltd.,300,222.6,66780.0,2025-07-28T11:00:54.254146
2025-07-28,170429,2025072804000103,AKJCL,Ashutosh Brokerage & Securities (PVT) Ltd.,Shree Krishna Securities Ltd.,46,222.5,10235.0,2025-07-28T11:01:09.916874
2025-07-28,170352,2025072804000140,AKJCL,Nepal Stock House (PVT) Ltd.,Sani Securities Company Ltd.,50,220.0,11000.0,2025-07-28T11:01:25.065435
2025-07-28,170344,2025072804000141,AKJCL,Nepal Stock House (PVT) Ltd.,Shree Krishna Securities Ltd.,50,220.0,11000.0,2025-07-28T11:01:25.990818
2025-07-28,170286,2025072804000151,AKJCL,Vision Securities Pvt. Ltd,Shree Krishna Securities Ltd.,10,220.0,2200.0,2025-07-28T11:01:35.112395
2025-07-28,170165,2025072804000197,AKJCL,Online Securities Pvt. Ltd.,Shree Krishna Securities Ltd.,194,220.0,42680.0,2025-07-28T11:02:00.195928
2025-07-28,170094,2025072804000218,AKJCL,Online Securities Pvt. Ltd.,Vision Securities Pvt. Ltd,40,220.0,8800.0,2025-07-28T11:02:11.866193
2025-07-28,170008,2025072804000260,AKJCL,Online Securities Pvt. Ltd.,Online Securities Pvt. Ltd.,448,220.0,98560.0,2025-07-28T11:02:26.375952
2025-07-28,169891,2025072804000311,AKJCL,Online Securities Pvt. Ltd.,Asian Securities Private Ltd.,20,222.0,4440.0,2025-07-28T11:02:44.745035
2025-07-28,169817,2025072804000327,AKJCL,Trishakti Securities Public Limited,Vision Securities Pvt. Ltd,25,220.0,5500.0,2025-07-28T11:02:57.225204
2025-07-28,169297,2025072804000475,AKJCL,Ashutosh Brokerage & Securities (PVT) Ltd.,Asian Securities Private Ltd.,50,222.0,11100.0,2025-07-28T11:04:04.238784
2025-07-28,169111,2025072804000522,AKJCL,Sewa Securities Pvt. Ltd.,ABC Securities Private Limited,25,220.5,5512.5,2025-07-28T11:04:27.346777
2025-07-28,169032,2025072804000549,AKJCL,Vision Securities Pvt. Ltd,Asian Securities Private Ltd.,30,222.0,6660.0,2025-07-28T11:04:36.314978
2025-07-28,168120,2025072804000858,AKJCL,Vision Securities Pvt. Ltd,Himalayan Brokerage Company Limited,30,222.0,6660.0,2025-07-28T11:06:18.596301
2025-07-28,168020,2025072804000877,AKJCL,Vision Securities Pvt. Ltd,South Asian Bulls Pvt. Ltd.,40,222.0,8880.0,2025-07-28T11:06:35.88274
2025-07-28,167787,2025072804000942,AKJCL,Sewa Securities Pvt. Ltd.,Kumari Securities Private Limited,45,220.5,9922.5,2025-07-28T11:07:03.374707
2025-07-28,167459,2025072804001020,AKJCL,Online Securities Pvt. Ltd.,Vision Securities Pvt. Ltd,25,221.0,5525.0,2025-07-28T11:07:36.025665
2025-07-28,167209,2025072804001104,AKJCL,Oxford Securities Pvt. Ltd.,Vision Securities Pvt. Ltd,75,221.0,16575.0,2025-07-28T11:08:02.156495
2025-07-28,167208,2025072804001105,AKJCL,Oxford Securities Pvt. Ltd.,Oxford Securities Pvt. Ltd.,25,221.0,5525.0,2025-07-28T11:08:02.15661
2025-07-28,167207,2025072804001106,AKJCL,Online Securities Pvt. Ltd.,South Asian Bulls Pvt. Ltd.,200,220.5,44100.0,2025-07-28T11:08:02.363243
2025-07-28,167152,2025072804001125,AKJCL,Online Securities Pvt. Ltd.,Online Securities Pvt. Ltd.,1394,220.5,307377.0,2025-07-28T11:08:08.697091
2025-07-28,167001,2025072804001172,AKJCL,Online Securities Pvt. Ltd.,South Asian Bulls Pvt. Ltd.,600,220.6,132360.0,2025-07-28T11:08:26.733303
2025-07-28,166977,2025072804001178,AKJCL,Linch Stock Market Ltd.,Naasa Securities Co. Ltd.,500,220.3,110150.0,2025-07-28T11:08:29.711586
2025-07-28,166723,2025072804001244,AKJCL,Premier Securities Company Ltd.,Vision Securities Pvt. Ltd,40,220.2,8808.0,2025-07-28T11:08:57.733203
2025-07-28,166588,2025072804001275,AKJCL,Premier Securities Company Ltd.,South Asian Bulls Pvt. Ltd.,960,220.2,211392.0,2025-07-28T11:09:10.916935
2025-07-28,166434,2025072804001316,AKJCL,Nepal Stock House (PVT) Ltd.,Oxford Securities Pvt. Ltd.,10,220.2,2202.0,2025-07-28T11:09:25.43039
2025-07-28,166296,2025072804001353,AKJCL,Naasa Securities Co. Ltd.,Oxford Securities Pvt. Ltd.,50,220.2,11010.0,2025-07-28T11:09:32.199317
2025-07-28,166174,2025072804001396,AKJCL,Online Securities Pvt. Ltd.,Kumari Securities Private Limited,300,220.1,66030.0,2025-07-28T11:09:41.670364
2025-07-28,165980,2025072804001464,AKJCL,Online Securities Pvt. Ltd.,Oxford Securities Pvt. Ltd.,440,220.1,96844.0,2025-07-28T11:09:55.223332
2025-07-28,165842,2025072804001491,AKJCL,Sani Securities Company Ltd.,Naasa Securities Co. Ltd.,500,220.3,110150.0,2025-07-28T11:10:03.265405
2025-07-28,165841,2025072804001492,AKJCL,Sani Securities Company Ltd.,Thrive Brokerage House Pvt. Ltd,500,220.3,110150.0,2025-07-28T11:10:03.265538
2025-07-28,165624,2025072804001547,AKJCL,Naasa Securities Co. Ltd.,Vision Securities Pvt. Ltd,202,220.3,44500.6,2025-07-28T11:10:25.556284
2025-07-28,165412,2025072804001601,AKJCL,Primo Securities (PVT) Ltd.,Oxford Securities Pvt. Ltd.,475,221.0,104975.0,2025-07-28T11:10:44.32489
2025-07-28,165411,2025072804001602,AKJCL,Primo Securities (PVT) Ltd.,Naasa Securities Co. Ltd.,200,221.0,44200.0,2025-07-28T11:10:44.325013
2025-07-28,165410,2025072804001603,AKJCL,Primo Securities (PVT) Ltd.,Capital Max Securities Ltd,200,221.0,44200.0,2025-07-28T11:10:44.325073
2025-07-28,164732,2025072804001781,AKJCL,Primo Securities (PVT) Ltd.,Nepal Stock House (PVT) Ltd.,500,221.3,110650.0,2025-07-28T11:11:35.865443
2025-07-28,164414,2025072804001877,AKJCL,Primo Securities (PVT) Ltd.,Sundhara Securities Limited,25,221.3,5532.5,2025-07-28T11:11:56.871516
2025-07-28,164394,2025072804001881,AKJCL,Primo Securities (PVT) Ltd.,South Asian Bulls Pvt. Ltd.,475,221.3,105117.5,2025-07-28T11:11:58.063776
2025-07-28,164128,2025072804001964,AKJCL,Sweta Securities Private Limited,Kumari Securities Private Limited,70,221.0,15470.0,2025-07-28T11:12:18.266034
2025-07-28,163339,2025072804002241,AKJCL,Dynamic Money Managers Securities Pvt. Ltd.,Himalayan Brokerage Company Limited,200,221.0,44200.0,2025-07-28T11:13:16.690208
2025-07-28,163021,2025072804002315,AKJCL,Online Securities Pvt. Ltd.,Kumari Securities Private Limited,800,220.7,176560.0,2025-07-28T11:13:37.681151
2025-07-28,162708,2025072804002384,AKJCL,Aryatara Investment & Securities,South Asian Bulls Pvt. Ltd.,25,220.9,5522.5,2025-07-28T11:13:58.381337
2025-07-28,162707,2025072804002385,AKJCL,Aryatara Investment & Securities,Trishakti Securities Public Limited,200,221.0,44200.0,2025-07-28T11:13:58.381482
2025-07-28,162706,2025072804002386,AKJCL,Aryatara Investment & Securities,J.F. Securites (PVT) Ltd.,100,221.0,22100.0,2025-07-28T11:13:58.381546
2025-07-28,162705,2025072804002387,AKJCL,Aryatara Investment & Securities,Oxford Securities Pvt. Ltd.,25,221.0,5525.0,2025-07-28T11:13:58.381615
2025-07-28,162641,2025072804002405,AKJCL,Asian Securities Private Ltd.,Opal Securities Investment (PVT) Ltd.,1000,220.6,220600.0,2025-07-28T11:14:01.286605
2025-07-28,161895,2025072804002614,AKJCL,Oxford Securities Pvt. Ltd.,Oxford Securities Pvt. Ltd.,25,221.0,5525.0,2025-07-28T11:14:47.749642
2025-07-28,161894,2025072804002615,AKJCL,Oxford Securities Pvt. Ltd.,Nepal Stock House (PVT) Ltd.,75,221.0,16575.0,2025-07-28T11:14:47.749821
2025-07-28,161868,2025072804002622,AKJCL,Bhrikuti Stock Broking Co. Pvt. Ltd.,Dynamic Money Managers Securities Pvt. Ltd.,300,220.7,66210.0,2025-07-28T11:14:49.222564
2025-07-28,161800,2025072804002637,AKJCL,Imperial Securities Company Pvt. Ltd.,Nepal Stock House (PVT) Ltd.,500,220.5,110250.0,2025-07-28T11:14:52.989637
2025-07-28,161799,2025072804002638,AKJCL,Arun Securities (PVT) Ltd.,Dynamic Money Managers Securities Pvt. Ltd.,100,220.7,22070.0,2025-07-28T11:14:53.240988
2025-07-28,161523,2025072804002678,AKJCL,Vision Securities Pvt. Ltd,Dynamic Money Managers Securities Pvt. Ltd.,105,220.7,23173.5,2025-07-28T11:15:07.628563
2025-07-28,161477,2025072804002708,AKJCL,Oxford Securities Pvt. Ltd.,Dynamic Money Managers Securities Pvt. Ltd.,100,220.7,22070.0,2025-07-28T11:15:09.529513
2025-07-28,161330,2025072804002742,AKJCL,Global IME Securities Limited,Dynamic Money Managers Securities Pvt. Ltd.,500,220.7,110350.0,2025-07-28T11:15:19.834719
2025-07-28,161191,2025072804002773,AKJCL,Trishakti Securities Public Limited,Dynamic Money Managers Securities Pvt. Ltd.,335,220.7,73934.5,2025-07-28T11:15:25.099021
2025-07-28,161190,2025072804002774,AKJCL,Trishakti Securities Public Limited,SHUBHAKAMANA SECURITIES PVT. LTD,10,220.7,2207.0,2025-07-28T11:15:25.099361
2025-07-28,161018,2025072804002828,AKJCL,Trishakti Securities Public Limited,Vision Securities Pvt. Ltd,500,220.7,110350.0,2025-07-28T11:15:33.416673
2025-07-28,160745,2025072804002903,AKJCL,Oxford Securities Pvt. Ltd.,Nepal Stock House (PVT) Ltd.,25,221.0,5525.0,2025-07-28T11:15:45.324144
2025-07-28,160744,2025072804002904,AKJCL,Oxford Securities Pvt. Ltd.,Dynamic Money Managers Securities Pvt. Ltd.,25,221.0,5525.0,2025-07-28T11:15:45.324308
2025-07-28,160710,2025072804002919,AKJCL,Trishakti Securities Public Limited,Online Securities Pvt. Ltd.,47,220.7,10372.9,2025-07-28T11:15:48.502604
2025-07-28,160685,2025072804002927,AKJCL,Agrawal Securities (PVT) Ltd.,Dynamic Money Managers Securities Pvt. Ltd.,75,221.0,16575.0,2025-07-28T11:15:49.972539
2025-07-28,160684,2025072804002928,AKJCL,Agrawal Securities (PVT) Ltd.,Investment Management Nepal Pvt. Ltd.,225,221.0,49725.0,2025-07-28T11:15:49.972726
2025-07-28,160675,2025072804002931,AKJCL,Deevyaa Securities & Stock House Pvt. Ltd,Investment Management Nepal Pvt. Ltd.,775,221.0,171275.0,2025-07-28T11:15:50.868163
2025-07-28,160528,2025072804002991,AKJCL,Deevyaa Securities & Stock House Pvt. Ltd,Neev Securities Pvt. Ltd.,225,221.0,49725.0,2025-07-28T11:15:58.472308
2025-07-28,160527,2025072804002992,AKJCL,Sewa Securities Pvt. Ltd.,Neev Securities Pvt. Ltd.,200,221.0,44200.0,2025-07-28T11:15:58.47252
2025-07-28,160526,2025072804002993,AKJCL,Trishakti Securities Public Limited,Neev Securities Pvt. Ltd.,108,220.7,23835.6,2025-07-28T11:15:58.472618
2025-07-28,160525,2025072804002994,AKJCL,Dakshinkali Investment & Securities Pvt. Ltd.,Neev Securities Pvt. Ltd.,100,220.7,22070.0,2025-07-28T11:15:58.472696
2025-07-28,160524,2025072804002995,AKJCL,Sewa Securities Pvt. Ltd.,Neev Securities Pvt. Ltd.,100,220.7,22070.0,2025-07-28T11:15:58.472772
2025-07-28,160523,2025072804002996,AKJCL,Naasa Securities Co. Ltd.,Neev Securities Pvt. Ltd.,267,220.7,58926.9,2025-07-28T11:15:58.472845
2025-07-28,160462,2025072804003012,AKJCL,Creative Securities Pvt Ltd,Kohinoor Investment & Securities Pvt. Ltd.,10,221.7,2217.0,2025-07-28T11:16:01.963291
2025-07-28,160461,2025072804003013,AKJCL,Creative Securities Pvt Ltd,Kumari Securities Private Limited,20,221.7,4434.0,2025-07-28T11:16:01.963346
2025-07-28,160460,2025072804003014,AKJCL,Creative Securities Pvt Ltd,Kohinoor Investment & Securities Pvt. Ltd.,10,221.8,2218.0,2025-07-28T11:16:01.963376
2025-07-28,160459,2025072804003015,AKJCL,Creative Securities Pvt Ltd,Kohinoor Investment & Securities Pvt. Ltd.,960,221.9,213024.0,2025-07-28T11:16:01.963401
2025-07-28,159973,2025072804003146,AKJCL,SHUBHAKAMANA SECURITIES PVT. LTD,Kohinoor Investment & Securities Pvt. Ltd.,16,221.9,3550.4,2025-07-28T11:16:33.77766
2025-07-28,159767,2025072804003221,AKJCL,Kohinoor Investment & Securities Pvt. Ltd.,Shree Krishna Securities Ltd.,500,222.0,111000.0,2025-07-28T11:16:45.542694
2025-07-28,159766,2025072804003222,AKJCL,Kohinoor Investment & Securities Pvt. Ltd.,Aryatara Investment & Securities,20,222.0,4440.0,2025-07-28T11:16:45.542917
2025-07-28,159765,2025072804003223,AKJCL,Kohinoor Investment & Securities Pvt. Ltd.,Imperial Securities Company Pvt. Ltd.,10,222.0,2220.0,2025-07-28T11:16:45.542995
2025-07-28,159764,2025072804003224,AKJCL,Kohinoor Investment & Securities Pvt. Ltd.,Kohinoor Investment & Securities Pvt. Ltd.,1470,222.0,326340.0,2025-07-28T11:16:45.543065
2025-07-28,159754,2025072804003227,AKJCL,Sani Securities Company Ltd.,Neev Securities Pvt. Ltd.,500,221.6,110800.0,2025-07-28T11:16:46.325014
2025-07-28,159668,2025072804003257,AKJCL,Nagarik Stock Dealer ,Kohinoor Investment & Securities Pvt. Ltd.,55,222.0,12210.0,2025-07-28T11:16:49.999261
2025-07-28,159548,2025072804003305,AKJCL,Nagarik Stock Dealer ,Kohinoor Investment & Securities Pvt. Ltd.,55,222.0,12210.0,2025-07-28T11:16:56.807103
2025-07-28,159474,2025072804003328,AKJCL,Vision Securities Pvt. Ltd,Siprabi Securities Pvt. Ltd.,100,221.5,22150.0,2025-07-28T11:17:01.236536
2025-07-28,159452,2025072804003330,AKJCL,Arun Securities (PVT) Ltd.,Kohinoor Investment & Securities Pvt. Ltd.,420,222.0,93240.0,2025-07-28T11:17:02.319978
2025-07-28,159451,2025072804003331,AKJCL,Arun Securities (PVT) Ltd.,Online Securities Pvt. Ltd.,50,222.0,11100.0,2025-07-28T11:17:02.320171
2025-07-28,159450,2025072804003332,AKJCL,Arun Securities (PVT) Ltd.,Creative Securities Pvt Ltd,250,222.0,55500.0,2025-07-28T11:17:02.320269
2025-07-28,159449,2025072804003333,AKJCL,Arun Securities (PVT) Ltd.,Kohinoor Investment & Securities Pvt. Ltd.,280,222.0,62160.0,2025-07-28T11:17:02.320358
2025-07-28,159308,2025072804003377,AKJCL,Nagarik Stock Dealer ,Kohinoor Investment & Securities Pvt. Ltd.,55,222.0,12210.0,2025-07-28T11:17:10.365562
2025-07-28,159301,2025072804003378,AKJCL,Naasa Securities Co. Ltd.,Kohinoor Investment & Securities Pvt. Ltd.,10,222.0,2220.0,2025-07-28T11:17:10.641706
2025-07-28,159243,2025072804003390,AKJCL,SHUBHAKAMANA SECURITIES PVT. LTD,Kohinoor Investment & Securities Pvt. Ltd.,10,222.0,2220.0,2025-07-28T11:17:14.556821
2025-07-28,159150,2025072804003433,AKJCL,Naasa Securities Co. Ltd.,Kohinoor Investment & Securities Pvt. Ltd.,531,222.0,117882.0,2025-07-28T11:17:20.775557
2025-07-28,158971,2025072804003480,AKJCL,Online Securities Pvt. Ltd.,Kohinoor Investment & Securities Pvt. Ltd.,300,222.0,66600.0,2025-07-28T11:17:35.662006
2025-07-28,158969,2025072804003481,AKJCL,Premier Securities Company Ltd.,Kohinoor Investment & Securities Pvt. Ltd.,450,222.0,99900.0,2025-07-28T11:17:35.817021
2025-07-28,158947,2025072804003488,AKJCL,Vision Securities Pvt. Ltd,Linch Stock Market Ltd.,25,221.9,5547.5,2025-07-28T11:17:37.297045
2025-07-28,158832,2025072804003514,AKJCL,Sani Securities Company Ltd.,Kohinoor Investment & Securities Pvt. Ltd.,1000,222.0,222000.0,2025-07-28T11:17:44.028288
2025-07-28,158794,2025072804003524,AKJCL,Premier Securities Company Ltd.,Kohinoor Investment & Securities Pvt. Ltd.,1000,222.0,222000.0,2025-07-28T11:17:47.515922
2025-07-28,158676,2025072804003549,AKJCL,Vision Securities Pvt. Ltd,Kohinoor Investment & Securities Pvt. Ltd.,400,222.0,88800.0,2025-07-28T11:17:56.00657
2025-07-28,158557,2025072804003576,AKJCL,Naasa Securities Co. Ltd.,Kohinoor Investment & Securities Pvt. Ltd.,50,222.0,11100.0,2025-07-28T11:18:04.182982
2025-07-28,158505,2025072804003588,AKJCL,Aryatara Investment & Securities,Kohinoor Investment & Securities Pvt. Ltd.,914,222.0,202908.0,2025-07-28T11:18:09.718218
2025-07-28,158234,2025072804003677,AKJCL,Aryatara Investment & Securities,Online Securities Pvt. Ltd.,41,222.0,9102.0,2025-07-28T11:18:26.704964
2025-07-28,157844,2025072804003763,AKJCL,Investment Management Nepal Pvt. Ltd.,Kumari Securities Private Limited,10,222.3,2223.0,2025-07-28T11:18:54.817614
2025-07-28,157758,2025072804003771,AKJCL,Investment Management Nepal Pvt. Ltd.,ABC Securities Private Limited,100,222.3,22230.0,2025-07-28T11:18:59.124279
2025-07-28,157703,2025072804003790,AKJCL,Vision Securities Pvt. Ltd,Dipshikha Dhitopatra Karobar Co. Pvt Ltd.,100,222.5,22250.0,2025-07-28T11:19:04.247188
2025-07-28,157524,2025072804003838,AKJCL,Investment Management Nepal Pvt. Ltd.,Vision Securities Pvt. Ltd,25,223.0,5575.0,2025-07-28T11:19:16.478942
2025-07-28,157523,2025072804003839,AKJCL,Investment Management Nepal Pvt. Ltd.,Premier Securities Company Ltd.,365,223.0,81395.0,2025-07-28T11:19:16.479262
2025-07-28,157493,2025072804003855,AKJCL,Vision Securities Pvt. Ltd,Premier Securities Company Ltd.,135,223.0,30105.0,2025-07-28T11:19:18.697803
2025-07-28,157414,2025072804003867,AKJCL,Vision Securities Pvt. Ltd,Sharepro Securities Private Limited,40,223.0,8920.0,2025-07-28T11:19:24.807898
2025-07-28,157413,2025072804003868,AKJCL,Sundhara Securities Limited,Sharepro Securities Private Limited,100,223.0,22300.0,2025-07-28T11:19:24.808069
2025-07-28,157165,2025072804003914,AKJCL,Investment Management Nepal Pvt. Ltd.,Sharepro Securities Private Limited,30,222.9,6687.0,2025-07-28T11:19:41.225243
2025-07-28,157018,2025072804003930,AKJCL,Linch Stock Market Ltd.,Sharepro Securities Private Limited,30,222.9,6687.0,2025-07-28T11:19:49.093346
2025-07-28,156944,2025072804003956,AKJCL,Oxford Securities Pvt. Ltd.,Midas Stock Broking Company Private Limited,30,223.4,6702.0,2025-07-28T11:19:55.956275
2025-07-28,156943,2025072804003957,AKJCL,Oxford Securities Pvt. Ltd.,Naasa Securities Co. Ltd.,270,223.4,60318.0,2025-07-28T11:19:55.956325
2025-07-28,156710,2025072804004020,AKJCL,Sri Hari Securities Pvt. Ltd.,Naasa Securities Co. Ltd.,730,223.4,163082.0,2025-07-28T11:20:17.059531
2025-07-28,156709,2025072804004021,AKJCL,Sri Hari Securities Pvt. Ltd.,Kumari Securities Private Limited,10,223.4,2234.0,2025-07-28T11:20:17.059923
2025-07-28,156708,2025072804004022,AKJCL,Sri Hari Securities Pvt. Ltd.,Dynamic Money Managers Securities Pvt. Ltd.,200,223.5,44700.0,2025-07-28T11:20:17.060265
2025-07-28,156435,2025072804004112,AKJCL,Sri Hari Securities Pvt. Ltd.,Sundhara Securities Limited,50,223.5,11175.0,2025-07-28T11:20:35.173965
2025-07-28,156433,2025072804004114,AKJCL,Sri Hari Securities Pvt. Ltd.,Online Securities Pvt. Ltd.,10,223.5,2235.0,2025-07-28T11:20:35.509796
2025-07-28,156432,2025072804004115,AKJCL,Vision Securities Pvt. Ltd,Online Securities Pvt. Ltd.,490,223.5,109515.0,2025-07-28T11:20:35.510149
2025-07-28,156307,2025072804004143,AKJCL,Vision Securities Pvt. Ltd,Kumari Securities Private Limited,10,223.8,2238.0,2025-07-28T11:20:45.440141
2025-07-28,156306,2025072804004144,AKJCL,Vision Securities Pvt. Ltd,Agrawal Securities (PVT) Ltd.,100,223.8,22380.0,2025-07-28T11:20:45.44036
2025-07-28,156119,2025072804004212,AKJCL,Vision Securities Pvt. Ltd,Creative Securities Pvt Ltd,200,223.9,44780.0,2025-07-28T11:20:59.898238
2025-07-28,156118,2025072804004213,AKJCL,Vision Securities Pvt. Ltd,Online Securities Pvt. Ltd.,50,223.9,11195.0,2025-07-28T11:20:59.898446
2025-07-28,155795,2025072804004337,AKJCL,Vision Securities Pvt. Ltd,Linch Stock Market Ltd.,50,224.0,11200.0,2025-07-28T11:21:22.445466
2025-07-28,155605,2025072804004387,AKJCL,Siprabi Securities Pvt. Ltd.,Arun Securities (PVT) Ltd.,50,223.9,11195.0,2025-07-28T11:21:40.240009
2025-07-28,155593,2025072804004389,AKJCL,Imperial Securities Company Pvt. Ltd.,Arun Securities (PVT) Ltd.,22,223.8,4923.6,2025-07-28T11:21:40.641439
2025-07-28,155592,2025072804004390,AKJCL,Imperial Securities Company Pvt. Ltd.,Linch Stock Market Ltd.,150,224.0,33600.0,2025-07-28T11:21:40.641646
2025-07-28,155591,2025072804004391,AKJCL,Imperial Securities Company Pvt. Ltd.,Siprabi Securities Pvt. Ltd.,28,224.0,6272.0,2025-07-28T11:21:40.641726
2025-07-28,154529,2025072804004697,AKJCL,Shree Krishna Securities Ltd.,Primo Securities (PVT) Ltd.,100,223.9,22390.0,2025-07-28T11:22:38.93539
2025-07-28,154528,2025072804004698,AKJCL,Shree Krishna Securities Ltd.,Neev Securities Pvt. Ltd.,200,223.9,44780.0,2025-07-28T11:22:38.935593
2025-07-28,154527,2025072804004699,AKJCL,Shree Krishna Securities Ltd.,Vision Securities Pvt. Ltd,1000,223.9,223900.0,2025-07-28T11:22:38.935678
2025-07-28,154526,2025072804004700,AKJCL,Shree Krishna Securities Ltd.,Premier Securities Company Ltd.,1000,223.9,223900.0,2025-07-28T11:22:38.93576
2025-07-28,154525,2025072804004701,AKJCL,Shree Krishna Securities Ltd.,Thrive Brokerage House Pvt. Ltd,1500,223.9,335850.0,2025-07-28T11:22:38.935842
2025-07-28,154411,2025072804004729,AKJCL,Online Securities Pvt. Ltd.,Market Securities & Exchange (PVT) Ltd.,300,223.2,66960.0,2025-07-28T11:22:46.106995
2025-07-28,154389,2025072804004731,AKJCL,Online Securities Pvt. Ltd.,Dynamic Money Managers Securities Pvt. Ltd.,70,223.2,15624.0,2025-07-28T11:22:47.26381
2025-07-28,154133,2025072804004829,AKJCL,Shree Krishna Securities Ltd.,Sundhara Securities Limited,500,223.8,111900.0,2025-07-28T11:22:57.273838
2025-07-28,154132,2025072804004830,AKJCL,Shree Krishna Securities Ltd.,Dipshikha Dhitopatra Karobar Co. Pvt Ltd.,20,223.8,4476.0,2025-07-28T11:22:57.274027
2025-07-28,154131,2025072804004831,AKJCL,Shree Krishna Securities Ltd.,Vision Securities Pvt. Ltd,200,223.9,44780.0,2025-07-28T11:22:57.27412
2025-07-28,154130,2025072804004832,AKJCL,Shree Krishna Securities Ltd.,Online Securities Pvt. Ltd.,455,223.9,101874.5,2025-07-28T11:22:57.274303
2025-07-28,153970,2025072804004874,AKJCL,Online Securities Pvt. Ltd.,Sundhara Securities Limited,130,223.2,29016.0,2025-07-28T11:23:08.015114
2025-07-28,153812,2025072804004933,AKJCL,Investment Management Nepal Pvt. Ltd.,Sani Securities Company Ltd.,10,223.1,2231.0,2025-07-28T11:23:18.189682
2025-07-28,153811,2025072804004934,AKJCL,Premier Securities Company Ltd.,Sani Securities Company Ltd.,100,223.0,22300.0,2025-07-28T11:23:18.189961
2025-07-28,153810,2025072804004935,AKJCL,Naasa Securities Co. Ltd.,Sani Securities Company Ltd.,20,223.0,4460.0,2025-07-28T11:23:18.190287
2025-07-28,153809,2025072804004936,AKJCL,Arun Securities (PVT) Ltd.,Sani Securities Company Ltd.,70,223.0,15610.0,2025-07-28T11:23:18.190617
2025-07-28,153808,2025072804004937,AKJCL,Premier Securities Company Ltd.,Sani Securities Company Ltd.,28,223.0,6244.0,2025-07-28T11:23:18.190922
2025-07-28,153807,2025072804004938,AKJCL,Linch Stock Market Ltd.,Sani Securities Company Ltd.,272,223.0,60656.0,2025-07-28T11:23:18.191207
2025-07-28,153721,2025072804004959,AKJCL,Linch Stock Market Ltd.,Aryatara Investment & Securities,100,223.0,22300.0,2025-07-28T11:23:22.927844
2025-07-28,153686,2025072804004977,AKJCL,Linch Stock Market Ltd.,Sri Hari Securities Pvt. Ltd.,500,223.0,111500.0,2025-07-28T11:23:25.157674
2025-07-28,153587,2025072804004999,AKJCL,Linch Stock Market Ltd.,Sani Securities Company Ltd.,128,223.0,28544.0,2025-07-28T11:23:32.576082
2025-07-28,153371,2025072804005044,AKJCL,Linch Stock Market Ltd.,Sundhara Securities Limited,20,222.9,4458.0,2025-07-28T11:23:49.648138
2025-07-28,153370,2025072804005045,AKJCL,Dakshinkali Investment & Securities Pvt. Ltd.,Sundhara Securities Limited,1300,222.2,288860.0,2025-07-28T11:23:49.6486
2025-07-28,153369,2025072804005046,AKJCL,Capital Max Securities Ltd,Sundhara Securities Limited,300,222.1,66630.0,2025-07-28T11:23:49.648982
2025-07-28,153368,2025072804005047,AKJCL,Aryatara Investment & Securities,Sundhara Securities Limited,45,222.0,9990.0,2025-07-28T11:23:49.64937
2025-07-28,153367,2025072804005048,AKJCL,Sani Securities Company Ltd.,Sundhara Securities Limited,335,222.0,74370.0,2025-07-28T11:23:49.649702
2025-07-28,153366,2025072804005049,AKJCL,Creative Securities Pvt Ltd,Sani Securities Company Ltd.,1500,223.0,334500.0,2025-07-28T11:23:49.666287
2025-07-28,152860,2025072804005179,AKJCL,Sani Securities Company Ltd.,Trishakti Securities Public Limited,55,222.0,12210.0,2025-07-28T11:24:25.4598
2025-07-28,152793,2025072804005200,AKJCL,Primo Securities (PVT) Ltd.,ABC Securities Private Limited,500,221.3,110650.0,2025-07-28T11:24:31.562052
2025-07-28,152699,2025072804005229,AKJCL,Ashutosh Brokerage & Securities (PVT) Ltd.,Naasa Securities Co. Ltd.,63,221.1,13929.3,2025-07-28T11:24:38.449255
2025-07-28,152698,2025072804005230,AKJCL,Kumari Securities Private Limited,Naasa Securities Co. Ltd.,200,221.1,44220.0,2025-07-28T11:24:38.449445
2025-07-28,152697,2025072804005231,AKJCL,Siprabi Securities Pvt. Ltd.,Naasa Securities Co. Ltd.,87,221.0,19227.0,2025-07-28T11:24:38.449527
2025-07-28,152551,2025072804005257,AKJCL,Siprabi Securities Pvt. Ltd.,Secured Securities Ltd.,213,221.0,47073.0,2025-07-28T11:24:51.024519
2025-07-28,152550,2025072804005258,AKJCL,Agrawal Securities (PVT) Ltd.,Secured Securities Ltd.,20,221.0,4420.0,2025-07-28T11:24:51.024718
2025-07-28,152549,2025072804005259,AKJCL,Imperial Securities Company Pvt. Ltd.,Secured Securities Ltd.,217,221.0,47957.0,2025-07-28T11:24:51.024794
2025-07-28,152450,2025072804005287,AKJCL,Imperial Securities Company Pvt. Ltd.,J.F. Securites (PVT) Ltd.,283,221.0,62543.0,2025-07-28T11:24:59.655567
2025-07-28,152449,2025072804005288,AKJCL,Secured Securities Ltd.,J.F. Securites (PVT) Ltd.,577,221.0,127517.0,2025-07-28T11:24:59.655776
2025-07-28,152385,2025072804005300,AKJCL,Secured Securities Ltd.,Aryatara Investment & Securities,50,221.0,11050.0,2025-07-28T11:25:06.213296
2025-07-28,152335,2025072804005308,AKJCL,Secured Securities Ltd.,KALASH STOCK MARKET PVT. LTD.,100,221.0,22100.0,2025-07-28T11:25:10.239189
2025-07-28,152303,2025072804005323,AKJCL,Secured Securities Ltd.,Naasa Securities Co. Ltd.,273,221.0,60333.0,2025-07-28T11:25:13.113442
2025-07-28,152302,2025072804005324,AKJCL,Oxford Securities Pvt. Ltd.,Naasa Securities Co. Ltd.,120,221.0,26520.0,2025-07-28T11:25:13.113888
2025-07-28,151923,2025072804005407,AKJCL,Deevyaa Securities & Stock House Pvt. Ltd,Sundhara Securities Limited,350,220.8,77280.0,2025-07-28T11:25:46.158223
2025-07-28,151737,2025072804005470,AKJCL,Imperial Securities Company Pvt. Ltd.,South Asian Bulls Pvt. Ltd.,500,220.5,110250.0,2025-07-28T11:26:03.394548
2025-07-28,151736,2025072804005471,AKJCL,Vision Securities Pvt. Ltd,South Asian Bulls Pvt. Ltd.,100,220.5,22050.0,2025-07-28T11:26:03.39485
2025-07-28,151735,2025072804005472,AKJCL,Bhrikuti Stock Broking Co. Pvt. Ltd.,South Asian Bulls Pvt. Ltd.,150,220.5,33075.0,2025-07-28T11:26:03.394952
2025-07-28,151428,2025072804005537,AKJCL,Online Securities Pvt. Ltd.,Naasa Securities Co. Ltd.,20,220.3,4406.0,2025-07-28T11:26:29.996499
2025-07-28,151427,2025072804005538,AKJCL,Sani Securities Company Ltd.,Naasa Securities Co. Ltd.,300,220.3,66090.0,2025-07-28T11:26:29.996687
2025-07-28,151426,2025072804005539,AKJCL,Sani Securities Company Ltd.,Naasa Securities Co. Ltd.,180,220.2,39636.0,2025-07-28T11:26:29.996773
2025-07-28,151275,2025072804005572,AKJCL,Sani Securities Company Ltd.,Sharepro Securities Private Limited,200,220.2,44040.0,2025-07-28T11:26:40.748137
2025-07-28,151112,2025072804005620,AKJCL,Nepal Investment And Securities Trading Private Limited,Naasa Securities Co. Ltd.,100,221.0,22100.0,2025-07-28T11:26:53.383799
2025-07-28,149876,2025072804005961,AKJCL,Kohinoor Investment & Securities Pvt. Ltd.,Naasa Securities Co. Ltd.,20,221.0,4420.0,2025-07-28T11:28:46.19156
2025-07-28,149543,2025072804006056,AKJCL,Linch Stock Market Ltd.,Naasa Securities Co. Ltd.,487,221.0,107627.0,2025-07-28T11:29:22.218363
2025-07-28,149542,2025072804006057,AKJCL,Linch Stock Market Ltd.,Online Securities Pvt. Ltd.,13,221.0,2873.0,2025-07-28T11:29:22.218779
2025-07-28,148912,2025072804006180,AKJCL,Linch Stock Market Ltd.,Magnet Securities and Investment Company Private Limited,200,220.4,44080.0,2025-07-28T11:30:22.214534
2025-07-28,148911,2025072804006181,AKJCL,Aryatara Investment & Securities,Magnet Securities and Investment Company Private Limited,500,220.4,110200.0,2025-07-28T11:30:22.214852
2025-07-28,148640,2025072804006247,AKJCL,Neev Securities Pvt. Ltd.,Magnet Securities and Investment Company Private Limited,100,220.4,22040.0,2025-07-28T11:30:46.359567
2025-07-28,147923,2025072804006405,AKJCL,Sani Securities Company Ltd.,Sani Securities Company Ltd.,300,220.3,66090.0,2025-07-28T11:31:45.070035
2025-07-28,147922,2025072804006406,AKJCL,Asian Securities Private Ltd.,Sani Securities Company Ltd.,400,220.3,88120.0,2025-07-28T11:31:45.070493
2025-07-28,147736,2025072804006440,AKJCL,Asian Securities Private Ltd.,South Asian Bulls Pvt. Ltd.,600,220.3,132180.0,2025-07-28T11:32:06.922963
2025-07-28,147684,2025072804006456,AKJCL,Kohinoor Investment & Securities Pvt. Ltd.,ABC Securities Private Limited,207,220.8,45705.6,2025-07-28T11:32:13.861035
2025-07-28,147354,2025072804006533,AKJCL,Kohinoor Investment & Securities Pvt. Ltd.,Ashutosh Brokerage & Securities (PVT) Ltd.,13,220.8,2870.4,2025-07-28T11:32:47.008923
2025-07-28,147344,2025072804006535,AKJCL,Kohinoor Investment & Securities Pvt. Ltd.,Vision Securities Pvt. Ltd,80,220.8,17664.0,2025-07-28T11:32:47.67657
2025-07-28,147050,2025072804006596,AKJCL,Sani Securities Company Ltd.,Vision Securities Pvt. Ltd,220,220.8,48576.0,2025-07-28T11:33:11.605016
2025-07-28,147005,2025072804006607,AKJCL,Sani Securities Company Ltd.,Dynamic Money Managers Securities Pvt. Ltd.,500,220.9,110450.0,2025-07-28T11:33:15.554392
2025-07-28,146967,2025072804006614,AKJCL,Sani Securities Company Ltd.,Online Securities Pvt. Ltd.,34,220.9,7510.6,2025-07-28T11:33:20.08152
2025-07-28,146663,2025072804006681,AKJCL,Imperial Securities Company Pvt. Ltd.,Online Securities Pvt. Ltd.,1150,221.0,254150.0,2025-07-28T11:33:46.459126
2025-07-28,146620,2025072804006701,AKJCL,Sani Securities Company Ltd.,South Asian Bulls Pvt. Ltd.,300,220.9,66270.0,2025-07-28T11:33:49.269563
2025-07-28,146573,2025072804006710,AKJCL,Vision Securities Pvt. Ltd,Online Securities Pvt. Ltd.,137,221.0,30277.0,2025-07-28T11:33:52.941559
2025-07-28,146572,2025072804006711,AKJCL,Vision Securities Pvt. Ltd,Vision Securities Pvt. Ltd,100,221.0,22100.0,2025-07-28T11:33:52.941808
2025-07-28,146571,2025072804006712,AKJCL,Vision Securities Pvt. Ltd,Dipshikha Dhitopatra Karobar Co. Pvt Ltd.,63,221.0,13923.0,2025-07-28T11:33:52.941905
2025-07-28,146303,2025072804006753,AKJCL,Aryatara Investment & Securities,Dipshikha Dhitopatra Karobar Co. Pvt Ltd.,300,221.0,66300.0,2025-07-28T11:34:16.915013
2025-07-28,146302,2025072804006754,AKJCL,Sani Securities Company Ltd.,South Asian Bulls Pvt. Ltd.,240,220.9,53016.0,2025-07-28T11:34:16.959153
2025-07-28,146036,2025072804006806,AKJCL,Aryatara Investment & Securities,Kohinoor Investment & Securities Pvt. Ltd.,150,220.5,33075.0,2025-07-28T11:34:40.196528
2025-07-28,146001,2025072804006813,AKJCL,Aryatara Investment & Securities,Vision Securities Pvt. Ltd,40,220.5,8820.0,2025-07-28T11:34:43.847892
2025-07-28,145574,2025072804006931,AKJCL,Naasa Securities Co. Ltd.,Sweta Securities Private Limited,200,220.3,44060.0,2025-07-28T11:35:18.704501
2025-07-28,145007,2025072804007108,AKJCL,Online Securities Pvt. Ltd.,Vision Securities Pvt. Ltd,30,220.4,6612.0,2025-07-28T11:36:08.72357
2025-07-28,144631,2025072804007209,AKJCL,Online Securities Pvt. Ltd.,Sani Securities Company Ltd.,150,220.4,33060.0,2025-07-28T11:36:41.092567
2025-07-28,143838,2025072804007435,AKJCL,Online Securities Pvt. Ltd.,Premier Securities Company Ltd.,1400,220.4,308560.0,2025-07-28T11:37:50.027696
2025-07-28,143728,2025072804007464,AKJCL,Online Securities Pvt. Ltd.,Nepal Stock House (PVT) Ltd.,350,220.4,77140.0,2025-07-28T11:38:00.175883
2025-07-28,143461,2025072804007523,AKJCL,Sani Securities Company Ltd.,Online Securities Pvt. Ltd.,142,220.5,31311.0,2025-07-28T11:38:28.041169
2025-07-28,143138,2025072804007606,AKJCL,Sani Securities Company Ltd.,Sani Securities Company Ltd.,30,220.5,6615.0,2025-07-28T11:38:54.346727
2025-07-28,142901,2025072804007670,AKJCL,Sani Securities Company Ltd.,South Asian Bulls Pvt. Ltd.,28,220.5,6174.0,2025-07-28T11:39:17.962103
2025-07-28,142900,2025072804007671,AKJCL,Sundhara Securities Limited,South Asian Bulls Pvt. Ltd.,12,220.5,2646.0,2025-07-28T11:39:17.962363
2025-07-28,142866,2025072804007681,AKJCL,Online Securities Pvt. Ltd.,Aryatara Investment & Securities,70,220.4,15428.0,2025-07-28T11:39:20.894069
2025-07-28,142865,2025072804007682,AKJCL,Online Securities Pvt. Ltd.,Aryatara Investment & Securities,299,220.4,65899.6,2025-07-28T11:39:20.894606
2025-07-28,142864,2025072804007683,AKJCL,Naasa Securities Co. Ltd.,Aryatara Investment & Securities,71,220.3,15641.3,2025-07-28T11:39:20.89497
2025-07-28,142108,2025072804007873,AKJCL,Aryatara Investment & Securities,South Asian Bulls Pvt. Ltd.,100,220.4,22040.0,2025-07-28T11:40:33.365532
2025-07-28,141991,2025072804007894,AKJCL,Vision Securities Pvt. Ltd,Sani Securities Company Ltd.,50,220.5,11025.0,2025-07-28T11:40:43.613502
2025-07-28,141709,2025072804007979,AKJCL,Naasa Securities Co. Ltd.,Capital Max Securities Ltd,12,220.3,2643.6,2025-07-28T11:41:08.021148
2025-07-28,141691,2025072804007984,AKJCL,Naasa Securities Co. Ltd.,Sani Securities Company Ltd.,250,220.5,55125.0,2025-07-28T11:41:10.206623
2025-07-28,141255,2025072804008136,AKJCL,Nepal Stock House (PVT) Ltd.,Sani Securities Company Ltd.,100,220.5,22050.0,2025-07-28T11:41:48.489198
2025-07-28,141150,2025072804008162,AKJCL,Online Securities Pvt. Ltd.,KALASH STOCK MARKET PVT. LTD.,35,220.4,7714.0,2025-07-28T11:41:56.161948
2025-07-28,141149,2025072804008163,AKJCL,Naasa Securities Co. Ltd.,KALASH STOCK MARKET PVT. LTD.,67,220.3,14760.1,2025-07-28T11:41:56.161992
2025-07-28,141148,2025072804008164,AKJCL,Naasa Securities Co. Ltd.,KALASH STOCK MARKET PVT. LTD.,985,220.3,216995.5,2025-07-28T11:41:56.162014
2025-07-28,141147,2025072804008165,AKJCL,Aryatara Investment & Securities,KALASH STOCK MARKET PVT. LTD.,300,220.3,66090.0,2025-07-28T11:41:56.162035
2025-07-28,141146,2025072804008166,AKJCL,Online Securities Pvt. Ltd.,KALASH STOCK MARKET PVT. LTD.,10,220.3,2203.0,2025-07-28T11:41:56.162056
2025-07-28,141145,2025072804008167,AKJCL,Sani Securities Company Ltd.,KALASH STOCK MARKET PVT. LTD.,103,220.2,22680.6,2025-07-28T11:41:56.162078
2025-07-28,140874,2025072804008228,AKJCL,Creative Securities Pvt Ltd,Sani Securities Company Ltd.,60,220.5,13230.0,2025-07-28T11:42:16.730379
2025-07-28,140667,2025072804008301,AKJCL,Sani Securities Company Ltd.,Ashutosh Brokerage & Securities (PVT) Ltd.,17,220.2,3743.4,2025-07-28T11:42:32.085627
2025-07-28,140666,2025072804008302,AKJCL,Online Securities Pvt. Ltd.,Ashutosh Brokerage & Securities (PVT) Ltd.,1583,220.2,348576.6,2025-07-28T11:42:32.085882
2025-07-28,140420,2025072804008381,AKJCL,KALASH STOCK MARKET PVT. LTD.,Nepal Stock House (PVT) Ltd.,1000,220.4,220400.0,2025-07-28T11:42:47.138096
2025-07-28,139951,2025072804008507,AKJCL,Sri Hari Securities Pvt. Ltd.,Sri Hari Securities Pvt. Ltd.,539,220.3,118741.7,2025-07-28T11:43:19.845295
2025-07-28,139776,2025072804008577,AKJCL,Sri Hari Securities Pvt. Ltd.,Imperial Securities Company Pvt. Ltd.,50,220.3,11015.0,2025-07-28T11:43:32.881381
2025-07-28,139532,2025072804008660,AKJCL,Sri Hari Securities Pvt. Ltd.,Imperial Securities Company Pvt. Ltd.,15,220.3,3304.5,2025-07-28T11:43:53.035889
2025-07-28,139391,2025072804008691,AKJCL,Sri Hari Securities Pvt. Ltd.,Dipshikha Dhitopatra Karobar Co. Pvt Ltd.,100,220.3,22030.0,2025-07-28T11:44:04.400093
2025-07-28,139338,2025072804008707,AKJCL,Sri Hari Securities Pvt. Ltd.,Prabhu Stock Market Limited,296,220.3,65208.8,2025-07-28T11:44:08.507962
2025-07-28,139337,2025072804008708,AKJCL,Online Securities Pvt. Ltd.,Prabhu Stock Market Limited,417,220.2,91823.4,2025-07-28T11:44:08.508246
2025-07-28,139336,2025072804008709,AKJCL,Sumeru Securities Pvt. Ltd.,Prabhu Stock Market Limited,100,220.2,22020.0,2025-07-28T11:44:08.508374
2025-07-28,139335,2025072804008710,AKJCL,Imperial Securities Company Pvt. Ltd.,Prabhu Stock Market Limited,187,220.2,41177.4,2025-07-28T11:44:08.508489
2025-07-28,138293,2025072804008916,AKJCL,Sri Hari Securities Pvt. Ltd.,Vision Securities Pvt. Ltd,1000,220.3,220300.0,2025-07-28T11:45:23.776395
2025-07-28,137953,2025072804008981,AKJCL,Sri Hari Securities Pvt. Ltd.,J.F. Securites (PVT) Ltd.,500,220.3,110150.0,2025-07-28T11:45:47.242627
2025-07-28,137952,2025072804008982,AKJCL,Imperial Securities Company Pvt. Ltd.,J.F. Securites (PVT) Ltd.,100,220.2,22020.0,2025-07-28T11:45:47.242898
2025-07-28,137323,2025072804009165,AKJCL,Siprabi Securities Pvt. Ltd.,Nepal Investment And Securities Trading Private Limited,200,220.3,44060.0,2025-07-28T11:46:33.81513
2025-07-28,137308,2025072804009169,AKJCL,Siprabi Securities Pvt. Ltd.,Aryatara Investment & Securities,1800,220.3,396540.0,2025-07-28T11:46:35.558946
2025-07-28,137307,2025072804009170,AKJCL,Trishakti Securities Public Limited,Aryatara Investment & Securities,100,220.3,22030.0,2025-07-28T11:46:35.559577
2025-07-28,136951,2025072804009270,AKJCL,Imperial Securities Company Pvt. Ltd.,Cristal Kanchanjanga Securites Pvt. Ltd.,2000,220.2,440400.0,2025-07-28T11:47:02.996069
2025-07-28,136817,2025072804009304,AKJCL,Imperial Securities Company Pvt. Ltd.,Opal Securities Investment (PVT) Ltd.,45,220.2,9909.0,2025-07-28T11:47:12.623282
2025-07-28,136699,2025072804009335,AKJCL,Imperial Securities Company Pvt. Ltd.,ABC Securities Private Limited,15,220.2,3303.0,2025-07-28T11:47:21.04923
2025-07-28,136427,2025072804009400,AKJCL,Imperial Securities Company Pvt. Ltd.,Sundhara Securities Limited,2653,220.2,584190.6,2025-07-28T11:47:34.338668
2025-07-28,136426,2025072804009401,AKJCL,Dynamic Money Managers Securities Pvt. Ltd.,Sundhara Securities Limited,647,220.2,142469.4,2025-07-28T11:47:34.339177
2025-07-28,136395,2025072804009417,AKJCL,Dynamic Money Managers Securities Pvt. Ltd.,Thrive Brokerage House Pvt. Ltd,15,220.2,3303.0,2025-07-28T11:47:35.700742
2025-07-28,136316,2025072804009437,AKJCL,Sri Hari Securities Pvt. Ltd.,Aryatara Investment & Securities,1000,220.3,220300.0,2025-07-28T11:47:41.828234
2025-07-28,136108,2025072804009467,AKJCL,Magnet Securities and Investment Company Private Limited,Aryatara Investment & Securities,193,220.3,42517.9,2025-07-28T11:47:56.003773
2025-07-28,134904,2025072804009689,AKJCL,Magnet Securities and Investment Company Private Limited,Sweta Securities Private Limited,80,220.3,17624.0,2025-07-28T11:49:07.139536
2025-07-28,134727,2025072804009743,AKJCL,Magnet Securities and Investment Company Private Limited,Sani Securities Company Ltd.,27,220.3,5948.1,2025-07-28T11:49:15.648049
2025-07-28,134726,2025072804009744,AKJCL,Dynamic Money Managers Securities Pvt. Ltd.,Sani Securities Company Ltd.,13,220.3,2863.9,2025-07-28T11:49:15.648345
2025-07-28,134102,2025072804009905,AKJCL,Secured Securities Ltd.,Sri Hari Securities Pvt. Ltd.,50,220.4,11020.0,2025-07-28T11:49:51.482829
2025-07-28,134101,2025072804009906,AKJCL,Secured Securities Ltd.,Linch Stock Market Ltd.,10,220.4,2204.0,2025-07-28T11:49:51.483117
2025-07-28,134100,2025072804009907,AKJCL,Secured Securities Ltd.,Secured Securities Ltd.,50,220.4,11020.0,2025-07-28T11:49:51.483233
2025-07-28,133863,2025072804009959,AKJCL,Naasa Securities Co. Ltd.,Sani Securities Company Ltd.,40,220.5,8820.0,2025-07-28T11:50:09.154637
2025-07-28,133862,2025072804009960,AKJCL,Naasa Securities Co. Ltd.,Cristal Kanchanjanga Securites Pvt. Ltd.,100,220.5,22050.0,2025-07-28T11:50:09.154729
2025-07-28,133861,2025072804009961,AKJCL,Naasa Securities Co. Ltd.,Cristal Kanchanjanga Securites Pvt. Ltd.,100,220.5,22050.0,2025-07-28T11:50:09.154754
2025-07-28,133860,2025072804009962,AKJCL,Naasa Securities Co. Ltd.,Online Securities Pvt. Ltd.,30,220.5,6615.0,2025-07-28T11:50:09.154777
2025-07-28,133859,2025072804009963,AKJCL,Naasa Securities Co. Ltd.,Kumari Securities Private Limited,500,220.5,110250.0,2025-07-28T11:50:09.1548
2025-07-28,133858,2025072804009964,AKJCL,Naasa Securities Co. Ltd.,J.F. Securites (PVT) Ltd.,100,220.5,22050.0,2025-07-28T11:50:09.154826
2025-07-28,133857,2025072804009965,AKJCL,Naasa Securities Co. Ltd.,Aryatara Investment & Securities,130,220.5,28665.0,2025-07-28T11:50:09.154847
2025-07-28,133829,2025072804009975,AKJCL,Neev Securities Pvt. Ltd.,Premier Securities Company Ltd.,200,220.4,44080.0,2025-07-28T11:50:11.138824
2025-07-28,133828,2025072804009976,AKJCL,Kumari Securities Private Limited,Premier Securities Company Ltd.,100,220.4,22040.0,2025-07-28T11:50:11.139381
2025-07-28,133827,2025072804009977,AKJCL,Dynamic Money Managers Securities Pvt. Ltd.,Premier Securities Company Ltd.,700,220.3,154210.0,2025-07-28T11:50:11.13972
2025-07-28,133582,2025072804010017,AKJCL,South Asian Bulls Pvt. Ltd.,South Asian Bulls Pvt. Ltd.,100,220.4,22040.0,2025-07-28T11:50:28.526076
2025-07-28,133078,2025072804010114,AKJCL,Kumari Securities Private Limited,South Asian Bulls Pvt. Ltd.,50,220.4,11020.0,2025-07-28T11:51:02.951339
2025-07-28,133062,2025072804010117,AKJCL,Sharepro Securities Private Limited,South Asian Bulls Pvt. Ltd.,50,220.4,11020.0,2025-07-28T11:51:05.770794
2025-07-28,133061,2025072804010118,AKJCL,Sharepro Securities Private Limited,Naasa Securities Co. Ltd.,50,220.4,11020.0,2025-07-28T11:51:05.771356
2025-07-28,132767,2025072804010169,AKJCL,Siprabi Securities Pvt. Ltd.,Naasa Securities Co. Ltd.,20,220.4,4408.0,2025-07-28T11:51:22.946862
2025-07-28,132699,2025072804010197,AKJCL,Imperial Securities Company Pvt. Ltd.,Naasa Securities Co. Ltd.,30,220.4,6612.0,2025-07-28T11:51:29.914464
2025-07-28,132592,2025072804010217,AKJCL,Imperial Securities Company Pvt. Ltd.,Sani Securities Company Ltd.,367,220.4,80886.8,2025-07-28T11:51:38.526825
2025-07-28,132198,2025072804010291,AKJCL,Naasa Securities Co. Ltd.,Aryatara Investment & Securities,40,220.5,8820.0,2025-07-28T11:52:13.234331
2025-07-28,131406,2025072804010470,AKJCL,Secured Securities Ltd.,Aryatara Investment & Securities,405,220.5,89302.5,2025-07-28T11:53:12.251737
2025-07-28,131310,2025072804010498,AKJCL,Kohinoor Investment & Securities Pvt. Ltd.,Dipshikha Dhitopatra Karobar Co. Pvt Ltd.,637,221.0,140777.0,2025-07-28T11:53:20.29645
2025-07-28,131309,2025072804010499,AKJCL,Kohinoor Investment & Securities Pvt. Ltd.,Linch Stock Market Ltd.,400,221.0,88400.0,2025-07-28T11:53:20.296586
2025-07-28,131308,2025072804010500,AKJCL,Kohinoor Investment & Securities Pvt. Ltd.,Online Securities Pvt. Ltd.,525,221.0,116025.0,2025-07-28T11:53:20.296672
2025-07-28,131307,2025072804010501,AKJCL,Kohinoor Investment & Securities Pvt. Ltd.,Naasa Securities Co. Ltd.,25,221.0,5525.0,2025-07-28T11:53:20.296747
2025-07-28,131306,2025072804010502,AKJCL,Kohinoor Investment & Securities Pvt. Ltd.,Imperial Securities Company Pvt. Ltd.,100,221.0,22100.0,2025-07-28T11:53:20.296822
2025-07-28,131305,2025072804010503,AKJCL,Kohinoor Investment & Securities Pvt. Ltd.,Dynamic Money Managers Securities Pvt. Ltd.,313,221.3,69266.9,2025-07-28T11:53:20.296923
2025-07-28,130612,2025072804010609,AKJCL,Vision Securities Pvt. Ltd,Linch Stock Market Ltd.,300,221.0,66300.0,2025-07-28T11:54:23.540634
2025-07-28,130399,2025072804010653,AKJCL,Sani Securities Company Ltd.,Kumari Securities Private Limited,150,221.0,33150.0,2025-07-28T11:54:46.064983
2025-07-28,130060,2025072804010708,AKJCL,Capital Max Securities Ltd,Dynamic Money Managers Securities Pvt. Ltd.,387,221.3,85643.1,2025-07-28T11:55:15.088974
2025-07-28,130059,2025072804010709,AKJCL,Capital Max Securities Ltd,Naasa Securities Co. Ltd.,100,221.9,22190.0,2025-07-28T11:55:15.089051
2025-07-28,130058,2025072804010710,AKJCL,Capital Max Securities Ltd,Trishakti Securities Public Limited,45,222.0,9990.0,2025-07-28T11:55:15.089083
2025-07-28,130057,2025072804010711,AKJCL,Capital Max Securities Ltd,Sundhara Securities Limited,668,222.0,148296.0,2025-07-28T11:55:15.089112
2025-07-28,129844,2025072804010767,AKJCL,Sani Securities Company Ltd.,Aryatara Investment & Securities,19,221.0,4199.0,2025-07-28T11:55:36.082197
2025-07-28,129489,2025072804010828,AKJCL,Sani Securities Company Ltd.,Ashutosh Brokerage & Securities (PVT) Ltd.,45,221.0,9945.0,2025-07-28T11:56:08.660015
2025-07-28,129146,2025072804010888,AKJCL,Sani Securities Company Ltd.,Shree Krishna Securities Ltd.,16,221.0,3536.0,2025-07-28T11:56:40.124911
2025-07-28,129049,2025072804010908,AKJCL,Dipshikha Dhitopatra Karobar Co. Pvt Ltd.,Naasa Securities Co. Ltd.,40,221.0,8840.0,2025-07-28T11:56:46.771503
2025-07-28,128336,2025072804011052,AKJCL,Dipshikha Dhitopatra Karobar Co. Pvt Ltd.,Agrawal Securities (PVT) Ltd.,10,221.0,2210.0,2025-07-28T11:57:58.486743
2025-07-28,128335,2025072804011053,AKJCL,Primo Securities (PVT) Ltd.,Agrawal Securities (PVT) Ltd.,500,221.0,110500.0,2025-07-28T11:57:58.487045
2025-07-28,128334,2025072804011054,AKJCL,Siprabi Securities Pvt. Ltd.,Agrawal Securities (PVT) Ltd.,50,221.0,11050.0,2025-07-28T11:57:58.487175
2025-07-28,127899,2025072804011122,AKJCL,Swarna Laxmi Securities Pvt. Ltd.,Agrawal Securities (PVT) Ltd.,400,221.0,88400.0,2025-07-28T11:58:43.638703
2025-07-28,127357,2025072804011207,AKJCL,Trishakti Securities Public Limited,Sewa Securities Pvt. Ltd.,100,220.8,22080.0,2025-07-28T11:59:28.372977
2025-07-28,127032,2025072804011271,AKJCL,Asian Securities Private Ltd.,Sewa Securities Pvt. Ltd.,425,220.8,93840.0,2025-07-28T11:59:53.530794
2025-07-28,126885,2025072804011283,AKJCL,Asian Securities Private Ltd.,Siprabi Securities Pvt. Ltd.,500,220.8,110400.0,2025-07-28T12:00:09.318785
2025-07-28,126162,2025072804011433,AKJCL,Nepal Stock House (PVT) Ltd.,Imperial Securities Company Pvt. Ltd.,400,220.9,88360.0,2025-07-28T12:01:18.703266
2025-07-28,126161,2025072804011434,AKJCL,Nepal Stock House (PVT) Ltd.,Agrawal Securities (PVT) Ltd.,958,221.0,211718.0,2025-07-28T12:01:18.703652
2025-07-28,126160,2025072804011435,AKJCL,Nepal Stock House (PVT) Ltd.,ABC Securities Private Limited,60,221.0,13260.0,2025-07-28T12:01:18.703797
2025-07-28,125961,2025072804011493,AKJCL,Nepal Stock House (PVT) Ltd.,South Asian Bulls Pvt. Ltd.,580,221.0,128180.0,2025-07-28T12:01:33.375826
2025-07-28,125635,2025072804011578,AKJCL,Asian Securities Private Ltd.,Siprabi Securities Pvt. Ltd.,75,220.8,16560.0,2025-07-28T12:02:09.722851
2025-07-28,125323,2025072804011658,AKJCL,Deevyaa Securities & Stock House Pvt. Ltd,Dakshinkali Investment & Securities Pvt. Ltd.,30,220.7,6621.0,2025-07-28T12:02:40.887225
2025-07-28,125166,2025072804011701,AKJCL,Deevyaa Securities & Stock House Pvt. Ltd,South Asian Bulls Pvt. Ltd.,470,220.7,103729.0,2025-07-28T12:02:56.680148
2025-07-28,124973,2025072804011725,AKJCL,Secured Securities Ltd.,Siprabi Securities Pvt. Ltd.,395,220.5,87097.5,2025-07-28T12:03:12.741444
2025-07-28,124518,2025072804011818,AKJCL,South Asian Bulls Pvt. Ltd.,Siprabi Securities Pvt. Ltd.,150,220.4,33060.0,2025-07-28T12:04:07.878859
2025-07-28,124392,2025072804011834,AKJCL,Capital Max Securities Ltd,Siprabi Securities Pvt. Ltd.,75,220.5,16537.5,2025-07-28T12:04:16.42912
2025-07-28,124391,2025072804011835,AKJCL,Capital Max Securities Ltd,Naasa Securities Co. Ltd.,100,221.9,22190.0,2025-07-28T12:04:16.429229
2025-07-28,124390,2025072804011836,AKJCL,Capital Max Securities Ltd,Kohinoor Investment & Securities Pvt. Ltd.,202,221.9,44823.8,2025-07-28T12:04:16.429309
2025-07-28,124389,2025072804011837,AKJCL,Capital Max Securities Ltd,Sundhara Securities Limited,282,222.0,62604.0,2025-07-28T12:04:16.429419
2025-07-28,124388,2025072804011838,AKJCL,Capital Max Securities Ltd,Sweta Securities Private Limited,200,222.0,44400.0,2025-07-28T12:04:16.429496
2025-07-28,124387,2025072804011839,AKJCL,Capital Max Securities Ltd,Dipshikha Dhitopatra Karobar Co. Pvt Ltd.,41,222.0,9102.0,2025-07-28T12:04:16.429566
2025-07-28,124293,2025072804011862,AKJCL,Dynamic Money Managers Securities Pvt. Ltd.,Agrawal Securities (PVT) Ltd.,400,220.3,88120.0,2025-07-28T12:04:24.926613
2025-07-28,123640,2025072804012004,AKJCL,Bhrikuti Stock Broking Co. Pvt. Ltd.,Online Securities Pvt. Ltd.,37,221.0,8177.0,2025-07-28T12:05:33.422137
2025-07-28,123069,2025072804012096,AKJCL,Naasa Securities Co. Ltd.,Online Securities Pvt. Ltd.,50,221.0,11050.0,2025-07-28T12:06:28.802627
2025-07-28,122794,2025072804012158,AKJCL,Nepal Stock House (PVT) Ltd.,Online Securities Pvt. Ltd.,24,221.0,5304.0,2025-07-28T12:06:58.809993
2025-07-28,122208,2025072804012317,AKJCL,Dynamic Money Managers Securities Pvt. Ltd.,Agrawal Securities (PVT) Ltd.,100,220.3,22030.0,2025-07-28T12:08:07.213955
2025-07-28,122072,2025072804012357,AKJCL,Nepal Stock House (PVT) Ltd.,South Asian Bulls Pvt. Ltd.,200,220.9,44180.0,2025-07-28T12:08:19.992729
2025-07-28,121852,2025072804012421,AKJCL,Dynamic Money Managers Securities Pvt. Ltd.,Sani Securities Company Ltd.,125,220.3,27537.5,2025-07-28T12:08:38.644448
2025-07-28,121851,2025072804012422,AKJCL,Neev Securities Pvt. Ltd.,Sani Securities Company Ltd.,50,220.3,11015.0,2025-07-28T12:08:38.644528
2025-07-28,121850,2025072804012423,AKJCL,Dakshinkali Investment & Securities Pvt. Ltd.,Sani Securities Company Ltd.,1000,220.3,220300.0,2025-07-28T12:08:38.644555
2025-07-28,121849,2025072804012424,AKJCL,Naasa Securities Co. Ltd.,Sani Securities Company Ltd.,500,220.2,110100.0,2025-07-28T12:08:38.64458
2025-07-28,121848,2025072804012425,AKJCL,Sani Securities Company Ltd.,Sani Securities Company Ltd.,1000,220.2,220200.0,2025-07-28T12:08:38.644602
2025-07-28,121847,2025072804012426,AKJCL,Primo Securities (PVT) Ltd.,Sani Securities Company Ltd.,500,220.2,110100.0,2025-07-28T12:08:38.644625
2025-07-28,121846,2025072804012427,AKJCL,Online Securities Pvt. Ltd.,Sani Securities Company Ltd.,260,220.1,57226.0,2025-07-28T12:08:38.64466
2025-07-28,121845,2025072804012428,AKJCL,Online Securities Pvt. Ltd.,Sani Securities Company Ltd.,222,220.1,48862.2,2025-07-28T12:08:38.644684
2025-07-28,121844,2025072804012429,AKJCL,Agrawal Securities (PVT) Ltd.,Sani Securities Company Ltd.,1861,220.1,409606.1,2025-07-28T12:08:38.644707
2025-07-28,121843,2025072804012430,AKJCL,Market Securities & Exchange (PVT) Ltd.,Sani Securities Company Ltd.,1500,220.1,330150.0,2025-07-28T12:08:38.64473
2025-07-28,121842,2025072804012431,AKJCL,Capital Max Securities Ltd,Sani Securities Company Ltd.,100,220.1,22010.0,2025-07-28T12:08:38.644752
2025-07-28,121841,2025072804012432,AKJCL,Nagarik Stock Dealer ,Sani Securities Company Ltd.,200,220.1,44020.0,2025-07-28T12:08:38.644773
2025-07-28,121840,2025072804012433,AKJCL,Trishakti Securities Public Limited,Sani Securities Company Ltd.,975,220.0,214500.0,2025-07-28T12:08:38.644794
2025-07-28,121839,2025072804012434,AKJCL,Citizens Share Broker Limited,Sani Securities Company Ltd.,100,220.0,22000.0,2025-07-28T12:08:38.644817
2025-07-28,121838,2025072804012435,AKJCL,Sumeru Securities Pvt. Ltd.,Sani Securities Company Ltd.,100,220.0,22000.0,2025-07-28T12:08:38.644837
2025-07-28,121837,2025072804012436,AKJCL,Kohinoor Investment & Securities Pvt. Ltd.,Sani Securities Company Ltd.,10,220.0,2200.0,2025-07-28T12:08:38.644861
2025-07-28,121836,2025072804012437,AKJCL,Sundhara Securities Limited,Sani Securities Company Ltd.,1000,220.0,220000.0,2025-07-28T12:08:38.644881
2025-07-28,121835,2025072804012438,AKJCL,Naasa Securities Co. Ltd.,Sani Securities Company Ltd.,100,220.0,22000.0,2025-07-28T12:08:38.644906
2025-07-28,121834,2025072804012439,AKJCL,Vision Securities Pvt. Ltd,Sani Securities Company Ltd.,100,220.0,22000.0,2025-07-28T12:08:38.644931
2025-07-28,121833,2025072804012440,AKJCL,Online Securities Pvt. Ltd.,Sani Securities Company Ltd.,297,220.0,65340.0,2025-07-28T12:08:38.644955
2025-07-28,121608,2025072804012472,AKJCL,Imperial Securities Company Pvt. Ltd.,Creative Securities Pvt Ltd,400,220.0,88000.0,2025-07-28T12:08:59.595682
2025-07-28,121607,2025072804012473,AKJCL,Dynamic Money Managers Securities Pvt. Ltd.,Creative Securities Pvt Ltd,200,220.0,44000.0,2025-07-28T12:08:59.595999
2025-07-28,121606,2025072804012474,AKJCL,Oxford Securities Pvt. Ltd.,Creative Securities Pvt Ltd,150,220.0,33000.0,2025-07-28T12:08:59.596124
2025-07-28,121605,2025072804012475,AKJCL,Naasa Securities Co. Ltd.,Creative Securities Pvt Ltd,500,220.0,110000.0,2025-07-28T12:08:59.596243
2025-07-28,121604,2025072804012476,AKJCL,Sumeru Securities Pvt. Ltd.,Creative Securities Pvt Ltd,60,220.0,13200.0,2025-07-28T12:08:59.596369
2025-07-28,121603,2025072804012477,AKJCL,Shree Krishna Securities Ltd.,Creative Securities Pvt Ltd,140,220.0,30800.0,2025-07-28T12:08:59.596493
2025-07-28,121349,2025072804012523,AKJCL,Bhrikuti Stock Broking Co. Pvt. Ltd.,South Asian Bulls Pvt. Ltd.,455,220.9,100509.5,2025-07-28T12:09:20.016358
2025-07-28,121184,2025072804012573,AKJCL,Shree Krishna Securities Ltd.,Linch Stock Market Ltd.,800,220.0,176000.0,2025-07-28T12:09:36.602651
2025-07-28,121099,2025072804012595,AKJCL,Oxford Securities Pvt. Ltd.,South Asian Bulls Pvt. Ltd.,200,220.9,44180.0,2025-07-28T12:09:42.764625
2025-07-28,121023,2025072804012612,AKJCL,Capital Max Securities Ltd,South Asian Bulls Pvt. Ltd.,10,220.9,2209.0,2025-07-28T12:09:48.595188
2025-07-28,120913,2025072804012636,AKJCL,Shree Krishna Securities Ltd.,Sundhara Securities Limited,1000,220.0,220000.0,2025-07-28T12:09:57.398412
2025-07-28,120881,2025072804012642,AKJCL,Shree Krishna Securities Ltd.,Vision Securities Pvt. Ltd,500,220.0,110000.0,2025-07-28T12:10:00.043109
2025-07-28,120798,2025072804012664,AKJCL,Shree Krishna Securities Ltd.,Capital Hub P. Ltd,2560,220.0,563200.0,2025-07-28T12:10:08.630151
2025-07-28,120797,2025072804012665,AKJCL,Sri Hari Securities Pvt. Ltd.,Capital Hub P. Ltd,100,220.0,22000.0,2025-07-28T12:10:08.630512
2025-07-28,120796,2025072804012666,AKJCL,Online Securities Pvt. Ltd.,Capital Hub P. Ltd,100,220.0,22000.0,2025-07-28T12:10:08.630635
2025-07-28,120795,2025072804012667,AKJCL,Nepal Investment And Securities Trading Private Limited,Capital Hub P. Ltd,1000,220.0,220000.0,2025-07-28T12:10:08.63075
2025-07-28,120794,2025072804012668,AKJCL,Midas Stock Broking Company Private Limited,Capital Hub P. Ltd,455,220.0,100100.0,2025-07-28T12:10:08.63087
2025-07-28,120793,2025072804012669,AKJCL,Naasa Securities Co. Ltd.,Capital Hub P. Ltd,10,220.0,2200.0,2025-07-28T12:10:08.630991
2025-07-28,120792,2025072804012670,AKJCL,Aryatara Investment & Securities,Capital Hub P. Ltd,1000,220.0,220000.0,2025-07-28T12:10:08.631149
2025-07-28,120791,2025072804012671,AKJCL,Siprabi Securities Pvt. Ltd.,Capital Hub P. Ltd,300,220.0,66000.0,2025-07-28T12:10:08.631275
2025-07-28,120790,2025072804012672,AKJCL,South Asian Bulls Pvt. Ltd.,Capital Hub P. Ltd,500,220.0,110000.0,2025-07-28T12:10:08.631416
2025-07-28,120789,2025072804012673,AKJCL,SUN SECURITIES PVT LTD,Capital Hub P. Ltd,400,220.0,88000.0,2025-07-28T12:10:08.631534
2025-07-28,120788,2025072804012674,AKJCL,Naasa Securities Co. Ltd.,Capital Hub P. Ltd,10,220.0,2200.0,2025-07-28T12:10:08.631667
2025-07-28,120660,2025072804012702,AKJCL,Naasa Securities Co. Ltd.,J.F. Securites (PVT) Ltd.,20,220.0,4400.0,2025-07-28T12:10:21.191846
2025-07-28,120568,2025072804012749,AKJCL,Naasa Securities Co. Ltd.,Agrawal Securities (PVT) Ltd.,655,220.0,144100.0,2025-07-28T12:10:26.24551
2025-07-28,120567,2025072804012750,AKJCL,J.F. Securites (PVT) Ltd.,Agrawal Securities (PVT) Ltd.,100,220.0,22000.0,2025-07-28T12:10:26.246063
2025-07-28,120566,2025072804012751,AKJCL,Kalika Securities Pvt. Ltd.,Agrawal Securities (PVT) Ltd.,89,220.0,19580.0,2025-07-28T12:10:26.246418
2025-07-28,120565,2025072804012752,AKJCL,Imperial Securities Company Pvt. Ltd.,Agrawal Securities (PVT) Ltd.,100,220.0,22000.0,2025-07-28T12:10:26.246754
2025-07-28,120564,2025072804012753,AKJCL,Sundhara Securities Limited,Agrawal Securities (PVT) Ltd.,200,220.0,44000.0,2025-07-28T12:10:26.247089
2025-07-28,120563,2025072804012754,AKJCL,Nepal Investment And Securities Trading Private Limited,Agrawal Securities (PVT) Ltd.,90,220.0,19800.0,2025-07-28T12:10:26.247439
2025-07-28,120562,2025072804012755,AKJCL,Kalika Securities Pvt. Ltd.,Agrawal Securities (PVT) Ltd.,200,220.0,44000.0,2025-07-28T12:10:26.247781
2025-07-28,120561,2025072804012756,AKJCL,Asian Securities Private Ltd.,Agrawal Securities (PVT) Ltd.,500,220.0,110000.0,2025-07-28T12:10:26.248107
2025-07-28,120560,2025072804012757,AKJCL,Premier Securities Company Ltd.,Agrawal Securities (PVT) Ltd.,66,220.0,14520.0,2025-07-28T12:10:26.248444
2025-07-28,120443,2025072804012791,AKJCL,Premier Securities Company Ltd.,Siprabi Securities Pvt. Ltd.,134,220.0,29480.0,2025-07-28T12:10:38.700297
2025-07-28,120442,2025072804012792,AKJCL,Creative Securities Pvt Ltd,Siprabi Securities Pvt. Ltd.,500,220.0,110000.0,2025-07-28T12:10:38.700851
2025-07-28,120441,2025072804012793,AKJCL,Himalayan Securities Limited,Siprabi Securities Pvt. Ltd.,140,220.0,30800.0,2025-07-28T12:10:38.701207
2025-07-28,120440,2025072804012794,AKJCL,Shree Krishna Securities Ltd.,Siprabi Securities Pvt. Ltd.,200,220.0,44000.0,2025-07-28T12:10:38.701562
2025-07-28,120439,2025072804012795,AKJCL,Sweta Securities Private Limited,Siprabi Securities Pvt. Ltd.,500,220.0,110000.0,2025-07-28T12:10:38.70189
2025-07-28,120438,2025072804012796,AKJCL,Capital Max Securities Ltd,Siprabi Securities Pvt. Ltd.,35,220.0,7700.0,2025-07-28T12:10:38.702206
2025-07-28,120437,2025072804012797,AKJCL,Naasa Securities Co. Ltd.,Siprabi Securities Pvt. Ltd.,141,220.0,31020.0,2025-07-28T12:10:38.702541
2025-07-28,120420,2025072804012804,AKJCL,Naasa Securities Co. Ltd.,Vision Securities Pvt. Ltd,144,220.0,31680.0,2025-07-28T12:10:40.951393
2025-07-28,120419,2025072804012805,AKJCL,Trisul Securities & Invt. Ltd.,Vision Securities Pvt. Ltd,100,220.0,22000.0,2025-07-28T12:10:40.951675
2025-07-28,120418,2025072804012806,AKJCL,Vision Securities Pvt. Ltd,Vision Securities Pvt. Ltd,10,220.0,2200.0,2025-07-28T12:10:40.951789
2025-07-28,120417,2025072804012807,AKJCL,Premier Securities Company Ltd.,Vision Securities Pvt. Ltd,100,220.0,22000.0,2025-07-28T12:10:40.951906
2025-07-28,120416,2025072804012808,AKJCL,Nabil Stock Dealer Ltd.,Vision Securities Pvt. Ltd,20,220.0,4400.0,2025-07-28T12:10:40.95202
2025-07-28,120415,2025072804012809,AKJCL,Property Wiard Limited,Vision Securities Pvt. Ltd,15,220.0,3300.0,2025-07-28T12:10:40.952129
2025-07-28,120414,2025072804012810,AKJCL,Imperial Securities Company Pvt. Ltd.,Vision Securities Pvt. Ltd,500,220.0,110000.0,2025-07-28T12:10:40.952243
2025-07-28,120413,2025072804012811,AKJCL,Capital Max Securities Ltd,Vision Securities Pvt. Ltd,10,220.0,2200.0,2025-07-28T12:10:40.952384
2025-07-28,119825,2025072804013005,AKJCL,Sri Hari Securities Pvt. Ltd.,Creative Securities Pvt Ltd,43,219.6,9442.8,2025-07-28T12:11:26.189868
2025-07-28,119221,2025072804013209,AKJCL,Imperial Securities Company Pvt. Ltd.,Vision Securities Pvt. Ltd,1026,220.0,225720.0,2025-07-28T12:12:06.946959
2025-07-28,119220,2025072804013210,AKJCL,Imperial Securities Company Pvt. Ltd.,Imperial Securities Company Pvt. Ltd.,574,220.0,126280.0,2025-07-28T12:12:06.947506
2025-07-28,118937,2025072804013291,AKJCL,Sri Hari Securities Pvt. Ltd.,Imperial Securities Company Pvt. Ltd.,257,219.6,56437.2,2025-07-28T12:12:27.856191
2025-07-28,118936,2025072804013292,AKJCL,Thrive Brokerage House Pvt. Ltd,Imperial Securities Company Pvt. Ltd.,43,219.6,9442.8,2025-07-28T12:12:27.856495
2025-07-28,118766,2025072804013333,AKJCL,Thrive Brokerage House Pvt. Ltd,K.B.L. Securities Limited ,20,219.6,4392.0,2025-07-28T12:12:40.757396
2025-07-28,118725,2025072804013345,AKJCL,Thrive Brokerage House Pvt. Ltd,South Asian Bulls Pvt. Ltd.,55,219.6,12078.0,2025-07-28T12:12:43.99138
2025-07-28,118683,2025072804013355,AKJCL,Thrive Brokerage House Pvt. Ltd,Trishakti Securities Public Limited,382,219.6,83887.2,2025-07-28T12:12:48.592195
2025-07-28,118682,2025072804013356,AKJCL,Sani Securities Company Ltd.,Trishakti Securities Public Limited,200,219.2,43840.0,2025-07-28T12:12:48.592386
2025-07-28,118681,2025072804013357,AKJCL,Online Securities Pvt. Ltd.,Trishakti Securities Public Limited,13,219.1,2848.3,2025-07-28T12:12:48.592473
2025-07-28,118680,2025072804013358,AKJCL,South Asian Bulls Pvt. Ltd.,Trishakti Securities Public Limited,150,219.1,32865.0,2025-07-28T12:12:48.592549
2025-07-28,118679,2025072804013359,AKJCL,Aryatara Investment & Securities,Trishakti Securities Public Limited,1000,219.0,219000.0,2025-07-28T12:12:48.592624
2025-07-28,118678,2025072804013360,AKJCL,Naasa Securities Co. Ltd.,Trishakti Securities Public Limited,70,219.0,15330.0,2025-07-28T12:12:48.592699
2025-07-28,118677,2025072804013361,AKJCL,Imperial Securities Company Pvt. Ltd.,Trishakti Securities Public Limited,100,219.0,21900.0,2025-07-28T12:12:48.592773
2025-07-28,118676,2025072804013362,AKJCL,Naasa Securities Co. Ltd.,Trishakti Securities Public Limited,100,219.0,21900.0,2025-07-28T12:12:48.592866
2025-07-28,118675,2025072804013363,AKJCL,Vision Securities Pvt. Ltd,Trishakti Securities Public Limited,20,219.0,4380.0,2025-07-28T12:12:48.593026
2025-07-28,118674,2025072804013364,AKJCL,Sundhara Securities Limited,Trishakti Securities Public Limited,114,219.0,24966.0,2025-07-28T12:12:48.593119
2025-07-28,118673,2025072804013365,AKJCL,Naasa Securities Co. Ltd.,Trishakti Securities Public Limited,200,219.0,43800.0,2025-07-28T12:12:48.593216
2025-07-28,118672,2025072804013366,AKJCL,Aryatara Investment & Securities,Trishakti Securities Public Limited,100,219.0,21900.0,2025-07-28T12:12:48.593309
2025-07-28,118671,2025072804013367,AKJCL,Trisul Securities & Invt. Ltd.,Trishakti Securities Public Limited,110,219.0,24090.0,2025-07-28T12:12:48.593409
2025-07-28,118670,2025072804013368,AKJCL,Sundhara Securities Limited,Trishakti Securities Public Limited,30,219.0,6570.0,2025-07-28T12:12:48.593499
2025-07-28,118669,2025072804013369,AKJCL,Imperial Securities Company Pvt. Ltd.,Trishakti Securities Public Limited,200,219.0,43800.0,2025-07-28T12:12:48.593621
2025-07-28,118668,2025072804013370,AKJCL,Neev Securities Pvt. Ltd.,Trishakti Securities Public Limited,211,219.0,46209.0,2025-07-28T12:12:48.593686
2025-07-28,118034,2025072804013495,AKJCL,Neev Securities Pvt. Ltd.,Linch Stock Market Ltd.,89,219.0,19491.0,2025-07-28T12:13:29.956508
2025-07-28,118033,2025072804013496,AKJCL,Sani Securities Company Ltd.,Linch Stock Market Ltd.,111,219.0,24309.0,2025-07-28T12:13:29.956813
2025-07-28,117104,2025072804013754,AKJCL,Sani Securities Company Ltd.,Imperial Securities Company Pvt. Ltd.,100,219.0,21900.0,2025-07-28T12:14:26.907019
2025-07-28,116880,2025072804013806,AKJCL,Sani Securities Company Ltd.,Roadshow securities limited,89,219.0,19491.0,2025-07-28T12:14:44.394052
2025-07-28,116879,2025072804013807,AKJCL,Capital Max Securities Ltd,Roadshow securities limited,10,219.0,2190.0,2025-07-28T12:14:44.394396
2025-07-28,115790,2025072804014077,AKJCL,Thrive Brokerage House Pvt. Ltd,Naasa Securities Co. Ltd.,250,218.7,54675.0,2025-07-28T12:15:38.440673
2025-07-28,115361,2025072804014184,AKJCL,Neev Securities Pvt. Ltd.,Naasa Securities Co. Ltd.,50,218.7,10935.0,2025-07-28T12:16:04.426203
2025-07-28,115360,2025072804014185,AKJCL,Neev Securities Pvt. Ltd.,Secured Securities Ltd.,50,218.7,10935.0,2025-07-28T12:16:04.426506
2025-07-28,115211,2025072804014226,AKJCL,SUN SECURITIES PVT LTD,Indira securities pvt. ltd,100,218.6,21860.0,2025-07-28T12:16:11.613206
2025-07-28,114898,2025072804014308,AKJCL,SUN SECURITIES PVT LTD,Bhrikuti Stock Broking Co. Pvt. Ltd.,500,218.6,109300.0,2025-07-28T12:16:25.96185
2025-07-28,114627,2025072804014402,AKJCL,SUN SECURITIES PVT LTD,Oxford Securities Pvt. Ltd.,200,218.6,43720.0,2025-07-28T12:16:39.68391
2025-07-28,114563,2025072804014417,AKJCL,SUN SECURITIES PVT LTD,Aryatara Investment & Securities,200,218.6,43720.0,2025-07-28T12:16:43.984628
2025-07-28,114562,2025072804014418,AKJCL,Nepal Stock House (PVT) Ltd.,Aryatara Investment & Securities,500,218.6,109300.0,2025-07-28T12:16:43.985266
2025-07-28,114181,2025072804014500,AKJCL,Secured Securities Ltd.,Aryatara Investment & Securities,300,218.6,65580.0,2025-07-28T12:17:07.980993
2025-07-28,113645,2025072804014699,AKJCL,Capital Max Securities Ltd,Secured Securities Ltd.,3988,218.3,870580.4,2025-07-28T12:17:38.207789
2025-07-28,113578,2025072804014709,AKJCL,Capital Max Securities Ltd,Sajilo Broker Limited,20,218.3,4366.0,2025-07-28T12:17:42.304998
2025-07-28,113064,2025072804014846,AKJCL,Capital Max Securities Ltd,Nagarik Stock Dealer ,992,218.3,216553.6,2025-07-28T12:18:14.053834
2025-07-28,113063,2025072804014847,AKJCL,Neev Securities Pvt. Ltd.,Nagarik Stock Dealer ,100,218.3,21830.0,2025-07-28T12:18:14.054161
2025-07-28,113062,2025072804014848,AKJCL,Naasa Securities Co. Ltd.,Nagarik Stock Dealer ,300,218.3,65490.0,2025-07-28T12:18:14.054286
2025-07-28,112664,2025072804014980,AKJCL,Online Securities Pvt. Ltd.,Opal Securities Investment (PVT) Ltd.,100,218.5,21850.0,2025-07-28T12:18:38.462806
2025-07-28,112566,2025072804015002,AKJCL,Trishakti Securities Public Limited,Blue Chip Securities Ltd,200,218.4,43680.0,2025-07-28T12:18:45.102931
2025-07-28,112565,2025072804015003,AKJCL,Siprabi Securities Pvt. Ltd.,Blue Chip Securities Ltd,145,218.2,31639.0,2025-07-28T12:18:45.103265
2025-07-28,112504,2025072804015021,AKJCL,Sani Securities Company Ltd.,Opal Securities Investment (PVT) Ltd.,50,218.5,10925.0,2025-07-28T12:18:48.324454
2025-07-28,112503,2025072804015022,AKJCL,Sani Securities Company Ltd.,Sani Securities Company Ltd.,500,218.5,109250.0,2025-07-28T12:18:48.324714
2025-07-28,112502,2025072804015023,AKJCL,Sani Securities Company Ltd.,Nagarik Stock Dealer ,108,218.5,23598.0,2025-07-28T12:18:48.32484
2025-07-28,112398,2025072804015048,AKJCL,Sani Securities Company Ltd.,Midas Stock Broking Company Private Limited,42,218.5,9177.0,2025-07-28T12:18:54.969209
2025-07-28,112397,2025072804015049,AKJCL,Premier Securities Company Ltd.,Midas Stock Broking Company Private Limited,200,218.5,43700.0,2025-07-28T12:18:54.969783
2025-07-28,112172,2025072804015111,AKJCL,Sani Securities Company Ltd.,Midas Stock Broking Company Private Limited,50,218.5,10925.0,2025-07-28T12:19:08.789932
2025-07-28,111963,2025072804015147,AKJCL,Capital Max Securities Ltd,Pragyan Securities (PVT) Ltd.,50,218.3,10915.0,2025-07-28T12:19:18.88735
2025-07-28,111911,2025072804015171,AKJCL,Capital Max Securities Ltd,Midas Stock Broking Company Private Limited,110,218.3,24013.0,2025-07-28T12:19:22.729239
2025-07-28,111574,2025072804015253,AKJCL,Sri Hari Securities Pvt. Ltd.,Midas Stock Broking Company Private Limited,200,218.5,43700.0,2025-07-28T12:19:41.228809
2025-07-28,111477,2025072804015285,AKJCL,Capital Max Securities Ltd,Sumeru Securities Pvt. Ltd.,500,218.3,109150.0,2025-07-28T12:19:45.506253
2025-07-28,111166,2025072804015366,AKJCL,Midas Stock Broking Company Private Limited,SUN SECURITIES PVT LTD,500,218.4,109200.0,2025-07-28T12:20:03.86671
2025-07-28,111165,2025072804015367,AKJCL,Capital Max Securities Ltd,SUN SECURITIES PVT LTD,500,218.3,109150.0,2025-07-28T12:20:03.86707
2025-07-28,110992,2025072804015423,AKJCL,Capital Max Securities Ltd,Imperial Securities Company Pvt. Ltd.,1000,218.3,218300.0,2025-07-28T12:20:12.024234
2025-07-28,110787,2025072804015472,AKJCL,Capital Max Securities Ltd,Linch Stock Market Ltd.,100,218.3,21830.0,2025-07-28T12:20:23.435861
2025-07-28,110746,2025072804015479,AKJCL,Opal Securities Investment (PVT) Ltd.,Midas Stock Broking Company Private Limited,500,218.5,109250.0,2025-07-28T12:20:25.49794
2025-07-28,110491,2025072804015563,AKJCL,Capital Max Securities Ltd,KALASH STOCK MARKET PVT. LTD.,40,218.3,8732.0,2025-07-28T12:20:42.997179
2025-07-28,109900,2025072804015771,AKJCL,Capital Max Securities Ltd,Trishakti Securities Public Limited,1000,218.3,218300.0,2025-07-28T12:21:15.610944
2025-07-28,109833,2025072804015795,AKJCL,Capital Max Securities Ltd,Vision Securities Pvt. Ltd,130,218.3,28379.0,2025-07-28T12:21:19.386069
2025-07-28,109257,2025072804015973,AKJCL,Capital Max Securities Ltd,Vision Securities Pvt. Ltd,500,218.3,109150.0,2025-07-28T12:21:55.147838
2025-07-28,109149,2025072804016004,AKJCL,Capital Max Securities Ltd,Online Securities Pvt. Ltd.,1070,218.3,233581.0,2025-07-28T12:22:03.004302
2025-07-28,109148,2025072804016005,AKJCL,Online Securities Pvt. Ltd.,Online Securities Pvt. Ltd.,30,218.3,6549.0,2025-07-28T12:22:03.00465
2025-07-28,108887,2025072804016061,AKJCL,Neev Securities Pvt. Ltd.,Kumari Securities Private Limited,20,218.4,4368.0,2025-07-28T12:22:21.162839
2025-07-28,108602,2025072804016188,AKJCL,Bhrikuti Stock Broking Co. Pvt. Ltd.,Nepal Stock House (PVT) Ltd.,100,218.5,21850.0,2025-07-28T12:22:39.953989
2025-07-28,108601,2025072804016189,AKJCL,Bhrikuti Stock Broking Co. Pvt. Ltd.,Deevyaa Securities & Stock House Pvt. Ltd,360,218.5,78660.0,2025-07-28T12:22:39.95433
2025-07-28,108034,2025072804016318,AKJCL,South Asian Bulls Pvt. Ltd.,Sweta Securities Private Limited,100,218.3,21830.0,2025-07-28T12:23:19.759621
2025-07-28,108033,2025072804016319,AKJCL,Neev Securities Pvt. Ltd.,Sweta Securities Private Limited,100,218.3,21830.0,2025-07-28T12:23:19.759978
2025-07-28,107918,2025072804016357,AKJCL,Neev Securities Pvt. Ltd.,Cristal Kanchanjanga Securites Pvt. Ltd.,800,218.3,174640.0,2025-07-28T12:23:27.144745
2025-07-28,107701,2025072804016440,AKJCL,Neev Securities Pvt. Ltd.,Capital Max Securities Ltd,20,218.3,4366.0,2025-07-28T12:23:38.954976
2025-07-28,107549,2025072804016483,AKJCL,Neev Securities Pvt. Ltd.,Premier Securities Company Ltd.,33,218.3,7203.9,2025-07-28T12:23:49.330343
2025-07-28,107499,2025072804016496,AKJCL,Neev Securities Pvt. Ltd.,Nagarik Stock Dealer ,935,218.3,204110.5,2025-07-28T12:23:52.396739
2025-07-28,107304,2025072804016558,AKJCL,Neev Securities Pvt. Ltd.,Online Securities Pvt. Ltd.,112,218.3,24449.6,2025-07-28T12:24:06.849156
2025-07-28,107104,2025072804016616,AKJCL,Imperial Securities Company Pvt. Ltd.,Online Securities Pvt. Ltd.,664,218.3,144951.2,2025-07-28T12:24:22.923768
2025-07-28,107103,2025072804016617,AKJCL,Imperial Securities Company Pvt. Ltd.,Vision Securities Pvt. Ltd,36,218.3,7858.8,2025-07-28T12:24:22.924072
2025-07-28,107011,2025072804016651,AKJCL,Siprabi Securities Pvt. Ltd.,Vision Securities Pvt. Ltd,500,218.2,109100.0,2025-07-28T12:24:28.319385
2025-07-28,106914,2025072804016670,AKJCL,Siprabi Securities Pvt. Ltd.,Online Securities Pvt. Ltd.,57,218.2,12437.4,2025-07-28T12:24:37.072852
2025-07-28,106891,2025072804016675,AKJCL,Siprabi Securities Pvt. Ltd.,Naasa Securities Co. Ltd.,1298,218.2,283223.6,2025-07-28T12:24:38.238061
2025-07-28,106640,2025072804016727,AKJCL,Siprabi Securities Pvt. Ltd.,Online Securities Pvt. Ltd.,100,218.2,21820.0,2025-07-28T12:24:53.431458
2025-07-28,106453,2025072804016761,AKJCL,Kumari Securities Private Limited,Vision Securities Pvt. Ltd,21,218.3,4584.3,2025-07-28T12:25:06.145837
2025-07-28,106452,2025072804016762,AKJCL,Kumari Securities Private Limited,Online Securities Pvt. Ltd.,20,218.3,4366.0,2025-07-28T12:25:06.146203
2025-07-28,106451,2025072804016763,AKJCL,Kumari Securities Private Limited,Kumari Securities Private Limited,20,218.3,4366.0,2025-07-28T12:25:06.146362
2025-07-28,106398,2025072804016773,AKJCL,Kumari Securities Private Limited,Naasa Securities Co. Ltd.,39,218.3,8513.7,2025-07-28T12:25:09.522837
2025-07-28,106397,2025072804016774,AKJCL,Siprabi Securities Pvt. Ltd.,Naasa Securities Co. Ltd.,2061,218.2,449710.2,2025-07-28T12:25:09.523478
2025-07-28,106171,2025072804016841,AKJCL,Siprabi Securities Pvt. Ltd.,Dynamic Money Managers Securities Pvt. Ltd.,61,218.2,13310.2,2025-07-28T12:25:27.734396
2025-07-28,106092,2025072804016854,AKJCL,Capital Max Securities Ltd,Infinity Securities Limited,300,218.1,65430.0,2025-07-28T12:25:34.321566
2025-07-28,106091,2025072804016855,AKJCL,South Asian Bulls Pvt. Ltd.,Infinity Securities Limited,150,218.1,32715.0,2025-07-28T12:25:34.322157
2025-07-28,106090,2025072804016856,AKJCL,Imperial Securities Company Pvt. Ltd.,Infinity Securities Limited,1000,218.1,218100.0,2025-07-28T12:25:34.322554
2025-07-28,106089,2025072804016857,AKJCL,Sundhara Securities Limited,Infinity Securities Limited,200,218.1,43620.0,2025-07-28T12:25:34.322934
2025-07-28,106044,2025072804016865,AKJCL,Linch Stock Market Ltd.,Infinity Securities Limited,1350,218.1,294435.0,2025-07-28T12:25:38.344901
2025-07-28,106043,2025072804016866,AKJCL,Linch Stock Market Ltd.,Dynamic Money Managers Securities Pvt. Ltd.,197,218.2,42985.4,2025-07-28T12:25:38.345198
2025-07-28,104898,2025072804017166,AKJCL,Primo Securities (PVT) Ltd.,Deevyaa Securities & Stock House Pvt. Ltd,640,218.5,139840.0,2025-07-28T12:27:05.013459
2025-07-28,104897,2025072804017167,AKJCL,Primo Securities (PVT) Ltd.,Kumari Securities Private Limited,30,218.5,6555.0,2025-07-28T12:27:05.01383
2025-07-28,104896,2025072804017168,AKJCL,Primo Securities (PVT) Ltd.,Online Securities Pvt. Ltd.,50,218.5,10925.0,2025-07-28T12:27:05.013978
2025-07-28,104895,2025072804017169,AKJCL,Primo Securities (PVT) Ltd.,KALASH STOCK MARKET PVT. LTD.,100,218.5,21850.0,2025-07-28T12:27:05.014137
2025-07-28,104872,2025072804017173,AKJCL,Primo Securities (PVT) Ltd.,Asian Securities Private Ltd.,180,218.5,39330.0,2025-07-28T12:27:06.661283
2025-07-28,104871,2025072804017174,AKJCL,ABC Securities Private Limited,Asian Securities Private Ltd.,820,218.4,179088.0,2025-07-28T12:27:06.661645
2025-07-28,104721,2025072804017220,AKJCL,ABC Securities Private Limited,Naasa Securities Co. Ltd.,180,218.4,39312.0,2025-07-28T12:27:17.81862
2025-07-28,104457,2025072804017281,AKJCL,Global IME Securities Limited,Naasa Securities Co. Ltd.,200,218.4,43680.0,2025-07-28T12:27:37.675844
2025-07-28,104057,2025072804017373,AKJCL,Primo Securities (PVT) Ltd.,Sani Securities Company Ltd.,150,218.3,32745.0,2025-07-28T12:28:06.695516
2025-07-28,104018,2025072804017394,AKJCL,Sani Securities Company Ltd.,Naasa Securities Co. Ltd.,200,218.4,43680.0,2025-07-28T12:28:08.005305
2025-07-28,103986,2025072804017403,AKJCL,Primo Securities (PVT) Ltd.,Online Securities Pvt. Ltd.,100,218.3,21830.0,2025-07-28T12:28:11.054764
2025-07-28,103971,2025072804017404,AKJCL,Primo Securities (PVT) Ltd.,Linch Stock Market Ltd.,1750,218.3,382025.0,2025-07-28T12:28:11.976903
2025-07-28,103941,2025072804017413,AKJCL,Kohinoor Investment & Securities Pvt. Ltd.,Linch Stock Market Ltd.,250,218.3,54575.0,2025-07-28T12:28:13.991571
2025-07-28,103940,2025072804017414,AKJCL,Kohinoor Investment & Securities Pvt. Ltd.,Naasa Securities Co. Ltd.,250,218.4,54600.0,2025-07-28T12:28:13.991936
2025-07-28,103821,2025072804017448,AKJCL,Imperial Securities Company Pvt. Ltd.,Naasa Securities Co. Ltd.,50,218.4,10920.0,2025-07-28T12:28:23.236593
2025-07-28,103667,2025072804017487,AKJCL,Siprabi Securities Pvt. Ltd.,Naasa Securities Co. Ltd.,70,218.4,15288.0,2025-07-28T12:28:34.683505
2025-07-28,103589,2025072804017506,AKJCL,Linch Stock Market Ltd.,Naasa Securities Co. Ltd.,215,218.2,46913.0,2025-07-28T12:28:41.175838
2025-07-28,103448,2025072804017524,AKJCL,Sani Securities Company Ltd.,Naasa Securities Co. Ltd.,50,218.4,10920.0,2025-07-28T12:28:49.046492
2025-07-28,102673,2025072804017703,AKJCL,Linch Stock Market Ltd.,Kumari Securities Private Limited,20,218.7,4374.0,2025-07-28T12:29:43.277409
2025-07-28,102672,2025072804017704,AKJCL,Linch Stock Market Ltd.,Nepal Stock House (PVT) Ltd.,100,218.7,21870.0,2025-07-28T12:29:43.277767
2025-07-28,102671,2025072804017705,AKJCL,Linch Stock Market Ltd.,Naasa Securities Co. Ltd.,250,218.7,54675.0,2025-07-28T12:29:43.277905
2025-07-28,102641,2025072804017711,AKJCL,Linch Stock Market Ltd.,Sani Securities Company Ltd.,770,218.7,168399.0,2025-07-28T12:29:46.409101
2025-07-28,102275,2025072804017773,AKJCL,Linch Stock Market Ltd.,Midas Stock Broking Company Private Limited,313,218.7,68453.1,2025-07-28T12:30:15.756406
2025-07-28,102235,2025072804017786,AKJCL,Sani Securities Company Ltd.,Sani Securities Company Ltd.,10,219.0,2190.0,2025-07-28T12:30:18.896685
2025-07-28,102234,2025072804017787,AKJCL,Sani Securities Company Ltd.,Sani Securities Company Ltd.,240,219.0,52560.0,2025-07-28T12:30:18.897062
2025-07-28,102097,2025072804017818,AKJCL,Imperial Securities Company Pvt. Ltd.,Sani Securities Company Ltd.,110,219.0,24090.0,2025-07-28T12:30:29.636369
2025-07-28,102096,2025072804017819,AKJCL,Imperial Securities Company Pvt. Ltd.,Oxford Securities Pvt. Ltd.,1000,219.0,219000.0,2025-07-28T12:30:29.636726
2025-07-28,102095,2025072804017820,AKJCL,Imperial Securities Company Pvt. Ltd.,Deevyaa Securities & Stock House Pvt. Ltd,250,219.0,54750.0,2025-07-28T12:30:29.636865
2025-07-28,102094,2025072804017821,AKJCL,Imperial Securities Company Pvt. Ltd.,Online Securities Pvt. Ltd.,14,219.0,3066.0,2025-07-28T12:30:29.637
2025-07-28,102044,2025072804017831,AKJCL,Imperial Securities Company Pvt. Ltd.,Naasa Securities Co. Ltd.,126,219.0,27594.0,2025-07-28T12:30:34.151742
2025-07-28,102043,2025072804017832,AKJCL,Linch Stock Market Ltd.,Naasa Securities Co. Ltd.,1074,218.7,234883.8,2025-07-28T12:30:34.152067
2025-07-28,101596,2025072804017950,AKJCL,Linch Stock Market Ltd.,Primo Securities (PVT) Ltd.,500,218.7,109350.0,2025-07-28T12:31:13.865374
2025-07-28,101385,2025072804017983,AKJCL,Online Securities Pvt. Ltd.,Primo Securities (PVT) Ltd.,60,219.0,13140.0,2025-07-28T12:31:31.770987
2025-07-28,101365,2025072804017986,AKJCL,Linch Stock Market Ltd.,Linch Stock Market Ltd.,211,218.7,46145.7,2025-07-28T12:31:34.316019
2025-07-28,101364,2025072804017987,AKJCL,Dipshikha Dhitopatra Karobar Co. Pvt Ltd.,Linch Stock Market Ltd.,789,218.5,172396.5,2025-07-28T12:31:34.316099
2025-07-28,101360,2025072804017988,AKJCL,Aryatara Investment & Securities,Primo Securities (PVT) Ltd.,140,219.0,30660.0,2025-07-28T12:31:34.788374
2025-07-28,101359,2025072804017989,AKJCL,Aryatara Investment & Securities,Imperial Securities Company Pvt. Ltd.,160,219.0,35040.0,2025-07-28T12:31:34.788713
2025-07-28,101056,2025072804018045,AKJCL,Dipshikha Dhitopatra Karobar Co. Pvt Ltd.,Dynamic Money Managers Securities Pvt. Ltd.,250,218.5,54625.0,2025-07-28T12:31:57.670729
2025-07-28,101039,2025072804018052,AKJCL,Asian Securities Private Ltd.,Imperial Securities Company Pvt. Ltd.,40,219.0,8760.0,2025-07-28T12:31:59.575847
2025-07-28,101038,2025072804018053,AKJCL,Asian Securities Private Ltd.,Agrawal Securities (PVT) Ltd.,100,219.0,21900.0,2025-07-28T12:31:59.57621
2025-07-28,100841,2025072804018089,AKJCL,Asian Securities Private Ltd.,Neev Securities Pvt. Ltd.,50,219.0,10950.0,2025-07-28T12:32:16.914564
2025-07-28,99924,2025072804018286,AKJCL,Vision Securities Pvt. Ltd,Aryatara Investment & Securities,200,219.1,43820.0,2025-07-28T12:33:31.861793
2025-07-28,99873,2025072804018302,AKJCL,Asian Securities Private Ltd.,Aryatara Investment & Securities,10,219.1,2191.0,2025-07-28T12:33:38.464087
2025-07-28,99729,2025072804018322,AKJCL,Sumeru Securities Pvt. Ltd.,Neev Securities Pvt. Ltd.,700,219.0,153300.0,2025-07-28T12:33:51.409507
2025-07-28,99630,2025072804018353,AKJCL,Sumeru Securities Pvt. Ltd.,Market Securities & Exchange (PVT) Ltd.,1000,219.0,219000.0,2025-07-28T12:34:00.959339
2025-07-28,99057,2025072804018505,AKJCL,Sumeru Securities Pvt. Ltd.,Online Securities Pvt. Ltd.,150,219.0,32850.0,2025-07-28T12:34:44.543137
2025-07-28,98905,2025072804018533,AKJCL,Sumeru Securities Pvt. Ltd.,Naasa Securities Co. Ltd.,150,219.0,32850.0,2025-07-28T12:35:00.364976
2025-07-28,98904,2025072804018534,AKJCL,Imperial Securities Company Pvt. Ltd.,Naasa Securities Co. Ltd.,850,219.0,186150.0,2025-07-28T12:35:00.365385
2025-07-28,98876,2025072804018542,AKJCL,Imperial Securities Company Pvt. Ltd.,MILKY WAY SHARE BROKER COMPANY LTD ,100,219.0,21900.0,2025-07-28T12:35:02.184159
2025-07-28,98794,2025072804018552,AKJCL,Imperial Securities Company Pvt. Ltd.,ABC Securities Private Limited,25,219.0,5475.0,2025-07-28T12:35:09.737097
2025-07-28,98481,2025072804018605,AKJCL,Imperial Securities Company Pvt. Ltd.,Roadshow securities limited,25,219.0,5475.0,2025-07-28T12:35:31.125463
2025-07-28,98480,2025072804018606,AKJCL,Sumeru Securities Pvt. Ltd.,Roadshow securities limited,326,219.0,71394.0,2025-07-28T12:35:31.12583
2025-07-28,98385,2025072804018646,AKJCL,Nepal Stock House (PVT) Ltd.,Aryatara Investment & Securities,40,219.1,8764.0,2025-07-28T12:35:38.193351
2025-07-28,98384,2025072804018647,AKJCL,Nepal Stock House (PVT) Ltd.,Premier Securities Company Ltd.,100,219.1,21910.0,2025-07-28T12:35:38.194027
2025-07-28,98383,2025072804018648,AKJCL,Nepal Stock House (PVT) Ltd.,Sani Securities Company Ltd.,500,219.2,109600.0,2025-07-28T12:35:38.194503
2025-07-28,98382,2025072804018649,AKJCL,Nepal Stock House (PVT) Ltd.,Nepal Stock House (PVT) Ltd.,360,219.2,78912.0,2025-07-28T12:35:38.194947
2025-07-28,98252,2025072804018665,AKJCL,Sumeru Securities Pvt. Ltd.,Imperial Securities Company Pvt. Ltd.,500,219.0,109500.0,2025-07-28T12:35:48.27017
2025-07-28,98041,2025072804018700,AKJCL,Nepal Stock House (PVT) Ltd.,Nepal Stock House (PVT) Ltd.,140,219.2,30688.0,2025-07-28T12:35:57.431727
2025-07-28,97955,2025072804018719,AKJCL,Nepal Stock House (PVT) Ltd.,Market Securities & Exchange (PVT) Ltd.,200,219.2,43840.0,2025-07-28T12:36:03.843286
2025-07-28,97481,2025072804018830,AKJCL,Aryatara Investment & Securities,Kumari Securities Private Limited,10,219.3,2193.0,2025-07-28T12:36:45.967267
2025-07-28,94640,2025072804019451,AKJCL,Aryatara Investment & Securities,Aryatara Investment & Securities,100,219.4,21940.0,2025-07-28T12:40:19.886895
2025-07-28,94514,2025072804019475,AKJCL,Vision Securities Pvt. Ltd,Naasa Securities Co. Ltd.,10,219.3,2193.0,2025-07-28T12:40:24.731793
2025-07-28,94513,2025072804019476,AKJCL,Kohinoor Investment & Securities Pvt. Ltd.,Naasa Securities Co. Ltd.,1490,219.2,326608.0,2025-07-28T12:40:24.73219
2025-07-28,94489,2025072804019478,AKJCL,Trishakti Securities Public Limited,Deevyaa Securities & Stock House Pvt. Ltd,800,219.5,175600.0,2025-07-28T12:40:25.740836
2025-07-28,94488,2025072804019479,AKJCL,Trishakti Securities Public Limited,Primo Securities (PVT) Ltd.,200,219.6,43920.0,2025-07-28T12:40:25.740909
2025-07-28,94031,2025072804019621,AKJCL,Vision Securities Pvt. Ltd,Kumari Securities Private Limited,10,219.6,2196.0,2025-07-28T12:40:50.644731
2025-07-28,93797,2025072804019668,AKJCL,Sweta Securities Private Limited,Capital Max Securities Ltd,300,219.4,65820.0,2025-07-28T12:41:00.968593
2025-07-28,93659,2025072804019726,AKJCL,Primo Securities (PVT) Ltd.,Kumari Securities Private Limited,10,219.7,2197.0,2025-07-28T12:41:09.371954
2025-07-28,93658,2025072804019727,AKJCL,Primo Securities (PVT) Ltd.,Ashutosh Brokerage & Securities (PVT) Ltd.,190,219.8,41762.0,2025-07-28T12:41:09.372745
2025-07-28,92861,2025072804019916,AKJCL,Market Securities & Exchange (PVT) Ltd.,Opal Securities Investment (PVT) Ltd.,200,219.6,43920.0,2025-07-28T12:41:43.861332
2025-07-28,92860,2025072804019917,AKJCL,Aryatara Investment & Securities,Opal Securities Investment (PVT) Ltd.,280,219.5,61460.0,2025-07-28T12:41:43.861374
2025-07-28,92859,2025072804019918,AKJCL,Trishakti Securities Public Limited,Opal Securities Investment (PVT) Ltd.,20,219.5,4390.0,2025-07-28T12:41:43.861397
2025-07-28,92339,2025072804020052,AKJCL,Neev Securities Pvt. Ltd.,J.F. Securites (PVT) Ltd.,200,219.6,43920.0,2025-07-28T12:42:09.478089
2025-07-28,92338,2025072804020053,AKJCL,Trishakti Securities Public Limited,J.F. Securites (PVT) Ltd.,480,219.5,105360.0,2025-07-28T12:42:09.478524
2025-07-28,92337,2025072804020054,AKJCL,Sweta Securities Private Limited,J.F. Securites (PVT) Ltd.,570,219.4,125058.0,2025-07-28T12:42:09.478726
2025-07-28,91777,2025072804020207,AKJCL,Aryatara Investment & Securities,Sweta Securities Private Limited,50,219.5,10975.0,2025-07-28T12:42:42.651565
2025-07-28,91587,2025072804020250,AKJCL,Dakshinkali Investment & Securities Pvt. Ltd.,Naasa Securities Co. Ltd.,200,219.6,43920.0,2025-07-28T12:42:54.62051
2025-07-28,91586,2025072804020251,AKJCL,Dakshinkali Investment & Securities Pvt. Ltd.,Naasa Securities Co. Ltd.,200,219.8,43960.0,2025-07-28T12:42:54.620868
2025-07-28,91585,2025072804020252,AKJCL,Dakshinkali Investment & Securities Pvt. Ltd.,Oxford Securities Pvt. Ltd.,1600,219.9,351840.0,2025-07-28T12:42:54.62102
2025-07-28,91430,2025072804020294,AKJCL,Aryatara Investment & Securities,Aryatara Investment & Securities,300,219.5,65850.0,2025-07-28T12:43:04.655527
2025-07-28,90587,2025072804020483,AKJCL,Trishakti Securities Public Limited,Primo Securities (PVT) Ltd.,200,219.9,43980.0,2025-07-28T12:43:57.170646
2025-07-28,90586,2025072804020484,AKJCL,Trishakti Securities Public Limited,Naasa Securities Co. Ltd.,200,219.9,43980.0,2025-07-28T12:43:57.171349
2025-07-28,90585,2025072804020485,AKJCL,Trishakti Securities Public Limited,Imperial Securities Company Pvt. Ltd.,100,220.0,22000.0,2025-07-28T12:43:57.171813
2025-07-28,90330,2025072804020548,AKJCL,Premier Securities Company Ltd.,Imperial Securities Company Pvt. Ltd.,46,220.0,10120.0,2025-07-28T12:44:16.480784
2025-07-28,90329,2025072804020549,AKJCL,Premier Securities Company Ltd.,Sumeru Securities Pvt. Ltd.,26,220.0,5720.0,2025-07-28T12:44:16.481149
2025-07-28,90328,2025072804020550,AKJCL,Premier Securities Company Ltd.,Asian Securities Private Ltd.,100,220.0,22000.0,2025-07-28T12:44:16.481309
2025-07-28,90327,2025072804020551,AKJCL,Premier Securities Company Ltd.,Deevyaa Securities & Stock House Pvt. Ltd,128,220.0,28160.0,2025-07-28T12:44:16.48149
2025-07-28,90179,2025072804020590,AKJCL,Kalika Securities Pvt. Ltd.,Deevyaa Securities & Stock House Pvt. Ltd,572,220.0,125840.0,2025-07-28T12:44:32.993572
2025-07-28,90178,2025072804020591,AKJCL,Kalika Securities Pvt. Ltd.,Ashutosh Brokerage & Securities (PVT) Ltd.,200,220.0,44000.0,2025-07-28T12:44:32.993986
2025-07-28,90177,2025072804020592,AKJCL,Kalika Securities Pvt. Ltd.,Sani Securities Company Ltd.,10,220.0,2200.0,2025-07-28T12:44:32.994146
2025-07-28,90176,2025072804020593,AKJCL,Kalika Securities Pvt. Ltd.,Naasa Securities Co. Ltd.,250,220.0,55000.0,2025-07-28T12:44:32.994295
2025-07-28,90175,2025072804020594,AKJCL,Kalika Securities Pvt. Ltd.,Midas Stock Broking Company Private Limited,1000,220.0,220000.0,2025-07-28T12:44:32.994468
2025-07-28,90174,2025072804020595,AKJCL,Kalika Securities Pvt. Ltd.,Oxford Securities Pvt. Ltd.,1000,220.0,220000.0,2025-07-28T12:44:32.994632
2025-07-28,90173,2025072804020596,AKJCL,Kalika Securities Pvt. Ltd.,Midas Stock Broking Company Private Limited,250,220.0,55000.0,2025-07-28T12:44:32.994781
2025-07-28,90172,2025072804020597,AKJCL,Kalika Securities Pvt. Ltd.,Trishakti Securities Public Limited,500,220.0,110000.0,2025-07-28T12:44:32.994974
2025-07-28,90171,2025072804020598,AKJCL,Kalika Securities Pvt. Ltd.,Thrive Brokerage House Pvt. Ltd,1000,220.0,220000.0,2025-07-28T12:44:32.995227
2025-07-28,90170,2025072804020599,AKJCL,Kalika Securities Pvt. Ltd.,Sani Securities Company Ltd.,218,220.0,47960.0,2025-07-28T12:44:32.995424
2025-07-28,89844,2025072804020676,AKJCL,Kalika Securities Pvt. Ltd.,Sani Securities Company Ltd.,1282,220.0,282040.0,2025-07-28T12:44:58.848811
2025-07-28,89843,2025072804020677,AKJCL,Kalika Securities Pvt. Ltd.,Sani Securities Company Ltd.,1000,220.0,220000.0,2025-07-28T12:44:58.849515
2025-07-28,89842,2025072804020678,AKJCL,Kalika Securities Pvt. Ltd.,Agrawal Securities (PVT) Ltd.,1000,220.0,220000.0,2025-07-28T12:44:58.849964
2025-07-28,89841,2025072804020679,AKJCL,Kalika Securities Pvt. Ltd.,Dipshikha Dhitopatra Karobar Co. Pvt Ltd.,232,220.0,51040.0,2025-07-28T12:44:58.85042
2025-07-28,89840,2025072804020680,AKJCL,Kalika Securities Pvt. Ltd.,Kohinoor Investment & Securities Pvt. Ltd.,30,220.0,6600.0,2025-07-28T12:44:58.850886
2025-07-28,89839,2025072804020681,AKJCL,Kalika Securities Pvt. Ltd.,Naasa Securities Co. Ltd.,456,220.0,100320.0,2025-07-28T12:44:58.851357
2025-07-28,89600,2025072804020722,AKJCL,Vision Securities Pvt. Ltd,Naasa Securities Co. Ltd.,200,220.0,44000.0,2025-07-28T12:45:17.399511
2025-07-28,89529,2025072804020757,AKJCL,Deevyaa Securities & Stock House Pvt. Ltd,NIMB Stock Markets Limited,500,219.6,109800.0,2025-07-28T12:45:21.927109
2025-07-28,89446,2025072804020811,AKJCL,South Asian Bulls Pvt. Ltd.,NIMB Stock Markets Limited,500,219.6,109800.0,2025-07-28T12:45:25.101324
2025-07-28,89445,2025072804020812,AKJCL,South Asian Bulls Pvt. Ltd.,Naasa Securities Co. Ltd.,94,220.0,20680.0,2025-07-28T12:45:25.101687
2025-07-28,89444,2025072804020813,AKJCL,South Asian Bulls Pvt. Ltd.,Naasa Securities Co. Ltd.,200,220.0,44000.0,2025-07-28T12:45:25.101839
2025-07-28,89443,2025072804020814,AKJCL,South Asian Bulls Pvt. Ltd.,J.F. Securites (PVT) Ltd.,20,220.0,4400.0,2025-07-28T12:45:25.101986
2025-07-28,89442,2025072804020815,AKJCL,South Asian Bulls Pvt. Ltd.,Dipshikha Dhitopatra Karobar Co. Pvt Ltd.,200,220.0,44000.0,2025-07-28T12:45:25.102134
2025-07-28,89441,2025072804020816,AKJCL,South Asian Bulls Pvt. Ltd.,Kumari Securities Private Limited,10,220.0,2200.0,2025-07-28T12:45:25.102282
2025-07-28,88697,2025072804020963,AKJCL,Aryatara Investment & Securities,Naasa Securities Co. Ltd.,20,220.1,4402.0,2025-07-28T12:46:19.596535
2025-07-28,88685,2025072804020966,AKJCL,Aryatara Investment & Securities,NIMB Stock Markets Limited,30,220.1,6603.0,2025-07-28T12:46:21.607437
2025-07-28,88684,2025072804020967,AKJCL,Nepal Stock House (PVT) Ltd.,NIMB Stock Markets Limited,970,220.1,213497.0,2025-07-28T12:46:21.60812
2025-07-28,88168,2025072804021113,AKJCL,Dipshikha Dhitopatra Karobar Co. Pvt Ltd.,Kumari Securities Private Limited,10,220.3,2203.0,2025-07-28T12:47:05.781252
2025-07-28,87074,2025072804021449,AKJCL,Himalayan Brokerage Company Limited,SUN SECURITIES PVT LTD,200,220.4,44080.0,2025-07-28T12:49:03.54468
2025-07-28,87073,2025072804021450,AKJCL,Kumari Securities Private Limited,SUN SECURITIES PVT LTD,20,220.4,4408.0,2025-07-28T12:49:03.545086
2025-07-28,87072,2025072804021451,AKJCL,Aryatara Investment & Securities,SUN SECURITIES PVT LTD,500,220.3,110150.0,2025-07-28T12:49:03.545271
2025-07-28,87071,2025072804021452,AKJCL,Nepal Stock House (PVT) Ltd.,SUN SECURITIES PVT LTD,30,220.1,6603.0,2025-07-28T12:49:03.54549
2025-07-28,87070,2025072804021453,AKJCL,South Asian Bulls Pvt. Ltd.,SUN SECURITIES PVT LTD,250,220.0,55000.0,2025-07-28T12:49:03.545696
2025-07-28,86835,2025072804021511,AKJCL,Deevyaa Securities & Stock House Pvt. Ltd,SUN SECURITIES PVT LTD,100,220.5,22050.0,2025-07-28T12:49:24.516453
2025-07-28,86834,2025072804021512,AKJCL,Aryatara Investment & Securities,SUN SECURITIES PVT LTD,291,220.1,64049.1,2025-07-28T12:49:24.516805
2025-07-28,86833,2025072804021513,AKJCL,South Asian Bulls Pvt. Ltd.,SUN SECURITIES PVT LTD,869,220.0,191180.0,2025-07-28T12:49:24.516978
2025-07-28,86820,2025072804021516,AKJCL,Sewa Securities Pvt. Ltd.,Primo Securities (PVT) Ltd.,10,220.7,2207.0,2025-07-28T12:49:27.292628
2025-07-28,86694,2025072804021545,AKJCL,South Asian Bulls Pvt. Ltd.,Aryatara Investment & Securities,857,220.0,188540.0,2025-07-28T12:49:38.091489
2025-07-28,86693,2025072804021546,AKJCL,Trisul Securities & Invt. Ltd.,Aryatara Investment & Securities,1000,220.0,220000.0,2025-07-28T12:49:38.091854
2025-07-28,86692,2025072804021547,AKJCL,Dipshikha Dhitopatra Karobar Co. Pvt Ltd.,Aryatara Investment & Securities,143,220.0,31460.0,2025-07-28T12:49:38.092005
2025-07-28,86385,2025072804021635,AKJCL,Dynamic Money Managers Securities Pvt. Ltd.,Aryatara Investment & Securities,200,220.1,44020.0,2025-07-28T12:50:08.466574
2025-07-28,86384,2025072804021636,AKJCL,Dipshikha Dhitopatra Karobar Co. Pvt Ltd.,Aryatara Investment & Securities,157,220.0,34540.0,2025-07-28T12:50:08.467263
2025-07-28,86383,2025072804021637,AKJCL,Trisul Securities & Invt. Ltd.,Aryatara Investment & Securities,50,220.0,11000.0,2025-07-28T12:50:08.467779
2025-07-28,86382,2025072804021638,AKJCL,Cristal Kanchanjanga Securites Pvt. Ltd.,Aryatara Investment & Securities,1350,220.0,297000.0,2025-07-28T12:50:08.468229
2025-07-28,86381,2025072804021639,AKJCL,Capital Max Securities Ltd,Aryatara Investment & Securities,200,220.0,44000.0,2025-07-28T12:50:08.468678
2025-07-28,86380,2025072804021640,AKJCL,Naasa Securities Co. Ltd.,Aryatara Investment & Securities,43,220.0,9460.0,2025-07-28T12:50:08.469142
2025-07-28,86181,2025072804021698,AKJCL,Naasa Securities Co. Ltd.,Aryatara Investment & Securities,957,220.0,210540.0,2025-07-28T12:50:34.765447
2025-07-28,86101,2025072804021713,AKJCL,Naasa Securities Co. Ltd.,Aryatara Investment & Securities,100,220.0,22000.0,2025-07-28T12:50:44.563742
2025-07-28,86086,2025072804021719,AKJCL,Primo Securities (PVT) Ltd.,Aryatara Investment & Securities,600,220.0,132000.0,2025-07-28T12:50:46.502163
2025-07-28,85896,2025072804021773,AKJCL,Secured Securities Ltd.,Aryatara Investment & Securities,50,220.0,11000.0,2025-07-28T12:51:06.590929
2025-07-28,85702,2025072804021836,AKJCL,Imperial Securities Company Pvt. Ltd.,Aryatara Investment & Securities,200,220.0,44000.0,2025-07-28T12:51:27.262302
2025-07-28,85522,2025072804021907,AKJCL,Imperial Securities Company Pvt. Ltd.,Aryatara Investment & Securities,93,220.0,20460.0,2025-07-28T12:51:49.625548
2025-07-28,85521,2025072804021908,AKJCL,Imperial Securities Company Pvt. Ltd.,Aryatara Investment & Securities,1100,220.0,242000.0,2025-07-28T12:51:49.625661
2025-07-28,85520,2025072804021909,AKJCL,Imperial Securities Company Pvt. Ltd.,Kumari Securities Private Limited,10,220.5,2205.0,2025-07-28T12:51:49.62574
2025-07-28,85519,2025072804021910,AKJCL,Imperial Securities Company Pvt. Ltd.,J.F. Securites (PVT) Ltd.,297,220.6,65518.2,2025-07-28T12:51:49.625816
2025-07-28,85205,2025072804021983,AKJCL,Sundhara Securities Limited,Sundhara Securities Limited,25,220.0,5500.0,2025-07-28T12:52:21.203675
2025-07-28,85191,2025072804021990,AKJCL,Sundhara Securities Limited,Vision Securities Pvt. Ltd,200,220.0,44000.0,2025-07-28T12:52:22.449218
2025-07-28,84971,2025072804022056,AKJCL,Neev Securities Pvt. Ltd.,Sweta Securities Private Limited,100,220.1,22010.0,2025-07-28T12:52:49.277634
2025-07-28,84773,2025072804022115,AKJCL,Sundhara Securities Limited,Vision Securities Pvt. Ltd,200,220.0,44000.0,2025-07-28T12:53:04.509647
2025-07-28,84756,2025072804022117,AKJCL,Sundhara Securities Limited,Kohinoor Investment & Securities Pvt. Ltd.,575,220.0,126500.0,2025-07-28T12:53:06.31962
2025-07-28,84755,2025072804022118,AKJCL,Pragyan Securities (PVT) Ltd.,Kohinoor Investment & Securities Pvt. Ltd.,500,220.0,110000.0,2025-07-28T12:53:06.32001
2025-07-28,84352,2025072804022195,AKJCL,Primo Securities (PVT) Ltd.,Kohinoor Investment & Securities Pvt. Ltd.,925,220.0,203500.0,2025-07-28T12:53:40.419268
2025-07-28,84351,2025072804022196,AKJCL,Primo Securities (PVT) Ltd.,Trishakti Securities Public Limited,75,220.0,16500.0,2025-07-28T12:53:40.419628
2025-07-28,84324,2025072804022209,AKJCL,Naasa Securities Co. Ltd.,Sewa Securities Pvt. Ltd.,25,219.7,5492.5,2025-07-28T12:53:44.471396
2025-07-28,84323,2025072804022210,AKJCL,Trishakti Securities Public Limited,Sewa Securities Pvt. Ltd.,700,219.7,153790.0,2025-07-28T12:53:44.471724
2025-07-28,84322,2025072804022211,AKJCL,Online Securities Pvt. Ltd.,Sewa Securities Pvt. Ltd.,275,219.7,60417.5,2025-07-28T12:53:44.471875
2025-07-28,83548,2025072804022477,AKJCL,Online Securities Pvt. Ltd.,Online Securities Pvt. Ltd.,25,219.7,5492.5,2025-07-28T12:54:42.038069
2025-07-28,83547,2025072804022478,AKJCL,Dipshikha Dhitopatra Karobar Co. Pvt Ltd.,Online Securities Pvt. Ltd.,500,219.6,109800.0,2025-07-28T12:54:42.038122
2025-07-28,83546,2025072804022479,AKJCL,Vision Securities Pvt. Ltd,Online Securities Pvt. Ltd.,200,219.5,43900.0,2025-07-28T12:54:42.038155
2025-07-28,83545,2025072804022480,AKJCL,Dynamic Money Managers Securities Pvt. Ltd.,Online Securities Pvt. Ltd.,510,219.5,111945.0,2025-07-28T12:54:42.038217
2025-07-28,83544,2025072804022481,AKJCL,Imperial Securities Company Pvt. Ltd.,Online Securities Pvt. Ltd.,115,219.5,25242.5,2025-07-28T12:54:42.038242
2025-07-28,83543,2025072804022482,AKJCL,Imperial Securities Company Pvt. Ltd.,Online Securities Pvt. Ltd.,50,219.5,10975.0,2025-07-28T12:54:42.038265
2025-07-28,83256,2025072804022558,AKJCL,Himalayan Brokerage Company Limited,Midas Stock Broking Company Private Limited,100,219.7,21970.0,2025-07-28T12:55:05.705723
2025-07-28,83255,2025072804022559,AKJCL,Imperial Securities Company Pvt. Ltd.,Midas Stock Broking Company Private Limited,450,219.5,98775.0,2025-07-28T12:55:05.706152
2025-07-28,83254,2025072804022560,AKJCL,Sweta Securities Private Limited,Midas Stock Broking Company Private Limited,130,219.4,28522.0,2025-07-28T12:55:05.70632
2025-07-28,83253,2025072804022561,AKJCL,Kohinoor Investment & Securities Pvt. Ltd.,Midas Stock Broking Company Private Limited,510,219.2,111792.0,2025-07-28T12:55:05.706468
2025-07-28,83252,2025072804022562,AKJCL,Nepal Stock House (PVT) Ltd.,Midas Stock Broking Company Private Limited,660,219.1,144606.0,2025-07-28T12:55:05.706632
2025-07-28,83251,2025072804022563,AKJCL,Sumeru Securities Pvt. Ltd.,Midas Stock Broking Company Private Limited,674,219.0,147606.0,2025-07-28T12:55:05.706814
2025-07-28,83250,2025072804022564,AKJCL,Imperial Securities Company Pvt. Ltd.,Midas Stock Broking Company Private Limited,476,219.0,104244.0,2025-07-28T12:55:05.706973
2025-07-28,83085,2025072804022604,AKJCL,Imperial Securities Company Pvt. Ltd.,Premier Securities Company Ltd.,524,219.0,114756.0,2025-07-28T12:55:23.685955
2025-07-28,83084,2025072804022605,AKJCL,Imperial Securities Company Pvt. Ltd.,Premier Securities Company Ltd.,100,219.0,21900.0,2025-07-28T12:55:23.686292
2025-07-28,83083,2025072804022606,AKJCL,Siprabi Securities Pvt. Ltd.,Premier Securities Company Ltd.,15,219.0,3285.0,2025-07-28T12:55:23.686456
2025-07-28,83082,2025072804022607,AKJCL,Capital Max Securities Ltd,Premier Securities Company Ltd.,10,219.0,2190.0,2025-07-28T12:55:23.686601
2025-07-28,83081,2025072804022608,AKJCL,Naasa Securities Co. Ltd.,Premier Securities Company Ltd.,250,219.0,54750.0,2025-07-28T12:55:23.686797
2025-07-28,83080,2025072804022609,AKJCL,Vision Securities Pvt. Ltd,Premier Securities Company Ltd.,50,219.0,10950.0,2025-07-28T12:55:23.68695
2025-07-28,83079,2025072804022610,AKJCL,Vision Securities Pvt. Ltd,Premier Securities Company Ltd.,30,219.0,6570.0,2025-07-28T12:55:23.687093
2025-07-28,83078,2025072804022611,AKJCL,Ashutosh Brokerage & Securities (PVT) Ltd.,Premier Securities Company Ltd.,21,219.0,4599.0,2025-07-28T12:55:23.687236
2025-07-28,82697,2025072804022743,AKJCL,Ashutosh Brokerage & Securities (PVT) Ltd.,Kohinoor Investment & Securities Pvt. Ltd.,79,219.0,17301.0,2025-07-28T12:55:57.567495
2025-07-28,82696,2025072804022744,AKJCL,Elite Stock House Limited,Kohinoor Investment & Securities Pvt. Ltd.,350,219.0,76650.0,2025-07-28T12:55:57.567861
2025-07-28,82695,2025072804022745,AKJCL,Imperial Securities Company Pvt. Ltd.,Kohinoor Investment & Securities Pvt. Ltd.,503,219.0,110157.0,2025-07-28T12:55:57.568014
2025-07-28,82694,2025072804022746,AKJCL,Sundhara Securities Limited,Kohinoor Investment & Securities Pvt. Ltd.,68,219.0,14892.0,2025-07-28T12:55:57.56816
2025-07-28,82029,2025072804022922,AKJCL,Sundhara Securities Limited,Nepal Stock House (PVT) Ltd.,22,219.0,4818.0,2025-07-28T12:56:57.935235
2025-07-28,81785,2025072804022958,AKJCL,Sundhara Securities Limited,Naasa Securities Co. Ltd.,10,219.0,2190.0,2025-07-28T12:57:25.663662
2025-07-28,81784,2025072804022959,AKJCL,Asian Securities Private Ltd.,Naasa Securities Co. Ltd.,10,219.0,2190.0,2025-07-28T12:57:25.664014
2025-07-28,81496,2025072804023048,AKJCL,Naasa Securities Co. Ltd.,Naasa Securities Co. Ltd.,25,218.8,5470.0,2025-07-28T12:57:57.588503
2025-07-28,81370,2025072804023075,AKJCL,Naasa Securities Co. Ltd.,Dipshikha Dhitopatra Karobar Co. Pvt Ltd.,322,218.8,70453.6,2025-07-28T12:58:09.948717
2025-07-28,81369,2025072804023076,AKJCL,Naasa Securities Co. Ltd.,Dipshikha Dhitopatra Karobar Co. Pvt Ltd.,50,218.8,10940.0,2025-07-28T12:58:09.949083
2025-07-28,81286,2025072804023087,AKJCL,Siprabi Securities Pvt. Ltd.,Online Securities Pvt. Ltd.,300,218.6,65580.0,2025-07-28T12:58:19.033391
2025-07-28,81285,2025072804023088,AKJCL,Dipshikha Dhitopatra Karobar Co. Pvt Ltd.,Online Securities Pvt. Ltd.,200,218.5,43700.0,2025-07-28T12:58:19.034068
2025-07-28,81216,2025072804023112,AKJCL,Online Securities Pvt. Ltd.,Dipshikha Dhitopatra Karobar Co. Pvt Ltd.,178,218.8,38946.4,2025-07-28T12:58:28.154912
2025-07-28,81215,2025072804023113,AKJCL,Online Securities Pvt. Ltd.,Naasa Securities Co. Ltd.,180,219.0,39420.0,2025-07-28T12:58:28.15531
2025-07-28,80372,2025072804023370,AKJCL,Online Securities Pvt. Ltd.,Secured Securities Ltd.,500,219.1,109550.0,2025-07-28T13:00:04.028693
2025-07-28,80156,2025072804023426,AKJCL,Imperial Securities Company Pvt. Ltd.,Naasa Securities Co. Ltd.,10,219.5,2195.0,2025-07-28T13:00:40.467684
2025-07-28,80155,2025072804023427,AKJCL,Imperial Securities Company Pvt. Ltd.,Sri Hari Securities Pvt. Ltd.,500,219.8,109900.0,2025-07-28T13:00:40.467811
2025-07-28,80154,2025072804023428,AKJCL,Imperial Securities Company Pvt. Ltd.,Kumari Securities Private Limited,10,219.8,2198.0,2025-07-28T13:00:40.467912
2025-07-28,80153,2025072804023429,AKJCL,Imperial Securities Company Pvt. Ltd.,Sweta Securities Private Limited,80,219.9,17592.0,2025-07-28T13:00:40.46801
2025-07-28,80152,2025072804023430,AKJCL,Imperial Securities Company Pvt. Ltd.,Kohinoor Investment & Securities Pvt. Ltd.,900,220.0,198000.0,2025-07-28T13:00:40.468117
2025-07-28,79797,2025072804023574,AKJCL,Online Securities Pvt. Ltd.,Naasa Securities Co. Ltd.,142,219.1,31112.2,2025-07-28T13:01:24.839148
