Date,S.N.,Contract ID,Symbol,Buyer Broker,Seller Broker,quantity,rate,amount,transaction_time
2025-07-28,170356,2025072801000078,GBIME,Global IME Securities Limited,Naasa Securities Co. Ltd.,1,264.0,264.0,2025-07-28T11:01:23.712545
2025-07-28,167087,2025072801000777,GBIME,ABC Securities Private Limited,Nepal Stock House (PVT) Ltd.,1000,261.0,261000.0,2025-07-28T11:08:18.36786
2025-07-28,166741,2025072801000863,GBIME,ABC Securities Private Limited,Market Securities & Exchange (PVT) Ltd.,100,260.0,26000.0,2025-07-28T11:08:56.024195
2025-07-28,166504,2025072801000918,GBIME,ABC Securities Private Limited,Dipshikha Dhitopatra Karobar Co. Pvt Ltd.,900,260.0,234000.0,2025-07-28T11:09:19.755598
2025-07-28,166503,2025072801000919,GBIME,Dipshikha Dhitopatra Karobar Co. Pvt Ltd.,Dipshikha Dhitopatra Karobar Co. Pvt Ltd.,100,260.0,26000.0,2025-07-28T11:09:19.755727
2025-07-28,166206,2025072801000992,GBIME,Dipshikha Dhitopatra Karobar Co. Pvt Ltd.,Kohinoor Investment & Securities Pvt. Ltd.,60,260.0,15600.0,2025-07-28T11:09:39.744004
2025-07-28,166205,2025072801000993,GBIME,Nepal Investment And Securities Trading Private Limited,Kohinoor Investment & Securities Pvt. Ltd.,200,260.0,52000.0,2025-07-28T11:09:39.744157
2025-07-28,166204,2025072801000994,GBIME,Neev Securities Pvt. Ltd.,Kohinoor Investment & Securities Pvt. Ltd.,40,260.0,10400.0,2025-07-28T11:09:39.744216
2025-07-28,165867,2025072801001095,GBIME,Neev Securities Pvt. Ltd.,Shree Krishna Securities Ltd.,60,260.0,15600.0,2025-07-28T11:10:02.617758
2025-07-28,165866,2025072801001096,GBIME,Aryatara Investment & Securities,Shree Krishna Securities Ltd.,40,260.0,10400.0,2025-07-28T11:10:02.6179
2025-07-28,165663,2025072801001156,GBIME,Aryatara Investment & Securities,Sani Securities Company Ltd.,10,260.0,2600.0,2025-07-28T11:10:21.810072
2025-07-28,165436,2025072801001222,GBIME,Aryatara Investment & Securities,Oxford Securities Pvt. Ltd.,714,260.0,185640.0,2025-07-28T11:10:43.602839
2025-07-28,165338,2025072801001241,GBIME,Aryatara Investment & Securities,Naasa Securities Co. Ltd.,52,260.0,13520.0,2025-07-28T11:10:50.337147
2025-07-28,165116,2025072801001300,GBIME,Aryatara Investment & Securities,Asian Securities Private Ltd.,50,260.0,13000.0,2025-07-28T11:11:09.613743
2025-07-28,164985,2025072801001335,GBIME,Aryatara Investment & Securities,Sumeru Securities Pvt. Ltd.,100,260.0,26000.0,2025-07-28T11:11:19.463481
2025-07-28,164765,2025072801001382,GBIME,Aryatara Investment & Securities,Aryatara Investment & Securities,10,260.0,2600.0,2025-07-28T11:11:32.464927
2025-07-28,164730,2025072801001390,GBIME,Aryatara Investment & Securities,Sweta Securities Private Limited,24,260.0,6240.0,2025-07-28T11:11:35.991945
2025-07-28,164729,2025072801001391,GBIME,Naasa Securities Co. Ltd.,Sweta Securities Private Limited,50,260.0,13000.0,2025-07-28T11:11:35.992085
2025-07-28,164434,2025072801001473,GBIME,J.F. Securites (PVT) Ltd.,Naasa Securities Co. Ltd.,295,259.5,76552.5,2025-07-28T11:11:55.29457
2025-07-28,164382,2025072801001486,GBIME,J.F. Securites (PVT) Ltd.,Sri Hari Securities Pvt. Ltd.,52,259.5,13494.0,2025-07-28T11:11:58.829774
2025-07-28,163950,2025072801001604,GBIME,Dynamic Money Managers Securities Pvt. Ltd.,Sweta Securities Private Limited,114,260.0,29640.0,2025-07-28T11:12:32.583651
2025-07-28,163949,2025072801001605,GBIME,Dynamic Money Managers Securities Pvt. Ltd.,S.P.S.A. Securities Limited,15,260.0,3900.0,2025-07-28T11:12:32.58396
2025-07-28,163948,2025072801001606,GBIME,Dynamic Money Managers Securities Pvt. Ltd.,Asian Securities Private Ltd.,27,260.0,7020.0,2025-07-28T11:12:32.584175
2025-07-28,163947,2025072801001607,GBIME,Dynamic Money Managers Securities Pvt. Ltd.,Trishakti Securities Public Limited,44,260.0,11440.0,2025-07-28T11:12:32.584358
2025-07-28,163846,2025072801001622,GBIME,South Asian Bulls Pvt. Ltd.,Trishakti Securities Public Limited,456,260.0,118560.0,2025-07-28T11:12:41.752414
2025-07-28,163499,2025072801001697,GBIME,South Asian Bulls Pvt. Ltd.,Imperial Securities Company Pvt. Ltd.,44,260.0,11440.0,2025-07-28T11:13:05.909204
2025-07-28,163498,2025072801001698,GBIME,ABC Securities Private Limited,Imperial Securities Company Pvt. Ltd.,105,260.0,27300.0,2025-07-28T11:13:05.909384
2025-07-28,162914,2025072801001843,GBIME,ABC Securities Private Limited,Himalayan Securities Limited,895,260.0,232700.0,2025-07-28T11:13:45.717002
2025-07-28,162913,2025072801001844,GBIME,Dakshinkali Investment & Securities Pvt. Ltd.,Himalayan Securities Limited,1000,259.6,259600.0,2025-07-28T11:13:45.717038
2025-07-28,162912,2025072801001845,GBIME,Nepal Stock House (PVT) Ltd.,Himalayan Securities Limited,300,259.6,77880.0,2025-07-28T11:13:45.71708
2025-07-28,162911,2025072801001846,GBIME,J.F. Securites (PVT) Ltd.,Himalayan Securities Limited,403,259.5,104578.5,2025-07-28T11:13:45.717101
2025-07-28,162910,2025072801001847,GBIME,Sweta Securities Private Limited,Himalayan Securities Limited,250,259.5,64875.0,2025-07-28T11:13:45.71712
2025-07-28,162909,2025072801001848,GBIME,Bhrikuti Stock Broking Co. Pvt. Ltd.,Himalayan Securities Limited,50,259.5,12975.0,2025-07-28T11:13:45.717142
2025-07-28,162908,2025072801001849,GBIME,Investment Management Nepal Pvt. Ltd.,Himalayan Securities Limited,136,259.5,35292.0,2025-07-28T11:13:45.71716
2025-07-28,162540,2025072801001913,GBIME,APPLE SECURITIES PRIVATE LIMITED,Kumari Securities Private Limited,200,260.0,52000.0,2025-07-28T11:14:08.036636
2025-07-28,162429,2025072801001940,GBIME,APPLE SECURITIES PRIVATE LIMITED,Sani Securities Company Ltd.,200,260.0,52000.0,2025-07-28T11:14:14.949731
2025-07-28,162164,2025072801001979,GBIME,APPLE SECURITIES PRIVATE LIMITED,Creative Securities Pvt Ltd,50,260.0,13000.0,2025-07-28T11:14:29.751974
2025-07-28,161710,2025072801002087,GBIME,APPLE SECURITIES PRIVATE LIMITED,Capital Hub P. Ltd,30,260.0,7800.0,2025-07-28T11:14:55.19151
2025-07-28,161709,2025072801002088,GBIME,ABC Securities Private Limited,Capital Hub P. Ltd,970,259.6,251812.0,2025-07-28T11:14:55.191704
2025-07-28,161491,2025072801002142,GBIME,Vision Securities Pvt. Ltd,Sundhara Securities Limited,20,260.9,5218.0,2025-07-28T11:15:09.326778
2025-07-28,161490,2025072801002143,GBIME,Vision Securities Pvt. Ltd,Naasa Securities Co. Ltd.,20,260.9,5218.0,2025-07-28T11:15:09.326872
2025-07-28,161489,2025072801002144,GBIME,Vision Securities Pvt. Ltd,Sani Securities Company Ltd.,160,261.0,41760.0,2025-07-28T11:15:09.32694
2025-07-28,161350,2025072801002184,GBIME,Dipshikha Dhitopatra Karobar Co. Pvt Ltd.,Linch Stock Market Ltd.,1,257.9,257.9,2025-07-28T11:15:17.98272
2025-07-28,161345,2025072801002187,GBIME,Sri Hari Securities Pvt. Ltd.,Sani Securities Company Ltd.,1000,261.0,261000.0,2025-07-28T11:15:18.795685
2025-07-28,160925,2025072801002237,GBIME,Dipshikha Dhitopatra Karobar Co. Pvt Ltd.,Sundhara Securities Limited,1,258.0,258.0,2025-07-28T11:15:35.657655
2025-07-28,160573,2025072801002292,GBIME,Cristal Kanchanjanga Securites Pvt. Ltd.,Capital Hub P. Ltd,50,260.0,13000.0,2025-07-28T11:15:55.527936
2025-07-28,160572,2025072801002293,GBIME,Capital Hub P. Ltd,Capital Hub P. Ltd,219,260.0,56940.0,2025-07-28T11:15:55.528148
2025-07-28,160571,2025072801002294,GBIME,Dynamic Money Managers Securities Pvt. Ltd.,Capital Hub P. Ltd,300,259.7,77910.0,2025-07-28T11:15:55.528244
2025-07-28,160570,2025072801002295,GBIME,ABC Securities Private Limited,Capital Hub P. Ltd,30,259.6,7788.0,2025-07-28T11:15:55.528324
2025-07-28,160569,2025072801002296,GBIME,Dakshinkali Investment & Securities Pvt. Ltd.,Capital Hub P. Ltd,401,259.6,104099.6,2025-07-28T11:15:55.528397
2025-07-28,160543,2025072801002298,GBIME,Dipshikha Dhitopatra Karobar Co. Pvt Ltd.,Vision Securities Pvt. Ltd,1,260.0,260.0,2025-07-28T11:15:57.279417
2025-07-28,160421,2025072801002320,GBIME,Secured Securities Ltd.,Sani Securities Company Ltd.,200,261.0,52200.0,2025-07-28T11:16:04.469882
2025-07-28,160420,2025072801002321,GBIME,Secured Securities Ltd.,Deevyaa Securities & Stock House Pvt. Ltd,96,261.0,25056.0,2025-07-28T11:16:04.470075
2025-07-28,160336,2025072801002329,GBIME,Dipshikha Dhitopatra Karobar Co. Pvt Ltd.,ABC Securities Private Limited,2,260.0,520.0,2025-07-28T11:16:08.595646
2025-07-28,160147,2025072801002360,GBIME,Secured Securities Ltd.,Siprabi Securities Pvt. Ltd.,250,261.0,65250.0,2025-07-28T11:16:19.433635
2025-07-28,160145,2025072801002361,GBIME,Secured Securities Ltd.,Naasa Securities Co. Ltd.,100,261.0,26100.0,2025-07-28T11:16:19.634252
2025-07-28,160130,2025072801002364,GBIME,Investment Management Nepal Pvt. Ltd.,Ashutosh Brokerage & Securities (PVT) Ltd.,500,261.9,130950.0,2025-07-28T11:16:21.293
2025-07-28,159653,2025072801002460,GBIME,Dipshikha Dhitopatra Karobar Co. Pvt Ltd.,Sewa Securities Pvt. Ltd.,2,260.0,520.0,2025-07-28T11:16:51.697484
2025-07-28,159427,2025072801002509,GBIME,Dipshikha Dhitopatra Karobar Co. Pvt Ltd.,Pragyan Securities (PVT) Ltd.,2,260.0,520.0,2025-07-28T11:17:03.285067
2025-07-28,159360,2025072801002522,GBIME,Dipshikha Dhitopatra Karobar Co. Pvt Ltd.,Linch Stock Market Ltd.,61,262.0,15982.0,2025-07-28T11:17:06.882509
2025-07-28,159359,2025072801002523,GBIME,Dipshikha Dhitopatra Karobar Co. Pvt Ltd.,Sipla Securities Private Limited,50,262.0,13100.0,2025-07-28T11:17:06.882703
2025-07-28,159358,2025072801002524,GBIME,Dipshikha Dhitopatra Karobar Co. Pvt Ltd.,ABC Securities Private Limited,708,262.0,185496.0,2025-07-28T11:17:06.882777
2025-07-28,159357,2025072801002525,GBIME,Dipshikha Dhitopatra Karobar Co. Pvt Ltd.,Sagarmatha Securities Private Limited,66,262.0,17292.0,2025-07-28T11:17:06.882844
2025-07-28,159356,2025072801002526,GBIME,Dipshikha Dhitopatra Karobar Co. Pvt Ltd.,ABC Securities Private Limited,100,262.0,26200.0,2025-07-28T11:17:06.882911
2025-07-28,159331,2025072801002542,GBIME,Investment Management Nepal Pvt. Ltd.,Online Securities Pvt. Ltd.,180,261.9,47142.0,2025-07-28T11:17:08.940341
2025-07-28,159257,2025072801002552,GBIME,Investment Management Nepal Pvt. Ltd.,Bhrikuti Stock Broking Co. Pvt. Ltd.,184,261.9,48189.6,2025-07-28T11:17:13.995738
2025-07-28,158554,2025072801002685,GBIME,Dipshikha Dhitopatra Karobar Co. Pvt Ltd.,Bhrikuti Stock Broking Co. Pvt. Ltd.,426,261.9,111569.4,2025-07-28T11:18:04.802563
2025-07-28,158543,2025072801002688,GBIME,Bhrikuti Stock Broking Co. Pvt. Ltd.,J.F. Securites (PVT) Ltd.,100,261.9,26190.0,2025-07-28T11:18:07.079621
2025-07-28,158331,2025072801002730,GBIME,Sani Securities Company Ltd.,J.F. Securites (PVT) Ltd.,20,261.9,5238.0,2025-07-28T11:18:21.238985
2025-07-28,157694,2025072801002909,GBIME,Dipshikha Dhitopatra Karobar Co. Pvt Ltd.,Sundhara Securities Limited,500,262.5,131250.0,2025-07-28T11:19:04.932864
2025-07-28,157292,2025072801002985,GBIME,Dipshikha Dhitopatra Karobar Co. Pvt Ltd.,Sundhara Securities Limited,600,262.8,157680.0,2025-07-28T11:19:31.315233
2025-07-28,157291,2025072801002986,GBIME,Dipshikha Dhitopatra Karobar Co. Pvt Ltd.,Sweta Securities Private Limited,227,262.8,59655.6,2025-07-28T11:19:31.315565
2025-07-28,157182,2025072801003009,GBIME,Nagarik Stock Dealer ,Nepal Stock House (PVT) Ltd.,300,262.9,78870.0,2025-07-28T11:19:40.572321
2025-07-28,157181,2025072801003010,GBIME,Nagarik Stock Dealer ,Dynamic Money Managers Securities Pvt. Ltd.,50,263.0,13150.0,2025-07-28T11:19:40.572518
2025-07-28,157180,2025072801003011,GBIME,Nagarik Stock Dealer ,Dynamic Money Managers Securities Pvt. Ltd.,200,263.0,52600.0,2025-07-28T11:19:40.572606
2025-07-28,157179,2025072801003012,GBIME,Nagarik Stock Dealer ,Oxford Securities Pvt. Ltd.,200,263.0,52600.0,2025-07-28T11:19:40.572676
2025-07-28,157178,2025072801003013,GBIME,Nagarik Stock Dealer ,Sani Securities Company Ltd.,200,263.0,52600.0,2025-07-28T11:19:40.572744
2025-07-28,157177,2025072801003014,GBIME,Nagarik Stock Dealer ,Naasa Securities Co. Ltd.,294,263.0,77322.0,2025-07-28T11:19:40.57281
2025-07-28,157176,2025072801003015,GBIME,Nagarik Stock Dealer ,Naasa Securities Co. Ltd.,48,263.0,12624.0,2025-07-28T11:19:40.572878
2025-07-28,157175,2025072801003016,GBIME,Nagarik Stock Dealer ,Oxford Securities Pvt. Ltd.,51,263.0,13413.0,2025-07-28T11:19:40.572945
2025-07-28,156930,2025072801003065,GBIME,Dipshikha Dhitopatra Karobar Co. Pvt Ltd.,Linch Stock Market Ltd.,1,260.0,260.0,2025-07-28T11:19:56.800348
2025-07-28,156867,2025072801003085,GBIME,Nagarik Stock Dealer ,Imperial Securities Company Pvt. Ltd.,100,263.0,26300.0,2025-07-28T11:20:02.357292
2025-07-28,156815,2025072801003097,GBIME,Nagarik Stock Dealer ,Asian Securities Private Ltd.,57,263.0,14991.0,2025-07-28T11:20:07.997976
2025-07-28,156814,2025072801003098,GBIME,Naasa Securities Co. Ltd.,Asian Securities Private Ltd.,64,262.0,16768.0,2025-07-28T11:20:07.99802
2025-07-28,156506,2025072801003164,GBIME,Dipshikha Dhitopatra Karobar Co. Pvt Ltd.,ABC Securities Private Limited,37,263.0,9731.0,2025-07-28T11:20:32.369233
2025-07-28,156096,2025072801003228,GBIME,Naasa Securities Co. Ltd.,Sri Hari Securities Pvt. Ltd.,300,262.1,78630.0,2025-07-28T11:21:01.901924
2025-07-28,156053,2025072801003237,GBIME,Primo Securities (PVT) Ltd.,Primo Securities (PVT) Ltd.,1,260.1,260.1,2025-07-28T11:21:06.052138
2025-07-28,155610,2025072801003340,GBIME,Naasa Securities Co. Ltd.,Trisul Securities & Invt. Ltd.,200,262.1,52420.0,2025-07-28T11:21:39.822936
2025-07-28,155609,2025072801003341,GBIME,Naasa Securities Co. Ltd.,Trisul Securities & Invt. Ltd.,609,262.0,159558.0,2025-07-28T11:21:39.823305
2025-07-28,155004,2025072801003471,GBIME,Nepal Stock House (PVT) Ltd.,Trisul Securities & Invt. Ltd.,191,262.0,50042.0,2025-07-28T11:22:15.618152
2025-07-28,154697,2025072801003553,GBIME,Nepal Stock House (PVT) Ltd.,Dynamic Money Managers Securities Pvt. Ltd.,300,262.0,78600.0,2025-07-28T11:22:29.897187
2025-07-28,154492,2025072801003588,GBIME,Sani Securities Company Ltd.,Sani Securities Company Ltd.,480,261.9,125712.0,2025-07-28T11:22:40.731469
2025-07-28,154491,2025072801003589,GBIME,Nepal Stock House (PVT) Ltd.,Sani Securities Company Ltd.,115,261.2,30038.0,2025-07-28T11:22:40.731699
2025-07-28,154404,2025072801003603,GBIME,Trisul Securities & Invt. Ltd.,Midas Stock Broking Company Private Limited,16,261.9,4190.4,2025-07-28T11:22:46.561784
2025-07-28,154403,2025072801003604,GBIME,Trisul Securities & Invt. Ltd.,Kohinoor Investment & Securities Pvt. Ltd.,117,262.0,30654.0,2025-07-28T11:22:46.561978
2025-07-28,154402,2025072801003605,GBIME,Trisul Securities & Invt. Ltd.,Nepal Stock House (PVT) Ltd.,80,262.0,20960.0,2025-07-28T11:22:46.562062
2025-07-28,154175,2025072801003665,GBIME,Trisul Securities & Invt. Ltd.,Kalika Securities Pvt. Ltd.,18,262.0,4716.0,2025-07-28T11:22:55.332113
2025-07-28,154097,2025072801003681,GBIME,Trisul Securities & Invt. Ltd.,Nepal Stock House (PVT) Ltd.,769,262.0,201478.0,2025-07-28T11:23:00.093768
2025-07-28,154096,2025072801003682,GBIME,Nepal Stock House (PVT) Ltd.,Nepal Stock House (PVT) Ltd.,185,261.2,48322.0,2025-07-28T11:23:00.093994
2025-07-28,154095,2025072801003683,GBIME,ABC Securities Private Limited,Nepal Stock House (PVT) Ltd.,46,261.1,12010.6,2025-07-28T11:23:00.094079
2025-07-28,153787,2025072801003742,GBIME,ABC Securities Private Limited,Nepal Investment And Securities Trading Private Limited,100,261.1,26110.0,2025-07-28T11:23:19.435207
2025-07-28,153064,2025072801003939,GBIME,Dipshikha Dhitopatra Karobar Co. Pvt Ltd.,Aryatara Investment & Securities,680,262.0,178160.0,2025-07-28T11:24:08.998364
2025-07-28,152393,2025072801004120,GBIME,Bhrikuti Stock Broking Co. Pvt. Ltd.,Dipshikha Dhitopatra Karobar Co. Pvt Ltd.,100,261.5,26150.0,2025-07-28T11:25:05.886343
2025-07-28,152338,2025072801004132,GBIME,Bhrikuti Stock Broking Co. Pvt. Ltd.,Cristal Kanchanjanga Securites Pvt. Ltd.,50,261.5,13075.0,2025-07-28T11:25:09.90265
2025-07-28,151922,2025072801004244,GBIME,Bhrikuti Stock Broking Co. Pvt. Ltd.,Trisul Securities & Invt. Ltd.,235,261.5,61452.5,2025-07-28T11:25:46.360947
2025-07-28,151714,2025072801004287,GBIME,Linch Stock Market Ltd.,Trisul Securities & Invt. Ltd.,10,261.4,2614.0,2025-07-28T11:26:04.801554
2025-07-28,151592,2025072801004335,GBIME,Aryatara Investment & Securities,Aryatara Investment & Securities,100,261.2,26120.0,2025-07-28T11:26:15.313805
2025-07-28,151591,2025072801004336,GBIME,ABC Securities Private Limited,Aryatara Investment & Securities,1854,261.1,484079.4,2025-07-28T11:26:15.314185
2025-07-28,151590,2025072801004337,GBIME,Secured Securities Ltd.,Aryatara Investment & Securities,1046,261.0,273006.0,2025-07-28T11:26:15.314459
2025-07-28,151477,2025072801004377,GBIME,Secured Securities Ltd.,Aryatara Investment & Securities,308,261.0,80388.0,2025-07-28T11:26:26.028679
2025-07-28,151476,2025072801004378,GBIME,ABC Securities Private Limited,Aryatara Investment & Securities,190,261.0,49590.0,2025-07-28T11:26:26.028883
2025-07-28,151475,2025072801004379,GBIME,Capital Max Securities Ltd,Aryatara Investment & Securities,502,261.0,131022.0,2025-07-28T11:26:26.028965
2025-07-28,151454,2025072801004391,GBIME,Capital Max Securities Ltd,Siprabi Securities Pvt. Ltd.,10,261.0,2610.0,2025-07-28T11:26:27.428703
2025-07-28,151274,2025072801004468,GBIME,Capital Max Securities Ltd,Trisul Securities & Invt. Ltd.,100,261.0,26100.0,2025-07-28T11:26:40.772303
2025-07-28,151188,2025072801004487,GBIME,South Asian Bulls Pvt. Ltd.,Trisul Securities & Invt. Ltd.,40,261.4,10456.0,2025-07-28T11:26:47.514273
2025-07-28,150850,2025072801004564,GBIME,Market Securities & Exchange (PVT) Ltd.,Aryatara Investment & Securities,320,262.0,83840.0,2025-07-28T11:27:19.125103
2025-07-28,150849,2025072801004565,GBIME,Market Securities & Exchange (PVT) Ltd.,Nepal Investment And Securities Trading Private Limited,100,262.0,26200.0,2025-07-28T11:27:19.125311
2025-07-28,150848,2025072801004566,GBIME,Market Securities & Exchange (PVT) Ltd.,Premier Securities Company Ltd.,76,262.0,19912.0,2025-07-28T11:27:19.125395
2025-07-28,150847,2025072801004567,GBIME,Market Securities & Exchange (PVT) Ltd.,Deevyaa Securities & Stock House Pvt. Ltd,21,262.0,5502.0,2025-07-28T11:27:19.125475
2025-07-28,150846,2025072801004568,GBIME,Market Securities & Exchange (PVT) Ltd.,Primo Securities (PVT) Ltd.,152,262.0,39824.0,2025-07-28T11:27:19.125554
2025-07-28,150800,2025072801004590,GBIME,Market Securities & Exchange (PVT) Ltd.,Online Securities Pvt. Ltd.,331,262.0,86722.0,2025-07-28T11:27:21.169659
2025-07-28,150631,2025072801004630,GBIME,South Asian Bulls Pvt. Ltd.,Online Securities Pvt. Ltd.,10,261.5,2615.0,2025-07-28T11:27:34.63593
2025-07-28,150630,2025072801004631,GBIME,Aryatara Investment & Securities,Online Securities Pvt. Ltd.,10,261.5,2615.0,2025-07-28T11:27:34.636113
2025-07-28,150629,2025072801004632,GBIME,Capital Max Securities Ltd,Online Securities Pvt. Ltd.,3388,261.0,884268.0,2025-07-28T11:27:34.636199
2025-07-28,150628,2025072801004633,GBIME,Nepal Stock House (PVT) Ltd.,Online Securities Pvt. Ltd.,300,260.2,78060.0,2025-07-28T11:27:34.636283
2025-07-28,150627,2025072801004634,GBIME,ABC Securities Private Limited,Online Securities Pvt. Ltd.,16292,260.1,4237549.2,2025-07-28T11:27:34.636369
2025-07-28,150605,2025072801004636,GBIME,Market Securities & Exchange (PVT) Ltd.,Online Securities Pvt. Ltd.,169,262.0,44278.0,2025-07-28T11:27:36.697238
2025-07-28,150604,2025072801004637,GBIME,Market Securities & Exchange (PVT) Ltd.,NIMB Stock Markets Limited,500,262.0,131000.0,2025-07-28T11:27:36.697608
2025-07-28,150481,2025072801004666,GBIME,Market Securities & Exchange (PVT) Ltd.,Dynamic Money Managers Securities Pvt. Ltd.,100,262.0,26200.0,2025-07-28T11:27:51.587539
2025-07-28,150208,2025072801004742,GBIME,Market Securities & Exchange (PVT) Ltd.,Sani Securities Company Ltd.,231,262.0,60522.0,2025-07-28T11:28:15.579404
2025-07-28,149686,2025072801004916,GBIME,Secured Securities Ltd.,Trisul Securities & Invt. Ltd.,45,261.0,11745.0,2025-07-28T11:29:09.327187
2025-07-28,149685,2025072801004917,GBIME,Ashutosh Brokerage & Securities (PVT) Ltd.,Trisul Securities & Invt. Ltd.,121,261.0,31581.0,2025-07-28T11:29:09.327452
2025-07-28,149656,2025072801004923,GBIME,Linch Stock Market Ltd.,Sani Securities Company Ltd.,20,262.0,5240.0,2025-07-28T11:29:11.201666
2025-07-28,149114,2025072801005129,GBIME,Online Securities Pvt. Ltd.,Sani Securities Company Ltd.,50,261.9,13095.0,2025-07-28T11:30:08.205452
2025-07-28,148781,2025072801005201,GBIME,Market Securities & Exchange (PVT) Ltd.,Sani Securities Company Ltd.,600,262.0,157200.0,2025-07-28T11:30:33.332665
2025-07-28,148527,2025072801005277,GBIME,Aryatara Investment & Securities,Online Securities Pvt. Ltd.,150,261.1,39165.0,2025-07-28T11:30:57.762796
2025-07-28,148526,2025072801005278,GBIME,Ashutosh Brokerage & Securities (PVT) Ltd.,Online Securities Pvt. Ltd.,626,261.0,163386.0,2025-07-28T11:30:57.762857
2025-07-28,148434,2025072801005286,GBIME,Ashutosh Brokerage & Securities (PVT) Ltd.,Sundhara Securities Limited,11,261.0,2871.0,2025-07-28T11:31:03.162624
2025-07-28,148183,2025072801005362,GBIME,Ashutosh Brokerage & Securities (PVT) Ltd.,Online Securities Pvt. Ltd.,242,261.0,63162.0,2025-07-28T11:31:21.101715
2025-07-28,148182,2025072801005363,GBIME,Imperial Securities Company Pvt. Ltd.,Online Securities Pvt. Ltd.,430,261.0,112230.0,2025-07-28T11:31:21.101943
2025-07-28,147928,2025072801005424,GBIME,ABC Securities Private Limited,Online Securities Pvt. Ltd.,1000,260.5,260500.0,2025-07-28T11:31:44.775101
2025-07-28,147840,2025072801005452,GBIME,ABC Securities Private Limited,Online Securities Pvt. Ltd.,1000,260.5,260500.0,2025-07-28T11:31:54.1176
2025-07-28,147658,2025072801005491,GBIME,ABC Securities Private Limited,Online Securities Pvt. Ltd.,100,260.5,26050.0,2025-07-28T11:32:18.301644
2025-07-28,147396,2025072801005582,GBIME,Sani Securities Company Ltd.,Online Securities Pvt. Ltd.,5000,260.2,1301000.0,2025-07-28T11:32:42.085877
2025-07-28,147395,2025072801005583,GBIME,ABC Securities Private Limited,Online Securities Pvt. Ltd.,3708,260.1,964450.8,2025-07-28T11:32:42.08632
2025-07-28,147394,2025072801005584,GBIME,Dynamic Money Managers Securities Pvt. Ltd.,Online Securities Pvt. Ltd.,100,260.0,26000.0,2025-07-28T11:32:42.086582
2025-07-28,147393,2025072801005585,GBIME,Cristal Kanchanjanga Securites Pvt. Ltd.,Online Securities Pvt. Ltd.,15,260.0,3900.0,2025-07-28T11:32:42.086839
2025-07-28,147392,2025072801005586,GBIME,Imperial Securities Company Pvt. Ltd.,Online Securities Pvt. Ltd.,1000,260.0,260000.0,2025-07-28T11:32:42.087119
2025-07-28,147391,2025072801005587,GBIME,Neev Securities Pvt. Ltd.,Online Securities Pvt. Ltd.,54,260.0,14040.0,2025-07-28T11:32:42.087372
2025-07-28,147390,2025072801005588,GBIME,Kumari Securities Private Limited,Online Securities Pvt. Ltd.,1000,260.0,260000.0,2025-07-28T11:32:42.08762
2025-07-28,147389,2025072801005589,GBIME,Online Securities Pvt. Ltd.,Online Securities Pvt. Ltd.,85,260.0,22100.0,2025-07-28T11:32:42.08786
2025-07-28,147388,2025072801005590,GBIME,Trishakti Securities Public Limited,Online Securities Pvt. Ltd.,250,260.0,65000.0,2025-07-28T11:32:42.088118
2025-07-28,147387,2025072801005591,GBIME,Nepal Stock House (PVT) Ltd.,Online Securities Pvt. Ltd.,200,260.0,52000.0,2025-07-28T11:32:42.088371
2025-07-28,147386,2025072801005592,GBIME,Dakshinkali Investment & Securities Pvt. Ltd.,Online Securities Pvt. Ltd.,599,259.6,155500.4,2025-07-28T11:32:42.088626
2025-07-28,147385,2025072801005593,GBIME,Investment Management Nepal Pvt. Ltd.,Online Securities Pvt. Ltd.,5000,259.6,1298000.0,2025-07-28T11:32:42.088862
2025-07-28,147384,2025072801005594,GBIME,ABC Securities Private Limited,Online Securities Pvt. Ltd.,7989,259.6,2073944.4,2025-07-28T11:32:42.089105
2025-07-28,147169,2025072801005660,GBIME,ABC Securities Private Limited,Online Securities Pvt. Ltd.,18,260.0,4680.0,2025-07-28T11:33:03.134642
2025-07-28,146756,2025072801005796,GBIME,ABC Securities Private Limited,Dynamic Money Managers Securities Pvt. Ltd.,100,260.0,26000.0,2025-07-28T11:33:40.358489
2025-07-28,146548,2025072801005856,GBIME,ABC Securities Private Limited,Agrawal Securities (PVT) Ltd.,200,260.0,52000.0,2025-07-28T11:33:55.836248
2025-07-28,146525,2025072801005860,GBIME,ABC Securities Private Limited,Sani Securities Company Ltd.,700,260.0,182000.0,2025-07-28T11:33:57.518393
2025-07-28,146161,2025072801005928,GBIME,ABC Securities Private Limited,Trishakti Securities Public Limited,100,260.0,26000.0,2025-07-28T11:34:30.823489
2025-07-28,146017,2025072801005956,GBIME,Midas Stock Broking Company Private Limited,Online Securities Pvt. Ltd.,4,263.0,1052.0,2025-07-28T11:34:42.849697
2025-07-28,145971,2025072801005966,GBIME,Vision Securities Pvt. Ltd,Bhrikuti Stock Broking Co. Pvt. Ltd.,20,260.5,5210.0,2025-07-28T11:34:46.76018
2025-07-28,145970,2025072801005967,GBIME,Vision Securities Pvt. Ltd,Deevyaa Securities & Stock House Pvt. Ltd,100,261.0,26100.0,2025-07-28T11:34:46.760384
2025-07-28,145969,2025072801005968,GBIME,Vision Securities Pvt. Ltd,Capital Hub P. Ltd,200,261.0,52200.0,2025-07-28T11:34:46.760476
2025-07-28,145968,2025072801005969,GBIME,Vision Securities Pvt. Ltd,Thrive Brokerage House Pvt. Ltd,100,261.0,26100.0,2025-07-28T11:34:46.760563
2025-07-28,145967,2025072801005970,GBIME,Vision Securities Pvt. Ltd,Naasa Securities Co. Ltd.,580,261.0,151380.0,2025-07-28T11:34:46.760649
2025-07-28,145857,2025072801006001,GBIME,Aakashbhairab Securities Ltd.,Opal Securities Investment (PVT) Ltd.,100,260.1,26010.0,2025-07-28T11:34:56.775835
2025-07-28,145733,2025072801006023,GBIME,Aakashbhairab Securities Ltd.,Nepal Investment And Securities Trading Private Limited,74,260.1,19247.4,2025-07-28T11:35:03.896397
2025-07-28,145661,2025072801006051,GBIME,Aakashbhairab Securities Ltd.,Pragyan Securities (PVT) Ltd.,300,260.1,78030.0,2025-07-28T11:35:10.638938
2025-07-28,145427,2025072801006101,GBIME,Premier Securities Company Ltd.,Dipshikha Dhitopatra Karobar Co. Pvt Ltd.,10,261.9,2619.0,2025-07-28T11:35:31.239846
2025-07-28,145115,2025072801006196,GBIME,Aakashbhairab Securities Ltd.,Sani Securities Company Ltd.,26,260.1,6762.6,2025-07-28T11:35:59.064363
2025-07-28,145114,2025072801006197,GBIME,Nepal Stock House (PVT) Ltd.,Sani Securities Company Ltd.,200,260.1,52020.0,2025-07-28T11:35:59.064438
2025-07-28,145113,2025072801006198,GBIME,ABC Securities Private Limited,Sani Securities Company Ltd.,882,260.0,229320.0,2025-07-28T11:35:59.064467
2025-07-28,145112,2025072801006199,GBIME,Dipshikha Dhitopatra Karobar Co. Pvt Ltd.,Sani Securities Company Ltd.,300,260.0,78000.0,2025-07-28T11:35:59.064491
2025-07-28,145111,2025072801006200,GBIME,Aryatara Investment & Securities,Sani Securities Company Ltd.,37,260.0,9620.0,2025-07-28T11:35:59.064516
2025-07-28,145110,2025072801006201,GBIME,Primo Securities (PVT) Ltd.,Sani Securities Company Ltd.,10000,260.0,2600000.0,2025-07-28T11:35:59.064539
2025-07-28,145109,2025072801006202,GBIME,ABC Securities Private Limited,Sani Securities Company Ltd.,26555,259.6,6893678.0,2025-07-28T11:35:59.064585
2025-07-28,144709,2025072801006291,GBIME,Naasa Securities Co. Ltd.,Sani Securities Company Ltd.,140,261.0,36540.0,2025-07-28T11:36:34.641668
2025-07-28,144708,2025072801006292,GBIME,Naasa Securities Co. Ltd.,Naasa Securities Co. Ltd.,362,261.8,94771.6,2025-07-28T11:36:34.641703
2025-07-28,144707,2025072801006293,GBIME,Naasa Securities Co. Ltd.,Dipshikha Dhitopatra Karobar Co. Pvt Ltd.,90,261.9,23571.0,2025-07-28T11:36:34.641728
2025-07-28,144706,2025072801006294,GBIME,Naasa Securities Co. Ltd.,Sani Securities Company Ltd.,408,261.9,106855.2,2025-07-28T11:36:34.641752
2025-07-28,144147,2025072801006464,GBIME,Nepal Stock House (PVT) Ltd.,Sani Securities Company Ltd.,20,261.9,5238.0,2025-07-28T11:37:19.386685
2025-07-28,143531,2025072801006608,GBIME,Vision Securities Pvt. Ltd,MILKY WAY SHARE BROKER COMPANY LTD ,400,260.3,104120.0,2025-07-28T11:38:21.775345
2025-07-28,143530,2025072801006609,GBIME,Nepal Stock House (PVT) Ltd.,MILKY WAY SHARE BROKER COMPANY LTD ,1600,260.2,416320.0,2025-07-28T11:38:21.775584
2025-07-28,143464,2025072801006620,GBIME,Nepal Stock House (PVT) Ltd.,Online Securities Pvt. Ltd.,19,260.2,4943.8,2025-07-28T11:38:27.80334
2025-07-28,143166,2025072801006681,GBIME,Nepal Stock House (PVT) Ltd.,Asian Securities Private Ltd.,381,260.2,99136.2,2025-07-28T11:38:52.304734
2025-07-28,142971,2025072801006732,GBIME,Sani Securities Company Ltd.,Naasa Securities Co. Ltd.,19,260.0,4940.0,2025-07-28T11:39:10.823828
2025-07-28,142872,2025072801006769,GBIME,Sani Securities Company Ltd.,Naasa Securities Co. Ltd.,231,260.0,60060.0,2025-07-28T11:39:20.217047
2025-07-28,142871,2025072801006770,GBIME,Sani Securities Company Ltd.,Aryatara Investment & Securities,769,260.0,199940.0,2025-07-28T11:39:20.217278
2025-07-28,142564,2025072801006837,GBIME,Hatemalo Financial Services Private Limited,Aryatara Investment & Securities,100,259.7,25970.0,2025-07-28T11:39:49.639312
2025-07-28,142410,2025072801006874,GBIME,Sani Securities Company Ltd.,Aryatara Investment & Securities,230,260.0,59800.0,2025-07-28T11:40:01.874576
2025-07-28,141744,2025072801007015,GBIME,Premier Securities Company Ltd.,Asian Securities Private Ltd.,300,260.1,78030.0,2025-07-28T11:41:04.398326
2025-07-28,141580,2025072801007040,GBIME,Investment Management Nepal Pvt. Ltd.,Sajilo Broker Limited,1000,260.0,260000.0,2025-07-28T11:41:17.269593
2025-07-28,141410,2025072801007091,GBIME,Investment Management Nepal Pvt. Ltd.,Capital Hub P. Ltd,500,260.0,130000.0,2025-07-28T11:41:32.212283
2025-07-28,141394,2025072801007095,GBIME,Investment Management Nepal Pvt. Ltd.,Online Securities Pvt. Ltd.,30,260.0,7800.0,2025-07-28T11:41:34.241763
2025-07-28,141365,2025072801007104,GBIME,Investment Management Nepal Pvt. Ltd.,Aryatara Investment & Securities,50,260.0,13000.0,2025-07-28T11:41:37.94434
2025-07-28,141248,2025072801007151,GBIME,Investment Management Nepal Pvt. Ltd.,Sundhara Securities Limited,420,260.0,109200.0,2025-07-28T11:41:48.995247
2025-07-28,141247,2025072801007152,GBIME,Global IME Securities Limited,Sundhara Securities Limited,10,260.0,2600.0,2025-07-28T11:41:48.995746
2025-07-28,141113,2025072801007179,GBIME,ABC Securities Private Limited,Sundhara Securities Limited,115,260.0,29900.0,2025-07-28T11:41:59.34774
2025-07-28,141112,2025072801007180,GBIME,ABC Securities Private Limited,Deevyaa Securities & Stock House Pvt. Ltd,30,260.0,7800.0,2025-07-28T11:41:59.347989
2025-07-28,141056,2025072801007203,GBIME,ABC Securities Private Limited,Bhrikuti Stock Broking Co. Pvt. Ltd.,50,260.0,13000.0,2025-07-28T11:42:03.008311
2025-07-28,140949,2025072801007262,GBIME,ABC Securities Private Limited,Sani Securities Company Ltd.,1805,260.0,469300.0,2025-07-28T11:42:08.223744
2025-07-28,140778,2025072801007301,GBIME,Sani Securities Company Ltd.,Sani Securities Company Ltd.,700,260.0,182000.0,2025-07-28T11:42:24.053342
2025-07-28,140349,2025072801007405,GBIME,Hatemalo Financial Services Private Limited,Premier Securities Company Ltd.,500,259.7,129850.0,2025-07-28T11:42:52.615999
2025-07-28,140118,2025072801007460,GBIME,ABC Securities Private Limited,Dipshikha Dhitopatra Karobar Co. Pvt Ltd.,200,260.0,52000.0,2025-07-28T11:43:08.052888
2025-07-28,139993,2025072801007503,GBIME,ABC Securities Private Limited,Kohinoor Investment & Securities Pvt. Ltd.,100,260.0,26000.0,2025-07-28T11:43:17.024966
2025-07-28,139871,2025072801007526,GBIME,Creative Securities Pvt Ltd,Asian Securities Private Ltd.,69,260.1,17946.9,2025-07-28T11:43:25.749379
2025-07-28,139870,2025072801007527,GBIME,Creative Securities Pvt Ltd,Trisul Securities & Invt. Ltd.,150,260.1,39015.0,2025-07-28T11:43:25.749859
2025-07-28,139624,2025072801007567,GBIME,Creative Securities Pvt Ltd,Sumeru Securities Pvt. Ltd.,100,260.5,26050.0,2025-07-28T11:43:45.336979
2025-07-28,139588,2025072801007575,GBIME,Creative Securities Pvt Ltd,Sri Hari Securities Pvt. Ltd.,681,260.5,177400.5,2025-07-28T11:43:48.548665
2025-07-28,139587,2025072801007576,GBIME,ABC Securities Private Limited,Sri Hari Securities Pvt. Ltd.,219,260.0,56940.0,2025-07-28T11:43:48.548941
2025-07-28,139144,2025072801007664,GBIME,Online Securities Pvt. Ltd.,Premier Securities Company Ltd.,51,260.1,13265.1,2025-07-28T11:44:20.174055
2025-07-28,138555,2025072801007855,GBIME,Sani Securities Company Ltd.,Aryatara Investment & Securities,1000,261.0,261000.0,2025-07-28T11:45:04.169696
2025-07-28,138554,2025072801007856,GBIME,Sani Securities Company Ltd.,Premier Securities Company Ltd.,200,261.0,52200.0,2025-07-28T11:45:04.16995
2025-07-28,138541,2025072801007863,GBIME,Online Securities Pvt. Ltd.,Imperial Securities Company Pvt. Ltd.,49,260.1,12744.9,2025-07-28T11:45:05.470707
2025-07-28,138017,2025072801008000,GBIME,ABC Securities Private Limited,Trishakti Securities Public Limited,254,260.0,66040.0,2025-07-28T11:45:43.50234
2025-07-28,137977,2025072801008016,GBIME,ABC Securities Private Limited,Capital Max Securities Ltd,40,260.0,10400.0,2025-07-28T11:45:46.524046
2025-07-28,137726,2025072801008073,GBIME,ABC Securities Private Limited,Asian Securities Private Ltd.,372,260.0,96720.0,2025-07-28T11:46:07.357978
2025-07-28,137681,2025072801008085,GBIME,ABC Securities Private Limited,Sundhara Securities Limited,100,260.0,26000.0,2025-07-28T11:46:11.018201
2025-07-28,137561,2025072801008110,GBIME,ABC Securities Private Limited,Oxford Securities Pvt. Ltd.,124,260.0,32240.0,2025-07-28T11:46:19.941704
2025-07-28,137423,2025072801008146,GBIME,ABC Securities Private Limited,Bhrikuti Stock Broking Co. Pvt. Ltd.,184,260.0,47840.0,2025-07-28T11:46:28.168748
2025-07-28,137306,2025072801008175,GBIME,ABC Securities Private Limited,Sumeru Securities Pvt. Ltd.,14,260.0,3640.0,2025-07-28T11:46:35.625111
2025-07-28,137104,2025072801008229,GBIME,Naasa Securities Co. Ltd.,Siprabi Securities Pvt. Ltd.,119,260.1,30951.9,2025-07-28T11:46:52.000523
2025-07-28,136936,2025072801008272,GBIME,Sani Securities Company Ltd.,Linch Stock Market Ltd.,300,261.0,78300.0,2025-07-28T11:47:04.832172
2025-07-28,136935,2025072801008273,GBIME,Sani Securities Company Ltd.,Aryatara Investment & Securities,10,261.7,2617.0,2025-07-28T11:47:04.832216
2025-07-28,136903,2025072801008279,GBIME,Premier Securities Company Ltd.,Aryatara Investment & Securities,10,261.7,2617.0,2025-07-28T11:47:07.691452
2025-07-28,136857,2025072801008285,GBIME,Naasa Securities Co. Ltd.,South Asian Bulls Pvt. Ltd.,500,260.1,130050.0,2025-07-28T11:47:09.53294
2025-07-28,136740,2025072801008318,GBIME,Premier Securities Company Ltd.,Aryatara Investment & Securities,10,261.7,2617.0,2025-07-28T11:47:18.606356
2025-07-28,136581,2025072801008363,GBIME,Naasa Securities Co. Ltd.,Naasa Securities Co. Ltd.,381,260.1,99098.1,2025-07-28T11:47:27.27076
2025-07-28,136580,2025072801008364,GBIME,ABC Securities Private Limited,Naasa Securities Co. Ltd.,393,260.0,102180.0,2025-07-28T11:47:27.27104
2025-07-28,136579,2025072801008365,GBIME,Sani Securities Company Ltd.,Naasa Securities Co. Ltd.,70,260.0,18200.0,2025-07-28T11:47:27.271168
2025-07-28,136578,2025072801008366,GBIME,K.B.L. Securities Limited ,Naasa Securities Co. Ltd.,10,260.0,2600.0,2025-07-28T11:47:27.271286
2025-07-28,136577,2025072801008367,GBIME,Aryatara Investment & Securities,Naasa Securities Co. Ltd.,500,260.0,130000.0,2025-07-28T11:47:27.271403
2025-07-28,136576,2025072801008368,GBIME,Aryatara Investment & Securities,Naasa Securities Co. Ltd.,500,260.0,130000.0,2025-07-28T11:47:27.271523
2025-07-28,136575,2025072801008369,GBIME,Thrive Brokerage House Pvt. Ltd,Naasa Securities Co. Ltd.,132,260.0,34320.0,2025-07-28T11:47:27.271641
2025-07-28,136574,2025072801008370,GBIME,Trishakti Securities Public Limited,Naasa Securities Co. Ltd.,800,260.0,208000.0,2025-07-28T11:47:27.271773
2025-07-28,136573,2025072801008371,GBIME,ABC Securities Private Limited,Naasa Securities Co. Ltd.,214,260.0,55640.0,2025-07-28T11:47:27.271921
2025-07-28,136306,2025072801008435,GBIME,ABC Securities Private Limited,Aryatara Investment & Securities,30,260.0,7800.0,2025-07-28T11:47:43.286503
2025-07-28,136168,2025072801008498,GBIME,ABC Securities Private Limited,ABC Securities Private Limited,60,260.0,15600.0,2025-07-28T11:47:52.289337
2025-07-28,136144,2025072801008499,GBIME,ABC Securities Private Limited,Linch Stock Market Ltd.,296,260.0,76960.0,2025-07-28T11:47:52.744865
2025-07-28,136006,2025072801008521,GBIME,Linch Stock Market Ltd.,Sani Securities Company Ltd.,10,260.0,2600.0,2025-07-28T11:48:02.130706
2025-07-28,135814,2025072801008570,GBIME,Imperial Securities Company Pvt. Ltd.,Linch Stock Market Ltd.,153,259.7,39734.1,2025-07-28T11:48:15.013849
2025-07-28,135436,2025072801008625,GBIME,Naasa Securities Co. Ltd.,Sani Securities Company Ltd.,500,260.0,130000.0,2025-07-28T11:48:33.089981
2025-07-28,135195,2025072801008682,GBIME,Capital Max Securities Ltd,Sani Securities Company Ltd.,301,260.0,78260.0,2025-07-28T11:48:49.002474
2025-07-28,134718,2025072801008767,GBIME,ABC Securities Private Limited,Sewa Securities Pvt. Ltd.,1000,260.1,260100.0,2025-07-28T11:49:16.257464
2025-07-28,134628,2025072801008789,GBIME,Naasa Securities Co. Ltd.,ABC Securities Private Limited,10,261.7,2617.0,2025-07-28T11:49:23.841708
2025-07-28,134378,2025072801008873,GBIME,Naasa Securities Co. Ltd.,Midas Stock Broking Company Private Limited,2,258.0,516.0,2025-07-28T11:49:38.274006
2025-07-28,133777,2025072801008985,GBIME,ABC Securities Private Limited,Nepal Investment And Securities Trading Private Limited,174,260.1,45257.4,2025-07-28T11:50:13.272262
2025-07-28,132441,2025072801009296,GBIME,Siprabi Securities Pvt. Ltd.,Naasa Securities Co. Ltd.,45,260.5,11722.5,2025-07-28T11:51:52.220933
2025-07-28,132440,2025072801009297,GBIME,Siprabi Securities Pvt. Ltd.,Bhrikuti Stock Broking Co. Pvt. Ltd.,43,260.5,11201.5,2025-07-28T11:51:52.221223
2025-07-28,132357,2025072801009346,GBIME,ABC Securities Private Limited,Primo Securities (PVT) Ltd.,64,260.1,16646.4,2025-07-28T11:51:59.165288
2025-07-28,131768,2025072801009503,GBIME,ABC Securities Private Limited,Bhrikuti Stock Broking Co. Pvt. Ltd.,15,260.1,3901.5,2025-07-28T11:52:43.512577
2025-07-28,130958,2025072801009664,GBIME,Trishakti Securities Public Limited,Naasa Securities Co. Ltd.,1,256.0,256.0,2025-07-28T11:53:53.523902
2025-07-28,130718,2025072801009725,GBIME,Premier Securities Company Ltd.,Sewa Securities Pvt. Ltd.,10,261.0,2610.0,2025-07-28T11:54:16.60332
2025-07-28,130568,2025072801009748,GBIME,Trishakti Securities Public Limited,Secured Securities Ltd.,3,256.0,768.0,2025-07-28T11:54:28.3749
2025-07-28,130429,2025072801009777,GBIME,Hatemalo Financial Services Private Limited,Nepal Investment And Securities Trading Private Limited,26,260.2,6765.2,2025-07-28T11:54:42.63639
2025-07-28,130376,2025072801009789,GBIME,Trishakti Securities Public Limited,Deevyaa Securities & Stock House Pvt. Ltd,2,256.0,512.0,2025-07-28T11:54:48.117822
2025-07-28,130089,2025072801009846,GBIME,Premier Securities Company Ltd.,Sewa Securities Pvt. Ltd.,10,261.0,2610.0,2025-07-28T11:55:11.305772
2025-07-28,130018,2025072801009861,GBIME,Hatemalo Financial Services Private Limited,Market Securities & Exchange (PVT) Ltd.,148,260.2,38509.6,2025-07-28T11:55:18.811192
2025-07-28,129926,2025072801009876,GBIME,Hatemalo Financial Services Private Limited,Sani Securities Company Ltd.,16,260.2,4163.2,2025-07-28T11:55:25.64565
2025-07-28,129862,2025072801009885,GBIME,Trishakti Securities Public Limited,Sani Securities Company Ltd.,1,256.0,256.0,2025-07-28T11:55:35.46044
2025-07-28,129695,2025072801009901,GBIME,Premier Securities Company Ltd.,Linch Stock Market Ltd.,10,260.9,2609.0,2025-07-28T11:55:46.163146
2025-07-28,129578,2025072801009930,GBIME,Hatemalo Financial Services Private Limited,Nagarik Stock Dealer ,210,260.2,54642.0,2025-07-28T11:55:58.78964
2025-07-28,129577,2025072801009931,GBIME,Agrawal Securities (PVT) Ltd.,Nagarik Stock Dealer ,90,260.2,23418.0,2025-07-28T11:55:58.789964
2025-07-28,129576,2025072801009932,GBIME,ABC Securities Private Limited,Nagarik Stock Dealer ,200,260.1,52020.0,2025-07-28T11:55:58.79012
2025-07-28,129485,2025072801009950,GBIME,Linch Stock Market Ltd.,Opal Securities Investment (PVT) Ltd.,13,260.3,3383.9,2025-07-28T11:56:08.808202
2025-07-28,128875,2025072801010119,GBIME,Linch Stock Market Ltd.,Primo Securities (PVT) Ltd.,12,260.3,3123.6,2025-07-28T11:57:04.647194
2025-07-28,128874,2025072801010120,GBIME,Imperial Securities Company Pvt. Ltd.,Primo Securities (PVT) Ltd.,47,260.2,12229.4,2025-07-28T11:57:04.647291
2025-07-28,128873,2025072801010121,GBIME,ABC Securities Private Limited,Primo Securities (PVT) Ltd.,37,260.1,9623.7,2025-07-28T11:57:04.64741
2025-07-28,128689,2025072801010153,GBIME,Trishakti Securities Public Limited,ABC Securities Private Limited,1,254.9,254.9,2025-07-28T11:57:24.739278
2025-07-28,128150,2025072801010277,GBIME,ABC Securities Private Limited,Sani Securities Company Ltd.,480,260.1,124848.0,2025-07-28T11:58:16.840979
2025-07-28,127587,2025072801010392,GBIME,Trishakti Securities Public Limited,Sani Securities Company Ltd.,2,256.0,512.0,2025-07-28T11:59:11.260538
2025-07-28,127430,2025072801010423,GBIME,Premier Securities Company Ltd.,Linch Stock Market Ltd.,10,260.9,2609.0,2025-07-28T11:59:24.17424
2025-07-28,127239,2025072801010461,GBIME,ABC Securities Private Limited,Online Securities Pvt. Ltd.,26,260.1,6762.6,2025-07-28T11:59:34.862856
2025-07-28,127161,2025072801010486,GBIME,Premier Securities Company Ltd.,Linch Stock Market Ltd.,10,260.9,2609.0,2025-07-28T11:59:40.445102
2025-07-28,126964,2025072801010550,GBIME,Naasa Securities Co. Ltd.,Nepal Stock House (PVT) Ltd.,200,260.1,52020.0,2025-07-28T11:59:58.061952
2025-07-28,126936,2025072801010557,GBIME,Naasa Securities Co. Ltd.,Dipshikha Dhitopatra Karobar Co. Pvt Ltd.,800,260.1,208080.0,2025-07-28T12:00:02.041332
2025-07-28,126935,2025072801010558,GBIME,Kumari Securities Private Limited,Dipshikha Dhitopatra Karobar Co. Pvt Ltd.,100,260.1,26010.0,2025-07-28T12:00:02.042021
2025-07-28,126934,2025072801010559,GBIME,K.B.L. Securities Limited ,Dipshikha Dhitopatra Karobar Co. Pvt Ltd.,100,260.1,26010.0,2025-07-28T12:00:02.042474
2025-07-28,126933,2025072801010560,GBIME,Naasa Securities Co. Ltd.,Dipshikha Dhitopatra Karobar Co. Pvt Ltd.,697,260.0,181220.0,2025-07-28T12:00:02.042917
2025-07-28,126909,2025072801010563,GBIME,Premier Securities Company Ltd.,Linch Stock Market Ltd.,10,260.9,2609.0,2025-07-28T12:00:04.614858
2025-07-28,126858,2025072801010568,GBIME,Naasa Securities Co. Ltd.,Primo Securities (PVT) Ltd.,73,260.0,18980.0,2025-07-28T12:00:10.210931
2025-07-28,126812,2025072801010578,GBIME,Premier Securities Company Ltd.,Shree Krishna Securities Ltd.,10,260.1,2601.0,2025-07-28T12:00:15.292464
2025-07-28,126696,2025072801010610,GBIME,Naasa Securities Co. Ltd.,Investment Management Nepal Pvt. Ltd.,230,260.0,59800.0,2025-07-28T12:00:28.050101
2025-07-28,126695,2025072801010611,GBIME,Secured Securities Ltd.,Investment Management Nepal Pvt. Ltd.,200,260.0,52000.0,2025-07-28T12:00:28.050462
2025-07-28,126694,2025072801010612,GBIME,Capital Hub P. Ltd,Investment Management Nepal Pvt. Ltd.,200,260.0,52000.0,2025-07-28T12:00:28.050614
2025-07-28,126693,2025072801010613,GBIME,Naasa Securities Co. Ltd.,Investment Management Nepal Pvt. Ltd.,512,260.0,133120.0,2025-07-28T12:00:28.050773
2025-07-28,126317,2025072801010722,GBIME,Thrive Brokerage House Pvt. Ltd,Shree Krishna Securities Ltd.,185,260.1,48118.5,2025-07-28T12:00:59.429662
2025-07-28,126208,2025072801010757,GBIME,Naasa Securities Co. Ltd.,Opal Securities Investment (PVT) Ltd.,110,260.0,28600.0,2025-07-28T12:01:13.358476
2025-07-28,126182,2025072801010767,GBIME,Naasa Securities Co. Ltd.,J.F. Securites (PVT) Ltd.,378,260.0,98280.0,2025-07-28T12:01:16.561117
2025-07-28,126181,2025072801010768,GBIME,Shree Krishna Securities Ltd.,J.F. Securites (PVT) Ltd.,30,260.0,7800.0,2025-07-28T12:01:16.561785
2025-07-28,126180,2025072801010769,GBIME,Oxford Securities Pvt. Ltd.,J.F. Securites (PVT) Ltd.,100,260.0,26000.0,2025-07-28T12:01:16.56228
2025-07-28,126179,2025072801010770,GBIME,Linch Stock Market Ltd.,J.F. Securites (PVT) Ltd.,492,260.0,127920.0,2025-07-28T12:01:16.562733
2025-07-28,126100,2025072801010789,GBIME,Trishakti Securities Public Limited,Linch Stock Market Ltd.,1,254.9,254.9,2025-07-28T12:01:24.062662
2025-07-28,125851,2025072801010835,GBIME,Linch Stock Market Ltd.,Trisul Securities & Invt. Ltd.,35,260.0,9100.0,2025-07-28T12:01:46.031359
2025-07-28,125499,2025072801010926,GBIME,Opal Securities Investment (PVT) Ltd.,Nepal Stock House (PVT) Ltd.,14,260.1,3641.4,2025-07-28T12:02:22.287226
2025-07-28,125041,2025072801011066,GBIME,Linch Stock Market Ltd.,J.F. Securites (PVT) Ltd.,1473,260.0,382980.0,2025-07-28T12:03:07.72576
2025-07-28,125040,2025072801011067,GBIME,Agrawal Securities (PVT) Ltd.,J.F. Securites (PVT) Ltd.,27,260.0,7020.0,2025-07-28T12:03:07.726452
2025-07-28,124907,2025072801011122,GBIME,Trishakti Securities Public Limited,Secured Securities Ltd.,1,254.8,254.8,2025-07-28T12:03:21.510857
2025-07-28,124777,2025072801011148,GBIME,Online Securities Pvt. Ltd.,Trisul Securities & Invt. Ltd.,1,254.8,254.8,2025-07-28T12:03:36.511922
2025-07-28,124636,2025072801011189,GBIME,Agrawal Securities (PVT) Ltd.,Linch Stock Market Ltd.,73,260.0,18980.0,2025-07-28T12:03:52.332084
2025-07-28,124635,2025072801011190,GBIME,Property Wiard Limited,Linch Stock Market Ltd.,200,260.0,52000.0,2025-07-28T12:03:52.332444
2025-07-28,124634,2025072801011191,GBIME,Sani Securities Company Ltd.,Linch Stock Market Ltd.,727,260.0,189020.0,2025-07-28T12:03:52.3326
2025-07-28,124594,2025072801011202,GBIME,Dynamic Money Managers Securities Pvt. Ltd.,Nepal Stock House (PVT) Ltd.,80,260.1,20808.0,2025-07-28T12:03:57.031278
2025-07-28,124551,2025072801011208,GBIME,Dynamic Money Managers Securities Pvt. Ltd.,Imperial Securities Company Pvt. Ltd.,420,260.1,109242.0,2025-07-28T12:04:04.246734
2025-07-28,124550,2025072801011209,GBIME,Sani Securities Company Ltd.,Imperial Securities Company Pvt. Ltd.,80,260.0,20800.0,2025-07-28T12:04:04.247631
2025-07-28,124532,2025072801011214,GBIME,Trishakti Securities Public Limited,Sundhara Securities Limited,2,255.0,510.0,2025-07-28T12:04:06.582397
2025-07-28,124308,2025072801011268,GBIME,Trishakti Securities Public Limited,Premier Securities Company Ltd.,1,255.0,255.0,2025-07-28T12:04:23.211342
2025-07-28,124196,2025072801011298,GBIME,Sani Securities Company Ltd.,Elite Stock House Limited,193,260.0,50180.0,2025-07-28T12:04:36.018706
2025-07-28,124101,2025072801011331,GBIME,ABC Securities Private Limited,Elite Stock House Limited,223,260.0,57980.0,2025-07-28T12:04:47.290111
2025-07-28,123974,2025072801011367,GBIME,ABC Securities Private Limited,Primo Securities (PVT) Ltd.,54,260.0,14040.0,2025-07-28T12:04:59.962054
2025-07-28,123870,2025072801011415,GBIME,ABC Securities Private Limited,Sewa Securities Pvt. Ltd.,10,260.0,2600.0,2025-07-28T12:05:08.828118
2025-07-28,123778,2025072801011440,GBIME,ABC Securities Private Limited,Online Securities Pvt. Ltd.,22,260.0,5720.0,2025-07-28T12:05:18.948725
2025-07-28,123595,2025072801011485,GBIME,ABC Securities Private Limited,Linch Stock Market Ltd.,1000,260.0,260000.0,2025-07-28T12:05:40.126237
2025-07-28,123424,2025072801011552,GBIME,Trishakti Securities Public Limited,Trishakti Securities Public Limited,1,255.0,255.0,2025-07-28T12:05:55.479876
2025-07-28,123279,2025072801011578,GBIME,ABC Securities Private Limited,Naasa Securities Co. Ltd.,298,260.0,77480.0,2025-07-28T12:06:09.172939
2025-07-28,123278,2025072801011579,GBIME,ABC Securities Private Limited,Midas Stock Broking Company Private Limited,300,260.0,78000.0,2025-07-28T12:06:09.483049
2025-07-28,123176,2025072801011599,GBIME,ABC Securities Private Limited,Aryatara Investment & Securities,93,260.0,24180.0,2025-07-28T12:06:17.713183
2025-07-28,123175,2025072801011600,GBIME,Nepal Stock House (PVT) Ltd.,Aryatara Investment & Securities,152,260.0,39520.0,2025-07-28T12:06:17.713553
2025-07-28,122912,2025072801011657,GBIME,Vision Securities Pvt. Ltd,Dipshikha Dhitopatra Karobar Co. Pvt Ltd.,20,260.0,5200.0,2025-07-28T12:06:45.806832
2025-07-28,122813,2025072801011692,GBIME,Vision Securities Pvt. Ltd,Aakashbhairab Securities Ltd.,80,260.0,20800.0,2025-07-28T12:06:55.258068
2025-07-28,122402,2025072801011778,GBIME,Vision Securities Pvt. Ltd,Aakashbhairab Securities Ltd.,100,260.0,26000.0,2025-07-28T12:07:39.00493
2025-07-28,122297,2025072801011800,GBIME,ABC Securities Private Limited,Trisul Securities & Invt. Ltd.,10,259.9,2599.0,2025-07-28T12:07:52.531428
2025-07-28,122018,2025072801011867,GBIME,Aryatara Investment & Securities,Aakashbhairab Securities Ltd.,91,260.0,23660.0,2025-07-28T12:08:24.919255
2025-07-28,121857,2025072801011899,GBIME,Vision Securities Pvt. Ltd,Aakashbhairab Securities Ltd.,100,260.0,26000.0,2025-07-28T12:08:38.400656
2025-07-28,121767,2025072801011912,GBIME,ABC Securities Private Limited,Nepal Stock House (PVT) Ltd.,90,259.9,23391.0,2025-07-28T12:08:46.888464
2025-07-28,121512,2025072801012002,GBIME,Sani Securities Company Ltd.,Aakashbhairab Securities Ltd.,629,260.0,163540.0,2025-07-28T12:09:07.74868
2025-07-28,121511,2025072801012003,GBIME,Sani Securities Company Ltd.,Vision Securities Pvt. Ltd,200,260.0,52000.0,2025-07-28T12:09:07.749082
2025-07-28,121510,2025072801012004,GBIME,Sani Securities Company Ltd.,Aryatara Investment & Securities,198,260.0,51480.0,2025-07-28T12:09:07.74925
2025-07-28,121509,2025072801012005,GBIME,Sani Securities Company Ltd.,Naasa Securities Co. Ltd.,50,260.0,13000.0,2025-07-28T12:09:07.749427
2025-07-28,121508,2025072801012006,GBIME,Sani Securities Company Ltd.,J.F. Securites (PVT) Ltd.,923,260.0,239980.0,2025-07-28T12:09:07.749596
2025-07-28,121187,2025072801012119,GBIME,ABC Securities Private Limited,Sri Hari Securities Pvt. Ltd.,6110,259.9,1587989.0,2025-07-28T12:09:36.103358
2025-07-28,121063,2025072801012152,GBIME,ABC Securities Private Limited,Sri Hari Securities Pvt. Ltd.,11,259.9,2858.9,2025-07-28T12:09:46.003259
2025-07-28,120862,2025072801012200,GBIME,ABC Securities Private Limited,Imperial Securities Company Pvt. Ltd.,60,259.9,15594.0,2025-07-28T12:10:01.813905
2025-07-28,120816,2025072801012217,GBIME,Trishakti Securities Public Limited,J.F. Securites (PVT) Ltd.,269,260.0,69940.0,2025-07-28T12:10:06.231517
2025-07-28,120814,2025072801012219,GBIME,Trishakti Securities Public Limited,ABC Securities Private Limited,50,260.0,13000.0,2025-07-28T12:10:06.786332
2025-07-28,120473,2025072801012300,GBIME,Trishakti Securities Public Limited,Sani Securities Company Ltd.,10,260.0,2600.0,2025-07-28T12:10:35.627992
2025-07-28,120298,2025072801012328,GBIME,Trishakti Securities Public Limited,Sani Securities Company Ltd.,116,260.0,30160.0,2025-07-28T12:10:51.080793
2025-07-28,120204,2025072801012354,GBIME,Trishakti Securities Public Limited,Oxford Securities Pvt. Ltd.,3433,260.0,892580.0,2025-07-28T12:10:59.562138
2025-07-28,120201,2025072801012355,GBIME,Premier Securities Company Ltd.,Siprabi Securities Pvt. Ltd.,10,260.7,2607.0,2025-07-28T12:10:59.78793
2025-07-28,119933,2025072801012407,GBIME,Trishakti Securities Public Limited,Market Securities & Exchange (PVT) Ltd.,122,260.0,31720.0,2025-07-28T12:11:17.704821
2025-07-28,119932,2025072801012408,GBIME,Dipshikha Dhitopatra Karobar Co. Pvt Ltd.,Market Securities & Exchange (PVT) Ltd.,115,260.0,29900.0,2025-07-28T12:11:17.705276
2025-07-28,119911,2025072801012417,GBIME,ABC Securities Private Limited,Premier Securities Company Ltd.,200,259.9,51980.0,2025-07-28T12:11:19.544866
2025-07-28,119297,2025072801012576,GBIME,Trishakti Securities Public Limited,Market Securities & Exchange (PVT) Ltd.,43,260.0,11180.0,2025-07-28T12:11:59.97103
2025-07-28,119296,2025072801012577,GBIME,Trishakti Securities Public Limited,Naasa Securities Co. Ltd.,362,260.0,94120.0,2025-07-28T12:11:59.971453
2025-07-28,119295,2025072801012578,GBIME,Trishakti Securities Public Limited,Linch Stock Market Ltd.,95,260.0,24700.0,2025-07-28T12:11:59.971662
2025-07-28,119032,2025072801012628,GBIME,ABC Securities Private Limited,Premier Securities Company Ltd.,400,259.9,103960.0,2025-07-28T12:12:21.979014
2025-07-28,118710,2025072801012701,GBIME,ABC Securities Private Limited,Naasa Securities Co. Ltd.,400,259.9,103960.0,2025-07-28T12:12:45.799263
2025-07-28,118400,2025072801012803,GBIME,ABC Securities Private Limited,Oxford Securities Pvt. Ltd.,300,259.9,77970.0,2025-07-28T12:13:07.946215
2025-07-28,118091,2025072801012900,GBIME,ABC Securities Private Limited,Trishakti Securities Public Limited,100,259.9,25990.0,2025-07-28T12:13:25.36364
2025-07-28,118079,2025072801012901,GBIME,ABC Securities Private Limited,Neev Securities Pvt. Ltd.,18,259.9,4678.2,2025-07-28T12:13:26.365502
2025-07-28,117957,2025072801012931,GBIME,ABC Securities Private Limited,Sewa Securities Pvt. Ltd.,35,259.9,9096.5,2025-07-28T12:13:34.623502
2025-07-28,117607,2025072801013047,GBIME,ABC Securities Private Limited,Linch Stock Market Ltd.,700,259.9,181930.0,2025-07-28T12:13:53.694069
2025-07-28,117464,2025072801013074,GBIME,ABC Securities Private Limited,Trishakti Securities Public Limited,39,259.9,10136.1,2025-07-28T12:14:03.129602
2025-07-28,117415,2025072801013093,GBIME,ABC Securities Private Limited,Nepal Stock House (PVT) Ltd.,1000,259.9,259900.0,2025-07-28T12:14:07.328561
2025-07-28,117253,2025072801013148,GBIME,Aryatara Investment & Securities,Linch Stock Market Ltd.,827,260.0,215020.0,2025-07-28T12:14:19.485896
2025-07-28,117252,2025072801013149,GBIME,Aryatara Investment & Securities,Primo Securities (PVT) Ltd.,300,260.0,78000.0,2025-07-28T12:14:19.486311
2025-07-28,117251,2025072801013150,GBIME,Aryatara Investment & Securities,Midas Stock Broking Company Private Limited,22,260.0,5720.0,2025-07-28T12:14:19.486498
2025-07-28,117250,2025072801013151,GBIME,Aryatara Investment & Securities,Oxford Securities Pvt. Ltd.,151,260.0,39260.0,2025-07-28T12:14:19.486675
2025-07-28,116974,2025072801013204,GBIME,Naasa Securities Co. Ltd.,Oxford Securities Pvt. Ltd.,489,260.0,127140.0,2025-07-28T12:14:37.569332
2025-07-28,116973,2025072801013205,GBIME,Naasa Securities Co. Ltd.,Online Securities Pvt. Ltd.,319,260.0,82940.0,2025-07-28T12:14:37.569717
2025-07-28,116972,2025072801013206,GBIME,Naasa Securities Co. Ltd.,Investment Management Nepal Pvt. Ltd.,369,260.0,95940.0,2025-07-28T12:14:37.569903
2025-07-28,116971,2025072801013207,GBIME,Naasa Securities Co. Ltd.,Dipshikha Dhitopatra Karobar Co. Pvt Ltd.,50,260.0,13000.0,2025-07-28T12:14:37.570098
2025-07-28,116970,2025072801013208,GBIME,Naasa Securities Co. Ltd.,Online Securities Pvt. Ltd.,186,260.0,48360.0,2025-07-28T12:14:37.570278
2025-07-28,116969,2025072801013209,GBIME,Naasa Securities Co. Ltd.,Arun Securities (PVT) Ltd.,60,260.0,15600.0,2025-07-28T12:14:37.570494
2025-07-28,116954,2025072801013214,GBIME,Naasa Securities Co. Ltd.,Dipshikha Dhitopatra Karobar Co. Pvt Ltd.,100,260.0,26000.0,2025-07-28T12:14:39.159597
2025-07-28,116872,2025072801013230,GBIME,Naasa Securities Co. Ltd.,Sumeru Securities Pvt. Ltd.,100,260.0,26000.0,2025-07-28T12:14:45.243872
2025-07-28,116517,2025072801013358,GBIME,Naasa Securities Co. Ltd.,Midas Stock Broking Company Private Limited,300,260.0,78000.0,2025-07-28T12:15:02.732128
2025-07-28,116251,2025072801013444,GBIME,Naasa Securities Co. Ltd.,J.F. Securites (PVT) Ltd.,1027,260.0,267020.0,2025-07-28T12:15:13.090509
2025-07-28,116250,2025072801013445,GBIME,Nepal Stock House (PVT) Ltd.,J.F. Securites (PVT) Ltd.,200,260.0,52000.0,2025-07-28T12:15:13.091306
2025-07-28,116249,2025072801013446,GBIME,Online Securities Pvt. Ltd.,J.F. Securites (PVT) Ltd.,100,260.0,26000.0,2025-07-28T12:15:13.091841
2025-07-28,115928,2025072801013573,GBIME,pahiinvestment,J.F. Securites (PVT) Ltd.,173,260.0,44980.0,2025-07-28T12:15:31.079301
2025-07-28,115896,2025072801013583,GBIME,pahiinvestment,South Asian Bulls Pvt. Ltd.,827,260.0,215020.0,2025-07-28T12:15:33.157036
2025-07-28,115510,2025072801013703,GBIME,Imperial Securities Company Pvt. Ltd.,Sundhara Securities Limited,105,260.0,27300.0,2025-07-28T12:15:55.981807
2025-07-28,115101,2025072801013801,GBIME,Imperial Securities Company Pvt. Ltd.,Naasa Securities Co. Ltd.,30,260.0,7800.0,2025-07-28T12:16:15.748729
2025-07-28,115074,2025072801013809,GBIME,Imperial Securities Company Pvt. Ltd.,Vision Securities Pvt. Ltd,2865,260.0,744900.0,2025-07-28T12:16:19.331682
2025-07-28,115073,2025072801013810,GBIME,ABC Securities Private Limited,Vision Securities Pvt. Ltd,564,259.9,146583.6,2025-07-28T12:16:19.332069
2025-07-28,114472,2025072801013986,GBIME,Online Securities Pvt. Ltd.,Agrawal Securities (PVT) Ltd.,1,254.9,254.9,2025-07-28T12:16:48.902115
2025-07-28,113928,2025072801014149,GBIME,ABC Securities Private Limited,Cristal Kanchanjanga Securites Pvt. Ltd.,80,260.0,20800.0,2025-07-28T12:17:23.070936
2025-07-28,113756,2025072801014173,GBIME,ABC Securities Private Limited,Midas Stock Broking Company Private Limited,615,260.0,159900.0,2025-07-28T12:17:30.884135
2025-07-28,113689,2025072801014189,GBIME,ABC Securities Private Limited,Aryatara Investment & Securities,100,260.0,26000.0,2025-07-28T12:17:37.095207
2025-07-28,113632,2025072801014197,GBIME,ABC Securities Private Limited,ABC Securities Private Limited,205,260.0,53300.0,2025-07-28T12:17:39.762671
2025-07-28,113631,2025072801014198,GBIME,Naasa Securities Co. Ltd.,ABC Securities Private Limited,10,260.0,2600.0,2025-07-28T12:17:39.763045
2025-07-28,113630,2025072801014199,GBIME,ABC Securities Private Limited,ABC Securities Private Limited,385,259.9,100061.5,2025-07-28T12:17:39.763236
2025-07-28,113435,2025072801014250,GBIME,ABC Securities Private Limited,Dipshikha Dhitopatra Karobar Co. Pvt Ltd.,3000,259.9,779700.0,2025-07-28T12:17:51.556399
2025-07-28,113301,2025072801014281,GBIME,Ashutosh Brokerage & Securities (PVT) Ltd.,South Asian Bulls Pvt. Ltd.,74,260.0,19240.0,2025-07-28T12:17:59.326109
2025-07-28,113099,2025072801014335,GBIME,Ashutosh Brokerage & Securities (PVT) Ltd.,Imperial Securities Company Pvt. Ltd.,4926,260.2,1281745.2,2025-07-28T12:18:11.535831
2025-07-28,113098,2025072801014336,GBIME,ABC Securities Private Limited,Imperial Securities Company Pvt. Ltd.,3074,259.9,798932.6,2025-07-28T12:18:11.535895
2025-07-28,112669,2025072801014441,GBIME,Ashutosh Brokerage & Securities (PVT) Ltd.,Dipshikha Dhitopatra Karobar Co. Pvt Ltd.,133,260.0,34580.0,2025-07-28T12:18:38.363341
2025-07-28,112668,2025072801014442,GBIME,Ashutosh Brokerage & Securities (PVT) Ltd.,Aryatara Investment & Securities,2000,260.0,520000.0,2025-07-28T12:18:38.363716
2025-07-28,112667,2025072801014443,GBIME,Ashutosh Brokerage & Securities (PVT) Ltd.,Naasa Securities Co. Ltd.,24,260.0,6240.0,2025-07-28T12:18:38.363939
2025-07-28,112666,2025072801014444,GBIME,Ashutosh Brokerage & Securities (PVT) Ltd.,Sani Securities Company Ltd.,250,260.0,65000.0,2025-07-28T12:18:38.364163
2025-07-28,112520,2025072801014471,GBIME,Ashutosh Brokerage & Securities (PVT) Ltd.,Dipshikha Dhitopatra Karobar Co. Pvt Ltd.,2500,260.0,650000.0,2025-07-28T12:18:47.43575
2025-07-28,112421,2025072801014491,GBIME,Ashutosh Brokerage & Securities (PVT) Ltd.,Siprabi Securities Pvt. Ltd.,93,260.0,24180.0,2025-07-28T12:18:53.39173
2025-07-28,111886,2025072801014641,GBIME,ABC Securities Private Limited,Naasa Securities Co. Ltd.,3504,259.9,910689.6,2025-07-28T12:19:23.276099
2025-07-28,111885,2025072801014642,GBIME,Nepal Investment And Securities Trading Private Limited,Naasa Securities Co. Ltd.,10,259.9,2599.0,2025-07-28T12:19:23.276178
2025-07-28,111884,2025072801014643,GBIME,Nepal Stock House (PVT) Ltd.,Naasa Securities Co. Ltd.,100,259.8,25980.0,2025-07-28T12:19:23.276209
2025-07-28,111883,2025072801014644,GBIME,Oxford Securities Pvt. Ltd.,Naasa Securities Co. Ltd.,100,259.7,25970.0,2025-07-28T12:19:23.27624
2025-07-28,111882,2025072801014645,GBIME,Investment Management Nepal Pvt. Ltd.,Naasa Securities Co. Ltd.,2000,259.7,519400.0,2025-07-28T12:19:23.276267
2025-07-28,111881,2025072801014646,GBIME,ABC Securities Private Limited,Naasa Securities Co. Ltd.,461,259.6,119675.6,2025-07-28T12:19:23.276306
2025-07-28,111699,2025072801014680,GBIME,ABC Securities Private Limited,Asian Securities Private Ltd.,200,259.6,51920.0,2025-07-28T12:19:32.142913
2025-07-28,111389,2025072801014767,GBIME,Primo Securities (PVT) Ltd.,Siprabi Securities Pvt. Ltd.,107,260.0,27820.0,2025-07-28T12:19:49.38013
2025-07-28,111388,2025072801014768,GBIME,Primo Securities (PVT) Ltd.,Imperial Securities Company Pvt. Ltd.,81,260.0,21060.0,2025-07-28T12:19:49.380513
2025-07-28,111387,2025072801014769,GBIME,Primo Securities (PVT) Ltd.,Imperial Securities Company Pvt. Ltd.,312,260.0,81120.0,2025-07-28T12:19:49.380738
2025-07-28,111249,2025072801014803,GBIME,ABC Securities Private Limited,Imperial Securities Company Pvt. Ltd.,100,260.0,26000.0,2025-07-28T12:19:58.854419
2025-07-28,111177,2025072801014826,GBIME,Hatemalo Financial Services Private Limited,Imperial Securities Company Pvt. Ltd.,14,260.0,3640.0,2025-07-28T12:20:03.375856
2025-07-28,110458,2025072801015034,GBIME,ABC Securities Private Limited,Imperial Securities Company Pvt. Ltd.,1339,259.6,347604.4,2025-07-28T12:20:45.137614
2025-07-28,110457,2025072801015035,GBIME,Oxford Securities Pvt. Ltd.,Imperial Securities Company Pvt. Ltd.,100,259.6,25960.0,2025-07-28T12:20:45.137719
2025-07-28,110427,2025072801015043,GBIME,Nepal Investment And Securities Trading Private Limited,Imperial Securities Company Pvt. Ltd.,38,260.0,9880.0,2025-07-28T12:20:47.342424
2025-07-28,109977,2025072801015143,GBIME,ABC Securities Private Limited,Imperial Securities Company Pvt. Ltd.,100,260.0,26000.0,2025-07-28T12:21:10.223068
2025-07-28,109658,2025072801015204,GBIME,KALASH STOCK MARKET PVT. LTD.,Imperial Securities Company Pvt. Ltd.,250,260.0,65000.0,2025-07-28T12:21:28.847913
2025-07-28,109308,2025072801015296,GBIME,Dynamic Money Managers Securities Pvt. Ltd.,Imperial Securities Company Pvt. Ltd.,1000,260.0,260000.0,2025-07-28T12:21:51.646511
2025-07-28,109124,2025072801015332,GBIME,Nepal Stock House (PVT) Ltd.,Naasa Securities Co. Ltd.,50,259.5,12975.0,2025-07-28T12:22:04.606972
2025-07-28,109123,2025072801015333,GBIME,Oxford Securities Pvt. Ltd.,Naasa Securities Co. Ltd.,200,259.5,51900.0,2025-07-28T12:22:04.6074
2025-07-28,108363,2025072801015515,GBIME,Trishakti Securities Public Limited,Sani Securities Company Ltd.,1,254.9,254.9,2025-07-28T12:22:58.748766
2025-07-28,108218,2025072801015552,GBIME,Investment Management Nepal Pvt. Ltd.,Malla & Malla Stock Broking Company Pvt. Limited,51,259.5,13234.5,2025-07-28T12:23:07.839998
2025-07-28,108066,2025072801015607,GBIME,Trishakti Securities Public Limited,Imperial Securities Company Pvt. Ltd.,1,255.0,255.0,2025-07-28T12:23:17.846621
2025-07-28,108053,2025072801015612,GBIME,Investment Management Nepal Pvt. Ltd.,Premier Securities Company Ltd.,149,259.5,38665.5,2025-07-28T12:23:18.787643
2025-07-28,108052,2025072801015613,GBIME,Naasa Securities Co. Ltd.,Premier Securities Company Ltd.,156,259.5,40482.0,2025-07-28T12:23:18.788043
2025-07-28,107173,2025072801015837,GBIME,Naasa Securities Co. Ltd.,Capital Max Securities Ltd,191,259.5,49564.5,2025-07-28T12:24:16.775154
2025-07-28,107172,2025072801015838,GBIME,Siprabi Securities Pvt. Ltd.,Capital Max Securities Ltd,29,259.4,7522.6,2025-07-28T12:24:16.775613
2025-07-28,107171,2025072801015839,GBIME,ABC Securities Private Limited,Capital Max Securities Ltd,220,259.3,57046.0,2025-07-28T12:24:16.775835
2025-07-28,107090,2025072801015860,GBIME,J.F. Securites (PVT) Ltd.,Malla & Malla Stock Broking Company Pvt. Limited,100,259.8,25980.0,2025-07-28T12:24:23.413743
2025-07-28,107089,2025072801015861,GBIME,J.F. Securites (PVT) Ltd.,Market Securities & Exchange (PVT) Ltd.,100,259.9,25990.0,2025-07-28T12:24:23.414286
2025-07-28,107088,2025072801015862,GBIME,J.F. Securites (PVT) Ltd.,Imperial Securities Company Pvt. Ltd.,400,260.0,104000.0,2025-07-28T12:24:23.414599
2025-07-28,106865,2025072801015909,GBIME,ABC Securities Private Limited,Linch Stock Market Ltd.,25,259.3,6482.5,2025-07-28T12:24:39.901378
2025-07-28,106567,2025072801016001,GBIME,Imperial Securities Company Pvt. Ltd.,Online Securities Pvt. Ltd.,406,259.4,105316.4,2025-07-28T12:24:58.524594
2025-07-28,106406,2025072801016067,GBIME,Imperial Securities Company Pvt. Ltd.,Secured Securities Ltd.,94,259.4,24383.6,2025-07-28T12:25:08.861615
2025-07-28,106405,2025072801016068,GBIME,ABC Securities Private Limited,Secured Securities Ltd.,755,259.3,195771.5,2025-07-28T12:25:08.862008
2025-07-28,106404,2025072801016069,GBIME,Dynamic Money Managers Securities Pvt. Ltd.,Secured Securities Ltd.,1000,259.2,259200.0,2025-07-28T12:25:08.862224
2025-07-28,106403,2025072801016070,GBIME,Trisul Securities & Invt. Ltd.,Secured Securities Ltd.,151,259.2,39139.2,2025-07-28T12:25:08.86241
2025-07-28,106282,2025072801016096,GBIME,Trisul Securities & Invt. Ltd.,Oxford Securities Pvt. Ltd.,93,259.2,24105.6,2025-07-28T12:25:18.884828
2025-07-28,106251,2025072801016104,GBIME,Trisul Securities & Invt. Ltd.,Linch Stock Market Ltd.,206,259.2,53395.2,2025-07-28T12:25:21.747776
2025-07-28,106037,2025072801016147,GBIME,Vision Securities Pvt. Ltd,Bhrikuti Stock Broking Co. Pvt. Ltd.,100,259.1,25910.0,2025-07-28T12:25:38.627075
2025-07-28,106036,2025072801016148,GBIME,ABC Securities Private Limited,Bhrikuti Stock Broking Co. Pvt. Ltd.,900,259.0,233100.0,2025-07-28T12:25:38.627462
2025-07-28,105774,2025072801016227,GBIME,Hatemalo Financial Services Private Limited,Online Securities Pvt. Ltd.,10,259.1,2591.0,2025-07-28T12:25:59.641229
2025-07-28,105717,2025072801016246,GBIME,Hatemalo Financial Services Private Limited,Nepal Stock House (PVT) Ltd.,38,259.1,9845.8,2025-07-28T12:26:03.301769
2025-07-28,105649,2025072801016271,GBIME,Hatemalo Financial Services Private Limited,Naasa Securities Co. Ltd.,52,259.1,13473.2,2025-07-28T12:26:08.534111
2025-07-28,105610,2025072801016278,GBIME,Kohinoor Investment & Securities Pvt. Ltd.,Dipshikha Dhitopatra Karobar Co. Pvt Ltd.,20,259.4,5188.0,2025-07-28T12:26:11.41394
2025-07-28,105543,2025072801016292,GBIME,Hatemalo Financial Services Private Limited,Opal Securities Investment (PVT) Ltd.,265,259.1,68661.5,2025-07-28T12:26:16.608807
2025-07-28,105542,2025072801016293,GBIME,ABC Securities Private Limited,Opal Securities Investment (PVT) Ltd.,10,259.1,2591.0,2025-07-28T12:26:16.609225
2025-07-28,105459,2025072801016316,GBIME,Oxford Securities Pvt. Ltd.,Premier Securities Company Ltd.,100,259.3,25930.0,2025-07-28T12:26:24.749244
2025-07-28,105260,2025072801016373,GBIME,ABC Securities Private Limited,Imperial Securities Company Pvt. Ltd.,14,259.1,3627.4,2025-07-28T12:26:39.855184
2025-07-28,105087,2025072801016411,GBIME,Premier Securities Company Ltd.,Linch Stock Market Ltd.,10,259.3,2593.0,2025-07-28T12:26:51.009374
2025-07-28,105079,2025072801016414,GBIME,ABC Securities Private Limited,K.B.L. Securities Limited ,76,259.1,19691.6,2025-07-28T12:26:51.964608
2025-07-28,105078,2025072801016415,GBIME,ABC Securities Private Limited,K.B.L. Securities Limited ,100,259.0,25900.0,2025-07-28T12:26:51.965434
2025-07-28,105077,2025072801016416,GBIME,Naasa Securities Co. Ltd.,K.B.L. Securities Limited ,20,259.0,5180.0,2025-07-28T12:26:51.966077
2025-07-28,105076,2025072801016417,GBIME,Naasa Securities Co. Ltd.,K.B.L. Securities Limited ,50,259.0,12950.0,2025-07-28T12:26:51.96669
2025-07-28,105075,2025072801016418,GBIME,Infinity Securities Limited,K.B.L. Securities Limited ,10,259.0,2590.0,2025-07-28T12:26:51.967324
2025-07-28,105074,2025072801016419,GBIME,Dynamic Money Managers Securities Pvt. Ltd.,K.B.L. Securities Limited ,244,259.0,63196.0,2025-07-28T12:26:51.967952
2025-07-28,104891,2025072801016492,GBIME,Dynamic Money Managers Securities Pvt. Ltd.,Dipshikha Dhitopatra Karobar Co. Pvt Ltd.,56,259.0,14504.0,2025-07-28T12:27:05.208754
2025-07-28,104890,2025072801016493,GBIME,Dynamic Money Managers Securities Pvt. Ltd.,Dipshikha Dhitopatra Karobar Co. Pvt Ltd.,18,259.0,4662.0,2025-07-28T12:27:05.209159
2025-07-28,104711,2025072801016547,GBIME,Dynamic Money Managers Securities Pvt. Ltd.,Primo Securities (PVT) Ltd.,82,259.0,21238.0,2025-07-28T12:27:18.842908
2025-07-28,104710,2025072801016548,GBIME,Thrive Brokerage House Pvt. Ltd,Primo Securities (PVT) Ltd.,218,259.0,56462.0,2025-07-28T12:27:18.843305
2025-07-28,104697,2025072801016550,GBIME,Thrive Brokerage House Pvt. Ltd,Aryatara Investment & Securities,282,259.0,73038.0,2025-07-28T12:27:19.680477
2025-07-28,104696,2025072801016551,GBIME,Premier Securities Company Ltd.,Aryatara Investment & Securities,200,259.0,51800.0,2025-07-28T12:27:19.681254
2025-07-28,104695,2025072801016552,GBIME,Deevyaa Securities & Stock House Pvt. Ltd,Aryatara Investment & Securities,10,259.0,2590.0,2025-07-28T12:27:19.681801
2025-07-28,104694,2025072801016553,GBIME,Dipshikha Dhitopatra Karobar Co. Pvt Ltd.,Aryatara Investment & Securities,100,259.0,25900.0,2025-07-28T12:27:19.682351
2025-07-28,104693,2025072801016554,GBIME,Thrive Brokerage House Pvt. Ltd,Aryatara Investment & Securities,35,259.0,9065.0,2025-07-28T12:27:19.682888
2025-07-28,104692,2025072801016555,GBIME,Aryatara Investment & Securities,Aryatara Investment & Securities,150,259.0,38850.0,2025-07-28T12:27:19.683434
2025-07-28,104691,2025072801016556,GBIME,Thrive Brokerage House Pvt. Ltd,Aryatara Investment & Securities,25,259.0,6475.0,2025-07-28T12:27:19.68397
2025-07-28,104690,2025072801016557,GBIME,Online Securities Pvt. Ltd.,Aryatara Investment & Securities,58,259.0,15022.0,2025-07-28T12:27:19.684522
2025-07-28,104689,2025072801016558,GBIME,Bhrikuti Stock Broking Co. Pvt. Ltd.,Aryatara Investment & Securities,15,259.0,3885.0,2025-07-28T12:27:19.685073
2025-07-28,104688,2025072801016559,GBIME,APPLE SECURITIES PRIVATE LIMITED,Aryatara Investment & Securities,30,259.0,7770.0,2025-07-28T12:27:19.685608
2025-07-28,104687,2025072801016560,GBIME,Online Securities Pvt. Ltd.,Aryatara Investment & Securities,80,259.0,20720.0,2025-07-28T12:27:19.686161
2025-07-28,104686,2025072801016561,GBIME,ABC Securities Private Limited,Aryatara Investment & Securities,15,259.0,3885.0,2025-07-28T12:27:19.686696
2025-07-28,104593,2025072801016594,GBIME,ABC Securities Private Limited,Kohinoor Investment & Securities Pvt. Ltd.,85,259.0,22015.0,2025-07-28T12:27:26.344065
2025-07-28,104505,2025072801016626,GBIME,ABC Securities Private Limited,Indira securities pvt. ltd,81,259.0,20979.0,2025-07-28T12:27:33.676743
2025-07-28,104456,2025072801016637,GBIME,ABC Securities Private Limited,Aryatara Investment & Securities,1300,259.0,336700.0,2025-07-28T12:27:37.790321
2025-07-28,104345,2025072801016668,GBIME,ABC Securities Private Limited,Aryatara Investment & Securities,93,259.0,24087.0,2025-07-28T12:27:46.617757
2025-07-28,104060,2025072801016730,GBIME,ABC Securities Private Limited,Imperial Securities Company Pvt. Ltd.,241,259.0,62419.0,2025-07-28T12:28:06.367561
2025-07-28,103906,2025072801016752,GBIME,Vision Securities Pvt. Ltd,Linch Stock Market Ltd.,40,259.1,10364.0,2025-07-28T12:28:17.014106
2025-07-28,103840,2025072801016772,GBIME,ABC Securities Private Limited,Creative Securities Pvt Ltd,285,259.0,73815.0,2025-07-28T12:28:22.082842
2025-07-28,103621,2025072801016837,GBIME,ABC Securities Private Limited,Creative Securities Pvt Ltd,100,259.0,25900.0,2025-07-28T12:28:39.827792
2025-07-28,103496,2025072801016893,GBIME,Siprabi Securities Pvt. Ltd.,Online Securities Pvt. Ltd.,100,258.5,25850.0,2025-07-28T12:28:46.946394
2025-07-28,103196,2025072801016979,GBIME,Aryatara Investment & Securities,Dynamic Money Managers Securities Pvt. Ltd.,60,258.4,15504.0,2025-07-28T12:29:07.275243
2025-07-28,103166,2025072801016988,GBIME,Aryatara Investment & Securities,Online Securities Pvt. Ltd.,28,258.4,7235.2,2025-07-28T12:29:09.35472
2025-07-28,103155,2025072801016989,GBIME,ABC Securities Private Limited,Online Securities Pvt. Ltd.,100,258.5,25850.0,2025-07-28T12:29:09.979011
2025-07-28,103141,2025072801016997,GBIME,Aryatara Investment & Securities,J.F. Securites (PVT) Ltd.,12,258.4,3100.8,2025-07-28T12:29:10.868777
2025-07-28,102996,2025072801017054,GBIME,Cristal Kanchanjanga Securites Pvt. Ltd.,J.F. Securites (PVT) Ltd.,28,258.4,7235.2,2025-07-28T12:29:18.548473
2025-07-28,102995,2025072801017055,GBIME,Cristal Kanchanjanga Securites Pvt. Ltd.,Online Securities Pvt. Ltd.,12,258.5,3102.0,2025-07-28T12:29:18.548869
2025-07-28,102852,2025072801017099,GBIME,Secured Securities Ltd.,Naasa Securities Co. Ltd.,535,258.3,138190.5,2025-07-28T12:29:27.429496
2025-07-28,102786,2025072801017121,GBIME,Secured Securities Ltd.,Trisul Securities & Invt. Ltd.,100,258.3,25830.0,2025-07-28T12:29:34.990924
2025-07-28,102675,2025072801017155,GBIME,Secured Securities Ltd.,Linch Stock Market Ltd.,84,258.3,21697.2,2025-07-28T12:29:43.216088
2025-07-28,102623,2025072801017172,GBIME,Secured Securities Ltd.,Naasa Securities Co. Ltd.,127,258.3,32804.1,2025-07-28T12:29:47.783549
2025-07-28,102609,2025072801017180,GBIME,ABC Securities Private Limited,Online Securities Pvt. Ltd.,100,258.5,25850.0,2025-07-28T12:29:48.394138
2025-07-28,102308,2025072801017252,GBIME,Thrive Brokerage House Pvt. Ltd,Online Securities Pvt. Ltd.,17,258.5,4394.5,2025-07-28T12:30:12.963532
2025-07-28,102293,2025072801017255,GBIME,Secured Securities Ltd.,Imperial Securities Company Pvt. Ltd.,154,258.3,39778.2,2025-07-28T12:30:14.383999
2025-07-28,102292,2025072801017256,GBIME,Vision Securities Pvt. Ltd,Imperial Securities Company Pvt. Ltd.,100,258.2,25820.0,2025-07-28T12:30:14.384073
2025-07-28,102291,2025072801017257,GBIME,Nepal Stock House (PVT) Ltd.,Imperial Securities Company Pvt. Ltd.,200,258.2,51640.0,2025-07-28T12:30:14.384101
2025-07-28,102290,2025072801017258,GBIME,Premier Securities Company Ltd.,Imperial Securities Company Pvt. Ltd.,300,258.1,77430.0,2025-07-28T12:30:14.384127
2025-07-28,102289,2025072801017259,GBIME,Nepal Stock House (PVT) Ltd.,Imperial Securities Company Pvt. Ltd.,300,258.1,77430.0,2025-07-28T12:30:14.384157
2025-07-28,102288,2025072801017260,GBIME,Oxford Securities Pvt. Ltd.,Imperial Securities Company Pvt. Ltd.,446,258.1,115112.6,2025-07-28T12:30:14.384188
2025-07-28,102000,2025072801017346,GBIME,Imperial Securities Company Pvt. Ltd.,Sani Securities Company Ltd.,25,258.2,6455.0,2025-07-28T12:30:38.617062
2025-07-28,101962,2025072801017357,GBIME,Pragyan Securities (PVT) Ltd.,Online Securities Pvt. Ltd.,500,258.5,129250.0,2025-07-28T12:30:41.418912
2025-07-28,101862,2025072801017398,GBIME,Agrawal Securities (PVT) Ltd.,Online Securities Pvt. Ltd.,53,258.5,13700.5,2025-07-28T12:30:51.511959
2025-07-28,101861,2025072801017399,GBIME,Agrawal Securities (PVT) Ltd.,Nepal Investment And Securities Trading Private Limited,60,258.5,15510.0,2025-07-28T12:30:51.512359
2025-07-28,101860,2025072801017400,GBIME,Agrawal Securities (PVT) Ltd.,Premier Securities Company Ltd.,187,258.5,48339.5,2025-07-28T12:30:51.512546
2025-07-28,101809,2025072801017408,GBIME,ABC Securities Private Limited,Premier Securities Company Ltd.,1218,258.5,314853.0,2025-07-28T12:30:54.339546
2025-07-28,101719,2025072801017446,GBIME,ABC Securities Private Limited,Linch Stock Market Ltd.,559,258.5,144501.5,2025-07-28T12:31:02.832581
2025-07-28,101644,2025072801017465,GBIME,ABC Securities Private Limited,Dakshinkali Investment & Securities Pvt. Ltd.,223,258.5,57645.5,2025-07-28T12:31:09.570346
2025-07-28,101570,2025072801017485,GBIME,Imperial Securities Company Pvt. Ltd.,Aryatara Investment & Securities,475,258.2,122645.0,2025-07-28T12:31:16.357271
2025-07-28,101569,2025072801017486,GBIME,Naasa Securities Co. Ltd.,Aryatara Investment & Securities,20,258.2,5164.0,2025-07-28T12:31:16.357664
2025-07-28,101568,2025072801017487,GBIME,Asian Securities Private Ltd.,Aryatara Investment & Securities,500,258.2,129100.0,2025-07-28T12:31:16.357859
2025-07-28,101407,2025072801017537,GBIME,Ashutosh Brokerage & Securities (PVT) Ltd.,Aryatara Investment & Securities,2000,258.2,516400.0,2025-07-28T12:31:30.330241
2025-07-28,101292,2025072801017571,GBIME,Ashutosh Brokerage & Securities (PVT) Ltd.,Dakshinkali Investment & Securities Pvt. Ltd.,1000,258.2,258200.0,2025-07-28T12:31:39.172715
2025-07-28,101254,2025072801017581,GBIME,Naasa Securities Co. Ltd.,Dakshinkali Investment & Securities Pvt. Ltd.,772,258.5,199562.0,2025-07-28T12:31:42.005463
2025-07-28,101245,2025072801017582,GBIME,Ashutosh Brokerage & Securities (PVT) Ltd.,Naasa Securities Co. Ltd.,50,258.2,12910.0,2025-07-28T12:31:43.955787
2025-07-28,100640,2025072801017769,GBIME,Ashutosh Brokerage & Securities (PVT) Ltd.,Naasa Securities Co. Ltd.,50,258.2,12910.0,2025-07-28T12:32:36.234733
2025-07-28,100560,2025072801017788,GBIME,Ashutosh Brokerage & Securities (PVT) Ltd.,Primo Securities (PVT) Ltd.,10,258.2,2582.0,2025-07-28T12:32:40.916165
2025-07-28,100223,2025072801017894,GBIME,Aakashbhairab Securities Ltd.,Imperial Securities Company Pvt. Ltd.,42,258.3,10848.6,2025-07-28T12:33:07.941215
2025-07-28,99932,2025072801017974,GBIME,Nepal Stock House (PVT) Ltd.,Dakshinkali Investment & Securities Pvt. Ltd.,700,258.5,180950.0,2025-07-28T12:33:31.268943
2025-07-28,99901,2025072801017984,GBIME,Aakashbhairab Securities Ltd.,Ashutosh Brokerage & Securities (PVT) Ltd.,43,258.3,11106.9,2025-07-28T12:33:34.845267
2025-07-28,99780,2025072801018027,GBIME,Trisul Securities & Invt. Ltd.,Dakshinkali Investment & Securities Pvt. Ltd.,100,258.5,25850.0,2025-07-28T12:33:48.406763
2025-07-28,99779,2025072801018028,GBIME,Trisul Securities & Invt. Ltd.,Imperial Securities Company Pvt. Ltd.,100,258.5,25850.0,2025-07-28T12:33:48.407618
2025-07-28,99523,2025072801018091,GBIME,Agrawal Securities (PVT) Ltd.,Sani Securities Company Ltd.,239,258.6,61805.4,2025-07-28T12:34:06.126331
2025-07-28,99459,2025072801018105,GBIME,Agrawal Securities (PVT) Ltd.,Dakshinkali Investment & Securities Pvt. Ltd.,397,258.6,102664.2,2025-07-28T12:34:11.206177
2025-07-28,99285,2025072801018143,GBIME,Agrawal Securities (PVT) Ltd.,Premier Securities Company Ltd.,52,258.6,13447.2,2025-07-28T12:34:26.139897
2025-07-28,99265,2025072801018147,GBIME,Naasa Securities Co. Ltd.,Creative Securities Pvt Ltd,37,259.0,9583.0,2025-07-28T12:34:27.698607
2025-07-28,99264,2025072801018148,GBIME,Naasa Securities Co. Ltd.,Imperial Securities Company Pvt. Ltd.,1123,259.0,290857.0,2025-07-28T12:34:27.699006
2025-07-28,99237,2025072801018154,GBIME,Agrawal Securities (PVT) Ltd.,Nepal Stock House (PVT) Ltd.,117,258.6,30256.2,2025-07-28T12:34:30.214323
2025-07-28,99220,2025072801018168,GBIME,Sri Hari Securities Pvt. Ltd.,Imperial Securities Company Pvt. Ltd.,1500,259.0,388500.0,2025-07-28T12:34:31.348824
2025-07-28,99109,2025072801018200,GBIME,Sri Hari Securities Pvt. Ltd.,Imperial Securities Company Pvt. Ltd.,683,259.0,176897.0,2025-07-28T12:34:40.079501
2025-07-28,99108,2025072801018201,GBIME,Sri Hari Securities Pvt. Ltd.,Agrawal Securities (PVT) Ltd.,195,259.0,50505.0,2025-07-28T12:34:40.079934
2025-07-28,99107,2025072801018202,GBIME,Sri Hari Securities Pvt. Ltd.,Sani Securities Company Ltd.,550,259.0,142450.0,2025-07-28T12:34:40.08013
2025-07-28,99106,2025072801018203,GBIME,Sri Hari Securities Pvt. Ltd.,Sani Securities Company Ltd.,72,259.0,18648.0,2025-07-28T12:34:40.080315
2025-07-28,99077,2025072801018207,GBIME,Naasa Securities Co. Ltd.,Sani Securities Company Ltd.,70,259.0,18130.0,2025-07-28T12:34:42.681881
2025-07-28,99008,2025072801018219,GBIME,Sri Hari Securities Pvt. Ltd.,Sani Securities Company Ltd.,323,259.0,83657.0,2025-07-28T12:34:50.151498
2025-07-28,99007,2025072801018220,GBIME,Sri Hari Securities Pvt. Ltd.,Oxford Securities Pvt. Ltd.,70,259.0,18130.0,2025-07-28T12:34:50.152339
2025-07-28,99006,2025072801018221,GBIME,Sri Hari Securities Pvt. Ltd.,Indira securities pvt. ltd,314,259.0,81326.0,2025-07-28T12:34:50.152916
2025-07-28,99005,2025072801018222,GBIME,Sri Hari Securities Pvt. Ltd.,Naasa Securities Co. Ltd.,35,259.0,9065.0,2025-07-28T12:34:50.153492
2025-07-28,99004,2025072801018223,GBIME,Sri Hari Securities Pvt. Ltd.,Vision Securities Pvt. Ltd,200,259.0,51800.0,2025-07-28T12:34:50.154062
2025-07-28,99003,2025072801018224,GBIME,Sri Hari Securities Pvt. Ltd.,Imperial Securities Company Pvt. Ltd.,11,259.0,2849.0,2025-07-28T12:34:50.154612
2025-07-28,99002,2025072801018225,GBIME,Sri Hari Securities Pvt. Ltd.,Naasa Securities Co. Ltd.,20,259.1,5182.0,2025-07-28T12:34:50.155162
2025-07-28,99001,2025072801018226,GBIME,Sri Hari Securities Pvt. Ltd.,Naasa Securities Co. Ltd.,10,259.1,2591.0,2025-07-28T12:34:50.155707
2025-07-28,99000,2025072801018227,GBIME,Sri Hari Securities Pvt. Ltd.,Online Securities Pvt. Ltd.,500,259.5,129750.0,2025-07-28T12:34:50.156266
2025-07-28,98999,2025072801018228,GBIME,Sri Hari Securities Pvt. Ltd.,Siprabi Securities Pvt. Ltd.,17,259.9,4418.3,2025-07-28T12:34:50.156826
2025-07-28,98496,2025072801018351,GBIME,Sri Hari Securities Pvt. Ltd.,Online Securities Pvt. Ltd.,259,258.9,67055.1,2025-07-28T12:35:29.262582
2025-07-28,98495,2025072801018352,GBIME,Sri Hari Securities Pvt. Ltd.,Siprabi Securities Pvt. Ltd.,241,259.9,62635.9,2025-07-28T12:35:29.262993
2025-07-28,98459,2025072801018359,GBIME,ABC Securities Private Limited,Malla & Malla Stock Broking Company Pvt. Limited,50,258.7,12935.0,2025-07-28T12:35:32.889815
2025-07-28,98409,2025072801018368,GBIME,ABC Securities Private Limited,Siprabi Securities Pvt. Ltd.,50,258.7,12935.0,2025-07-28T12:35:35.824621
2025-07-28,98036,2025072801018482,GBIME,ABC Securities Private Limited,J.F. Securites (PVT) Ltd.,200,258.7,51740.0,2025-07-28T12:35:57.523577
2025-07-28,97434,2025072801018643,GBIME,ABC Securities Private Limited,Naasa Securities Co. Ltd.,211,258.7,54585.7,2025-07-28T12:36:49.828612
2025-07-28,96969,2025072801018793,GBIME,ABC Securities Private Limited,Siprabi Securities Pvt. Ltd.,200,258.7,51740.0,2025-07-28T12:37:25.257612
2025-07-28,96936,2025072801018797,GBIME,ABC Securities Private Limited,Imperial Securities Company Pvt. Ltd.,105,258.7,27163.5,2025-07-28T12:37:28.241658
2025-07-28,96930,2025072801018799,GBIME,ABC Securities Private Limited,Naasa Securities Co. Ltd.,20,258.7,5174.0,2025-07-28T12:37:29.396229
2025-07-28,96656,2025072801018867,GBIME,ABC Securities Private Limited,Linch Stock Market Ltd.,60,258.7,15522.0,2025-07-28T12:37:51.870456
2025-07-28,96577,2025072801018882,GBIME,ABC Securities Private Limited,Investment Management Nepal Pvt. Ltd.,104,258.7,26904.8,2025-07-28T12:37:58.872313
2025-07-28,96139,2025072801018990,GBIME,Trisul Securities & Invt. Ltd.,Investment Management Nepal Pvt. Ltd.,740,258.7,191438.0,2025-07-28T12:38:37.999871
2025-07-28,96011,2025072801019027,GBIME,ABC Securities Private Limited,Sweta Securities Private Limited,250,258.9,64725.0,2025-07-28T12:38:49.267373
2025-07-28,95603,2025072801019164,GBIME,Oxford Securities Pvt. Ltd.,Vision Securities Pvt. Ltd,500,259.0,129500.0,2025-07-28T12:39:18.266492
2025-07-28,95293,2025072801019255,GBIME,Nagarik Stock Dealer ,Siprabi Securities Pvt. Ltd.,10,259.9,2599.0,2025-07-28T12:39:36.926199
2025-07-28,95155,2025072801019280,GBIME,Oxford Securities Pvt. Ltd.,Sewa Securities Pvt. Ltd.,1000,259.0,259000.0,2025-07-28T12:39:46.549661
2025-07-28,95154,2025072801019281,GBIME,ABC Securities Private Limited,Sewa Securities Pvt. Ltd.,520,258.9,134628.0,2025-07-28T12:39:46.550106
2025-07-28,94905,2025072801019345,GBIME,Sani Securities Company Ltd.,Siprabi Securities Pvt. Ltd.,1073,259.9,278872.7,2025-07-28T12:40:03.542147
2025-07-28,94904,2025072801019346,GBIME,Sani Securities Company Ltd.,Sumeru Securities Pvt. Ltd.,100,259.9,25990.0,2025-07-28T12:40:03.542575
2025-07-28,94903,2025072801019347,GBIME,Sani Securities Company Ltd.,Asian Securities Private Ltd.,927,259.9,240927.3,2025-07-28T12:40:03.542848
2025-07-28,94733,2025072801019385,GBIME,ABC Securities Private Limited,Bhrikuti Stock Broking Co. Pvt. Ltd.,100,260.0,26000.0,2025-07-28T12:40:14.742187
2025-07-28,94732,2025072801019386,GBIME,ABC Securities Private Limited,Asian Securities Private Ltd.,30,260.0,7800.0,2025-07-28T12:40:14.742994
2025-07-28,94731,2025072801019387,GBIME,ABC Securities Private Limited,Trishakti Securities Public Limited,1000,260.0,260000.0,2025-07-28T12:40:14.743593
2025-07-28,94730,2025072801019388,GBIME,ABC Securities Private Limited,Sani Securities Company Ltd.,300,260.0,78000.0,2025-07-28T12:40:14.7442
2025-07-28,94729,2025072801019389,GBIME,ABC Securities Private Limited,Sumeru Securities Pvt. Ltd.,500,260.0,130000.0,2025-07-28T12:40:14.744779
2025-07-28,94728,2025072801019390,GBIME,ABC Securities Private Limited,Sumeru Securities Pvt. Ltd.,70,260.0,18200.0,2025-07-28T12:40:14.745389
2025-07-28,94475,2025072801019441,GBIME,Shree Krishna Securities Ltd.,Sumeru Securities Pvt. Ltd.,430,260.0,111800.0,2025-07-28T12:40:26.465545
2025-07-28,94474,2025072801019442,GBIME,Shree Krishna Securities Ltd.,Dynamic Money Managers Securities Pvt. Ltd.,100,260.0,26000.0,2025-07-28T12:40:26.465988
2025-07-28,94473,2025072801019443,GBIME,Shree Krishna Securities Ltd.,Ashutosh Brokerage & Securities (PVT) Ltd.,100,260.0,26000.0,2025-07-28T12:40:26.46619
2025-07-28,94472,2025072801019444,GBIME,Shree Krishna Securities Ltd.,Cristal Kanchanjanga Securites Pvt. Ltd.,200,260.0,52000.0,2025-07-28T12:40:26.466381
2025-07-28,94471,2025072801019445,GBIME,Shree Krishna Securities Ltd.,Neev Securities Pvt. Ltd.,200,260.0,52000.0,2025-07-28T12:40:26.466569
2025-07-28,94470,2025072801019446,GBIME,Shree Krishna Securities Ltd.,Naasa Securities Co. Ltd.,2128,260.0,553280.0,2025-07-28T12:40:26.466759
2025-07-28,94469,2025072801019447,GBIME,Shree Krishna Securities Ltd.,Imperial Securities Company Pvt. Ltd.,100,260.0,26000.0,2025-07-28T12:40:26.466946
2025-07-28,94468,2025072801019448,GBIME,Shree Krishna Securities Ltd.,Kumari Securities Private Limited,500,260.0,130000.0,2025-07-28T12:40:26.467141
2025-07-28,94467,2025072801019449,GBIME,Shree Krishna Securities Ltd.,Ashutosh Brokerage & Securities (PVT) Ltd.,144,260.0,37440.0,2025-07-28T12:40:26.467326
2025-07-28,94466,2025072801019450,GBIME,Shree Krishna Securities Ltd.,Midas Stock Broking Company Private Limited,200,260.0,52000.0,2025-07-28T12:40:26.467504
2025-07-28,94465,2025072801019451,GBIME,Shree Krishna Securities Ltd.,Dynamic Money Managers Securities Pvt. Ltd.,50,260.0,13000.0,2025-07-28T12:40:26.467681
2025-07-28,94464,2025072801019452,GBIME,Shree Krishna Securities Ltd.,Sri Hari Securities Pvt. Ltd.,335,260.0,87100.0,2025-07-28T12:40:26.467861
2025-07-28,94463,2025072801019453,GBIME,Shree Krishna Securities Ltd.,Kalika Securities Pvt. Ltd.,198,260.0,51480.0,2025-07-28T12:40:26.468047
2025-07-28,94171,2025072801019515,GBIME,Shree Krishna Securities Ltd.,Linch Stock Market Ltd.,820,260.3,213446.0,2025-07-28T12:40:44.276426
2025-07-28,94170,2025072801019516,GBIME,Shree Krishna Securities Ltd.,Kohinoor Investment & Securities Pvt. Ltd.,200,260.5,52100.0,2025-07-28T12:40:44.276819
2025-07-28,94169,2025072801019517,GBIME,Shree Krishna Securities Ltd.,Kumari Securities Private Limited,20,260.8,5216.0,2025-07-28T12:40:44.277008
2025-07-28,94168,2025072801019518,GBIME,Shree Krishna Securities Ltd.,Linch Stock Market Ltd.,460,260.9,120014.0,2025-07-28T12:40:44.277205
2025-07-28,94167,2025072801019519,GBIME,Shree Krishna Securities Ltd.,Sewa Securities Pvt. Ltd.,2815,260.9,734433.5,2025-07-28T12:40:44.277442
2025-07-28,94166,2025072801019520,GBIME,Shree Krishna Securities Ltd.,Dynamic Money Managers Securities Pvt. Ltd.,400,260.9,104360.0,2025-07-28T12:40:44.277674
2025-07-28,94165,2025072801019521,GBIME,Shree Krishna Securities Ltd.,Nepal Stock House (PVT) Ltd.,300,260.9,78270.0,2025-07-28T12:40:44.277925
2025-07-28,94164,2025072801019522,GBIME,Shree Krishna Securities Ltd.,Sewa Securities Pvt. Ltd.,80,261.0,20880.0,2025-07-28T12:40:44.278204
2025-07-28,94163,2025072801019523,GBIME,Shree Krishna Securities Ltd.,Naasa Securities Co. Ltd.,120,261.0,31320.0,2025-07-28T12:40:44.278424
2025-07-28,94162,2025072801019524,GBIME,Shree Krishna Securities Ltd.,Imperial Securities Company Pvt. Ltd.,117,261.0,30537.0,2025-07-28T12:40:44.278639
2025-07-28,94161,2025072801019525,GBIME,Shree Krishna Securities Ltd.,Aryatara Investment & Securities,100,261.0,26100.0,2025-07-28T12:40:44.278839
2025-07-28,94160,2025072801019526,GBIME,Shree Krishna Securities Ltd.,Sweta Securities Private Limited,100,261.0,26100.0,2025-07-28T12:40:44.279051
2025-07-28,94159,2025072801019527,GBIME,Shree Krishna Securities Ltd.,Trishakti Securities Public Limited,200,261.0,52200.0,2025-07-28T12:40:44.279301
2025-07-28,94158,2025072801019528,GBIME,Shree Krishna Securities Ltd.,Trishakti Securities Public Limited,633,261.0,165213.0,2025-07-28T12:40:44.279528
2025-07-28,94157,2025072801019529,GBIME,Shree Krishna Securities Ltd.,Dynamic Money Managers Securities Pvt. Ltd.,500,261.0,130500.0,2025-07-28T12:40:44.279725
2025-07-28,94156,2025072801019530,GBIME,Shree Krishna Securities Ltd.,Creative Securities Pvt Ltd,325,261.0,84825.0,2025-07-28T12:40:44.279916
2025-07-28,94155,2025072801019531,GBIME,Shree Krishna Securities Ltd.,Naasa Securities Co. Ltd.,82,261.0,21402.0,2025-07-28T12:40:44.28012
2025-07-28,94154,2025072801019532,GBIME,Shree Krishna Securities Ltd.,Cristal Kanchanjanga Securites Pvt. Ltd.,308,261.0,80388.0,2025-07-28T12:40:44.28036
2025-07-28,94153,2025072801019533,GBIME,Shree Krishna Securities Ltd.,Sundhara Securities Limited,96,261.0,25056.0,2025-07-28T12:40:44.280594
2025-07-28,94152,2025072801019534,GBIME,Shree Krishna Securities Ltd.,Aakashbhairab Securities Ltd.,200,261.0,52200.0,2025-07-28T12:40:44.280793
2025-07-28,94151,2025072801019535,GBIME,Shree Krishna Securities Ltd.,Malla & Malla Stock Broking Company Pvt. Limited,50,261.0,13050.0,2025-07-28T12:40:44.28101
2025-07-28,94150,2025072801019536,GBIME,Shree Krishna Securities Ltd.,Online Securities Pvt. Ltd.,80,261.0,20880.0,2025-07-28T12:40:44.281233
2025-07-28,94149,2025072801019537,GBIME,Shree Krishna Securities Ltd.,Aryatara Investment & Securities,900,261.0,234900.0,2025-07-28T12:40:44.281431
2025-07-28,94148,2025072801019538,GBIME,Shree Krishna Securities Ltd.,Imperial Securities Company Pvt. Ltd.,500,261.0,130500.0,2025-07-28T12:40:44.281633
2025-07-28,94147,2025072801019539,GBIME,Shree Krishna Securities Ltd.,Creative Securities Pvt Ltd,40,261.0,10440.0,2025-07-28T12:40:44.281838
2025-07-28,94146,2025072801019540,GBIME,Shree Krishna Securities Ltd.,Kohinoor Investment & Securities Pvt. Ltd.,150,261.0,39150.0,2025-07-28T12:40:44.282061
2025-07-28,92662,2025072801019851,GBIME,Dynamic Money Managers Securities Pvt. Ltd.,Ashutosh Brokerage & Securities (PVT) Ltd.,20,261.5,5230.0,2025-07-28T12:41:53.562342
2025-07-28,92661,2025072801019852,GBIME,Dynamic Money Managers Securities Pvt. Ltd.,Naasa Securities Co. Ltd.,175,261.5,45762.5,2025-07-28T12:41:53.562712
2025-07-28,92660,2025072801019853,GBIME,Dynamic Money Managers Securities Pvt. Ltd.,ABC Securities Private Limited,108,261.7,28263.6,2025-07-28T12:41:53.56291
2025-07-28,92659,2025072801019854,GBIME,Dynamic Money Managers Securities Pvt. Ltd.,Imperial Securities Company Pvt. Ltd.,697,261.7,182404.9,2025-07-28T12:41:53.563093
2025-07-28,92390,2025072801019963,GBIME,Secured Securities Ltd.,South Asian Bulls Pvt. Ltd.,186,260.3,48415.8,2025-07-28T12:42:06.328671
2025-07-28,91211,2025072801020250,GBIME,Siprabi Securities Pvt. Ltd.,Aryatara Investment & Securities,10,261.6,2616.0,2025-07-28T12:43:16.355357
2025-07-28,91195,2025072801020258,GBIME,Trishakti Securities Public Limited,Imperial Securities Company Pvt. Ltd.,10,261.7,2617.0,2025-07-28T12:43:17.347689
2025-07-28,91062,2025072801020307,GBIME,Shree Krishna Securities Ltd.,Imperial Securities Company Pvt. Ltd.,1293,261.7,338378.1,2025-07-28T12:43:26.803825
2025-07-28,91061,2025072801020308,GBIME,Shree Krishna Securities Ltd.,Siprabi Securities Pvt. Ltd.,1500,261.8,392700.0,2025-07-28T12:43:26.804212
2025-07-28,91060,2025072801020309,GBIME,Shree Krishna Securities Ltd.,Sani Securities Company Ltd.,522,261.9,136711.8,2025-07-28T12:43:26.804415
2025-07-28,91059,2025072801020310,GBIME,Shree Krishna Securities Ltd.,Cristal Kanchanjanga Securites Pvt. Ltd.,200,261.9,52380.0,2025-07-28T12:43:26.804605
2025-07-28,91058,2025072801020311,GBIME,Shree Krishna Securities Ltd.,Imperial Securities Company Pvt. Ltd.,10,261.9,2619.0,2025-07-28T12:43:26.804789
2025-07-28,91057,2025072801020312,GBIME,Shree Krishna Securities Ltd.,Nepal Stock House (PVT) Ltd.,300,261.9,78570.0,2025-07-28T12:43:26.804982
2025-07-28,91056,2025072801020313,GBIME,Shree Krishna Securities Ltd.,Sani Securities Company Ltd.,2580,262.0,675960.0,2025-07-28T12:43:26.805173
2025-07-28,91055,2025072801020314,GBIME,Shree Krishna Securities Ltd.,Imperial Securities Company Pvt. Ltd.,350,262.0,91700.0,2025-07-28T12:43:26.805355
2025-07-28,91054,2025072801020315,GBIME,Shree Krishna Securities Ltd.,Primo Securities (PVT) Ltd.,10,262.0,2620.0,2025-07-28T12:43:26.805534
2025-07-28,91053,2025072801020316,GBIME,Shree Krishna Securities Ltd.,Creative Securities Pvt Ltd,500,262.0,131000.0,2025-07-28T12:43:26.805725
2025-07-28,91052,2025072801020317,GBIME,Shree Krishna Securities Ltd.,Investment Management Nepal Pvt. Ltd.,800,262.0,209600.0,2025-07-28T12:43:26.805923
2025-07-28,91051,2025072801020318,GBIME,Shree Krishna Securities Ltd.,Bhrikuti Stock Broking Co. Pvt. Ltd.,729,262.0,190998.0,2025-07-28T12:43:26.806119
2025-07-28,91050,2025072801020319,GBIME,Shree Krishna Securities Ltd.,Imperial Securities Company Pvt. Ltd.,100,262.0,26200.0,2025-07-28T12:43:26.806305
2025-07-28,91049,2025072801020320,GBIME,Shree Krishna Securities Ltd.,Pragyan Securities (PVT) Ltd.,300,262.0,78600.0,2025-07-28T12:43:26.806503
2025-07-28,91048,2025072801020321,GBIME,Shree Krishna Securities Ltd.,Sewa Securities Pvt. Ltd.,100,262.0,26200.0,2025-07-28T12:43:26.806689
2025-07-28,91047,2025072801020322,GBIME,Shree Krishna Securities Ltd.,Vision Securities Pvt. Ltd,527,262.0,138074.0,2025-07-28T12:43:26.806879
2025-07-28,91046,2025072801020323,GBIME,Shree Krishna Securities Ltd.,Sani Securities Company Ltd.,600,262.0,157200.0,2025-07-28T12:43:26.807065
2025-07-28,91045,2025072801020324,GBIME,Shree Krishna Securities Ltd.,Sundhara Securities Limited,50,262.0,13100.0,2025-07-28T12:43:26.80725
2025-07-28,91044,2025072801020325,GBIME,Shree Krishna Securities Ltd.,Opal Securities Investment (PVT) Ltd.,288,262.0,75456.0,2025-07-28T12:43:26.80743
2025-07-28,91043,2025072801020326,GBIME,Shree Krishna Securities Ltd.,Opal Securities Investment (PVT) Ltd.,75,262.0,19650.0,2025-07-28T12:43:26.807603
2025-07-28,91042,2025072801020327,GBIME,Shree Krishna Securities Ltd.,Sani Securities Company Ltd.,500,262.0,131000.0,2025-07-28T12:43:26.80779
2025-07-28,91041,2025072801020328,GBIME,Shree Krishna Securities Ltd.,Nepal Stock House (PVT) Ltd.,25,262.0,6550.0,2025-07-28T12:43:26.808487
2025-07-28,91040,2025072801020329,GBIME,Shree Krishna Securities Ltd.,Midas Stock Broking Company Private Limited,120,262.0,31440.0,2025-07-28T12:43:26.809013
2025-07-28,91039,2025072801020330,GBIME,Shree Krishna Securities Ltd.,Asian Securities Private Ltd.,240,262.0,62880.0,2025-07-28T12:43:26.809533
2025-07-28,91002,2025072801020345,GBIME,Dipshikha Dhitopatra Karobar Co. Pvt Ltd.,Global IME Securities Limited,400,261.0,104400.0,2025-07-28T12:43:28.907262
2025-07-28,91001,2025072801020346,GBIME,Aakashbhairab Securities Ltd.,Global IME Securities Limited,206,260.4,53642.4,2025-07-28T12:43:28.907623
2025-07-28,90379,2025072801020488,GBIME,Asian Securities Private Ltd.,Naasa Securities Co. Ltd.,15,261.0,3915.0,2025-07-28T12:44:12.342869
2025-07-28,90072,2025072801020558,GBIME,Aakashbhairab Securities Ltd.,Sumeru Securities Pvt. Ltd.,294,260.4,76557.6,2025-07-28T12:44:40.255607
2025-07-28,90071,2025072801020559,GBIME,Nepal Stock House (PVT) Ltd.,Sumeru Securities Pvt. Ltd.,10,260.4,2604.0,2025-07-28T12:44:40.25572
2025-07-28,90070,2025072801020560,GBIME,Secured Securities Ltd.,Sumeru Securities Pvt. Ltd.,2284,260.3,594525.2,2025-07-28T12:44:40.255809
2025-07-28,89815,2025072801020654,GBIME,Secured Securities Ltd.,Naasa Securities Co. Ltd.,91,261.0,23751.0,2025-07-28T12:45:01.301071
2025-07-28,89814,2025072801020655,GBIME,Secured Securities Ltd.,Linch Stock Market Ltd.,909,261.0,237249.0,2025-07-28T12:45:01.301442
2025-07-28,89419,2025072801020725,GBIME,Naasa Securities Co. Ltd.,Vision Securities Pvt. Ltd,82,260.5,21361.0,2025-07-28T12:45:27.740952
2025-07-28,88571,2025072801020973,GBIME,Naasa Securities Co. Ltd.,Aryatara Investment & Securities,11,260.5,2865.5,2025-07-28T12:46:30.137486
2025-07-28,88547,2025072801020982,GBIME,Naasa Securities Co. Ltd.,Ashutosh Brokerage & Securities (PVT) Ltd.,21,260.5,5470.5,2025-07-28T12:46:32.598725
2025-07-28,87966,2025072801021142,GBIME,Sunrise Securities Limited,Aryatara Investment & Securities,40,260.6,10424.0,2025-07-28T12:47:26.824908
2025-07-28,87806,2025072801021179,GBIME,Kohinoor Investment & Securities Pvt. Ltd.,Linch Stock Market Ltd.,20,261.0,5220.0,2025-07-28T12:47:43.755795
2025-07-28,87657,2025072801021210,GBIME,Sunrise Securities Limited,Opal Securities Investment (PVT) Ltd.,219,260.6,57071.4,2025-07-28T12:47:58.591781
2025-07-28,87403,2025072801021263,GBIME,Sunrise Securities Limited,Siprabi Securities Pvt. Ltd.,30,260.6,7818.0,2025-07-28T12:48:28.368174
2025-07-28,86369,2025072801021598,GBIME,Sri Hari Securities Pvt. Ltd.,Linch Stock Market Ltd.,69,261.0,18009.0,2025-07-28T12:50:09.832617
2025-07-28,86368,2025072801021599,GBIME,Sri Hari Securities Pvt. Ltd.,Sani Securities Company Ltd.,10,261.0,2610.0,2025-07-28T12:50:09.833428
2025-07-28,86367,2025072801021600,GBIME,Sri Hari Securities Pvt. Ltd.,Online Securities Pvt. Ltd.,100,261.0,26100.0,2025-07-28T12:50:09.833967
2025-07-28,86366,2025072801021601,GBIME,Sri Hari Securities Pvt. Ltd.,Market Securities & Exchange (PVT) Ltd.,20,261.6,5232.0,2025-07-28T12:50:09.834547
2025-07-28,86365,2025072801021602,GBIME,Sri Hari Securities Pvt. Ltd.,Sweta Securities Private Limited,400,261.7,104680.0,2025-07-28T12:50:09.835088
2025-07-28,86364,2025072801021603,GBIME,Sri Hari Securities Pvt. Ltd.,Oxford Securities Pvt. Ltd.,500,261.7,130850.0,2025-07-28T12:50:09.835612
2025-07-28,86363,2025072801021604,GBIME,Sri Hari Securities Pvt. Ltd.,Dynamic Money Managers Securities Pvt. Ltd.,300,261.8,78540.0,2025-07-28T12:50:09.836155
2025-07-28,86362,2025072801021605,GBIME,Sri Hari Securities Pvt. Ltd.,Sri Hari Securities Pvt. Ltd.,1,262.0,262.0,2025-07-28T12:50:09.836515
2025-07-28,86291,2025072801021618,GBIME,Sri Hari Securities Pvt. Ltd.,Dynamic Money Managers Securities Pvt. Ltd.,300,261.8,78540.0,2025-07-28T12:50:20.750815
2025-07-28,86290,2025072801021619,GBIME,Sri Hari Securities Pvt. Ltd.,Asian Securities Private Ltd.,73,261.8,19111.4,2025-07-28T12:50:20.751592
2025-07-28,86289,2025072801021620,GBIME,Sri Hari Securities Pvt. Ltd.,Siprabi Securities Pvt. Ltd.,227,261.9,59451.3,2025-07-28T12:50:20.75212
2025-07-28,86270,2025072801021623,GBIME,Sunrise Securities Limited,Secured Securities Ltd.,362,260.6,94337.2,2025-07-28T12:50:24.403448
2025-07-28,86068,2025072801021668,GBIME,Siprabi Securities Pvt. Ltd.,Siprabi Securities Pvt. Ltd.,10,261.9,2619.0,2025-07-28T12:50:49.674641
2025-07-28,85363,2025072801021848,GBIME,Naasa Securities Co. Ltd.,SHUBHAKAMANA SECURITIES PVT. LTD,500,261.1,130550.0,2025-07-28T12:52:03.904085
2025-07-28,85009,2025072801021953,GBIME,Ashutosh Brokerage & Securities (PVT) Ltd.,Sri Hari Securities Pvt. Ltd.,100,261.0,26100.0,2025-07-28T12:52:42.993008
2025-07-28,84969,2025072801021964,GBIME,Ashutosh Brokerage & Securities (PVT) Ltd.,SHUBHAKAMANA SECURITIES PVT. LTD,500,261.0,130500.0,2025-07-28T12:52:49.364194
2025-07-28,84910,2025072801021993,GBIME,Ashutosh Brokerage & Securities (PVT) Ltd.,Imperial Securities Company Pvt. Ltd.,100,261.0,26100.0,2025-07-28T12:52:54.684392
2025-07-28,84848,2025072801022006,GBIME,Nepal Stock House (PVT) Ltd.,Siprabi Securities Pvt. Ltd.,1263,261.9,330779.7,2025-07-28T12:52:58.804124
2025-07-28,84847,2025072801022007,GBIME,Nepal Stock House (PVT) Ltd.,Imperial Securities Company Pvt. Ltd.,100,262.0,26200.0,2025-07-28T12:52:58.804513
2025-07-28,84846,2025072801022008,GBIME,Nepal Stock House (PVT) Ltd.,Thrive Brokerage House Pvt. Ltd,1000,262.0,262000.0,2025-07-28T12:52:58.804696
2025-07-28,84845,2025072801022009,GBIME,Nepal Stock House (PVT) Ltd.,Trisul Securities & Invt. Ltd.,50,262.0,13100.0,2025-07-28T12:52:58.804873
2025-07-28,84844,2025072801022010,GBIME,Nepal Stock House (PVT) Ltd.,Oxford Securities Pvt. Ltd.,587,262.0,153794.0,2025-07-28T12:52:58.805063
