Date,S.N.,Contract ID,Symbol,Buyer Broker,Seller Broker,quantity,rate,amount,transaction_time
2025-07-15,73672,2025071501000137,PCBL,ABC Securities Private Limited,Sani Securities Company Ltd.,3000,267.0,801000.0,2025-07-15 11:03:11.301146
2025-07-15,72478,2025071501000528,PCBL,Online Securities Pvt. Ltd.,Sweta Securities Private Limited,50,269.9,13495.0,2025-07-15 11:09:23.552351
2025-07-15,72477,2025071501000529,PCBL,Online Securities Pvt. Ltd.,Aryatara Investment & Securities,150,270.0,40500.0,2025-07-15 11:09:23.552413
2025-07-15,72372,2025071501000577,PCBL,Online Securities Pvt. Ltd.,Aryatara Investment & Securities,150,270.0,40500.0,2025-07-15 11:09:58.095274
2025-07-15,72371,2025071501000578,PCBL,Online Securities Pvt. Ltd.,ABC Securities Private Limited,100,270.0,27000.0,2025-07-15 11:09:58.095336
2025-07-15,71634,2025071501000830,PCBL,Online Securities Pvt. Ltd.,Sri Hari Securities Pvt. Ltd.,50,270.0,13500.0,2025-07-15 11:13:27.437906
2025-07-15,70765,2025071501001064,PCBL,Trishakti Securities Public Limited,Sumeru Securities Pvt. Ltd.,200,269.0,53800.0,2025-07-15 11:16:46.723502
2025-07-15,69741,2025071501001472,PCBL,Miyo Securities Pvt Ltd,Sri Hari Securities Pvt. Ltd.,50,270.0,13500.0,2025-07-15 11:20:19.793744
2025-07-15,69740,2025071501001473,PCBL,Miyo Securities Pvt Ltd,Naasa Securities Co. Ltd.,20,270.0,5400.0,2025-07-15 11:20:19.793783
2025-07-15,69739,2025071501001474,PCBL,Miyo Securities Pvt Ltd,Sani Securities Company Ltd.,1139,270.0,307530.0,2025-07-15 11:20:19.793813
2025-07-15,69738,2025071501001475,PCBL,Miyo Securities Pvt Ltd,Midas Stock Broking Company Private Limited,491,270.0,132570.0,2025-07-15 11:20:19.793842
2025-07-15,68776,2025071501001745,PCBL,ABC Securities Private Limited,SHUBHAKAMANA SECURITIES PVT. LTD,2000,270.0,540000.0,2025-07-15 11:23:43.594469
2025-07-15,68685,2025071501001772,PCBL,Trishakti Securities Public Limited,Ashutosh Brokerage & Securities (PVT) Ltd.,141,269.0,37929.0,2025-07-15 11:24:01.801017
2025-07-15,68362,2025071501001873,PCBL,Trishakti Securities Public Limited,SHUBHAKAMANA SECURITIES PVT. LTD,29,270.0,7830.0,2025-07-15 11:25:20.520889
2025-07-15,68226,2025071501001907,PCBL,Dipshikha Dhitopatra Karobar Co. Pvt Ltd.,Miyo Securities Pvt Ltd,200,268.2,53640.0,2025-07-15 11:25:57.805471
2025-07-15,68225,2025071501001908,PCBL,Capital Max Securities Ltd,Miyo Securities Pvt Ltd,2000,268.1,536200.0,2025-07-15 11:25:57.805535
2025-07-15,68224,2025071501001909,PCBL,ABC Securities Private Limited,Miyo Securities Pvt Ltd,3000,268.0,804000.0,2025-07-15 11:25:57.805565
2025-07-15,68223,2025071501001910,PCBL,Premier Securities Company Ltd.,Miyo Securities Pvt Ltd,1000,268.0,268000.0,2025-07-15 11:25:57.805592
2025-07-15,68222,2025071501001911,PCBL,Linch Stock Market Ltd.,Miyo Securities Pvt Ltd,50,268.0,13400.0,2025-07-15 11:25:57.805617
2025-07-15,68221,2025071501001912,PCBL,Online Securities Pvt. Ltd.,Miyo Securities Pvt Ltd,400,268.0,107200.0,2025-07-15 11:25:57.805650
2025-07-15,68220,2025071501001913,PCBL,Cristal Kanchanjanga Securites Pvt. Ltd.,Miyo Securities Pvt Ltd,100,267.2,26720.0,2025-07-15 11:25:57.805716
2025-07-15,68219,2025071501001914,PCBL,Deevyaa Securities & Stock House Pvt. Ltd,Miyo Securities Pvt Ltd,100,267.1,26710.0,2025-07-15 11:25:57.805769
2025-07-15,68218,2025071501001915,PCBL,Kohinoor Investment & Securities Pvt. Ltd.,Miyo Securities Pvt Ltd,150,267.0,40050.0,2025-07-15 11:25:57.805793
2025-07-15,67345,2025071501002173,PCBL,Dakshinkali Investment & Securities Pvt. Ltd.,Capital Max Securities Ltd,800,267.0,213600.0,2025-07-15 11:29:54.288705
2025-07-15,67344,2025071501002174,PCBL,Imperial Securities Company Pvt. Ltd.,Capital Max Securities Ltd,1000,267.0,267000.0,2025-07-15 11:29:54.288846
2025-07-15,67343,2025071501002175,PCBL,Market Securities & Exchange (PVT) Ltd.,Capital Max Securities Ltd,300,267.0,80100.0,2025-07-15 11:29:54.288890
2025-07-15,66322,2025071501002578,PCBL,Deevyaa Securities & Stock House Pvt. Ltd,SHUBHAKAMANA SECURITIES PVT. LTD,1000,267.0,267000.0,2025-07-15 11:34:30.525547
2025-07-15,66321,2025071501002579,PCBL,Dipshikha Dhitopatra Karobar Co. Pvt Ltd.,SHUBHAKAMANA SECURITIES PVT. LTD,300,266.4,79920.0,2025-07-15 11:34:30.525788
2025-07-15,66320,2025071501002580,PCBL,Kohinoor Investment & Securities Pvt. Ltd.,SHUBHAKAMANA SECURITIES PVT. LTD,50,266.3,13315.0,2025-07-15 11:34:30.525920
2025-07-15,66319,2025071501002581,PCBL,J.F. Securites (PVT) Ltd.,SHUBHAKAMANA SECURITIES PVT. LTD,621,266.1,165248.1,2025-07-15 11:34:30.526064
2025-07-15,64476,2025071501003235,PCBL,Sundhara Securities Limited,SHUBHAKAMANA SECURITIES PVT. LTD,100,266.2,26620.0,2025-07-15 11:42:01.783314
2025-07-15,64475,2025071501003236,PCBL,J.F. Securites (PVT) Ltd.,SHUBHAKAMANA SECURITIES PVT. LTD,1479,266.1,393561.9,2025-07-15 11:42:01.783478
2025-07-15,64474,2025071501003237,PCBL,ABC Securities Private Limited,SHUBHAKAMANA SECURITIES PVT. LTD,2921,266.0,776986.0,2025-07-15 11:42:01.783535
2025-07-15,64338,2025071501003278,PCBL,ABC Securities Private Limited,Sundhara Securities Limited,38,266.0,10108.0,2025-07-15 11:42:31.118668
2025-07-15,64251,2025071501003301,PCBL,ABC Securities Private Limited,Sani Securities Company Ltd.,41,266.0,10906.0,2025-07-15 11:42:53.811550
2025-07-15,64250,2025071501003302,PCBL,Ashutosh Brokerage & Securities (PVT) Ltd.,Sani Securities Company Ltd.,23,266.0,6118.0,2025-07-15 11:42:53.811650
2025-07-15,63578,2025071501003583,PCBL,Ashutosh Brokerage & Securities (PVT) Ltd.,Miyo Securities Pvt Ltd,27,266.0,7182.0,2025-07-15 11:45:39.051985
2025-07-15,63577,2025071501003584,PCBL,Ashutosh Brokerage & Securities (PVT) Ltd.,Miyo Securities Pvt Ltd,50,266.0,13300.0,2025-07-15 11:45:39.052121
2025-07-15,63576,2025071501003585,PCBL,Capital Max Securities Ltd,Miyo Securities Pvt Ltd,4923,266.0,1309518.0,2025-07-15 11:45:39.052168
2025-07-15,63568,2025071501003588,PCBL,Capital Max Securities Ltd,Kumari Securities Private Limited,77,266.0,20482.0,2025-07-15 11:45:42.011273
2025-07-15,63412,2025071501003658,PCBL,Capital Max Securities Ltd,Kumari Securities Private Limited,526,266.0,139916.0,2025-07-15 11:46:17.025658
2025-07-15,61621,2025071501004224,PCBL,Online Securities Pvt. Ltd.,Sundhara Securities Limited,200,266.1,53220.0,2025-07-15 11:53:28.307299
2025-07-15,61620,2025071501004225,PCBL,Capital Max Securities Ltd,Sundhara Securities Limited,1300,266.0,345800.0,2025-07-15 11:53:28.307521
2025-07-15,59882,2025071501004776,PCBL,Trishakti Securities Public Limited,Agrawal Securities (PVT) Ltd.,330,267.0,88110.0,2025-07-15 11:58:53.540874
2025-07-15,58502,2025071501005246,PCBL,Oxford Securities Pvt. Ltd.,SHUBHAKAMANA SECURITIES PVT. LTD,500,266.1,133050.0,2025-07-15 12:03:57.614545
2025-07-15,58501,2025071501005247,PCBL,Capital Max Securities Ltd,SHUBHAKAMANA SECURITIES PVT. LTD,174,266.0,46284.0,2025-07-15 12:03:57.614659
2025-07-15,58500,2025071501005248,PCBL,Sundhara Securities Limited,SHUBHAKAMANA SECURITIES PVT. LTD,94,265.2,24928.8,2025-07-15 12:03:57.614718
2025-07-15,58499,2025071501005249,PCBL,Linch Stock Market Ltd.,SHUBHAKAMANA SECURITIES PVT. LTD,500,265.1,132550.0,2025-07-15 12:03:57.614773
2025-07-15,58498,2025071501005250,PCBL,ABC Securities Private Limited,SHUBHAKAMANA SECURITIES PVT. LTD,4732,265.0,1253980.0,2025-07-15 12:03:57.614826
2025-07-15,58470,2025071501005262,PCBL,ABC Securities Private Limited,Sharepro Securities Private Limited,268,265.0,71020.0,2025-07-15 12:04:05.934478
2025-07-15,58469,2025071501005263,PCBL,Sumeru Securities Pvt. Ltd.,Sharepro Securities Private Limited,50,265.0,13250.0,2025-07-15 12:04:05.934657
2025-07-15,58468,2025071501005264,PCBL,Kalika Securities Pvt. Ltd.,Sharepro Securities Private Limited,26,265.0,6890.0,2025-07-15 12:04:05.934729
2025-07-15,58467,2025071501005265,PCBL,Dipshikha Dhitopatra Karobar Co. Pvt Ltd.,Sharepro Securities Private Limited,156,264.6,41277.6,2025-07-15 12:04:05.934786
2025-07-15,57998,2025071501005392,PCBL,Sipla Securities Private Limited,Trisul Securities & Invt. Ltd.,50,266.9,13345.0,2025-07-15 12:06:11.878337
2025-07-15,56697,2025071501005820,PCBL,Trishakti Securities Public Limited,Naasa Securities Co. Ltd.,10,265.1,2651.0,2025-07-15 12:12:03.249888
2025-07-15,55326,2025071501006300,PCBL,Opal Securities Investment (PVT) Ltd.,Online Securities Pvt. Ltd.,108,266.0,28728.0,2025-07-15 12:17:17.828838
2025-07-15,54322,2025071501006550,PCBL,Sundhara Securities Limited,Trisul Securities & Invt. Ltd.,17,266.9,4537.3,2025-07-15 12:20:53.861550
2025-07-15,54304,2025071501006557,PCBL,Sewa Securities Pvt. Ltd.,Trisul Securities & Invt. Ltd.,133,266.9,35497.7,2025-07-15 12:21:02.457442
2025-07-15,54303,2025071501006558,PCBL,Sewa Securities Pvt. Ltd.,Global IME Securities Limited,100,266.9,26690.0,2025-07-15 12:21:02.457599
2025-07-15,54302,2025071501006559,PCBL,Sewa Securities Pvt. Ltd.,Global IME Securities Limited,100,266.9,26690.0,2025-07-15 12:21:02.457659
2025-07-15,54301,2025071501006560,PCBL,Sewa Securities Pvt. Ltd.,Kohinoor Investment & Securities Pvt. Ltd.,50,267.0,13350.0,2025-07-15 12:21:02.457714
2025-07-15,53946,2025071501006677,PCBL,Sewa Securities Pvt. Ltd.,Sani Securities Company Ltd.,450,267.0,120150.0,2025-07-15 12:22:35.352927
2025-07-15,53768,2025071501006724,PCBL,Sewa Securities Pvt. Ltd.,Cristal Kanchanjanga Securites Pvt. Ltd.,100,267.0,26700.0,2025-07-15 12:23:22.808249
2025-07-15,53680,2025071501006746,PCBL,Online Securities Pvt. Ltd.,Roadshow securities limited,100,267.5,26750.0,2025-07-15 12:23:37.368586
2025-07-15,51580,2025071501007407,PCBL,Bhrikuti Stock Broking Co. Pvt. Ltd.,Agrawal Securities (PVT) Ltd.,70,267.3,18711.0,2025-07-15 12:31:42.167920
2025-07-15,51072,2025071501007512,PCBL,Sewa Securities Pvt. Ltd.,Naasa Securities Co. Ltd.,67,267.0,17889.0,2025-07-15 12:33:52.131661
2025-07-15,51071,2025071501007513,PCBL,Naasa Securities Co. Ltd.,Naasa Securities Co. Ltd.,250,267.0,66750.0,2025-07-15 12:33:52.131842
2025-07-15,50863,2025071501007572,PCBL,Aryatara Investment & Securities,Opal Securities Investment (PVT) Ltd.,50,266.2,13310.0,2025-07-15 12:34:54.305918
2025-07-15,50862,2025071501007573,PCBL,Prabhu Stock Market Limited,Opal Securities Investment (PVT) Ltd.,1000,266.1,266100.0,2025-07-15 12:34:54.306072
2025-07-15,50861,2025071501007574,PCBL,Aryatara Investment & Securities,Opal Securities Investment (PVT) Ltd.,100,266.0,26600.0,2025-07-15 12:34:54.306136
2025-07-15,50860,2025071501007575,PCBL,Vision Securities Pvt. Ltd,Opal Securities Investment (PVT) Ltd.,3000,266.0,798000.0,2025-07-15 12:34:54.306195
2025-07-15,50859,2025071501007576,PCBL,Linch Stock Market Ltd.,Opal Securities Investment (PVT) Ltd.,200,266.0,53200.0,2025-07-15 12:34:54.306250
2025-07-15,50858,2025071501007577,PCBL,Kumari Securities Private Limited,Opal Securities Investment (PVT) Ltd.,909,265.5,241339.5,2025-07-15 12:34:54.306304
2025-07-15,50598,2025071501007651,PCBL,Thrive Brokerage House Pvt. Ltd,Online Securities Pvt. Ltd.,1000,265.6,265600.0,2025-07-15 12:36:13.266313
2025-07-15,50597,2025071501007652,PCBL,Kumari Securities Private Limited,Online Securities Pvt. Ltd.,91,265.5,24160.5,2025-07-15 12:36:13.266592
2025-07-15,50596,2025071501007653,PCBL,Trisul Securities & Invt. Ltd.,Online Securities Pvt. Ltd.,289,265.5,76729.5,2025-07-15 12:36:13.266764
2025-07-15,50519,2025071501007674,PCBL,Naasa Securities Co. Ltd.,Online Securities Pvt. Ltd.,10,265.7,2657.0,2025-07-15 12:36:41.578584
2025-07-15,48911,2025071501008085,PCBL,Premier Securities Company Ltd.,Vision Securities Pvt. Ltd,100,266.9,26690.0,2025-07-15 12:42:40.467093
2025-07-15,48464,2025071501008188,PCBL,Vision Securities Pvt. Ltd,Vision Securities Pvt. Ltd,200,266.9,53380.0,2025-07-15 12:44:22.313601
2025-07-15,48463,2025071501008189,PCBL,Vision Securities Pvt. Ltd,Vision Securities Pvt. Ltd,250,266.9,66725.0,2025-07-15 12:44:22.313785
2025-07-15,48462,2025071501008190,PCBL,Vision Securities Pvt. Ltd,Naasa Securities Co. Ltd.,1011,267.0,269937.0,2025-07-15 12:44:22.313853
2025-07-15,48461,2025071501008191,PCBL,Vision Securities Pvt. Ltd,Naasa Securities Co. Ltd.,39,267.0,10413.0,2025-07-15 12:44:22.313911
2025-07-15,48390,2025071501008206,PCBL,Vision Securities Pvt. Ltd,Naasa Securities Co. Ltd.,161,267.0,42987.0,2025-07-15 12:44:35.437782
2025-07-15,47213,2025071501008598,PCBL,Vision Securities Pvt. Ltd,SHUBHAKAMANA SECURITIES PVT. LTD,2000,267.0,534000.0,2025-07-15 12:48:47.893035
2025-07-15,47212,2025071501008599,PCBL,Malla & Malla Stock Broking Company Pvt. Limited,SHUBHAKAMANA SECURITIES PVT. LTD,75,266.2,19965.0,2025-07-15 12:48:47.893238
2025-07-15,47211,2025071501008600,PCBL,Online Securities Pvt. Ltd.,SHUBHAKAMANA SECURITIES PVT. LTD,100,266.1,26610.0,2025-07-15 12:48:47.893304
2025-07-15,47210,2025071501008601,PCBL,Oxford Securities Pvt. Ltd.,SHUBHAKAMANA SECURITIES PVT. LTD,1500,266.1,399150.0,2025-07-15 12:48:47.893364
2025-07-15,47209,2025071501008602,PCBL,Vision Securities Pvt. Ltd,SHUBHAKAMANA SECURITIES PVT. LTD,2000,266.0,532000.0,2025-07-15 12:48:47.893423
2025-07-15,47208,2025071501008603,PCBL,Capital Max Securities Ltd,SHUBHAKAMANA SECURITIES PVT. LTD,75,266.0,19950.0,2025-07-15 12:48:47.893477
2025-07-15,45966,2025071501008965,PCBL,Sri Hari Securities Pvt. Ltd.,Agrawal Securities (PVT) Ltd.,100,267.3,26730.0,2025-07-15 12:53:13.970955
2025-07-15,45965,2025071501008966,PCBL,Sri Hari Securities Pvt. Ltd.,ABC Securities Private Limited,100,267.4,26740.0,2025-07-15 12:53:13.971260
2025-07-15,45964,2025071501008967,PCBL,Sri Hari Securities Pvt. Ltd.,Roadshow securities limited,230,267.5,61525.0,2025-07-15 12:53:13.971441
2025-07-15,45963,2025071501008968,PCBL,Sri Hari Securities Pvt. Ltd.,Kohinoor Investment & Securities Pvt. Ltd.,10,267.5,2675.0,2025-07-15 12:53:13.971640
2025-07-15,45962,2025071501008969,PCBL,Sri Hari Securities Pvt. Ltd.,Naasa Securities Co. Ltd.,100,267.5,26750.0,2025-07-15 12:53:13.971854
2025-07-15,45961,2025071501008970,PCBL,Sri Hari Securities Pvt. Ltd.,J.F. Securites (PVT) Ltd.,500,267.7,133850.0,2025-07-15 12:53:13.972060
2025-07-15,45960,2025071501008971,PCBL,Sri Hari Securities Pvt. Ltd.,Ashutosh Brokerage & Securities (PVT) Ltd.,500,267.8,133900.0,2025-07-15 12:53:13.972272
2025-07-15,45959,2025071501008972,PCBL,Sri Hari Securities Pvt. Ltd.,South Asian Bulls Pvt. Ltd.,250,268.0,67000.0,2025-07-15 12:53:13.972461
2025-07-15,45958,2025071501008973,PCBL,Sri Hari Securities Pvt. Ltd.,Kohinoor Investment & Securities Pvt. Ltd.,90,268.0,24120.0,2025-07-15 12:53:13.972669
2025-07-15,45957,2025071501008974,PCBL,Sri Hari Securities Pvt. Ltd.,Premier Securities Company Ltd.,120,268.0,32160.0,2025-07-15 12:53:13.972867
2025-07-15,45880,2025071501008995,PCBL,Naasa Securities Co. Ltd.,Premier Securities Company Ltd.,160,266.5,42640.0,2025-07-15 12:53:37.542334
2025-07-15,45723,2025071501009034,PCBL,Vision Securities Pvt. Ltd,Premier Securities Company Ltd.,1000,266.5,266500.0,2025-07-15 12:54:14.057190
2025-07-15,45685,2025071501009053,PCBL,Sri Hari Securities Pvt. Ltd.,Premier Securities Company Ltd.,316,266.5,84214.0,2025-07-15 12:54:18.578298
2025-07-15,45413,2025071501009128,PCBL,Dakshinkali Investment & Securities Pvt. Ltd.,Premier Securities Company Ltd.,200,267.0,53400.0,2025-07-15 12:55:28.706333
2025-07-15,45412,2025071501009129,PCBL,Sri Hari Securities Pvt. Ltd.,Premier Securities Company Ltd.,1000,266.5,266500.0,2025-07-15 12:55:28.706509
2025-07-15,45303,2025071501009148,PCBL,Sri Hari Securities Pvt. Ltd.,Deevyaa Securities & Stock House Pvt. Ltd,200,267.9,53580.0,2025-07-15 12:55:46.671798
2025-07-15,45193,2025071501009180,PCBL,Premier Securities Company Ltd.,Opal Securities Investment (PVT) Ltd.,100,266.2,26620.0,2025-07-15 12:56:23.089790
2025-07-15,45192,2025071501009181,PCBL,Online Securities Pvt. Ltd.,Opal Securities Investment (PVT) Ltd.,100,266.1,26610.0,2025-07-15 12:56:23.089981
2025-07-15,44270,2025071501009593,PCBL,Oxford Securities Pvt. Ltd.,Premier Securities Company Ltd.,800,266.5,213200.0,2025-07-15 12:59:31.946664
2025-07-15,43639,2025071501009824,PCBL,Sani Securities Company Ltd.,Kohinoor Investment & Securities Pvt. Ltd.,78,267.0,20826.0,2025-07-15 13:01:45.689750
2025-07-15,43483,2025071501009872,PCBL,Sani Securities Company Ltd.,Kohinoor Investment & Securities Pvt. Ltd.,422,267.1,112716.2,2025-07-15 13:02:27.128343
2025-07-15,43482,2025071501009873,PCBL,Vision Securities Pvt. Ltd,Kohinoor Investment & Securities Pvt. Ltd.,78,267.0,20826.0,2025-07-15 13:02:27.128505
2025-07-15,43380,2025071501009890,PCBL,Agrawal Securities (PVT) Ltd.,Trisul Securities & Invt. Ltd.,300,267.8,80340.0,2025-07-15 13:02:50.491478
2025-07-15,43379,2025071501009891,PCBL,Agrawal Securities (PVT) Ltd.,Deevyaa Securities & Stock House Pvt. Ltd,200,267.9,53580.0,2025-07-15 13:02:50.491776
2025-07-15,43130,2025071501010013,PCBL,Online Securities Pvt. Ltd.,Deevyaa Securities & Stock House Pvt. Ltd,100,267.9,26790.0,2025-07-15 13:03:39.090676
2025-07-15,43129,2025071501010014,PCBL,Online Securities Pvt. Ltd.,Premier Securities Company Ltd.,880,268.0,235840.0,2025-07-15 13:03:39.090849
2025-07-15,42992,2025071501010052,PCBL,Naasa Securities Co. Ltd.,Aryatara Investment & Securities,170,268.9,45713.0,2025-07-15 13:04:10.731664
2025-07-15,42934,2025071501010078,PCBL,Online Securities Pvt. Ltd.,Aryatara Investment & Securities,300,268.9,80670.0,2025-07-15 13:04:26.541340
2025-07-15,42339,2025071501010273,PCBL,Property Wiard Limited,INDEX SECURITIES LIMITED,2000,269.0,538000.0,2025-07-15 13:06:35.695597
2025-07-15,42338,2025071501010274,PCBL,Property Wiard Limited,J.F. Securites (PVT) Ltd.,60,269.0,16140.0,2025-07-15 13:06:35.695773
2025-07-15,42337,2025071501010275,PCBL,Property Wiard Limited,Nepal Investment And Securities Trading Private Limited,1069,269.0,287561.0,2025-07-15 13:06:35.695844
2025-07-15,42066,2025071501010366,PCBL,Vision Securities Pvt. Ltd,Online Securities Pvt. Ltd.,50,269.8,13490.0,2025-07-15 13:07:30.726137
2025-07-15,41807,2025071501010481,PCBL,Sani Securities Company Ltd.,Nepal Investment And Securities Trading Private Limited,50,268.1,13405.0,2025-07-15 13:08:09.611242
2025-07-15,40180,2025071501011048,PCBL,K.B.L. Securities Limited ,Creative Securities Pvt Ltd,10,269.0,2690.0,2025-07-15 13:13:34.165052
2025-07-15,40179,2025071501011049,PCBL,Bhrikuti Stock Broking Co. Pvt. Ltd.,Creative Securities Pvt Ltd,200,268.3,53660.0,2025-07-15 13:13:34.165363
2025-07-15,40178,2025071501011050,PCBL,Online Securities Pvt. Ltd.,Creative Securities Pvt Ltd,50,268.2,13410.0,2025-07-15 13:13:34.165552
2025-07-15,40161,2025071501011059,PCBL,Online Securities Pvt. Ltd.,Trisul Securities & Invt. Ltd.,50,268.2,13410.0,2025-07-15 13:13:38.924856
2025-07-15,40160,2025071501011060,PCBL,Sani Securities Company Ltd.,Trisul Securities & Invt. Ltd.,450,268.1,120645.0,2025-07-15 13:13:38.925077
2025-07-15,40159,2025071501011061,PCBL,Aryatara Investment & Securities,Trisul Securities & Invt. Ltd.,200,268.1,53620.0,2025-07-15 13:13:38.925145
2025-07-15,40158,2025071501011062,PCBL,Property Wiard Limited,Trisul Securities & Invt. Ltd.,674,268.0,180632.0,2025-07-15 13:13:38.925209
2025-07-15,40124,2025071501011072,PCBL,Property Wiard Limited,Naasa Securities Co. Ltd.,41,268.0,10988.0,2025-07-15 13:13:47.089358
2025-07-15,39443,2025071501011278,PCBL,Cristal Kanchanjanga Securites Pvt. Ltd.,Imperial Securities Company Pvt. Ltd.,200,269.0,53800.0,2025-07-15 13:15:56.432508
2025-07-15,39176,2025071501011394,PCBL,Oxford Securities Pvt. Ltd.,Vision Securities Pvt. Ltd,200,268.1,53620.0,2025-07-15 13:16:56.672110
2025-07-15,39175,2025071501011395,PCBL,Property Wiard Limited,Vision Securities Pvt. Ltd,1285,268.0,344380.0,2025-07-15 13:16:56.672270
2025-07-15,39174,2025071501011396,PCBL,ABC Securities Private Limited,Vision Securities Pvt. Ltd,500,268.0,134000.0,2025-07-15 13:16:56.672337
2025-07-15,39173,2025071501011397,PCBL,Sumeru Securities Pvt. Ltd.,Vision Securities Pvt. Ltd,100,268.0,26800.0,2025-07-15 13:16:56.672400
2025-07-15,38808,2025071501011550,PCBL,Sumeru Securities Pvt. Ltd.,Online Securities Pvt. Ltd.,39,268.0,10452.0,2025-07-15 13:17:56.616870
2025-07-15,38207,2025071501011747,PCBL,Sumeru Securities Pvt. Ltd.,SHUBHAKAMANA SECURITIES PVT. LTD,161,268.0,43148.0,2025-07-15 13:20:34.769767
2025-07-15,37936,2025071501011827,PCBL,Online Securities Pvt. Ltd.,SHUBHAKAMANA SECURITIES PVT. LTD,364,268.0,97552.0,2025-07-15 13:21:52.850072
2025-07-15,36656,2025071501012240,PCBL,Trishakti Securities Public Limited,Imperial Securities Company Pvt. Ltd.,100,269.0,26900.0,2025-07-15 13:27:15.775443
2025-07-15,36655,2025071501012241,PCBL,Trishakti Securities Public Limited,Kohinoor Investment & Securities Pvt. Ltd.,50,269.0,13450.0,2025-07-15 13:27:15.775730
2025-07-15,36654,2025071501012242,PCBL,Trishakti Securities Public Limited,SHUBHAKAMANA SECURITIES PVT. LTD,140,269.0,37660.0,2025-07-15 13:27:15.775895
2025-07-15,36467,2025071501012346,PCBL,Nepal Investment And Securities Trading Private Limited,BHOLE GANESH SECURITIES LTD,100,268.9,26890.0,2025-07-15 13:28:06.171274
2025-07-15,36466,2025071501012347,PCBL,Nepal Investment And Securities Trading Private Limited,SHUBHAKAMANA SECURITIES PVT. LTD,800,269.0,215200.0,2025-07-15 13:28:06.171462
2025-07-15,35870,2025071501012545,PCBL,Property Wiard Limited,SHUBHAKAMANA SECURITIES PVT. LTD,560,269.0,150640.0,2025-07-15 13:30:32.570437
2025-07-15,35518,2025071501012650,PCBL,Oxford Securities Pvt. Ltd.,Naasa Securities Co. Ltd.,2000,268.1,536200.0,2025-07-15 13:31:59.281233
2025-07-15,35137,2025071501012744,PCBL,Dipshikha Dhitopatra Karobar Co. Pvt Ltd.,SHUBHAKAMANA SECURITIES PVT. LTD,5000,269.0,1345000.0,2025-07-15 13:33:39.342819
2025-07-15,34866,2025071501012860,PCBL,Opal Securities Investment (PVT) Ltd.,SHUBHAKAMANA SECURITIES PVT. LTD,8500,269.0,2286500.0,2025-07-15 13:34:49.240508
2025-07-15,34865,2025071501012861,PCBL,Opal Securities Investment (PVT) Ltd.,Aryatara Investment & Securities,600,269.0,161400.0,2025-07-15 13:34:49.240684
2025-07-15,34669,2025071501012932,PCBL,Property Wiard Limited,Opal Securities Investment (PVT) Ltd.,1195,269.5,322052.5,2025-07-15 13:35:31.397557
2025-07-15,34525,2025071501012975,PCBL,Property Wiard Limited,Ashutosh Brokerage & Securities (PVT) Ltd.,2050,270.0,553500.0,2025-07-15 13:36:04.496222
2025-07-15,34524,2025071501012976,PCBL,Property Wiard Limited,Creative Securities Pvt Ltd,22,270.0,5940.0,2025-07-15 13:36:04.496441
2025-07-15,34523,2025071501012977,PCBL,Property Wiard Limited,Malla & Malla Stock Broking Company Pvt. Limited,100,270.0,27000.0,2025-07-15 13:36:04.496505
2025-07-15,34522,2025071501012978,PCBL,Property Wiard Limited,Linch Stock Market Ltd.,369,270.0,99630.0,2025-07-15 13:36:04.496574
2025-07-15,34521,2025071501012979,PCBL,Property Wiard Limited,Imperial Securities Company Pvt. Ltd.,83,270.0,22410.0,2025-07-15 13:36:04.496634
2025-07-15,34520,2025071501012980,PCBL,Property Wiard Limited,Trishakti Securities Public Limited,676,270.0,182520.0,2025-07-15 13:36:04.496693
2025-07-15,34430,2025071501013002,PCBL,INDEX SECURITIES LIMITED,Trishakti Securities Public Limited,3700,270.0,999000.0,2025-07-15 13:36:23.106835
2025-07-15,34252,2025071501013075,PCBL,Himalayan Securities Limited,Aryatara Investment & Securities,10,269.9,2699.0,2025-07-15 13:37:09.801533
2025-07-15,33127,2025071501013489,PCBL,Dipshikha Dhitopatra Karobar Co. Pvt Ltd.,Neev Securities Pvt. Ltd.,75,269.3,20197.5,2025-07-15 13:41:21.703110
2025-07-15,33126,2025071501013490,PCBL,Imperial Securities Company Pvt. Ltd.,Neev Securities Pvt. Ltd.,300,269.2,80760.0,2025-07-15 13:41:21.703400
2025-07-15,33125,2025071501013491,PCBL,Sani Securities Company Ltd.,Neev Securities Pvt. Ltd.,125,269.2,33650.0,2025-07-15 13:41:21.703594
2025-07-15,32952,2025071501013571,PCBL,Sani Securities Company Ltd.,Sani Securities Company Ltd.,20,269.2,5384.0,2025-07-15 13:41:55.543546
2025-07-15,32700,2025071501013682,PCBL,Sani Securities Company Ltd.,Trishakti Securities Public Limited,100,269.2,26920.0,2025-07-15 13:42:41.256452
2025-07-15,32538,2025071501013729,PCBL,Vision Securities Pvt. Ltd,Aryatara Investment & Securities,400,269.9,107960.0,2025-07-15 13:43:29.617192
2025-07-15,32236,2025071501013857,PCBL,Sani Securities Company Ltd.,Aryatara Investment & Securities,500,269.9,134950.0,2025-07-15 13:44:35.497877
2025-07-15,32111,2025071501013913,PCBL,Vision Securities Pvt. Ltd,Aryatara Investment & Securities,90,269.9,24291.0,2025-07-15 13:45:05.858723
2025-07-15,30677,2025071501014487,PCBL,Sumeru Securities Pvt. Ltd.,Trishakti Securities Public Limited,114,270.0,30780.0,2025-07-15 13:50:33.132498
2025-07-15,30676,2025071501014488,PCBL,Sumeru Securities Pvt. Ltd.,Siprabi Securities Pvt. Ltd.,23,270.0,6210.0,2025-07-15 13:50:33.132574
2025-07-15,30675,2025071501014489,PCBL,Sumeru Securities Pvt. Ltd.,Sweta Securities Private Limited,1000,270.0,270000.0,2025-07-15 13:50:33.132606
2025-07-15,30674,2025071501014490,PCBL,Sumeru Securities Pvt. Ltd.,Midas Stock Broking Company Private Limited,60,270.0,16200.0,2025-07-15 13:50:33.132634
2025-07-15,30673,2025071501014491,PCBL,Sumeru Securities Pvt. Ltd.,Sweta Securities Private Limited,749,270.0,202230.0,2025-07-15 13:50:33.132661
2025-07-15,30672,2025071501014492,PCBL,Sumeru Securities Pvt. Ltd.,Sanima Securities Limited,54,270.8,14623.2,2025-07-15 13:50:33.132688
2025-07-15,30117,2025071501014700,PCBL,Naasa Securities Co. Ltd.,Naasa Securities Co. Ltd.,241,270.0,65070.0,2025-07-15 13:53:09.695185
2025-07-15,29728,2025071501014885,PCBL,Online Securities Pvt. Ltd.,Sanima Securities Limited,46,270.8,12456.8,2025-07-15 13:54:42.234058
2025-07-15,29727,2025071501014886,PCBL,Online Securities Pvt. Ltd.,Capital Max Securities Ltd,454,270.8,122943.2,2025-07-15 13:54:42.234288
2025-07-15,28179,2025071501015483,PCBL,Sri Hari Securities Pvt. Ltd.,Sani Securities Company Ltd.,140,270.7,37898.0,2025-07-15 14:00:59.517987
2025-07-15,28178,2025071501015484,PCBL,Sri Hari Securities Pvt. Ltd.,Capital Max Securities Ltd,1546,270.8,418656.8,2025-07-15 14:00:59.518447
2025-07-15,28177,2025071501015485,PCBL,Sri Hari Securities Pvt. Ltd.,Capital Max Securities Ltd,3000,270.9,812700.0,2025-07-15 14:00:59.518795
2025-07-15,28176,2025071501015486,PCBL,Sri Hari Securities Pvt. Ltd.,Sweta Securities Private Limited,50,270.9,13545.0,2025-07-15 14:00:59.519103
2025-07-15,28175,2025071501015487,PCBL,Sri Hari Securities Pvt. Ltd.,Agrawal Securities (PVT) Ltd.,100,271.0,27100.0,2025-07-15 14:00:59.519393
2025-07-15,28174,2025071501015488,PCBL,Sri Hari Securities Pvt. Ltd.,South Asian Bulls Pvt. Ltd.,493,271.0,133603.0,2025-07-15 14:00:59.519646
2025-07-15,28173,2025071501015489,PCBL,Sri Hari Securities Pvt. Ltd.,Siprabi Securities Pvt. Ltd.,200,271.0,54200.0,2025-07-15 14:00:59.519972
2025-07-15,28172,2025071501015490,PCBL,Sri Hari Securities Pvt. Ltd.,Creative Securities Pvt Ltd,471,271.0,127641.0,2025-07-15 14:00:59.520254
2025-07-15,27852,2025071501015649,PCBL,Naasa Securities Co. Ltd.,Sharepro Securities Private Limited,459,270.0,123930.0,2025-07-15 14:02:11.570294
2025-07-15,27851,2025071501015650,PCBL,Sri Hari Securities Pvt. Ltd.,Sharepro Securities Private Limited,3000,270.0,810000.0,2025-07-15 14:02:11.570383
2025-07-15,27537,2025071501015764,PCBL,Asian Securities Private Ltd.,Creative Securities Pvt Ltd,10,271.0,2710.0,2025-07-15 14:03:20.256633
2025-07-15,26817,2025071501016026,PCBL,Naasa Securities Co. Ltd.,Creative Securities Pvt Ltd,19,271.0,5149.0,2025-07-15 14:06:19.448988
2025-07-15,26816,2025071501016027,PCBL,Naasa Securities Co. Ltd.,Sani Securities Company Ltd.,48,271.0,13008.0,2025-07-15 14:06:19.449192
2025-07-15,25942,2025071501016334,PCBL,Siprabi Securities Pvt. Ltd.,Primo Securities (PVT) Ltd.,500,271.2,135600.0,2025-07-15 14:09:43.496217
2025-07-15,25129,2025071501016654,PCBL,Dakshinkali Investment & Securities Pvt. Ltd.,Miyo Securities Pvt Ltd,50,271.0,13550.0,2025-07-15 14:12:25.706951
2025-07-15,24974,2025071501016742,PCBL,Trisul Securities & Invt. Ltd.,Vision Securities Pvt. Ltd,35,270.0,9450.0,2025-07-15 14:12:44.158250
2025-07-15,24973,2025071501016743,PCBL,Nepal Stock House (PVT) Ltd.,Vision Securities Pvt. Ltd,150,269.7,40455.0,2025-07-15 14:12:44.158371
2025-07-15,24972,2025071501016744,PCBL,Bhrikuti Stock Broking Co. Pvt. Ltd.,Vision Securities Pvt. Ltd,200,269.6,53920.0,2025-07-15 14:12:44.158469
2025-07-15,24971,2025071501016745,PCBL,South Asian Bulls Pvt. Ltd.,Vision Securities Pvt. Ltd,1000,269.5,269500.0,2025-07-15 14:12:44.158547
2025-07-15,24970,2025071501016746,PCBL,Nepal Investment And Securities Trading Private Limited,Vision Securities Pvt. Ltd,100,269.5,26950.0,2025-07-15 14:12:44.158626
2025-07-15,24969,2025071501016747,PCBL,Trisul Securities & Invt. Ltd.,Vision Securities Pvt. Ltd,915,269.5,246592.5,2025-07-15 14:12:44.158714
2025-07-15,24494,2025071501016975,PCBL,Malla & Malla Stock Broking Company Pvt. Limited,Deevyaa Securities & Stock House Pvt. Ltd,50,269.5,13475.0,2025-07-15 14:14:05.145195
2025-07-15,23688,2025071501017295,PCBL,Malla & Malla Stock Broking Company Pvt. Limited,Primo Securities (PVT) Ltd.,150,269.5,40425.0,2025-07-15 14:16:32.063929
2025-07-15,23687,2025071501017296,PCBL,Property Wiard Limited,Primo Securities (PVT) Ltd.,404,269.3,108797.2,2025-07-15 14:16:32.064137
2025-07-15,23337,2025071501017469,PCBL,Creative Securities Pvt Ltd,Capital Max Securities Ltd,250,269.5,67375.0,2025-07-15 14:17:35.197124
2025-07-15,23336,2025071501017470,PCBL,Imperial Securities Company Pvt. Ltd.,Capital Max Securities Ltd,200,269.4,53880.0,2025-07-15 14:17:35.197346
2025-07-15,23335,2025071501017471,PCBL,Property Wiard Limited,Capital Max Securities Ltd,1096,269.3,295152.8,2025-07-15 14:17:35.197455
2025-07-15,23334,2025071501017472,PCBL,Property Wiard Limited,Capital Max Securities Ltd,1500,269.3,403950.0,2025-07-15 14:17:35.197560
2025-07-15,23333,2025071501017473,PCBL,Property Wiard Limited,Capital Max Securities Ltd,1251,269.3,336894.3,2025-07-15 14:17:35.197665
2025-07-15,23198,2025071501017552,PCBL,Sani Securities Company Ltd.,Capital Max Securities Ltd,300,269.2,80760.0,2025-07-15 14:18:09.337592
2025-07-15,22967,2025071501017632,PCBL,Sri Hari Securities Pvt. Ltd.,Sani Securities Company Ltd.,200,270.0,54000.0,2025-07-15 14:19:01.281751
2025-07-15,22966,2025071501017633,PCBL,Sri Hari Securities Pvt. Ltd.,Naasa Securities Co. Ltd.,100,270.0,27000.0,2025-07-15 14:19:01.282032
2025-07-15,22965,2025071501017634,PCBL,Sri Hari Securities Pvt. Ltd.,Sani Securities Company Ltd.,50,270.9,13545.0,2025-07-15 14:19:01.282122
2025-07-15,22964,2025071501017635,PCBL,Sri Hari Securities Pvt. Ltd.,Miyo Securities Pvt Ltd,950,271.0,257450.0,2025-07-15 14:19:01.282194
2025-07-15,22963,2025071501017636,PCBL,Sri Hari Securities Pvt. Ltd.,Vision Securities Pvt. Ltd,3000,271.0,813000.0,2025-07-15 14:19:01.282266
2025-07-15,22962,2025071501017637,PCBL,Sri Hari Securities Pvt. Ltd.,Sani Securities Company Ltd.,100,271.0,27100.0,2025-07-15 14:19:01.282336
2025-07-15,22778,2025071501017721,PCBL,Sri Hari Securities Pvt. Ltd.,Vision Securities Pvt. Ltd,1600,270.0,432000.0,2025-07-15 14:19:35.679412
2025-07-15,22465,2025071501017852,PCBL,Vision Securities Pvt. Ltd,Kalika Securities Pvt. Ltd.,510,270.1,137751.0,2025-07-15 14:20:42.759276
2025-07-15,22464,2025071501017853,PCBL,Sri Hari Securities Pvt. Ltd.,Kalika Securities Pvt. Ltd.,90,270.0,24300.0,2025-07-15 14:20:42.759653
2025-07-15,22460,2025071501017855,PCBL,Sri Hari Securities Pvt. Ltd.,Capital Max Securities Ltd,2910,270.0,785700.0,2025-07-15 14:20:45.072600
2025-07-15,22212,2025071501017953,PCBL,APPLE SECURITIES PRIVATE LIMITED,Malla & Malla Stock Broking Company Pvt. Limited,300,269.3,80790.0,2025-07-15 14:21:35.098690
2025-07-15,22211,2025071501017954,PCBL,Sani Securities Company Ltd.,Malla & Malla Stock Broking Company Pvt. Limited,200,269.2,53840.0,2025-07-15 14:21:35.098930
2025-07-15,22195,2025071501017957,PCBL,Sri Hari Securities Pvt. Ltd.,Capital Max Securities Ltd,600,270.0,162000.0,2025-07-15 14:21:39.994232
2025-07-15,22046,2025071501018016,PCBL,Sri Hari Securities Pvt. Ltd.,Capital Max Securities Ltd,1400,270.0,378000.0,2025-07-15 14:22:14.408484
2025-07-15,22045,2025071501018017,PCBL,Cristal Kanchanjanga Securites Pvt. Ltd.,Capital Max Securities Ltd,200,270.0,54000.0,2025-07-15 14:22:14.408705
2025-07-15,20719,2025071501018526,PCBL,Sagarmatha Securities Private Limited,Sani Securities Company Ltd.,132,271.3,35811.6,2025-07-15 14:25:51.812162
2025-07-15,20718,2025071501018527,PCBL,Sagarmatha Securities Private Limited,Imperial Securities Company Pvt. Ltd.,468,271.3,126968.4,2025-07-15 14:25:51.812366
2025-07-15,20304,2025071501018743,PCBL,MILKY WAY SHARE BROKER COMPANY LTD ,Imperial Securities Company Pvt. Ltd.,32,271.3,8681.6,2025-07-15 14:26:58.369218
2025-07-15,20303,2025071501018744,PCBL,MILKY WAY SHARE BROKER COMPANY LTD ,Thrive Brokerage House Pvt. Ltd,200,271.4,54280.0,2025-07-15 14:26:58.369469
2025-07-15,20302,2025071501018745,PCBL,MILKY WAY SHARE BROKER COMPANY LTD ,Nepal Stock House (PVT) Ltd.,20,272.0,5440.0,2025-07-15 14:26:58.369563
2025-07-15,20301,2025071501018746,PCBL,MILKY WAY SHARE BROKER COMPANY LTD ,Ashutosh Brokerage & Securities (PVT) Ltd.,1274,272.0,346528.0,2025-07-15 14:26:58.369641
2025-07-15,20300,2025071501018747,PCBL,MILKY WAY SHARE BROKER COMPANY LTD ,Imperial Securities Company Pvt. Ltd.,64,272.0,17408.0,2025-07-15 14:26:58.369712
2025-07-15,20299,2025071501018748,PCBL,MILKY WAY SHARE BROKER COMPANY LTD ,Aryatara Investment & Securities,95,272.0,25840.0,2025-07-15 14:26:58.369785
2025-07-15,20298,2025071501018749,PCBL,MILKY WAY SHARE BROKER COMPANY LTD ,Sani Securities Company Ltd.,100,272.0,27200.0,2025-07-15 14:26:58.369857
2025-07-15,20297,2025071501018750,PCBL,MILKY WAY SHARE BROKER COMPANY LTD ,Aryatara Investment & Securities,600,272.0,163200.0,2025-07-15 14:26:58.369950
2025-07-15,20296,2025071501018751,PCBL,MILKY WAY SHARE BROKER COMPANY LTD ,Naasa Securities Co. Ltd.,69,272.0,18768.0,2025-07-15 14:26:58.370042
2025-07-15,20295,2025071501018752,PCBL,MILKY WAY SHARE BROKER COMPANY LTD ,Online Securities Pvt. Ltd.,46,272.0,12512.0,2025-07-15 14:26:58.370146
2025-07-15,20096,2025071501018836,PCBL,Sri Hari Securities Pvt. Ltd.,Investment Management Nepal Pvt. Ltd.,30,272.0,8160.0,2025-07-15 14:27:22.282563
2025-07-15,20095,2025071501018837,PCBL,Sri Hari Securities Pvt. Ltd.,Shree Krishna Securities Ltd.,50,272.0,13600.0,2025-07-15 14:27:22.282899
2025-07-15,20094,2025071501018838,PCBL,Sri Hari Securities Pvt. Ltd.,Sani Securities Company Ltd.,100,272.0,27200.0,2025-07-15 14:27:22.283141
2025-07-15,20093,2025071501018839,PCBL,Sri Hari Securities Pvt. Ltd.,Agrawal Securities (PVT) Ltd.,100,272.0,27200.0,2025-07-15 14:27:22.283348
2025-07-15,20092,2025071501018840,PCBL,Sri Hari Securities Pvt. Ltd.,Neev Securities Pvt. Ltd.,130,272.3,35399.0,2025-07-15 14:27:22.283554
2025-07-15,20091,2025071501018841,PCBL,Sri Hari Securities Pvt. Ltd.,Sani Securities Company Ltd.,1000,273.0,273000.0,2025-07-15 14:27:22.283762
2025-07-15,20090,2025071501018842,PCBL,Sri Hari Securities Pvt. Ltd.,MILKY WAY SHARE BROKER COMPANY LTD ,1000,273.0,273000.0,2025-07-15 14:27:22.284002
2025-07-15,20089,2025071501018843,PCBL,Sri Hari Securities Pvt. Ltd.,Nepal Investment And Securities Trading Private Limited,122,273.0,33306.0,2025-07-15 14:27:22.284221
2025-07-15,20088,2025071501018844,PCBL,Sri Hari Securities Pvt. Ltd.,Malla & Malla Stock Broking Company Pvt. Limited,100,273.0,27300.0,2025-07-15 14:27:22.284447
2025-07-15,20087,2025071501018845,PCBL,Sri Hari Securities Pvt. Ltd.,Siprabi Securities Pvt. Ltd.,200,273.0,54600.0,2025-07-15 14:27:22.284645
2025-07-15,20086,2025071501018846,PCBL,Sri Hari Securities Pvt. Ltd.,Midas Stock Broking Company Private Limited,30,273.0,8190.0,2025-07-15 14:27:22.284840
2025-07-15,20085,2025071501018847,PCBL,Sri Hari Securities Pvt. Ltd.,Imperial Securities Company Pvt. Ltd.,100,273.0,27300.0,2025-07-15 14:27:22.285045
2025-07-15,19341,2025071501019096,PCBL,Sri Hari Securities Pvt. Ltd.,Sharepro Securities Private Limited,38,273.0,10374.0,2025-07-15 14:29:24.308411
2025-07-15,19340,2025071501019097,PCBL,Capital Max Securities Ltd,Sharepro Securities Private Limited,1000,270.3,270300.0,2025-07-15 14:29:24.308553
2025-07-15,19339,2025071501019098,PCBL,Sri Hari Securities Pvt. Ltd.,Sharepro Securities Private Limited,2000,270.2,540400.0,2025-07-15 14:29:24.308677
2025-07-15,19338,2025071501019099,PCBL,Sundhara Securities Limited,Sharepro Securities Private Limited,500,270.1,135050.0,2025-07-15 14:29:24.308785
2025-07-15,19337,2025071501019100,PCBL,Vision Securities Pvt. Ltd,Sharepro Securities Private Limited,262,270.1,70766.2,2025-07-15 14:29:24.308880
2025-07-15,19261,2025071501019132,PCBL,Vision Securities Pvt. Ltd,Sharepro Securities Private Limited,5000,270.1,1350500.0,2025-07-15 14:29:40.391994
2025-07-15,18982,2025071501019228,PCBL,Aryatara Investment & Securities,Vision Securities Pvt. Ltd,50,270.2,13510.0,2025-07-15 14:30:17.051305
2025-07-15,18872,2025071501019267,PCBL,Trisul Securities & Invt. Ltd.,Vision Securities Pvt. Ltd,30,270.2,8106.0,2025-07-15 14:30:38.086415
2025-07-15,18800,2025071501019294,PCBL,Pragyan Securities (PVT) Ltd.,Vision Securities Pvt. Ltd,1800,270.2,486360.0,2025-07-15 14:30:50.835369
2025-07-15,18760,2025071501019298,PCBL,Sri Hari Securities Pvt. Ltd.,Vision Securities Pvt. Ltd,1000,270.2,270200.0,2025-07-15 14:30:58.695201
2025-07-15,18751,2025071501019300,PCBL,Investment Management Nepal Pvt. Ltd.,Vision Securities Pvt. Ltd,100,270.2,27020.0,2025-07-15 14:31:00.069844
2025-07-15,18540,2025071501019385,PCBL,Investment Management Nepal Pvt. Ltd.,Vision Securities Pvt. Ltd,58,270.2,15671.6,2025-07-15 14:31:32.371459
2025-07-15,18491,2025071501019411,PCBL,Vision Securities Pvt. Ltd,Naasa Securities Co. Ltd.,4295,270.1,1160079.5,2025-07-15 14:31:40.457998
2025-07-15,17995,2025071501019575,PCBL,Thrive Brokerage House Pvt. Ltd,Deevyaa Securities & Stock House Pvt. Ltd,200,273.1,54620.0,2025-07-15 14:32:59.667863
2025-07-15,17256,2025071501019839,PCBL,Kohinoor Investment & Securities Pvt. Ltd.,Opal Securities Investment (PVT) Ltd.,500,272.0,136000.0,2025-07-15 14:34:35.943688
2025-07-15,17135,2025071501019866,PCBL,South Asian Bulls Pvt. Ltd.,Vision Securities Pvt. Ltd,100,271.4,27140.0,2025-07-15 14:34:56.306860
2025-07-15,17134,2025071501019867,PCBL,Capital Max Securities Ltd,Vision Securities Pvt. Ltd,1200,271.3,325560.0,2025-07-15 14:34:56.307098
2025-07-15,17039,2025071501019898,PCBL,Trisul Securities & Invt. Ltd.,Opal Securities Investment (PVT) Ltd.,60,271.2,16272.0,2025-07-15 14:35:09.186972
2025-07-15,17038,2025071501019899,PCBL,Sundhara Securities Limited,Opal Securities Investment (PVT) Ltd.,500,271.1,135550.0,2025-07-15 14:35:09.187196
2025-07-15,17037,2025071501019900,PCBL,Miyo Securities Pvt Ltd,Opal Securities Investment (PVT) Ltd.,1500,271.0,406500.0,2025-07-15 14:35:09.187286
2025-07-15,17036,2025071501019901,PCBL,Creative Securities Pvt Ltd,Opal Securities Investment (PVT) Ltd.,100,271.0,27100.0,2025-07-15 14:35:09.187363
2025-07-15,17035,2025071501019902,PCBL,Vision Securities Pvt. Ltd,Opal Securities Investment (PVT) Ltd.,6443,270.3,1741542.9,2025-07-15 14:35:09.187441
2025-07-15,17034,2025071501019903,PCBL,Sri Hari Securities Pvt. Ltd.,Opal Securities Investment (PVT) Ltd.,897,270.2,242369.4,2025-07-15 14:35:09.187509
2025-07-15,16923,2025071501019939,PCBL,Online Securities Pvt. Ltd.,Sharepro Securities Private Limited,500,271.3,135650.0,2025-07-15 14:35:35.882011
2025-07-15,16922,2025071501019940,PCBL,Sri Hari Securities Pvt. Ltd.,Sharepro Securities Private Limited,103,270.2,27830.6,2025-07-15 14:35:35.882128
2025-07-15,16921,2025071501019941,PCBL,Nepal Investment And Securities Trading Private Limited,Sharepro Securities Private Limited,30,270.1,8103.0,2025-07-15 14:35:35.882223
2025-07-15,16920,2025071501019942,PCBL,Neev Securities Pvt. Ltd.,Sharepro Securities Private Limited,10,270.0,2700.0,2025-07-15 14:35:35.882297
2025-07-15,16919,2025071501019943,PCBL,Imperial Securities Company Pvt. Ltd.,Sharepro Securities Private Limited,4000,270.0,1080000.0,2025-07-15 14:35:35.882399
2025-07-15,16918,2025071501019944,PCBL,Online Securities Pvt. Ltd.,Sharepro Securities Private Limited,357,270.0,96390.0,2025-07-15 14:35:35.882467
2025-07-15,16099,2025071501020253,PCBL,Online Securities Pvt. Ltd.,Opal Securities Investment (PVT) Ltd.,1000,271.1,271100.0,2025-07-15 14:37:19.023764
2025-07-15,16098,2025071501020254,PCBL,Property Wiard Limited,Opal Securities Investment (PVT) Ltd.,2000,271.0,542000.0,2025-07-15 14:37:19.024154
2025-07-15,16097,2025071501020255,PCBL,Naasa Securities Co. Ltd.,Opal Securities Investment (PVT) Ltd.,200,270.3,54060.0,2025-07-15 14:37:19.024383
2025-07-15,16096,2025071501020256,PCBL,Capital Max Securities Ltd,Opal Securities Investment (PVT) Ltd.,40,270.2,10808.0,2025-07-15 14:37:19.024607
2025-07-15,16095,2025071501020257,PCBL,Secured Securities Ltd.,Opal Securities Investment (PVT) Ltd.,100,270.2,27020.0,2025-07-15 14:37:19.024852
2025-07-15,16094,2025071501020258,PCBL,Deevyaa Securities & Stock House Pvt. Ltd,Opal Securities Investment (PVT) Ltd.,200,270.1,54020.0,2025-07-15 14:37:19.025087
2025-07-15,16093,2025071501020259,PCBL,Online Securities Pvt. Ltd.,Opal Securities Investment (PVT) Ltd.,143,270.0,38610.0,2025-07-15 14:37:19.025279
2025-07-15,16092,2025071501020260,PCBL,Linch Stock Market Ltd.,Opal Securities Investment (PVT) Ltd.,100,270.0,27000.0,2025-07-15 14:37:19.025469
2025-07-15,16091,2025071501020261,PCBL,Nepal Investment And Securities Trading Private Limited,Opal Securities Investment (PVT) Ltd.,115,270.0,31050.0,2025-07-15 14:37:19.025687
2025-07-15,16090,2025071501020262,PCBL,Sri Hari Securities Pvt. Ltd.,Opal Securities Investment (PVT) Ltd.,102,270.0,27540.0,2025-07-15 14:37:19.025890
2025-07-15,16015,2025071501020298,PCBL,Sri Hari Securities Pvt. Ltd.,Sharepro Securities Private Limited,3000,270.0,810000.0,2025-07-15 14:37:27.400064
2025-07-15,14891,2025071501020723,PCBL,Capital Max Securities Ltd,Naasa Securities Co. Ltd.,100,270.1,27010.0,2025-07-15 14:40:18.240420
2025-07-15,14890,2025071501020724,PCBL,Sri Hari Securities Pvt. Ltd.,Naasa Securities Co. Ltd.,1020,270.0,275400.0,2025-07-15 14:40:18.240794
2025-07-15,12829,2025071501021415,PCBL,Naasa Securities Co. Ltd.,Sundhara Securities Limited,67,271.0,18157.0,2025-07-15 14:44:54.213730
2025-07-15,12370,2025071501021589,PCBL,Naasa Securities Co. Ltd.,Sharepro Securities Private Limited,933,271.0,252843.0,2025-07-15 14:45:30.454128
2025-07-15,12369,2025071501021590,PCBL,Naasa Securities Co. Ltd.,Sharepro Securities Private Limited,1000,271.0,271000.0,2025-07-15 14:45:30.454171
2025-07-15,11732,2025071501021825,PCBL,Capital Max Securities Ltd,Online Securities Pvt. Ltd.,205,271.9,55739.5,2025-07-15 14:46:43.764208
2025-07-15,11731,2025071501021826,PCBL,Capital Max Securities Ltd,KALASH STOCK MARKET PVT. LTD.,100,271.9,27190.0,2025-07-15 14:46:43.764270
2025-07-15,11730,2025071501021827,PCBL,Capital Max Securities Ltd,Sumeru Securities Pvt. Ltd.,1000,272.0,272000.0,2025-07-15 14:46:43.764297
2025-07-15,11729,2025071501021828,PCBL,Capital Max Securities Ltd,Kohinoor Investment & Securities Pvt. Ltd.,202,272.9,55125.8,2025-07-15 14:46:43.764321
2025-07-15,11728,2025071501021829,PCBL,Capital Max Securities Ltd,KALASH STOCK MARKET PVT. LTD.,100,272.9,27290.0,2025-07-15 14:46:43.764344
2025-07-15,11727,2025071501021830,PCBL,Capital Max Securities Ltd,Primo Securities (PVT) Ltd.,73,273.0,19929.0,2025-07-15 14:46:43.764376
2025-07-15,11726,2025071501021831,PCBL,Capital Max Securities Ltd,ABC Securities Private Limited,100,273.0,27300.0,2025-07-15 14:46:43.764403
2025-07-15,11725,2025071501021832,PCBL,Capital Max Securities Ltd,Bhrikuti Stock Broking Co. Pvt. Ltd.,26,273.2,7103.2,2025-07-15 14:46:43.764426
2025-07-15,11724,2025071501021833,PCBL,Capital Max Securities Ltd,Ashutosh Brokerage & Securities (PVT) Ltd.,1000,273.3,273300.0,2025-07-15 14:46:43.764449
2025-07-15,11723,2025071501021834,PCBL,Capital Max Securities Ltd,Creative Securities Pvt Ltd,194,273.4,53039.6,2025-07-15 14:46:43.764478
2025-07-15,11648,2025071501021867,PCBL,Capital Max Securities Ltd,Creative Securities Pvt Ltd,556,273.4,152010.4,2025-07-15 14:46:51.905921
2025-07-15,11647,2025071501021868,PCBL,Capital Max Securities Ltd,Nepal Stock House (PVT) Ltd.,44,274.0,12056.0,2025-07-15 14:46:51.906002
2025-07-15,11479,2025071501021913,PCBL,Vision Securities Pvt. Ltd,Nepal Stock House (PVT) Ltd.,56,274.0,15344.0,2025-07-15 14:47:13.711860
2025-07-15,11478,2025071501021914,PCBL,Vision Securities Pvt. Ltd,Nabil Stock Dealer Ltd.,40,274.0,10960.0,2025-07-15 14:47:13.711900
2025-07-15,11477,2025071501021915,PCBL,Vision Securities Pvt. Ltd,Market Securities & Exchange (PVT) Ltd.,500,274.0,137000.0,2025-07-15 14:47:13.711926
2025-07-15,11476,2025071501021916,PCBL,Vision Securities Pvt. Ltd,Vision Securities Pvt. Ltd,585,274.0,160290.0,2025-07-15 14:47:13.711973
2025-07-15,11475,2025071501021917,PCBL,Vision Securities Pvt. Ltd,Malla & Malla Stock Broking Company Pvt. Limited,50,274.0,13700.0,2025-07-15 14:47:13.711997
2025-07-15,11474,2025071501021918,PCBL,Vision Securities Pvt. Ltd,Sani Securities Company Ltd.,845,274.0,231530.0,2025-07-15 14:47:13.712021
2025-07-15,11473,2025071501021919,PCBL,Vision Securities Pvt. Ltd,Thrive Brokerage House Pvt. Ltd,1000,274.0,274000.0,2025-07-15 14:47:13.712048
2025-07-15,11472,2025071501021920,PCBL,Vision Securities Pvt. Ltd,Nepal Investment And Securities Trading Private Limited,1924,274.3,527753.2,2025-07-15 14:47:13.712078
2025-07-15,8770,2025071501022782,PCBL,Thrive Brokerage House Pvt. Ltd,Naasa Securities Co. Ltd.,200,273.0,54600.0,2025-07-15 14:51:24.998601
2025-07-15,8769,2025071501022783,PCBL,Thrive Brokerage House Pvt. Ltd,Kumari Securities Private Limited,300,273.0,81900.0,2025-07-15 14:51:24.998847
2025-07-15,7827,2025071501023079,PCBL,Capital Max Securities Ltd,SHUBHAKAMANA SECURITIES PVT. LTD,50,271.1,13555.0,2025-07-15 14:52:38.068247
2025-07-15,7826,2025071501023080,PCBL,Nepal Investment And Securities Trading Private Limited,SHUBHAKAMANA SECURITIES PVT. LTD,30,271.1,8133.0,2025-07-15 14:52:38.068480
2025-07-15,7825,2025071501023081,PCBL,MILKY WAY SHARE BROKER COMPANY LTD ,SHUBHAKAMANA SECURITIES PVT. LTD,1000,271.0,271000.0,2025-07-15 14:52:38.068559
2025-07-15,7824,2025071501023082,PCBL,Aryatara Investment & Securities,SHUBHAKAMANA SECURITIES PVT. LTD,1000,271.0,271000.0,2025-07-15 14:52:38.068638
2025-07-15,7823,2025071501023083,PCBL,Aryatara Investment & Securities,SHUBHAKAMANA SECURITIES PVT. LTD,1000,271.0,271000.0,2025-07-15 14:52:38.068714
2025-07-15,7822,2025071501023084,PCBL,Premier Securities Company Ltd.,SHUBHAKAMANA SECURITIES PVT. LTD,20,271.0,5420.0,2025-07-15 14:52:38.068791
2025-07-15,7821,2025071501023085,PCBL,Deevyaa Securities & Stock House Pvt. Ltd,SHUBHAKAMANA SECURITIES PVT. LTD,100,270.1,27010.0,2025-07-15 14:52:38.068868
2025-07-15,7820,2025071501023086,PCBL,Deevyaa Securities & Stock House Pvt. Ltd,SHUBHAKAMANA SECURITIES PVT. LTD,2000,270.0,540000.0,2025-07-15 14:52:38.068966
2025-07-15,7819,2025071501023087,PCBL,ABC Securities Private Limited,SHUBHAKAMANA SECURITIES PVT. LTD,100,270.0,27000.0,2025-07-15 14:52:38.069060
2025-07-15,7818,2025071501023088,PCBL,Creative Securities Pvt Ltd,SHUBHAKAMANA SECURITIES PVT. LTD,250,269.6,67400.0,2025-07-15 14:52:38.069147
2025-07-15,7817,2025071501023089,PCBL,Neev Securities Pvt. Ltd.,SHUBHAKAMANA SECURITIES PVT. LTD,1000,269.6,269600.0,2025-07-15 14:52:38.069224
2025-07-15,7816,2025071501023090,PCBL,MILKY WAY SHARE BROKER COMPANY LTD ,SHUBHAKAMANA SECURITIES PVT. LTD,500,269.5,134750.0,2025-07-15 14:52:38.069300
2025-07-15,7815,2025071501023091,PCBL,Sani Securities Company Ltd.,SHUBHAKAMANA SECURITIES PVT. LTD,500,269.5,134750.0,2025-07-15 14:52:38.069372
2025-07-15,7814,2025071501023092,PCBL,Capital Max Securities Ltd,SHUBHAKAMANA SECURITIES PVT. LTD,400,269.2,107680.0,2025-07-15 14:52:38.069457
2025-07-15,7813,2025071501023093,PCBL,Sumeru Securities Pvt. Ltd.,SHUBHAKAMANA SECURITIES PVT. LTD,3400,269.1,914940.0,2025-07-15 14:52:38.069531
2025-07-15,7812,2025071501023094,PCBL,Imperial Securities Company Pvt. Ltd.,SHUBHAKAMANA SECURITIES PVT. LTD,150,269.0,40350.0,2025-07-15 14:52:38.069602
2025-07-15,7235,2025071501023277,PCBL,Naasa Securities Co. Ltd.,Kumari Securities Private Limited,50,273.0,13650.0,2025-07-15 14:53:27.075420
2025-07-15,7227,2025071501023281,PCBL,Siprabi Securities Pvt. Ltd.,Kumari Securities Private Limited,10,273.0,2730.0,2025-07-15 14:53:27.769922
2025-07-15,6271,2025071501023628,PCBL,Vision Securities Pvt. Ltd,Kumari Securities Private Limited,363,273.0,99099.0,2025-07-15 14:54:44.419638
2025-07-15,6270,2025071501023629,PCBL,Vision Securities Pvt. Ltd,MILKY WAY SHARE BROKER COMPANY LTD ,1000,273.0,273000.0,2025-07-15 14:54:44.419679
2025-07-15,6269,2025071501023630,PCBL,Vision Securities Pvt. Ltd,ABC Securities Private Limited,100,273.0,27300.0,2025-07-15 14:54:44.419702
2025-07-15,6268,2025071501023631,PCBL,Vision Securities Pvt. Ltd,Linch Stock Market Ltd.,2000,273.7,547400.0,2025-07-15 14:54:44.419730
2025-07-15,6267,2025071501023632,PCBL,Vision Securities Pvt. Ltd,Midas Stock Broking Company Private Limited,700,273.8,191660.0,2025-07-15 14:54:44.419755
2025-07-15,6266,2025071501023633,PCBL,Vision Securities Pvt. Ltd,Oxford Securities Pvt. Ltd.,337,273.9,92304.3,2025-07-15 14:54:44.419776
2025-07-15,5834,2025071501023783,PCBL,Naasa Securities Co. Ltd.,Sani Securities Company Ltd.,350,271.0,94850.0,2025-07-15 14:55:22.040464
2025-07-15,5833,2025071501023784,PCBL,Opal Securities Investment (PVT) Ltd.,Sani Securities Company Ltd.,200,271.0,54200.0,2025-07-15 14:55:22.040647
2025-07-15,5832,2025071501023785,PCBL,Vision Securities Pvt. Ltd,Sani Securities Company Ltd.,50,270.1,13505.0,2025-07-15 14:55:22.040726
2025-07-15,5462,2025071501023874,PCBL,Capital Max Securities Ltd,Oxford Securities Pvt. Ltd.,663,273.9,181595.7,2025-07-15 14:55:50.535626
2025-07-15,5461,2025071501023875,PCBL,Capital Max Securities Ltd,Cristal Kanchanjanga Securites Pvt. Ltd.,100,273.9,27390.0,2025-07-15 14:55:50.535754
2025-07-15,5460,2025071501023876,PCBL,Capital Max Securities Ltd,Investment Management Nepal Pvt. Ltd.,200,273.9,54780.0,2025-07-15 14:55:50.535829
2025-07-15,5459,2025071501023877,PCBL,Capital Max Securities Ltd,Capital Max Securities Ltd,37,274.0,10138.0,2025-07-15 14:55:50.535908
2025-07-15,5419,2025071501023897,PCBL,Siprabi Securities Pvt. Ltd.,Capital Max Securities Ltd,10,274.0,2740.0,2025-07-15 14:55:53.777349
2025-07-15,5042,2025071501024019,PCBL,Kohinoor Investment & Securities Pvt. Ltd.,Capital Max Securities Ltd,50,274.0,13700.0,2025-07-15 14:56:20.573179
2025-07-15,4385,2025071501024233,PCBL,Dipshikha Dhitopatra Karobar Co. Pvt Ltd.,Indira securities pvt. ltd,235,271.1,63708.5,2025-07-15 14:57:13.268010
2025-07-15,4125,2025071501024300,PCBL,Capital Max Securities Ltd,Naasa Securities Co. Ltd.,4000,273.8,1095200.0,2025-07-15 14:57:28.125718
2025-07-15,3909,2025071501024404,PCBL,Capital Max Securities Ltd,Naasa Securities Co. Ltd.,1000,273.8,273800.0,2025-07-15 14:57:44.214216
2025-07-15,3908,2025071501024405,PCBL,Capital Max Securities Ltd,ABC Securities Private Limited,100,273.8,27380.0,2025-07-15 14:57:44.214340
2025-07-15,3907,2025071501024406,PCBL,Capital Max Securities Ltd,Agrawal Securities (PVT) Ltd.,200,273.9,54780.0,2025-07-15 14:57:44.214419
2025-07-15,3906,2025071501024407,PCBL,Capital Max Securities Ltd,Nepal Investment And Securities Trading Private Limited,299,273.9,81896.1,2025-07-15 14:57:44.214493
2025-07-15,3850,2025071501024454,PCBL,Dipshikha Dhitopatra Karobar Co. Pvt Ltd.,Sharepro Securities Private Limited,65,271.1,17621.5,2025-07-15 14:57:45.876386
2025-07-15,3849,2025071501024455,PCBL,Secured Securities Ltd.,Sharepro Securities Private Limited,1000,271.0,271000.0,2025-07-15 14:57:45.876498
2025-07-15,3848,2025071501024456,PCBL,Thrive Brokerage House Pvt. Ltd,Sharepro Securities Private Limited,300,271.0,81300.0,2025-07-15 14:57:45.876584
2025-07-15,3847,2025071501024457,PCBL,Sunrise Securities Limited,Sharepro Securities Private Limited,1000,270.2,270200.0,2025-07-15 14:57:45.876677
2025-07-15,3846,2025071501024458,PCBL,Vision Securities Pvt. Ltd,Sharepro Securities Private Limited,135,270.1,36463.5,2025-07-15 14:57:45.876767
2025-07-15,3546,2025071501024536,PCBL,Siprabi Securities Pvt. Ltd.,Capital Max Securities Ltd,10,274.0,2740.0,2025-07-15 14:57:58.957208
2025-07-15,2932,2025071501024741,PCBL,Imperial Securities Company Pvt. Ltd.,Trisul Securities & Invt. Ltd.,100,271.0,27100.0,2025-07-15 14:58:32.830307
2025-07-15,2855,2025071501024768,PCBL,Imperial Securities Company Pvt. Ltd.,Oxford Securities Pvt. Ltd.,497,273.0,135681.0,2025-07-15 14:58:36.003375
2025-07-15,2796,2025071501024794,PCBL,Capital Max Securities Ltd,Market Securities & Exchange (PVT) Ltd.,100,273.9,27390.0,2025-07-15 14:58:37.560073
2025-07-15,2795,2025071501024795,PCBL,Capital Max Securities Ltd,Dakshinkali Investment & Securities Pvt. Ltd.,100,273.9,27390.0,2025-07-15 14:58:37.560114
2025-07-15,2794,2025071501024796,PCBL,Capital Max Securities Ltd,Capital Max Securities Ltd,200,274.0,54800.0,2025-07-15 14:58:37.560139
2025-07-15,2566,2025071501024873,PCBL,Imperial Securities Company Pvt. Ltd.,Neev Securities Pvt. Ltd.,903,273.0,246519.0,2025-07-15 14:58:46.696658
2025-07-15,2417,2025071501024919,PCBL,Naasa Securities Co. Ltd.,Neev Securities Pvt. Ltd.,100,273.0,27300.0,2025-07-15 14:58:52.240250
2025-07-15,2362,2025071501024946,PCBL,Imperial Securities Company Pvt. Ltd.,Neev Securities Pvt. Ltd.,267,273.0,72891.0,2025-07-15 14:58:54.529691
2025-07-15,2361,2025071501024947,PCBL,Imperial Securities Company Pvt. Ltd.,Capital Max Securities Ltd,733,274.0,200842.0,2025-07-15 14:58:54.529886
2025-07-15,1401,2025071501025353,PCBL,Sundhara Securities Limited,South Asian Bulls Pvt. Ltd.,50,273.9,13695.0,2025-07-15 14:59:25.489006
2025-07-15,1344,2025071501025365,PCBL,Online Securities Pvt. Ltd.,Capital Max Securities Ltd,2000,274.0,548000.0,2025-07-15 14:59:27.802601
2025-07-15,1025,2025071501025473,PCBL,Sundhara Securities Limited,Global IME Securities Limited,30,273.9,8217.0,2025-07-15 14:59:35.558333
2025-07-15,499,2025071501025718,PCBL,Sundhara Securities Limited,Capital Max Securities Ltd,120,274.0,32880.0,2025-07-15 14:59:49.701300
2025-07-15,316,2025071501025763,PCBL,Online Securities Pvt. Ltd.,Capital Max Securities Ltd,1000,274.0,274000.0,2025-07-15 14:59:54.732179
2025-07-15,181,2025071501025796,PCBL,Capital Max Securities Ltd,Capital Max Securities Ltd,840,274.0,230160.0,2025-07-15 14:59:57.348205
2025-07-15,180,2025071501025797,PCBL,Capital Max Securities Ltd,Online Securities Pvt. Ltd.,14,274.0,3836.0,2025-07-15 14:59:57.348250
2025-07-15,179,2025071501025798,PCBL,Capital Max Securities Ltd,Imperial Securities Company Pvt. Ltd.,83,274.0,22742.0,2025-07-15 14:59:57.348273
2025-07-15,178,2025071501025799,PCBL,Capital Max Securities Ltd,ABC Securities Private Limited,60,274.0,16440.0,2025-07-15 14:59:57.348314
2025-07-15,177,2025071501025800,PCBL,Capital Max Securities Ltd,Imperial Securities Company Pvt. Ltd.,500,274.0,137000.0,2025-07-15 14:59:57.348339
2025-07-15,176,2025071501025801,PCBL,Capital Max Securities Ltd,Sumeru Securities Pvt. Ltd.,30,274.0,8220.0,2025-07-15 14:59:57.348364
2025-07-15,175,2025071501025802,PCBL,Capital Max Securities Ltd,Naasa Securities Co. Ltd.,35,274.0,9590.0,2025-07-15 14:59:57.348387
2025-07-15,174,2025071501025803,PCBL,Capital Max Securities Ltd,Oxford Securities Pvt. Ltd.,50,274.0,13700.0,2025-07-15 14:59:57.348409
2025-07-15,173,2025071501025804,PCBL,Capital Max Securities Ltd,Sri Hari Securities Pvt. Ltd.,15,274.0,4110.0,2025-07-15 14:59:57.348432
2025-07-15,172,2025071501025805,PCBL,Capital Max Securities Ltd,Nepal Investment And Securities Trading Private Limited,88,274.3,24138.4,2025-07-15 14:59:57.348457
2025-07-15,171,2025071501025806,PCBL,Capital Max Securities Ltd,Kumari Securities Private Limited,200,274.3,54860.0,2025-07-15 14:59:57.348483
2025-07-15,170,2025071501025807,PCBL,Capital Max Securities Ltd,Agrawal Securities (PVT) Ltd.,85,274.4,23324.0,2025-07-15 14:59:57.348504
2025-07-15,119,2025071501025820,PCBL,Capital Max Securities Ltd,Agrawal Securities (PVT) Ltd.,35,274.4,9604.0,2025-07-15 14:59:58.367280
2025-07-15,118,2025071501025821,PCBL,Capital Max Securities Ltd,Kohinoor Investment & Securities Pvt. Ltd.,250,274.7,68675.0,2025-07-15 14:59:58.367398
2025-07-15,117,2025071501025822,PCBL,Capital Max Securities Ltd,Kumari Securities Private Limited,715,274.8,196482.0,2025-07-15 14:59:58.367476
