Date,S.N.,Contract ID,Symbol,Buyer Broker,Seller Broker,quantity,rate,amount,transaction_time
2025-07-15,74008,2025071504000029,UPCL,Imperial Securities Company Pvt. Ltd.,Bhrikuti Stock Broking Co. Pvt. Ltd.,10,402.6,4026.0,2025-07-15 10:46:00.053999
2025-07-15,73972,2025071504000034,UPCL,SHUBHAKAMANA SECURITIES PVT. LTD,Bhrikuti Stock Broking Co. Pvt. Ltd.,10,400.0,4000.0,2025-07-15 11:00:29.650008
2025-07-15,73964,2025071504000040,UPCL,Naasa Securities Co. Ltd.,SHUBHAKAMANA SECURITIES PVT. LTD,10,395.0,3950.0,2025-07-15 11:00:36.691245
2025-07-15,73812,2025071504000092,UPCL,Aryatara Investment & Securities,Bhrikuti Stock Broking Co. Pvt. Ltd.,100,400.0,40000.0,2025-07-15 11:01:53.724780
2025-07-15,73759,2025071504000110,UPCL,ABC Securities Private Limited,Bhrikuti Stock Broking Co. Pvt. Ltd.,100,400.0,40000.0,2025-07-15 11:02:29.051439
2025-07-15,73727,2025071504000123,UPCL,Agrawal Securities (PVT) Ltd.,Secured Securities Ltd.,500,400.0,200000.0,2025-07-15 11:02:45.625983
2025-07-15,73720,2025071504000129,UPCL,Capital Hub P. Ltd,Secured Securities Ltd.,100,400.0,40000.0,2025-07-15 11:02:47.201608
2025-07-15,73719,2025071504000130,UPCL,Aryatara Investment & Securities,Secured Securities Ltd.,100,400.0,40000.0,2025-07-15 11:02:47.473435
2025-07-15,73624,2025071504000171,UPCL,Secured Securities Ltd.,Kohinoor Investment & Securities Pvt. Ltd.,10,402.0,4020.0,2025-07-15 11:03:26.176274
2025-07-15,73515,2025071504000215,UPCL,Imperial Securities Company Pvt. Ltd.,Kohinoor Investment & Securities Pvt. Ltd.,100,402.0,40200.0,2025-07-15 11:04:07.986447
2025-07-15,72964,2025071504000355,UPCL,Naasa Securities Co. Ltd.,Nabil Stock Dealer Ltd.,10,400.0,4000.0,2025-07-15 11:06:58.969090
2025-07-15,72675,2025071504000452,UPCL,Aryatara Investment & Securities,Nabil Stock Dealer Ltd.,100,400.0,40000.0,2025-07-15 11:08:37.547715
2025-07-15,72554,2025071504000482,UPCL,ABC Securities Private Limited,Nabil Stock Dealer Ltd.,390,400.0,156000.0,2025-07-15 11:09:02.571663
2025-07-15,72553,2025071504000483,UPCL,ABC Securities Private Limited,Agrawal Securities (PVT) Ltd.,10,400.0,4000.0,2025-07-15 11:09:02.571902
2025-07-15,72262,2025071504000594,UPCL,Miyo Securities Pvt Ltd,Agrawal Securities (PVT) Ltd.,90,400.0,36000.0,2025-07-15 11:10:33.075046
2025-07-15,72261,2025071504000595,UPCL,Miyo Securities Pvt Ltd,Nabil Stock Dealer Ltd.,910,400.0,364000.0,2025-07-15 11:10:33.075194
2025-07-15,72232,2025071504000603,UPCL,Nepal Investment And Securities Trading Private Limited,Nabil Stock Dealer Ltd.,90,400.0,36000.0,2025-07-15 11:10:38.332440
2025-07-15,72231,2025071504000604,UPCL,Nepal Investment And Securities Trading Private Limited,Dynamic Money Managers Securities Pvt. Ltd.,350,400.0,140000.0,2025-07-15 11:10:38.332626
2025-07-15,71977,2025071504000667,UPCL,Creative Securities Pvt Ltd,Naasa Securities Co. Ltd.,500,401.8,200900.0,2025-07-15 11:11:49.804179
2025-07-15,71976,2025071504000668,UPCL,Creative Securities Pvt Ltd,Kohinoor Investment & Securities Pvt. Ltd.,90,401.9,36171.0,2025-07-15 11:11:49.804250
2025-07-15,71975,2025071504000669,UPCL,Creative Securities Pvt Ltd,Indira securities pvt. ltd,200,402.0,80400.0,2025-07-15 11:11:49.804294
2025-07-15,71974,2025071504000670,UPCL,Creative Securities Pvt Ltd,Trishakti Securities Public Limited,500,402.0,201000.0,2025-07-15 11:11:49.804330
2025-07-15,71973,2025071504000671,UPCL,Creative Securities Pvt Ltd,J.F. Securites (PVT) Ltd.,25,402.0,10050.0,2025-07-15 11:11:49.804348
2025-07-15,71972,2025071504000672,UPCL,Creative Securities Pvt Ltd,Miyo Securities Pvt Ltd,500,402.0,201000.0,2025-07-15 11:11:49.804376
2025-07-15,71971,2025071504000673,UPCL,Creative Securities Pvt Ltd,Premier Securities Company Ltd.,185,402.5,74462.5,2025-07-15 11:11:49.804397
2025-07-15,71895,2025071504000693,UPCL,Secured Securities Ltd.,Premier Securities Company Ltd.,300,402.5,120750.0,2025-07-15 11:12:20.839372
2025-07-15,71771,2025071504000733,UPCL,Creative Securities Pvt Ltd,Sipla Securities Private Limited,54,402.0,21708.0,2025-07-15 11:12:54.250773
2025-07-15,71698,2025071504000754,UPCL,Creative Securities Pvt Ltd,Nabil Stock Dealer Ltd.,246,402.0,98892.0,2025-07-15 11:13:08.983906
2025-07-15,71661,2025071504000764,UPCL,ABC Securities Private Limited,Nabil Stock Dealer Ltd.,754,401.0,302354.0,2025-07-15 11:13:18.002921
2025-07-15,71617,2025071504000775,UPCL,Vision Securities Pvt. Ltd,Premier Securities Company Ltd.,15,402.5,6037.5,2025-07-15 11:13:30.305560
2025-07-15,71616,2025071504000776,UPCL,Vision Securities Pvt. Ltd,Naasa Securities Co. Ltd.,10,402.6,4026.0,2025-07-15 11:13:30.305691
2025-07-15,71615,2025071504000777,UPCL,Vision Securities Pvt. Ltd,Imperial Securities Company Pvt. Ltd.,975,403.0,392925.0,2025-07-15 11:13:30.305781
2025-07-15,71453,2025071504000837,UPCL,Secured Securities Ltd.,Imperial Securities Company Pvt. Ltd.,25,403.0,10075.0,2025-07-15 11:14:08.272424
2025-07-15,71452,2025071504000838,UPCL,Secured Securities Ltd.,Online Securities Pvt. Ltd.,42,403.0,16926.0,2025-07-15 11:14:08.272537
2025-07-15,71219,2025071504000952,UPCL,Secured Securities Ltd.,Sagarmatha Securities Private Limited,10,404.0,4040.0,2025-07-15 11:14:58.632850
2025-07-15,71130,2025071504000983,UPCL,Secured Securities Ltd.,Sundhara Securities Limited,333,403.0,134199.0,2025-07-15 11:15:24.343040
2025-07-15,71029,2025071504001013,UPCL,Online Securities Pvt. Ltd.,K.B.L. Securities Limited ,500,403.0,201500.0,2025-07-15 11:15:51.576720
2025-07-15,70862,2025071504001082,UPCL,Dakshinkali Investment & Securities Pvt. Ltd.,Aakashbhairab Securities Ltd.,200,402.1,80420.0,2025-07-15 11:16:24.890971
2025-07-15,70861,2025071504001083,UPCL,Vision Securities Pvt. Ltd,Aakashbhairab Securities Ltd.,1000,402.0,402000.0,2025-07-15 11:16:24.891109
2025-07-15,70652,2025071504001150,UPCL,Vision Securities Pvt. Ltd,Online Securities Pvt. Ltd.,100,402.0,40200.0,2025-07-15 11:17:19.072232
2025-07-15,70591,2025071504001169,UPCL,Vision Securities Pvt. Ltd,Secured Securities Ltd.,300,402.0,120600.0,2025-07-15 11:17:33.233892
2025-07-15,70506,2025071504001210,UPCL,Aryatara Investment & Securities,Secured Securities Ltd.,12,402.0,4824.0,2025-07-15 11:17:49.239209
2025-07-15,70505,2025071504001211,UPCL,Aryatara Investment & Securities,Secured Securities Ltd.,42,401.1,16846.2,2025-07-15 11:17:49.239512
2025-07-15,70164,2025071504001320,UPCL,Sri Hari Securities Pvt. Ltd.,Miyo Securities Pvt Ltd,150,402.0,60300.0,2025-07-15 11:19:01.430408
2025-07-15,70107,2025071504001337,UPCL,Aryatara Investment & Securities,Thrive Brokerage House Pvt. Ltd,13,401.1,5214.3,2025-07-15 11:19:14.287882
2025-07-15,69473,2025071504001578,UPCL,Imperial Securities Company Pvt. Ltd.,Bhrikuti Stock Broking Co. Pvt. Ltd.,30,401.6,12048.0,2025-07-15 11:21:17.716820
2025-07-15,69472,2025071504001579,UPCL,Dipshikha Dhitopatra Karobar Co. Pvt Ltd.,Bhrikuti Stock Broking Co. Pvt. Ltd.,40,401.5,16060.0,2025-07-15 11:21:17.716995
2025-07-15,69471,2025071504001580,UPCL,Aryatara Investment & Securities,Bhrikuti Stock Broking Co. Pvt. Ltd.,45,401.1,18049.5,2025-07-15 11:21:17.717062
2025-07-15,69470,2025071504001581,UPCL,SUN SECURITIES PVT LTD,Bhrikuti Stock Broking Co. Pvt. Ltd.,120,401.1,48132.0,2025-07-15 11:21:17.717124
2025-07-15,69469,2025071504001582,UPCL,ABC Securities Private Limited,Bhrikuti Stock Broking Co. Pvt. Ltd.,246,401.0,98646.0,2025-07-15 11:21:17.717185
2025-07-15,69384,2025071504001632,UPCL,Sri Hari Securities Pvt. Ltd.,Bhrikuti Stock Broking Co. Pvt. Ltd.,19,401.0,7619.0,2025-07-15 11:21:32.123644
2025-07-15,68938,2025071504001825,UPCL,Sri Hari Securities Pvt. Ltd.,J.F. Securites (PVT) Ltd.,100,402.0,40200.0,2025-07-15 11:23:04.877975
2025-07-15,68885,2025071504001847,UPCL,Property Wiard Limited,Online Securities Pvt. Ltd.,175,402.5,70437.5,2025-07-15 11:23:19.017785
2025-07-15,68884,2025071504001848,UPCL,Property Wiard Limited,Premier Securities Company Ltd.,280,402.8,112784.0,2025-07-15 11:23:19.017949
2025-07-15,68883,2025071504001849,UPCL,Property Wiard Limited,Aryatara Investment & Securities,500,402.9,201450.0,2025-07-15 11:23:19.018016
2025-07-15,68818,2025071504001887,UPCL,Property Wiard Limited,K.B.L. Securities Limited ,1045,403.0,421135.0,2025-07-15 11:23:31.049122
2025-07-15,68751,2025071504001907,UPCL,Property Wiard Limited,K.B.L. Securities Limited ,455,403.0,183365.0,2025-07-15 11:23:49.116216
2025-07-15,68750,2025071504001908,UPCL,Property Wiard Limited,Nabil Stock Dealer Ltd.,500,403.0,201500.0,2025-07-15 11:23:49.116519
2025-07-15,68749,2025071504001909,UPCL,Property Wiard Limited,Aryatara Investment & Securities,500,403.0,201500.0,2025-07-15 11:23:49.116694
2025-07-15,68748,2025071504001910,UPCL,Property Wiard Limited,Nagarik Stock Dealer ,400,403.0,161200.0,2025-07-15 11:23:49.116863
2025-07-15,68683,2025071504001940,UPCL,Sri Hari Securities Pvt. Ltd.,Bhrikuti Stock Broking Co. Pvt. Ltd.,200,403.0,80600.0,2025-07-15 11:24:03.527721
2025-07-15,68314,2025071504002086,UPCL,Sunrise Securities Limited,Sagarmatha Securities Private Limited,90,404.0,36360.0,2025-07-15 11:25:33.224014
2025-07-15,68313,2025071504002087,UPCL,Sunrise Securities Limited,Bhrikuti Stock Broking Co. Pvt. Ltd.,100,404.0,40400.0,2025-07-15 11:25:33.224364
2025-07-15,68312,2025071504002088,UPCL,Sunrise Securities Limited,Imperial Securities Company Pvt. Ltd.,20,404.0,8080.0,2025-07-15 11:25:33.224577
2025-07-15,68311,2025071504002089,UPCL,Sunrise Securities Limited,Capital Max Securities Ltd,500,404.0,202000.0,2025-07-15 11:25:33.224855
2025-07-15,68310,2025071504002090,UPCL,Sunrise Securities Limited,Premier Securities Company Ltd.,290,404.9,117421.0,2025-07-15 11:25:33.225057
2025-07-15,67774,2025071504002281,UPCL,Sunrise Securities Limited,BHOLE GANESH SECURITIES LTD,100,403.0,40300.0,2025-07-15 11:28:02.990413
2025-07-15,67743,2025071504002292,UPCL,Sunrise Securities Limited,Sundhara Securities Limited,80,403.0,32240.0,2025-07-15 11:28:12.357368
2025-07-15,67742,2025071504002293,UPCL,Property Wiard Limited,Sundhara Securities Limited,145,402.0,58290.0,2025-07-15 11:28:12.357710
2025-07-15,67741,2025071504002294,UPCL,Prabhu Stock Market Limited,Sundhara Securities Limited,275,401.7,110467.5,2025-07-15 11:28:12.357913
2025-07-15,67476,2025071504002383,UPCL,Sri Hari Securities Pvt. Ltd.,Opal Securities Investment (PVT) Ltd.,90,403.0,36270.0,2025-07-15 11:29:14.810655
2025-07-15,67374,2025071504002427,UPCL,Sri Hari Securities Pvt. Ltd.,Property Wiard Limited,23,403.5,9280.5,2025-07-15 11:29:48.084145
2025-07-15,67259,2025071504002474,UPCL,ABC Securities Private Limited,Nabil Stock Dealer Ltd.,1000,402.0,402000.0,2025-07-15 11:30:08.576203
2025-07-15,67124,2025071504002509,UPCL,Primo Securities (PVT) Ltd.,J.F. Securites (PVT) Ltd.,1000,401.8,401800.0,2025-07-15 11:30:47.978500
2025-07-15,66946,2025071504002566,UPCL,Trademow Securities Private Limited,Kohinoor Investment & Securities Pvt. Ltd.,60,401.8,24108.0,2025-07-15 11:31:44.716812
2025-07-15,66546,2025071504002669,UPCL,Trademow Securities Private Limited,Premier Securities Company Ltd.,240,401.8,96432.0,2025-07-15 11:33:39.619381
2025-07-15,66545,2025071504002670,UPCL,Prabhu Stock Market Limited,Premier Securities Company Ltd.,125,401.7,50212.5,2025-07-15 11:33:39.619791
2025-07-15,66544,2025071504002671,UPCL,Sri Hari Securities Pvt. Ltd.,Premier Securities Company Ltd.,1000,401.7,401700.0,2025-07-15 11:33:39.620011
2025-07-15,66543,2025071504002672,UPCL,NIMB Stock Markets Limited,Premier Securities Company Ltd.,635,401.6,255016.0,2025-07-15 11:33:39.620218
2025-07-15,66431,2025071504002703,UPCL,NIMB Stock Markets Limited,Premier Securities Company Ltd.,20,401.6,8032.0,2025-07-15 11:34:03.745175
2025-07-15,66430,2025071504002704,UPCL,Prabhu Stock Market Limited,Premier Securities Company Ltd.,1000,401.2,401200.0,2025-07-15 11:34:03.745358
2025-07-15,66429,2025071504002705,UPCL,Dakshinkali Investment & Securities Pvt. Ltd.,Premier Securities Company Ltd.,200,401.1,80220.0,2025-07-15 11:34:03.745432
2025-07-15,66428,2025071504002706,UPCL,Nepal Investment And Securities Trading Private Limited,Premier Securities Company Ltd.,280,401.0,112280.0,2025-07-15 11:34:03.745503
2025-07-15,66374,2025071504002728,UPCL,Sani Securities Company Ltd.,Capital Max Securities Ltd,10,402.8,4028.0,2025-07-15 11:34:19.134769
2025-07-15,65958,2025071504002855,UPCL,Sunrise Securities Limited,Siprabi Securities Pvt. Ltd.,50,402.2,20110.0,2025-07-15 11:35:52.321762
2025-07-15,65823,2025071504002878,UPCL,Nepal Investment And Securities Trading Private Limited,Siprabi Securities Pvt. Ltd.,220,401.0,88220.0,2025-07-15 11:36:21.494991
2025-07-15,65745,2025071504002894,UPCL,ABC Securities Private Limited,Siprabi Securities Pvt. Ltd.,666,400.7,266866.2,2025-07-15 11:36:40.650905
2025-07-15,65676,2025071504002903,UPCL,ABC Securities Private Limited,ABC Securities Private Limited,54,400.7,21637.8,2025-07-15 11:36:53.616680
2025-07-15,65675,2025071504002904,UPCL,Himalayan Brokerage Company Limited,ABC Securities Private Limited,946,400.5,378873.0,2025-07-15 11:36:53.616878
2025-07-15,65372,2025071504002989,UPCL,Himalayan Brokerage Company Limited,Kohinoor Investment & Securities Pvt. Ltd.,54,400.5,21627.0,2025-07-15 11:38:15.409689
2025-07-15,65371,2025071504002990,UPCL,Dynamic Money Managers Securities Pvt. Ltd.,Kohinoor Investment & Securities Pvt. Ltd.,1000,400.1,400100.0,2025-07-15 11:38:15.410049
2025-07-15,65370,2025071504002991,UPCL,Sri Hari Securities Pvt. Ltd.,Kohinoor Investment & Securities Pvt. Ltd.,946,400.1,378494.6,2025-07-15 11:38:15.410282
2025-07-15,65017,2025071504003123,UPCL,Sri Hari Securities Pvt. Ltd.,Capital Max Securities Ltd,54,400.1,21605.4,2025-07-15 11:39:37.630229
2025-07-15,65016,2025071504003124,UPCL,Sri Hari Securities Pvt. Ltd.,Capital Max Securities Ltd,446,400.1,178444.6,2025-07-15 11:39:37.630466
2025-07-15,64118,2025071504003458,UPCL,Secured Securities Ltd.,Midas Stock Broking Company Private Limited,500,402.4,201200.0,2025-07-15 11:43:30.112743
2025-07-15,64117,2025071504003459,UPCL,Secured Securities Ltd.,Agrawal Securities (PVT) Ltd.,1000,402.5,402500.0,2025-07-15 11:43:30.113121
2025-07-15,64056,2025071504003466,UPCL,Secured Securities Ltd.,Kumari Securities Private Limited,200,402.3,80460.0,2025-07-15 11:43:50.503983
2025-07-15,64055,2025071504003467,UPCL,Secured Securities Ltd.,Agrawal Securities (PVT) Ltd.,150,402.5,60375.0,2025-07-15 11:43:50.504193
2025-07-15,64005,2025071504003475,UPCL,Asian Securities Private Ltd.,Agrawal Securities (PVT) Ltd.,32,402.5,12880.0,2025-07-15 11:44:01.658417
2025-07-15,64004,2025071504003476,UPCL,Asian Securities Private Ltd.,Premier Securities Company Ltd.,29,402.6,11675.4,2025-07-15 11:44:01.658810
2025-07-15,64003,2025071504003477,UPCL,Asian Securities Private Ltd.,Primo Securities (PVT) Ltd.,100,402.7,40270.0,2025-07-15 11:44:01.659059
2025-07-15,64002,2025071504003478,UPCL,Asian Securities Private Ltd.,Capital Max Securities Ltd,190,402.8,76532.0,2025-07-15 11:44:01.659297
2025-07-15,64001,2025071504003479,UPCL,Asian Securities Private Ltd.,J.F. Securites (PVT) Ltd.,649,402.8,261417.2,2025-07-15 11:44:01.659535
2025-07-15,63868,2025071504003510,UPCL,Naasa Securities Co. Ltd.,Aakashbhairab Securities Ltd.,500,401.0,200500.0,2025-07-15 11:44:26.581461
2025-07-15,63867,2025071504003511,UPCL,Primo Securities (PVT) Ltd.,Aakashbhairab Securities Ltd.,1800,401.0,721800.0,2025-07-15 11:44:26.581678
2025-07-15,63860,2025071504003515,UPCL,Primo Securities (PVT) Ltd.,Dipshikha Dhitopatra Karobar Co. Pvt Ltd.,1200,401.0,481200.0,2025-07-15 11:44:28.053145
2025-07-15,63696,2025071504003556,UPCL,Secured Securities Ltd.,Dipshikha Dhitopatra Karobar Co. Pvt Ltd.,300,401.0,120300.0,2025-07-15 11:45:09.030524
2025-07-15,63457,2025071504003608,UPCL,Nepal Investment And Securities Trading Private Limited,Dipshikha Dhitopatra Karobar Co. Pvt Ltd.,350,401.0,140350.0,2025-07-15 11:46:02.938929
2025-07-15,63385,2025071504003625,UPCL,Dakshinkali Investment & Securities Pvt. Ltd.,Nagarik Stock Dealer ,100,400.4,40040.0,2025-07-15 11:46:23.371206
2025-07-15,63384,2025071504003626,UPCL,Online Securities Pvt. Ltd.,Nagarik Stock Dealer ,900,400.3,360270.0,2025-07-15 11:46:23.371475
2025-07-15,63376,2025071504003630,UPCL,Secured Securities Ltd.,Dipshikha Dhitopatra Karobar Co. Pvt Ltd.,300,401.0,120300.0,2025-07-15 11:46:26.714148
2025-07-15,63162,2025071504003686,UPCL,Thrive Brokerage House Pvt. Ltd,Dipshikha Dhitopatra Karobar Co. Pvt Ltd.,1350,401.0,541350.0,2025-07-15 11:47:18.270268
2025-07-15,63161,2025071504003687,UPCL,Thrive Brokerage House Pvt. Ltd,Sagarmatha Securities Private Limited,20,401.0,8020.0,2025-07-15 11:47:18.270544
2025-07-15,63123,2025071504003699,UPCL,Imperial Securities Company Pvt. Ltd.,Nabil Stock Dealer Ltd.,150,400.4,60060.0,2025-07-15 11:47:30.169139
2025-07-15,63122,2025071504003700,UPCL,Online Securities Pvt. Ltd.,Nabil Stock Dealer Ltd.,100,400.3,40030.0,2025-07-15 11:47:30.169383
2025-07-15,63121,2025071504003701,UPCL,Naasa Securities Co. Ltd.,Nabil Stock Dealer Ltd.,50,400.2,20010.0,2025-07-15 11:47:30.169468
2025-07-15,63120,2025071504003702,UPCL,Asian Securities Private Ltd.,Nabil Stock Dealer Ltd.,1000,400.2,400200.0,2025-07-15 11:47:30.169544
2025-07-15,63119,2025071504003703,UPCL,Sri Hari Securities Pvt. Ltd.,Nabil Stock Dealer Ltd.,554,400.1,221655.4,2025-07-15 11:47:30.169618
2025-07-15,63118,2025071504003704,UPCL,Sri Hari Securities Pvt. Ltd.,Nabil Stock Dealer Ltd.,146,400.1,58414.6,2025-07-15 11:47:30.169690
2025-07-15,62873,2025071504003793,UPCL,Secured Securities Ltd.,Property Wiard Limited,10,401.0,4010.0,2025-07-15 11:48:36.904192
2025-07-15,62872,2025071504003794,UPCL,Secured Securities Ltd.,Sumeru Securities Pvt. Ltd.,20,402.0,8040.0,2025-07-15 11:48:36.904527
2025-07-15,62679,2025071504003834,UPCL,Secured Securities Ltd.,Sumeru Securities Pvt. Ltd.,180,402.0,72360.0,2025-07-15 11:49:17.521708
2025-07-15,62678,2025071504003835,UPCL,Secured Securities Ltd.,Premier Securities Company Ltd.,10,402.4,4024.0,2025-07-15 11:49:17.521920
2025-07-15,62677,2025071504003836,UPCL,Secured Securities Ltd.,J.F. Securites (PVT) Ltd.,10,402.8,4028.0,2025-07-15 11:49:17.521997
2025-07-15,62423,2025071504003909,UPCL,Global IME Securities Limited,J.F. Securites (PVT) Ltd.,50,402.8,20140.0,2025-07-15 11:50:29.052801
2025-07-15,62242,2025071504003990,UPCL,Secured Securities Ltd.,J.F. Securites (PVT) Ltd.,291,402.8,117214.8,2025-07-15 11:50:52.899909
2025-07-15,62241,2025071504003991,UPCL,Secured Securities Ltd.,Nepal Stock House (PVT) Ltd.,19,402.9,7655.1,2025-07-15 11:50:52.900286
2025-07-15,61694,2025071504004155,UPCL,Trishakti Securities Public Limited,Nepal Stock House (PVT) Ltd.,481,402.9,193794.9,2025-07-15 11:53:11.732086
2025-07-15,61693,2025071504004156,UPCL,Trishakti Securities Public Limited,Trishakti Securities Public Limited,100,403.0,40300.0,2025-07-15 11:53:11.732300
2025-07-15,61692,2025071504004157,UPCL,Trishakti Securities Public Limited,Property Wiard Limited,177,403.5,71419.5,2025-07-15 11:53:11.732400
2025-07-15,61691,2025071504004158,UPCL,Trishakti Securities Public Limited,Dynamic Money Managers Securities Pvt. Ltd.,108,404.0,43632.0,2025-07-15 11:53:11.732489
2025-07-15,61690,2025071504004159,UPCL,Trishakti Securities Public Limited,Imperial Securities Company Pvt. Ltd.,500,404.0,202000.0,2025-07-15 11:53:11.732584
2025-07-15,61689,2025071504004160,UPCL,Trishakti Securities Public Limited,Sharepro Securities Private Limited,3634,404.0,1468136.0,2025-07-15 11:53:11.732676
2025-07-15,61448,2025071504004207,UPCL,Imperial Securities Company Pvt. Ltd.,K.B.L. Securities Limited ,100,402.0,40200.0,2025-07-15 11:54:13.122122
2025-07-15,61447,2025071504004208,UPCL,Secured Securities Ltd.,Sharepro Securities Private Limited,400,404.0,161600.0,2025-07-15 11:54:13.553159
2025-07-15,61399,2025071504004234,UPCL,Sharepro Securities Private Limited,Sharepro Securities Private Limited,966,404.0,390264.0,2025-07-15 11:54:20.971189
2025-07-15,61398,2025071504004235,UPCL,Sharepro Securities Private Limited,Naasa Securities Co. Ltd.,100,404.6,40460.0,2025-07-15 11:54:20.971643
2025-07-15,61397,2025071504004236,UPCL,Sharepro Securities Private Limited,K.B.L. Securities Limited ,3934,404.7,1592089.8,2025-07-15 11:54:20.971915
2025-07-15,61301,2025071504004261,UPCL,BHOLE GANESH SECURITIES LTD,K.B.L. Securities Limited ,400,402.0,160800.0,2025-07-15 11:54:35.258651
2025-07-15,61202,2025071504004279,UPCL,Trishakti Securities Public Limited,K.B.L. Securities Limited ,917,404.7,371109.9,2025-07-15 11:54:51.304485
2025-07-15,61201,2025071504004280,UPCL,Trishakti Securities Public Limited,Bhrikuti Stock Broking Co. Pvt. Ltd.,83,404.8,33598.4,2025-07-15 11:54:51.304563
2025-07-15,60985,2025071504004336,UPCL,Secured Securities Ltd.,Bhrikuti Stock Broking Co. Pvt. Ltd.,37,404.8,14977.6,2025-07-15 11:55:18.400678
2025-07-15,60984,2025071504004337,UPCL,Secured Securities Ltd.,Premier Securities Company Ltd.,13,404.9,5263.7,2025-07-15 11:55:18.401108
2025-07-15,60980,2025071504004338,UPCL,Online Securities Pvt. Ltd.,Premier Securities Company Ltd.,97,404.9,39275.3,2025-07-15 11:55:20.289568
2025-07-15,60979,2025071504004339,UPCL,Online Securities Pvt. Ltd.,Elite Stock House Limited,148,404.9,59925.2,2025-07-15 11:55:20.289972
2025-07-15,60856,2025071504004369,UPCL,Secured Securities Ltd.,Dipshikha Dhitopatra Karobar Co. Pvt Ltd.,65,404.8,26312.0,2025-07-15 11:55:50.299232
2025-07-15,60826,2025071504004380,UPCL,Nepal Stock House (PVT) Ltd.,Dipshikha Dhitopatra Karobar Co. Pvt Ltd.,500,404.8,202400.0,2025-07-15 11:55:55.143370
2025-07-15,60579,2025071504004406,UPCL,Secured Securities Ltd.,Nabil Stock Dealer Ltd.,20,404.7,8094.0,2025-07-15 11:56:32.541211
2025-07-15,60578,2025071504004407,UPCL,Imperial Securities Company Pvt. Ltd.,Nabil Stock Dealer Ltd.,100,403.0,40300.0,2025-07-15 11:56:32.541658
2025-07-15,60577,2025071504004408,UPCL,Capital Hub P. Ltd,Nabil Stock Dealer Ltd.,100,402.1,40210.0,2025-07-15 11:56:32.541927
2025-07-15,60576,2025071504004409,UPCL,Naasa Securities Co. Ltd.,Nabil Stock Dealer Ltd.,150,402.1,60315.0,2025-07-15 11:56:32.542194
2025-07-15,60575,2025071504004410,UPCL,BHOLE GANESH SECURITIES LTD,Nabil Stock Dealer Ltd.,600,402.0,241200.0,2025-07-15 11:56:32.542468
2025-07-15,60574,2025071504004411,UPCL,BHOLE GANESH SECURITIES LTD,Nabil Stock Dealer Ltd.,1000,402.0,402000.0,2025-07-15 11:56:32.542716
2025-07-15,60573,2025071504004412,UPCL,Sri Hari Securities Pvt. Ltd.,Nabil Stock Dealer Ltd.,1000,401.2,401200.0,2025-07-15 11:56:32.542974
2025-07-15,60572,2025071504004413,UPCL,Premier Securities Company Ltd.,Nabil Stock Dealer Ltd.,30,401.2,12036.0,2025-07-15 11:56:32.543225
2025-07-15,60328,2025071504004465,UPCL,Secured Securities Ltd.,SHUBHAKAMANA SECURITIES PVT. LTD,10,404.0,4040.0,2025-07-15 11:57:24.553470
2025-07-15,59891,2025071504004599,UPCL,Sani Securities Company Ltd.,Himalayan Brokerage Company Limited,20,402.0,8040.0,2025-07-15 11:58:51.329938
2025-07-15,59668,2025071504004664,UPCL,Nepal Stock House (PVT) Ltd.,Himalayan Brokerage Company Limited,50,402.0,20100.0,2025-07-15 11:59:46.239911
2025-07-15,59498,2025071504004701,UPCL,Sharepro Securities Private Limited,Himalayan Brokerage Company Limited,900,402.0,361800.0,2025-07-15 12:00:20.187474
2025-07-15,59456,2025071504004707,UPCL,Sharepro Securities Private Limited,Himalayan Brokerage Company Limited,30,402.0,12060.0,2025-07-15 12:00:32.244956
2025-07-15,59378,2025071504004742,UPCL,Secured Securities Ltd.,Opal Securities Investment (PVT) Ltd.,10,403.0,4030.0,2025-07-15 12:00:46.165652
2025-07-15,59081,2025071504004854,UPCL,Secured Securities Ltd.,Linch Stock Market Ltd.,10,403.0,4030.0,2025-07-15 12:01:44.088602
2025-07-15,59080,2025071504004855,UPCL,Secured Securities Ltd.,Premier Securities Company Ltd.,10,403.9,4039.0,2025-07-15 12:01:44.088885
2025-07-15,58668,2025071504004986,UPCL,Opal Securities Investment (PVT) Ltd.,Aryatara Investment & Securities,500,401.5,200750.0,2025-07-15 12:03:19.620660
2025-07-15,58667,2025071504004987,UPCL,Naasa Securities Co. Ltd.,Aryatara Investment & Securities,150,401.5,60225.0,2025-07-15 12:03:19.620904
2025-07-15,58666,2025071504004988,UPCL,Thrive Brokerage House Pvt. Ltd,Aryatara Investment & Securities,750,401.4,301050.0,2025-07-15 12:03:19.621005
2025-07-15,58665,2025071504004989,UPCL,Aryatara Investment & Securities,Aryatara Investment & Securities,100,401.3,40130.0,2025-07-15 12:03:19.621100
2025-07-15,58664,2025071504004990,UPCL,Premier Securities Company Ltd.,Aryatara Investment & Securities,970,401.2,389164.0,2025-07-15 12:03:19.621209
2025-07-15,58663,2025071504004991,UPCL,Nepal Stock House (PVT) Ltd.,Aryatara Investment & Securities,30,401.2,12036.0,2025-07-15 12:03:19.621342
2025-07-15,58460,2025071504005036,UPCL,Secured Securities Ltd.,Naasa Securities Co. Ltd.,10,403.9,4039.0,2025-07-15 12:04:08.634655
2025-07-15,58449,2025071504005041,UPCL,Sharepro Securities Private Limited,Aakashbhairab Securities Ltd.,200,403.2,80640.0,2025-07-15 12:04:12.931075
2025-07-15,58236,2025071504005118,UPCL,BHOLE GANESH SECURITIES LTD,Nabil Stock Dealer Ltd.,1000,402.0,402000.0,2025-07-15 12:05:08.715823
2025-07-15,58180,2025071504005127,UPCL,Sani Securities Company Ltd.,Nepal Stock House (PVT) Ltd.,10,403.0,4030.0,2025-07-15 12:05:26.827948
2025-07-15,58118,2025071504005149,UPCL,Secured Securities Ltd.,Nepal Stock House (PVT) Ltd.,140,403.0,56420.0,2025-07-15 12:05:40.780365
2025-07-15,58117,2025071504005150,UPCL,Secured Securities Ltd.,Premier Securities Company Ltd.,10,403.8,4038.0,2025-07-15 12:05:40.780669
2025-07-15,58116,2025071504005151,UPCL,Secured Securities Ltd.,SHUBHAKAMANA SECURITIES PVT. LTD,10,404.0,4040.0,2025-07-15 12:05:40.780771
2025-07-15,58050,2025071504005183,UPCL,Sani Securities Company Ltd.,SHUBHAKAMANA SECURITIES PVT. LTD,10,404.0,4040.0,2025-07-15 12:05:55.232380
2025-07-15,58021,2025071504005194,UPCL,Investment Management Nepal Pvt. Ltd.,Roadshow securities limited,500,402.0,201000.0,2025-07-15 12:06:07.084919
2025-07-15,58020,2025071504005195,UPCL,Swarna Laxmi Securities Pvt. Ltd.,Roadshow securities limited,200,401.5,80300.0,2025-07-15 12:06:07.084988
2025-07-15,58019,2025071504005196,UPCL,Asian Securities Private Ltd.,Roadshow securities limited,1000,401.3,401300.0,2025-07-15 12:06:07.085015
2025-07-15,58018,2025071504005197,UPCL,Nepal Stock House (PVT) Ltd.,Roadshow securities limited,170,401.2,68204.0,2025-07-15 12:06:07.085040
2025-07-15,58017,2025071504005198,UPCL,Naasa Securities Co. Ltd.,Roadshow securities limited,200,401.2,80240.0,2025-07-15 12:06:07.085065
2025-07-15,58016,2025071504005199,UPCL,Opal Securities Investment (PVT) Ltd.,Roadshow securities limited,1000,401.2,401200.0,2025-07-15 12:06:07.085091
2025-07-15,58015,2025071504005200,UPCL,Sri Hari Securities Pvt. Ltd.,Roadshow securities limited,2000,401.1,802200.0,2025-07-15 12:06:07.085127
2025-07-15,58014,2025071504005201,UPCL,Swarna Laxmi Securities Pvt. Ltd.,Roadshow securities limited,85,401.0,34085.0,2025-07-15 12:06:07.085152
2025-07-15,58013,2025071504005202,UPCL,Online Securities Pvt. Ltd.,Roadshow securities limited,845,401.0,338845.0,2025-07-15 12:06:07.085176
2025-07-15,57320,2025071504005362,UPCL,Swarna Laxmi Securities Pvt. Ltd.,Aakashbhairab Securities Ltd.,300,401.5,120450.0,2025-07-15 12:08:55.895150
2025-07-15,57319,2025071504005363,UPCL,Naasa Securities Co. Ltd.,Aakashbhairab Securities Ltd.,200,401.5,80300.0,2025-07-15 12:08:55.895422
2025-07-15,57318,2025071504005364,UPCL,Market Securities & Exchange (PVT) Ltd.,Aakashbhairab Securities Ltd.,1000,401.3,401300.0,2025-07-15 12:08:55.895530
2025-07-15,57232,2025071504005371,UPCL,Secured Securities Ltd.,Sagarmatha Securities Private Limited,10,403.0,4030.0,2025-07-15 12:09:13.652014
2025-07-15,57188,2025071504005394,UPCL,Nepal Investment And Securities Trading Private Limited,Sagarmatha Securities Private Limited,150,403.0,60450.0,2025-07-15 12:09:25.329243
2025-07-15,57096,2025071504005412,UPCL,Naasa Securities Co. Ltd.,Sagarmatha Securities Private Limited,10,403.0,4030.0,2025-07-15 12:10:01.714278
2025-07-15,56916,2025071504005452,UPCL,Dynamic Money Managers Securities Pvt. Ltd.,Sagarmatha Securities Private Limited,330,403.0,132990.0,2025-07-15 12:11:03.287448
2025-07-15,56915,2025071504005453,UPCL,Dynamic Money Managers Securities Pvt. Ltd.,Premier Securities Company Ltd.,670,403.0,270010.0,2025-07-15 12:11:03.287726
2025-07-15,56781,2025071504005492,UPCL,Creative Securities Pvt Ltd,Premier Securities Company Ltd.,500,403.0,201500.0,2025-07-15 12:11:36.252427
2025-07-15,56741,2025071504005504,UPCL,Investment Management Nepal Pvt. Ltd.,Premier Securities Company Ltd.,25,402.9,10072.5,2025-07-15 12:11:51.190979
2025-07-15,56740,2025071504005505,UPCL,Investment Management Nepal Pvt. Ltd.,Primo Securities (PVT) Ltd.,25,402.9,10072.5,2025-07-15 12:11:51.191323
2025-07-15,56713,2025071504005513,UPCL,Cristal Kanchanjanga Securites Pvt. Ltd.,SHUBHAKAMANA SECURITIES PVT. LTD,170,402.0,68340.0,2025-07-15 12:11:58.911307
2025-07-15,56709,2025071504005517,UPCL,Shree Krishna Securities Ltd.,Primo Securities (PVT) Ltd.,75,402.9,30217.5,2025-07-15 12:11:59.913839
2025-07-15,56640,2025071504005536,UPCL,Shree Krishna Securities Ltd.,SHUBHAKAMANA SECURITIES PVT. LTD,25,402.9,10072.5,2025-07-15 12:12:18.957901
2025-07-15,56639,2025071504005537,UPCL,Opal Securities Investment (PVT) Ltd.,SHUBHAKAMANA SECURITIES PVT. LTD,175,402.1,70367.5,2025-07-15 12:12:18.958151
2025-07-15,56558,2025071504005545,UPCL,Opal Securities Investment (PVT) Ltd.,INDEX SECURITIES LIMITED,190,402.1,76399.0,2025-07-15 12:12:31.977557
2025-07-15,56542,2025071504005549,UPCL,Trishakti Securities Public Limited,Premier Securities Company Ltd.,830,403.0,334490.0,2025-07-15 12:12:34.801048
2025-07-15,56541,2025071504005550,UPCL,Trishakti Securities Public Limited,Nepal Stock House (PVT) Ltd.,10,404.0,4040.0,2025-07-15 12:12:34.801582
2025-07-15,56540,2025071504005551,UPCL,Trishakti Securities Public Limited,Bhrikuti Stock Broking Co. Pvt. Ltd.,200,404.0,80800.0,2025-07-15 12:12:34.801918
2025-07-15,56539,2025071504005552,UPCL,Trishakti Securities Public Limited,Kohinoor Investment & Securities Pvt. Ltd.,700,404.0,282800.0,2025-07-15 12:12:34.802244
2025-07-15,56538,2025071504005553,UPCL,Trishakti Securities Public Limited,Aakashbhairab Securities Ltd.,90,404.0,36360.0,2025-07-15 12:12:34.802589
2025-07-15,56537,2025071504005554,UPCL,Trishakti Securities Public Limited,Capital Max Securities Ltd,170,404.0,68680.0,2025-07-15 12:12:34.802908
2025-07-15,56132,2025071504005698,UPCL,Secured Securities Ltd.,Investment Management Nepal Pvt. Ltd.,10,403.9,4039.0,2025-07-15 12:14:10.805933
2025-07-15,55529,2025071504005905,UPCL,Trishakti Securities Public Limited,Premier Securities Company Ltd.,25,403.8,10095.0,2025-07-15 12:16:32.128370
2025-07-15,55528,2025071504005906,UPCL,Trishakti Securities Public Limited,Investment Management Nepal Pvt. Ltd.,375,403.9,151462.5,2025-07-15 12:16:32.128806
2025-07-15,55417,2025071504005934,UPCL,Secured Securities Ltd.,Investment Management Nepal Pvt. Ltd.,10,403.9,4039.0,2025-07-15 12:17:01.561373
2025-07-15,55294,2025071504005961,UPCL,Naasa Securities Co. Ltd.,Investment Management Nepal Pvt. Ltd.,10,403.9,4039.0,2025-07-15 12:17:27.386564
2025-07-15,55179,2025071504005990,UPCL,Naasa Securities Co. Ltd.,Investment Management Nepal Pvt. Ltd.,10,403.9,4039.0,2025-07-15 12:17:52.687113
2025-07-15,54885,2025071504006069,UPCL,ABC Securities Private Limited,Investment Management Nepal Pvt. Ltd.,500,403.9,201950.0,2025-07-15 12:18:54.468846
2025-07-15,54848,2025071504006077,UPCL,Himalayan Brokerage Company Limited,Investment Management Nepal Pvt. Ltd.,85,403.9,34331.5,2025-07-15 12:19:05.098447
2025-07-15,54847,2025071504006078,UPCL,Himalayan Brokerage Company Limited,Sanima Securities Limited,500,403.9,201950.0,2025-07-15 12:19:05.098757
2025-07-15,54816,2025071504006089,UPCL,Himalayan Brokerage Company Limited,Premier Securities Company Ltd.,50,403.9,20195.0,2025-07-15 12:19:11.661200
2025-07-15,54786,2025071504006094,UPCL,Aryatara Investment & Securities,Magnet Securities and Investment Company Private Limited,100,404.0,40400.0,2025-07-15 12:19:22.139934
2025-07-15,54706,2025071504006120,UPCL,Market Securities & Exchange (PVT) Ltd.,Magnet Securities and Investment Company Private Limited,1000,404.0,404000.0,2025-07-15 12:19:38.195766
2025-07-15,54674,2025071504006130,UPCL,Himalayan Brokerage Company Limited,Ashutosh Brokerage & Securities (PVT) Ltd.,365,403.9,147423.5,2025-07-15 12:19:42.896766
2025-07-15,54250,2025071504006330,UPCL,Vision Securities Pvt. Ltd,Ashutosh Brokerage & Securities (PVT) Ltd.,135,403.9,54526.5,2025-07-15 12:21:16.826867
2025-07-15,54249,2025071504006331,UPCL,Vision Securities Pvt. Ltd,Magnet Securities and Investment Company Private Limited,1900,404.0,767600.0,2025-07-15 12:21:16.827219
2025-07-15,54248,2025071504006332,UPCL,Vision Securities Pvt. Ltd,Capital Max Securities Ltd,290,404.0,117160.0,2025-07-15 12:21:16.827350
2025-07-15,54247,2025071504006333,UPCL,Vision Securities Pvt. Ltd,Primo Securities (PVT) Ltd.,100,404.0,40400.0,2025-07-15 12:21:16.827460
2025-07-15,54191,2025071504006347,UPCL,Secured Securities Ltd.,Premier Securities Company Ltd.,25,404.2,10105.0,2025-07-15 12:21:35.159026
2025-07-15,54190,2025071504006348,UPCL,Secured Securities Ltd.,Naasa Securities Co. Ltd.,10,404.4,4044.0,2025-07-15 12:21:35.159647
2025-07-15,54133,2025071504006369,UPCL,Vision Securities Pvt. Ltd,Trishakti Securities Public Limited,100,404.0,40400.0,2025-07-15 12:21:43.969746
2025-07-15,54122,2025071504006372,UPCL,Asian Securities Private Ltd.,Naasa Securities Co. Ltd.,500,404.4,202200.0,2025-07-15 12:21:47.464017
2025-07-15,54114,2025071504006379,UPCL,Sumeru Securities Pvt. Ltd.,Naasa Securities Co. Ltd.,100,404.4,40440.0,2025-07-15 12:21:51.125005
2025-07-15,54003,2025071504006416,UPCL,Elite Stock House Limited,Naasa Securities Co. Ltd.,380,404.4,153672.0,2025-07-15 12:22:22.515536
2025-07-15,54002,2025071504006417,UPCL,Elite Stock House Limited,Agrawal Securities (PVT) Ltd.,120,404.6,48552.0,2025-07-15 12:22:22.515894
2025-07-15,53985,2025071504006427,UPCL,Vision Securities Pvt. Ltd,Trishakti Securities Public Limited,475,404.0,191900.0,2025-07-15 12:22:27.162272
2025-07-15,53874,2025071504006468,UPCL,Swarna Laxmi Securities Pvt. Ltd.,Trishakti Securities Public Limited,25,404.0,10100.0,2025-07-15 12:22:52.730482
2025-07-15,53873,2025071504006469,UPCL,Swarna Laxmi Securities Pvt. Ltd.,Aryatara Investment & Securities,11,404.7,4451.7,2025-07-15 12:22:52.730763
2025-07-15,53660,2025071504006533,UPCL,Kohinoor Investment & Securities Pvt. Ltd.,Nepal Investment And Securities Trading Private Limited,200,403.0,80600.0,2025-07-15 12:23:42.882014
2025-07-15,53612,2025071504006555,UPCL,Opal Securities Investment (PVT) Ltd.,APPLE SECURITIES PRIVATE LIMITED,100,404.1,40410.0,2025-07-15 12:23:56.428494
2025-07-15,53608,2025071504006558,UPCL,Aryatara Investment & Securities,Naasa Securities Co. Ltd.,100,403.0,40300.0,2025-07-15 12:23:58.530339
2025-07-15,53496,2025071504006599,UPCL,Sajilo Broker Limited,Naasa Securities Co. Ltd.,100,403.0,40300.0,2025-07-15 12:24:26.341817
2025-07-15,53329,2025071504006620,UPCL,Secured Securities Ltd.,Nepal Stock House (PVT) Ltd.,10,404.0,4040.0,2025-07-15 12:24:43.390251
2025-07-15,53169,2025071504006676,UPCL,Dipshikha Dhitopatra Karobar Co. Pvt Ltd.,Nepal Stock House (PVT) Ltd.,290,404.0,117160.0,2025-07-15 12:25:34.954154
2025-07-15,53168,2025071504006677,UPCL,Dipshikha Dhitopatra Karobar Co. Pvt Ltd.,Vision Securities Pvt. Ltd,1200,404.0,484800.0,2025-07-15 12:25:34.954475
2025-07-15,52594,2025071504006924,UPCL,Deevyaa Securities & Stock House Pvt. Ltd,Trishakti Securities Public Limited,125,402.6,50325.0,2025-07-15 12:27:38.045960
2025-07-15,52593,2025071504006925,UPCL,Himalayan Brokerage Company Limited,Trishakti Securities Public Limited,375,402.5,150937.5,2025-07-15 12:27:38.046063
2025-07-15,52484,2025071504006950,UPCL,Machhapuchchhre Securities Limited,Premier Securities Company Ltd.,10,404.0,4040.0,2025-07-15 12:28:09.737551
2025-07-15,52247,2025071504007005,UPCL,Premier Securities Company Ltd.,Premier Securities Company Ltd.,15,404.0,6060.0,2025-07-15 12:28:58.459456
2025-07-15,52246,2025071504007006,UPCL,Premier Securities Company Ltd.,APPLE SECURITIES PRIVATE LIMITED,150,404.1,60615.0,2025-07-15 12:28:58.459733
2025-07-15,52245,2025071504007007,UPCL,Premier Securities Company Ltd.,Aryatara Investment & Securities,989,404.7,400248.3,2025-07-15 12:28:58.459849
2025-07-15,52244,2025071504007008,UPCL,Premier Securities Company Ltd.,Aryatara Investment & Securities,1000,404.7,404700.0,2025-07-15 12:28:58.459958
2025-07-15,52243,2025071504007009,UPCL,Premier Securities Company Ltd.,Aryatara Investment & Securities,1000,404.7,404700.0,2025-07-15 12:28:58.460105
2025-07-15,52242,2025071504007010,UPCL,Premier Securities Company Ltd.,Aryatara Investment & Securities,530,404.7,214491.0,2025-07-15 12:28:58.460221
2025-07-15,52241,2025071504007011,UPCL,Premier Securities Company Ltd.,Dipshikha Dhitopatra Karobar Co. Pvt Ltd.,16,404.8,6476.8,2025-07-15 12:28:58.460356
2025-07-15,51698,2025071504007154,UPCL,Himalayan Brokerage Company Limited,Nepal Stock House (PVT) Ltd.,25,402.5,10062.5,2025-07-15 12:31:07.156615
2025-07-15,51697,2025071504007155,UPCL,Midas Stock Broking Company Private Limited,Nepal Stock House (PVT) Ltd.,195,402.5,78487.5,2025-07-15 12:31:07.156899
2025-07-15,51593,2025071504007187,UPCL,Naasa Securities Co. Ltd.,Vision Securities Pvt. Ltd,10,404.0,4040.0,2025-07-15 12:31:37.013876
2025-07-15,51488,2025071504007216,UPCL,Sri Hari Securities Pvt. Ltd.,Asian Securities Private Ltd.,54,403.0,21762.0,2025-07-15 12:32:05.840447
2025-07-15,51477,2025071504007220,UPCL,Sri Hari Securities Pvt. Ltd.,Agrawal Securities (PVT) Ltd.,100,403.0,40300.0,2025-07-15 12:32:11.194624
2025-07-15,51364,2025071504007258,UPCL,SUN SECURITIES PVT LTD,Vision Securities Pvt. Ltd,90,404.0,36360.0,2025-07-15 12:32:44.339261
2025-07-15,51340,2025071504007268,UPCL,Secured Securities Ltd.,Sumeru Securities Pvt. Ltd.,10,403.9,4039.0,2025-07-15 12:32:50.728441
2025-07-15,51339,2025071504007269,UPCL,Sri Hari Securities Pvt. Ltd.,Sumeru Securities Pvt. Ltd.,646,403.0,260338.0,2025-07-15 12:32:50.728746
2025-07-15,51338,2025071504007270,UPCL,Aryatara Investment & Securities,Sumeru Securities Pvt. Ltd.,200,403.0,80600.0,2025-07-15 12:32:50.728930
2025-07-15,51337,2025071504007271,UPCL,Dakshinkali Investment & Securities Pvt. Ltd.,Sumeru Securities Pvt. Ltd.,2000,402.6,805200.0,2025-07-15 12:32:50.729039
2025-07-15,51336,2025071504007272,UPCL,Midas Stock Broking Company Private Limited,Sumeru Securities Pvt. Ltd.,805,402.5,324012.5,2025-07-15 12:32:50.729146
2025-07-15,51335,2025071504007273,UPCL,Shree Krishna Securities Ltd.,Sumeru Securities Pvt. Ltd.,200,402.1,80420.0,2025-07-15 12:32:50.729254
2025-07-15,51334,2025071504007274,UPCL,Cristal Kanchanjanga Securites Pvt. Ltd.,Sumeru Securities Pvt. Ltd.,330,402.0,132660.0,2025-07-15 12:32:50.729377
2025-07-15,51333,2025071504007275,UPCL,Sharepro Securities Private Limited,Sumeru Securities Pvt. Ltd.,100,402.0,40200.0,2025-07-15 12:32:50.729483
2025-07-15,51332,2025071504007276,UPCL,ABC Securities Private Limited,Sumeru Securities Pvt. Ltd.,200,402.0,80400.0,2025-07-15 12:32:50.729605
2025-07-15,51275,2025071504007293,UPCL,Market Securities & Exchange (PVT) Ltd.,Sumeru Securities Pvt. Ltd.,300,402.0,120600.0,2025-07-15 12:33:04.316684
2025-07-15,51268,2025071504007298,UPCL,Premier Securities Company Ltd.,Sumeru Securities Pvt. Ltd.,209,402.0,84018.0,2025-07-15 12:33:05.653417
2025-07-15,51267,2025071504007299,UPCL,Premier Securities Company Ltd.,Vision Securities Pvt. Ltd,200,404.0,80800.0,2025-07-15 12:33:05.653490
2025-07-15,51266,2025071504007300,UPCL,Premier Securities Company Ltd.,Cristal Kanchanjanga Securites Pvt. Ltd.,101,404.0,40804.0,2025-07-15 12:33:05.653519
2025-07-15,51232,2025071504007313,UPCL,Premier Securities Company Ltd.,Cristal Kanchanjanga Securites Pvt. Ltd.,99,404.0,39996.0,2025-07-15 12:33:14.730524
2025-07-15,50264,2025071504007659,UPCL,Cristal Kanchanjanga Securites Pvt. Ltd.,Deevyaa Securities & Stock House Pvt. Ltd,300,402.0,120600.0,2025-07-15 12:37:49.867062
2025-07-15,50263,2025071504007660,UPCL,Naasa Securities Co. Ltd.,Deevyaa Securities & Stock House Pvt. Ltd,447,402.0,179694.0,2025-07-15 12:37:49.867361
2025-07-15,50262,2025071504007661,UPCL,Kohinoor Investment & Securities Pvt. Ltd.,Deevyaa Securities & Stock House Pvt. Ltd,200,401.9,80380.0,2025-07-15 12:37:49.867471
2025-07-15,50261,2025071504007662,UPCL,Market Securities & Exchange (PVT) Ltd.,Deevyaa Securities & Stock House Pvt. Ltd,200,401.8,80360.0,2025-07-15 12:37:49.867580
2025-07-15,50260,2025071504007663,UPCL,Cristal Kanchanjanga Securites Pvt. Ltd.,Deevyaa Securities & Stock House Pvt. Ltd,500,401.8,200900.0,2025-07-15 12:37:49.867689
2025-07-15,50259,2025071504007664,UPCL,Sri Hari Securities Pvt. Ltd.,Deevyaa Securities & Stock House Pvt. Ltd,701,401.8,281661.8,2025-07-15 12:37:49.867793
2025-07-15,50181,2025071504007709,UPCL,Premier Securities Company Ltd.,Primo Securities (PVT) Ltd.,10,403.9,4039.0,2025-07-15 12:38:06.091339
2025-07-15,50068,2025071504007770,UPCL,Premier Securities Company Ltd.,Primo Securities (PVT) Ltd.,40,403.9,16156.0,2025-07-15 12:38:35.247402
2025-07-15,49652,2025071504007958,UPCL,Sri Hari Securities Pvt. Ltd.,Primo Securities (PVT) Ltd.,150,403.9,60585.0,2025-07-15 12:40:06.116044
2025-07-15,49651,2025071504007959,UPCL,Sri Hari Securities Pvt. Ltd.,Sani Securities Company Ltd.,350,403.9,141365.0,2025-07-15 12:40:06.116343
2025-07-15,49448,2025071504008034,UPCL,Kohinoor Investment & Securities Pvt. Ltd.,Sani Securities Company Ltd.,650,403.9,262535.0,2025-07-15 12:40:48.135541
2025-07-15,49447,2025071504008035,UPCL,Kohinoor Investment & Securities Pvt. Ltd.,Cristal Kanchanjanga Securites Pvt. Ltd.,800,404.0,323200.0,2025-07-15 12:40:48.135646
2025-07-15,49446,2025071504008036,UPCL,Kohinoor Investment & Securities Pvt. Ltd.,Vision Securities Pvt. Ltd,300,404.0,121200.0,2025-07-15 12:40:48.135710
2025-07-15,49445,2025071504008037,UPCL,Kohinoor Investment & Securities Pvt. Ltd.,Online Securities Pvt. Ltd.,100,404.0,40400.0,2025-07-15 12:40:48.135783
2025-07-15,49444,2025071504008038,UPCL,Kohinoor Investment & Securities Pvt. Ltd.,Vision Securities Pvt. Ltd,95,404.0,38380.0,2025-07-15 12:40:48.135848
2025-07-15,49443,2025071504008039,UPCL,Kohinoor Investment & Securities Pvt. Ltd.,Sundhara Securities Limited,54,404.0,21816.0,2025-07-15 12:40:48.135913
2025-07-15,48954,2025071504008294,UPCL,MILKY WAY SHARE BROKER COMPANY LTD ,Trishakti Securities Public Limited,908,404.0,366832.0,2025-07-15 12:42:32.509579
2025-07-15,48932,2025071504008310,UPCL,MILKY WAY SHARE BROKER COMPANY LTD ,Primo Securities (PVT) Ltd.,42,404.0,16968.0,2025-07-15 12:42:37.013675
2025-07-15,48888,2025071504008324,UPCL,Kohinoor Investment & Securities Pvt. Ltd.,Primo Securities (PVT) Ltd.,58,404.0,23432.0,2025-07-15 12:42:44.614852
2025-07-15,48887,2025071504008325,UPCL,Kohinoor Investment & Securities Pvt. Ltd.,Aryatara Investment & Securities,500,404.2,202100.0,2025-07-15 12:42:44.615172
2025-07-15,48886,2025071504008326,UPCL,Kohinoor Investment & Securities Pvt. Ltd.,Premier Securities Company Ltd.,50,404.4,20220.0,2025-07-15 12:42:44.615291
2025-07-15,48885,2025071504008327,UPCL,Kohinoor Investment & Securities Pvt. Ltd.,Naasa Securities Co. Ltd.,50,404.5,20225.0,2025-07-15 12:42:44.615409
2025-07-15,48884,2025071504008328,UPCL,Kohinoor Investment & Securities Pvt. Ltd.,Dipshikha Dhitopatra Karobar Co. Pvt Ltd.,419,404.8,169611.2,2025-07-15 12:42:44.615531
2025-07-15,48883,2025071504008329,UPCL,Kohinoor Investment & Securities Pvt. Ltd.,Roadshow securities limited,300,404.9,121470.0,2025-07-15 12:42:44.615635
2025-07-15,48882,2025071504008330,UPCL,Kohinoor Investment & Securities Pvt. Ltd.,Property Wiard Limited,200,405.0,81000.0,2025-07-15 12:42:44.615745
2025-07-15,48881,2025071504008331,UPCL,Kohinoor Investment & Securities Pvt. Ltd.,Sharepro Securities Private Limited,500,405.0,202500.0,2025-07-15 12:42:44.615849
2025-07-15,48880,2025071504008332,UPCL,Kohinoor Investment & Securities Pvt. Ltd.,Sani Securities Company Ltd.,1000,405.0,405000.0,2025-07-15 12:42:44.615957
2025-07-15,48879,2025071504008333,UPCL,Kohinoor Investment & Securities Pvt. Ltd.,Imperial Securities Company Pvt. Ltd.,100,405.0,40500.0,2025-07-15 12:42:44.616077
2025-07-15,48878,2025071504008334,UPCL,Kohinoor Investment & Securities Pvt. Ltd.,Imperial Securities Company Pvt. Ltd.,351,405.0,142155.0,2025-07-15 12:42:44.616190
2025-07-15,48877,2025071504008335,UPCL,Kohinoor Investment & Securities Pvt. Ltd.,Imperial Securities Company Pvt. Ltd.,550,405.0,222750.0,2025-07-15 12:42:44.616295
2025-07-15,48876,2025071504008336,UPCL,Kohinoor Investment & Securities Pvt. Ltd.,Sani Securities Company Ltd.,596,405.0,241380.0,2025-07-15 12:42:44.616403
2025-07-15,48875,2025071504008337,UPCL,Kohinoor Investment & Securities Pvt. Ltd.,Nepal Investment And Securities Trading Private Limited,100,405.0,40500.0,2025-07-15 12:42:44.616504
2025-07-15,48874,2025071504008338,UPCL,Kohinoor Investment & Securities Pvt. Ltd.,Midas Stock Broking Company Private Limited,27,405.0,10935.0,2025-07-15 12:42:44.616610
2025-07-15,48873,2025071504008339,UPCL,Kohinoor Investment & Securities Pvt. Ltd.,Linch Stock Market Ltd.,749,405.0,303345.0,2025-07-15 12:42:44.616725
2025-07-15,48872,2025071504008340,UPCL,Kohinoor Investment & Securities Pvt. Ltd.,Primo Securities (PVT) Ltd.,100,405.0,40500.0,2025-07-15 12:42:44.616829
2025-07-15,48871,2025071504008341,UPCL,Kohinoor Investment & Securities Pvt. Ltd.,Market Securities & Exchange (PVT) Ltd.,120,405.0,48600.0,2025-07-15 12:42:44.616933
2025-07-15,48797,2025071504008388,UPCL,Secured Securities Ltd.,Linch Stock Market Ltd.,10,405.5,4055.0,2025-07-15 12:43:02.749239
2025-07-15,48768,2025071504008404,UPCL,Sharepro Securities Private Limited,Linch Stock Market Ltd.,490,405.5,198695.0,2025-07-15 12:43:08.263518
2025-07-15,48675,2025071504008451,UPCL,Secured Securities Ltd.,Sweta Securities Private Limited,10,406.0,4060.0,2025-07-15 12:43:30.421841
2025-07-15,48609,2025071504008470,UPCL,Capital Hub P. Ltd,Sweta Securities Private Limited,100,406.0,40600.0,2025-07-15 12:43:47.030643
2025-07-15,48608,2025071504008471,UPCL,Capital Hub P. Ltd,Himalayan Brokerage Company Limited,120,406.0,48720.0,2025-07-15 12:43:47.031173
2025-07-15,48607,2025071504008472,UPCL,Capital Hub P. Ltd,South Asian Bulls Pvt. Ltd.,200,406.0,81200.0,2025-07-15 12:43:47.031518
2025-07-15,48606,2025071504008473,UPCL,Capital Hub P. Ltd,Naasa Securities Co. Ltd.,30,406.0,12180.0,2025-07-15 12:43:47.031845
2025-07-15,48588,2025071504008476,UPCL,Capital Hub P. Ltd,Asian Securities Private Ltd.,10,406.0,4060.0,2025-07-15 12:43:50.189137
2025-07-15,48587,2025071504008477,UPCL,Sharepro Securities Private Limited,Asian Securities Private Ltd.,490,405.5,198695.0,2025-07-15 12:43:50.189415
2025-07-15,48580,2025071504008479,UPCL,Kohinoor Investment & Securities Pvt. Ltd.,Infinity Securities Limited,500,407.0,203500.0,2025-07-15 12:43:51.989177
2025-07-15,48579,2025071504008480,UPCL,Kohinoor Investment & Securities Pvt. Ltd.,Property Wiard Limited,400,407.0,162800.0,2025-07-15 12:43:51.989464
2025-07-15,48578,2025071504008481,UPCL,Kohinoor Investment & Securities Pvt. Ltd.,Thrive Brokerage House Pvt. Ltd,30,407.0,12210.0,2025-07-15 12:43:51.989572
2025-07-15,48504,2025071504008500,UPCL,Dipshikha Dhitopatra Karobar Co. Pvt Ltd.,Thrive Brokerage House Pvt. Ltd,610,407.0,248270.0,2025-07-15 12:44:09.766104
2025-07-15,48502,2025071504008501,UPCL,Premier Securities Company Ltd.,Thrive Brokerage House Pvt. Ltd,95,407.0,38665.0,2025-07-15 12:44:09.917074
2025-07-15,48445,2025071504008519,UPCL,Aryatara Investment & Securities,Thrive Brokerage House Pvt. Ltd,15,407.0,6105.0,2025-07-15 12:44:26.477430
2025-07-15,48444,2025071504008520,UPCL,Aryatara Investment & Securities,Elite Stock House Limited,75,407.0,30525.0,2025-07-15 12:44:26.477535
2025-07-15,48360,2025071504008551,UPCL,SUN SECURITIES PVT LTD,Elite Stock House Limited,60,407.0,24420.0,2025-07-15 12:44:41.588574
2025-07-15,48359,2025071504008552,UPCL,SUN SECURITIES PVT LTD,Siprabi Securities Pvt. Ltd.,40,407.0,16280.0,2025-07-15 12:44:41.588634
2025-07-15,48269,2025071504008582,UPCL,Online Securities Pvt. Ltd.,Secured Securities Ltd.,230,407.0,93610.0,2025-07-15 12:45:01.864833
2025-07-15,48043,2025071504008652,UPCL,Roadshow securities limited,K.B.L. Securities Limited ,2000,406.5,813000.0,2025-07-15 12:45:56.808526
2025-07-15,47782,2025071504008765,UPCL,Kohinoor Investment & Securities Pvt. Ltd.,Aakashbhairab Securities Ltd.,1000,406.9,406900.0,2025-07-15 12:46:59.945058
2025-07-15,47781,2025071504008766,UPCL,Kohinoor Investment & Securities Pvt. Ltd.,Sani Securities Company Ltd.,54,406.9,21972.6,2025-07-15 12:46:59.945361
2025-07-15,47780,2025071504008767,UPCL,Kohinoor Investment & Securities Pvt. Ltd.,Secured Securities Ltd.,770,407.0,313390.0,2025-07-15 12:46:59.945469
2025-07-15,47779,2025071504008768,UPCL,Kohinoor Investment & Securities Pvt. Ltd.,Sani Securities Company Ltd.,1000,407.0,407000.0,2025-07-15 12:46:59.945575
2025-07-15,47778,2025071504008769,UPCL,Kohinoor Investment & Securities Pvt. Ltd.,Nepal Investment And Securities Trading Private Limited,250,408.0,102000.0,2025-07-15 12:46:59.945682
2025-07-15,47777,2025071504008770,UPCL,Kohinoor Investment & Securities Pvt. Ltd.,Imperial Securities Company Pvt. Ltd.,10,408.0,4080.0,2025-07-15 12:46:59.945787
2025-07-15,47776,2025071504008771,UPCL,Kohinoor Investment & Securities Pvt. Ltd.,Malla & Malla Stock Broking Company Pvt. Limited,705,408.0,287640.0,2025-07-15 12:46:59.945894
2025-07-15,47775,2025071504008772,UPCL,Kohinoor Investment & Securities Pvt. Ltd.,Sri Hari Securities Pvt. Ltd.,200,408.0,81600.0,2025-07-15 12:46:59.946000
2025-07-15,47774,2025071504008773,UPCL,Kohinoor Investment & Securities Pvt. Ltd.,Kumari Securities Private Limited,300,408.0,122400.0,2025-07-15 12:46:59.946105
2025-07-15,47773,2025071504008774,UPCL,Kohinoor Investment & Securities Pvt. Ltd.,SHUBHAKAMANA SECURITIES PVT. LTD,712,408.0,290496.0,2025-07-15 12:46:59.946209
2025-07-15,47104,2025071504008993,UPCL,Opal Securities Investment (PVT) Ltd.,Deevyaa Securities & Stock House Pvt. Ltd,200,407.9,81580.0,2025-07-15 12:49:09.895016
2025-07-15,47028,2025071504009036,UPCL,Secured Securities Ltd.,SHUBHAKAMANA SECURITIES PVT. LTD,10,408.0,4080.0,2025-07-15 12:49:24.291708
2025-07-15,47020,2025071504009039,UPCL,Sri Hari Securities Pvt. Ltd.,SHUBHAKAMANA SECURITIES PVT. LTD,500,408.0,204000.0,2025-07-15 12:49:27.870548
2025-07-15,47014,2025071504009040,UPCL,Opal Securities Investment (PVT) Ltd.,Dipshikha Dhitopatra Karobar Co. Pvt Ltd.,50,407.9,20395.0,2025-07-15 12:49:29.330601
2025-07-15,46643,2025071504009180,UPCL,Nepal Stock House (PVT) Ltd.,Naasa Securities Co. Ltd.,100,407.8,40780.0,2025-07-15 12:50:55.854804
2025-07-15,46642,2025071504009181,UPCL,Nepal Stock House (PVT) Ltd.,Dipshikha Dhitopatra Karobar Co. Pvt Ltd.,400,407.9,163160.0,2025-07-15 12:50:55.855166
2025-07-15,46624,2025071504009188,UPCL,Premier Securities Company Ltd.,Dipshikha Dhitopatra Karobar Co. Pvt Ltd.,750,407.9,305925.0,2025-07-15 12:51:03.451664
2025-07-15,46623,2025071504009189,UPCL,Premier Securities Company Ltd.,Malla & Malla Stock Broking Company Pvt. Limited,195,407.9,79540.5,2025-07-15 12:51:03.451979
2025-07-15,46622,2025071504009190,UPCL,Premier Securities Company Ltd.,SHUBHAKAMANA SECURITIES PVT. LTD,278,408.0,113424.0,2025-07-15 12:51:03.452114
2025-07-15,46621,2025071504009191,UPCL,Premier Securities Company Ltd.,Dipshikha Dhitopatra Karobar Co. Pvt Ltd.,1000,408.0,408000.0,2025-07-15 12:51:03.452226
2025-07-15,46620,2025071504009192,UPCL,Premier Securities Company Ltd.,Investment Management Nepal Pvt. Ltd.,380,408.0,155040.0,2025-07-15 12:51:03.452342
2025-07-15,46619,2025071504009193,UPCL,Premier Securities Company Ltd.,Cristal Kanchanjanga Securites Pvt. Ltd.,1000,408.0,408000.0,2025-07-15 12:51:03.452448
2025-07-15,46618,2025071504009194,UPCL,Premier Securities Company Ltd.,Sumeru Securities Pvt. Ltd.,50,408.0,20400.0,2025-07-15 12:51:03.452552
2025-07-15,46494,2025071504009270,UPCL,Secured Securities Ltd.,Premier Securities Company Ltd.,54,408.1,22037.4,2025-07-15 12:51:25.495122
2025-07-15,46493,2025071504009271,UPCL,Secured Securities Ltd.,Midas Stock Broking Company Private Limited,11,408.5,4493.5,2025-07-15 12:51:25.495411
2025-07-15,46440,2025071504009295,UPCL,Magnet Securities and Investment Company Private Limited,Midas Stock Broking Company Private Limited,889,408.5,363156.5,2025-07-15 12:51:39.134223
2025-07-15,46355,2025071504009324,UPCL,Secured Securities Ltd.,Linch Stock Market Ltd.,10,409.0,4090.0,2025-07-15 12:51:59.478419
2025-07-15,46220,2025071504009387,UPCL,Premier Securities Company Ltd.,Linch Stock Market Ltd.,90,409.0,36810.0,2025-07-15 12:52:30.911430
2025-07-15,46219,2025071504009388,UPCL,Premier Securities Company Ltd.,Linch Stock Market Ltd.,96,409.0,39264.0,2025-07-15 12:52:30.911751
2025-07-15,46218,2025071504009389,UPCL,Premier Securities Company Ltd.,Sumeru Securities Pvt. Ltd.,500,409.0,204500.0,2025-07-15 12:52:30.911862
2025-07-15,46217,2025071504009390,UPCL,Premier Securities Company Ltd.,Midas Stock Broking Company Private Limited,60,409.0,24540.0,2025-07-15 12:52:30.911968
2025-07-15,46216,2025071504009391,UPCL,Premier Securities Company Ltd.,Cristal Kanchanjanga Securites Pvt. Ltd.,1000,409.0,409000.0,2025-07-15 12:52:30.912076
2025-07-15,45974,2025071504009464,UPCL,Premier Securities Company Ltd.,Sri Hari Securities Pvt. Ltd.,254,409.0,103886.0,2025-07-15 12:53:09.945401
2025-07-15,45973,2025071504009465,UPCL,Sri Hari Securities Pvt. Ltd.,Sri Hari Securities Pvt. Ltd.,746,409.0,305114.0,2025-07-15 12:53:09.945904
2025-07-15,45935,2025071504009472,UPCL,Secured Securities Ltd.,ABC Securities Private Limited,32,409.2,13094.4,2025-07-15 12:53:21.041803
2025-07-15,45934,2025071504009473,UPCL,Secured Securities Ltd.,Primo Securities (PVT) Ltd.,10,409.7,4097.0,2025-07-15 12:53:21.042093
2025-07-15,45725,2025071504009552,UPCL,Sri Hari Securities Pvt. Ltd.,Agrawal Securities (PVT) Ltd.,254,409.0,103886.0,2025-07-15 12:54:13.854712
2025-07-15,45495,2025071504009636,UPCL,Dipshikha Dhitopatra Karobar Co. Pvt Ltd.,Agrawal Securities (PVT) Ltd.,500,409.0,204500.0,2025-07-15 12:55:03.653115
2025-07-15,45486,2025071504009637,UPCL,Trishakti Securities Public Limited,Agrawal Securities (PVT) Ltd.,45,409.0,18405.0,2025-07-15 12:55:07.767378
2025-07-15,45377,2025071504009685,UPCL,Magnet Securities and Investment Company Private Limited,Kohinoor Investment & Securities Pvt. Ltd.,50,408.5,20425.0,2025-07-15 12:55:38.776727
2025-07-15,45282,2025071504009747,UPCL,Naasa Securities Co. Ltd.,Agrawal Securities (PVT) Ltd.,81,409.0,33129.0,2025-07-15 12:55:51.905033
2025-07-15,45281,2025071504009748,UPCL,Naasa Securities Co. Ltd.,Aryatara Investment & Securities,19,409.0,7771.0,2025-07-15 12:55:51.905567
2025-07-15,45272,2025071504009753,UPCL,Magnet Securities and Investment Company Private Limited,South Asian Bulls Pvt. Ltd.,20,408.5,8170.0,2025-07-15 12:55:54.158596
2025-07-15,45154,2025071504009798,UPCL,Magnet Securities and Investment Company Private Limited,Naasa Securities Co. Ltd.,56,408.5,22876.0,2025-07-15 12:56:38.006858
2025-07-15,45153,2025071504009799,UPCL,Midas Stock Broking Company Private Limited,Naasa Securities Co. Ltd.,170,408.2,69394.0,2025-07-15 12:56:38.007402
2025-07-15,45152,2025071504009800,UPCL,Premier Securities Company Ltd.,Naasa Securities Co. Ltd.,347,408.0,141576.0,2025-07-15 12:56:38.007766
2025-07-15,45150,2025071504009802,UPCL,NIMB Stock Markets Limited,Sri Hari Securities Pvt. Ltd.,1000,407.0,407000.0,2025-07-15 12:56:39.082892
2025-07-15,45149,2025071504009803,UPCL,K.B.L. Securities Limited ,Sri Hari Securities Pvt. Ltd.,1000,407.0,407000.0,2025-07-15 12:56:39.083185
2025-07-15,45088,2025071504009823,UPCL,Kohinoor Investment & Securities Pvt. Ltd.,Agrawal Securities (PVT) Ltd.,100,406.0,40600.0,2025-07-15 12:57:01.175491
2025-07-15,44989,2025071504009849,UPCL,Kohinoor Investment & Securities Pvt. Ltd.,N.M.B. SECURITIES LIMITED,500,406.0,203000.0,2025-07-15 12:57:28.874296
2025-07-15,44977,2025071504009855,UPCL,Asian Securities Private Ltd.,Sri Hari Securities Pvt. Ltd.,100,407.0,40700.0,2025-07-15 12:57:32.806692
2025-07-15,44907,2025071504009885,UPCL,Asian Securities Private Ltd.,Primo Securities (PVT) Ltd.,100,407.0,40700.0,2025-07-15 12:57:51.352139
2025-07-15,44660,2025071504009944,UPCL,Sweta Securities Private Limited,Naasa Securities Co. Ltd.,427,408.0,174216.0,2025-07-15 12:58:32.662241
2025-07-15,44659,2025071504009945,UPCL,Sweta Securities Private Limited,Sharepro Securities Private Limited,323,408.9,132074.7,2025-07-15 12:58:32.662534
2025-07-15,44579,2025071504009960,UPCL,Asian Securities Private Ltd.,Premier Securities Company Ltd.,50,407.0,20350.0,2025-07-15 12:58:47.777163
2025-07-15,44289,2025071504010032,UPCL,Asian Securities Private Ltd.,Infinity Securities Limited,250,407.0,101750.0,2025-07-15 12:59:29.491590
2025-07-15,44242,2025071504010062,UPCL,Dynamic Money Managers Securities Pvt. Ltd.,Nepal Stock House (PVT) Ltd.,300,407.0,122100.0,2025-07-15 12:59:37.367998
2025-07-15,44158,2025071504010079,UPCL,Trisul Securities & Invt. Ltd.,Sumeru Securities Pvt. Ltd.,450,406.3,182835.0,2025-07-15 12:59:56.915537
2025-07-15,44157,2025071504010080,UPCL,Naasa Securities Co. Ltd.,Sumeru Securities Pvt. Ltd.,400,406.2,162480.0,2025-07-15 12:59:56.915832
2025-07-15,44156,2025071504010081,UPCL,Kohinoor Investment & Securities Pvt. Ltd.,Sumeru Securities Pvt. Ltd.,400,406.0,162400.0,2025-07-15 12:59:56.915945
2025-07-15,43556,2025071504010326,UPCL,Primo Securities (PVT) Ltd.,Vision Securities Pvt. Ltd,200,405.5,81100.0,2025-07-15 13:02:06.393957
2025-07-15,43555,2025071504010327,UPCL,Dipshikha Dhitopatra Karobar Co. Pvt Ltd.,Vision Securities Pvt. Ltd,300,405.5,121650.0,2025-07-15 13:02:06.394032
2025-07-15,43523,2025071504010338,UPCL,KALASH STOCK MARKET PVT. LTD.,Primo Securities (PVT) Ltd.,190,405.9,77121.0,2025-07-15 13:02:16.804792
2025-07-15,43522,2025071504010339,UPCL,KALASH STOCK MARKET PVT. LTD.,Sumeru Securities Pvt. Ltd.,810,406.0,328860.0,2025-07-15 13:02:16.805346
2025-07-15,43381,2025071504010412,UPCL,Online Securities Pvt. Ltd.,Midas Stock Broking Company Private Limited,375,405.6,152100.0,2025-07-15 13:02:49.419512
2025-07-15,43277,2025071504010456,UPCL,Creative Securities Pvt Ltd,Himalayan Brokerage Company Limited,500,405.7,202850.0,2025-07-15 13:03:19.914906
2025-07-15,43126,2025071504010489,UPCL,Investment Management Nepal Pvt. Ltd.,Midas Stock Broking Company Private Limited,25,405.7,10142.5,2025-07-15 13:03:41.218744
2025-07-15,43125,2025071504010490,UPCL,Investment Management Nepal Pvt. Ltd.,Sumeru Securities Pvt. Ltd.,1975,406.0,801850.0,2025-07-15 13:03:41.219084
2025-07-15,43072,2025071504010503,UPCL,Asian Securities Private Ltd.,Sumeru Securities Pvt. Ltd.,490,406.0,198940.0,2025-07-15 13:03:52.445774
2025-07-15,43030,2025071504010517,UPCL,Investment Management Nepal Pvt. Ltd.,Sumeru Securities Pvt. Ltd.,500,406.0,203000.0,2025-07-15 13:04:01.326965
2025-07-15,43024,2025071504010523,UPCL,KALASH STOCK MARKET PVT. LTD.,Sumeru Securities Pvt. Ltd.,975,406.0,395850.0,2025-07-15 13:04:03.077724
2025-07-15,42989,2025071504010551,UPCL,KALASH STOCK MARKET PVT. LTD.,Dipshikha Dhitopatra Karobar Co. Pvt Ltd.,75,406.0,30450.0,2025-07-15 13:04:13.555650
2025-07-15,42947,2025071504010557,UPCL,KALASH STOCK MARKET PVT. LTD.,Trisul Securities & Invt. Ltd.,150,406.0,60900.0,2025-07-15 13:04:19.815152
2025-07-15,42946,2025071504010558,UPCL,Online Securities Pvt. Ltd.,Trisul Securities & Invt. Ltd.,125,405.6,50700.0,2025-07-15 13:04:19.815496
2025-07-15,42945,2025071504010559,UPCL,Dipshikha Dhitopatra Karobar Co. Pvt Ltd.,Trisul Securities & Invt. Ltd.,175,405.5,70962.5,2025-07-15 13:04:19.815617
2025-07-15,42944,2025071504010560,UPCL,Online Securities Pvt. Ltd.,Trisul Securities & Invt. Ltd.,200,405.5,81100.0,2025-07-15 13:04:19.815730
2025-07-15,42943,2025071504010561,UPCL,Online Securities Pvt. Ltd.,Trisul Securities & Invt. Ltd.,2350,405.4,952690.0,2025-07-15 13:04:19.815875
2025-07-15,42739,2025071504010642,UPCL,Property Wiard Limited,Garima Securities Limited,110,406.0,44660.0,2025-07-15 13:05:00.421754
2025-07-15,42650,2025071504010669,UPCL,Deevyaa Securities & Stock House Pvt. Ltd,Trisul Securities & Invt. Ltd.,450,406.3,182835.0,2025-07-15 13:05:20.220648
2025-07-15,42649,2025071504010670,UPCL,Deevyaa Securities & Stock House Pvt. Ltd,Nepal Stock House (PVT) Ltd.,50,407.0,20350.0,2025-07-15 13:05:20.221269
2025-07-15,42529,2025071504010724,UPCL,Dynamic Money Managers Securities Pvt. Ltd.,Nepal Stock House (PVT) Ltd.,1450,407.0,590150.0,2025-07-15 13:05:42.320266
2025-07-15,42101,2025071504010863,UPCL,Market Securities & Exchange (PVT) Ltd.,Agrawal Securities (PVT) Ltd.,1000,408.0,408000.0,2025-07-15 13:07:22.458554
2025-07-15,41838,2025071504010966,UPCL,Naasa Securities Co. Ltd.,Cristal Kanchanjanga Securites Pvt. Ltd.,95,409.0,38855.0,2025-07-15 13:08:04.902559
2025-07-15,41767,2025071504010987,UPCL,Creative Securities Pvt Ltd,Cristal Kanchanjanga Securites Pvt. Ltd.,105,409.0,42945.0,2025-07-15 13:08:22.311234
2025-07-15,41735,2025071504010997,UPCL,Miyo Securities Pvt Ltd,Miyo Securities Pvt Ltd,5,401.0,2005.0,2025-07-15 13:08:28.672124
2025-07-15,41498,2025071504011084,UPCL,Dipshikha Dhitopatra Karobar Co. Pvt Ltd.,Naasa Securities Co. Ltd.,1000,408.9,408900.0,2025-07-15 13:09:26.847026
2025-07-15,41335,2025071504011127,UPCL,Sri Hari Securities Pvt. Ltd.,Premier Securities Company Ltd.,100,408.1,40810.0,2025-07-15 13:09:52.682348
2025-07-15,41271,2025071504011145,UPCL,Sri Hari Securities Pvt. Ltd.,Dynamic Money Managers Securities Pvt. Ltd.,66,408.1,26934.6,2025-07-15 13:10:05.973380
2025-07-15,41224,2025071504011164,UPCL,Oxford Securities Pvt. Ltd.,Primo Securities (PVT) Ltd.,100,408.5,40850.0,2025-07-15 13:10:16.340832
2025-07-15,41223,2025071504011165,UPCL,Oxford Securities Pvt. Ltd.,Sani Securities Company Ltd.,40,408.9,16356.0,2025-07-15 13:10:16.341167
2025-07-15,41222,2025071504011166,UPCL,Oxford Securities Pvt. Ltd.,Cristal Kanchanjanga Securites Pvt. Ltd.,800,409.0,327200.0,2025-07-15 13:10:16.341304
2025-07-15,41221,2025071504011167,UPCL,Oxford Securities Pvt. Ltd.,Asian Securities Private Ltd.,500,409.0,204500.0,2025-07-15 13:10:16.341492
2025-07-15,41220,2025071504011168,UPCL,Oxford Securities Pvt. Ltd.,Premier Securities Company Ltd.,60,409.0,24540.0,2025-07-15 13:10:16.341673
2025-07-15,40977,2025071504011246,UPCL,Dakshinkali Investment & Securities Pvt. Ltd.,Bhrikuti Stock Broking Co. Pvt. Ltd.,50,408.2,20410.0,2025-07-15 13:10:56.196891
2025-07-15,40976,2025071504011247,UPCL,Sri Hari Securities Pvt. Ltd.,Bhrikuti Stock Broking Co. Pvt. Ltd.,334,408.1,136305.4,2025-07-15 13:10:56.197465
2025-07-15,40975,2025071504011248,UPCL,Naasa Securities Co. Ltd.,Bhrikuti Stock Broking Co. Pvt. Ltd.,616,408.1,251389.6,2025-07-15 13:10:56.197838
2025-07-15,40448,2025071504011454,UPCL,Naasa Securities Co. Ltd.,Secured Securities Ltd.,384,408.1,156710.4,2025-07-15 13:12:47.436373
2025-07-15,40447,2025071504011455,UPCL,Imperial Securities Company Pvt. Ltd.,Secured Securities Ltd.,100,408.0,40800.0,2025-07-15 13:12:47.436968
2025-07-15,40425,2025071504011467,UPCL,Agrawal Securities (PVT) Ltd.,Secured Securities Ltd.,100,408.0,40800.0,2025-07-15 13:12:52.214578
2025-07-15,40403,2025071504011486,UPCL,J.F. Securites (PVT) Ltd.,Secured Securities Ltd.,246,408.0,100368.0,2025-07-15 13:12:54.596228
2025-07-15,40307,2025071504011511,UPCL,J.F. Securites (PVT) Ltd.,Neev Securities Pvt. Ltd.,54,408.0,22032.0,2025-07-15 13:13:12.012881
2025-07-15,40306,2025071504011512,UPCL,Swarna Laxmi Securities Pvt. Ltd.,Neev Securities Pvt. Ltd.,44,407.0,17908.0,2025-07-15 13:13:12.013491
2025-07-15,39976,2025071504011651,UPCL,Aryatara Investment & Securities,Vision Securities Pvt. Ltd,300,407.0,122100.0,2025-07-15 13:14:19.091924
2025-07-15,39975,2025071504011652,UPCL,Thrive Brokerage House Pvt. Ltd,Vision Securities Pvt. Ltd,50,407.0,20350.0,2025-07-15 13:14:19.091982
2025-07-15,39974,2025071504011653,UPCL,Naasa Securities Co. Ltd.,Vision Securities Pvt. Ltd,150,406.2,60930.0,2025-07-15 13:14:19.092032
2025-07-15,39929,2025071504011680,UPCL,Naasa Securities Co. Ltd.,Sri Hari Securities Pvt. Ltd.,500,406.2,203100.0,2025-07-15 13:14:30.057255
2025-07-15,39879,2025071504011694,UPCL,Machhapuchchhre Securities Limited,Dipshikha Dhitopatra Karobar Co. Pvt Ltd.,10,408.5,4085.0,2025-07-15 13:14:36.134218
2025-07-15,39430,2025071504011866,UPCL,Opal Securities Investment (PVT) Ltd.,Sri Hari Securities Pvt. Ltd.,100,407.9,40790.0,2025-07-15 13:16:00.013392
2025-07-15,39429,2025071504011867,UPCL,Vision Securities Pvt. Ltd,Sri Hari Securities Pvt. Ltd.,500,407.9,203950.0,2025-07-15 13:16:01.129144
2025-07-15,38757,2025071504012065,UPCL,Naasa Securities Co. Ltd.,Sumeru Securities Pvt. Ltd.,11,406.2,4468.2,2025-07-15 13:18:02.852644
2025-07-15,38650,2025071504012103,UPCL,Naasa Securities Co. Ltd.,Neev Securities Pvt. Ltd.,339,406.2,137701.8,2025-07-15 13:18:24.413754
2025-07-15,38649,2025071504012104,UPCL,KALASH STOCK MARKET PVT. LTD.,Neev Securities Pvt. Ltd.,161,406.2,65398.2,2025-07-15 13:18:24.414377
2025-07-15,38581,2025071504012119,UPCL,Imperial Securities Company Pvt. Ltd.,Deevyaa Securities & Stock House Pvt. Ltd,20,407.6,8152.0,2025-07-15 13:18:43.174295
2025-07-15,38455,2025071504012163,UPCL,Imperial Securities Company Pvt. Ltd.,Sundhara Securities Limited,10,407.5,4075.0,2025-07-15 13:19:25.664555
2025-07-15,38287,2025071504012208,UPCL,KALASH STOCK MARKET PVT. LTD.,Nagarik Stock Dealer ,139,406.2,56461.8,2025-07-15 13:20:07.609910
2025-07-15,38286,2025071504012209,UPCL,Trisul Securities & Invt. Ltd.,Nagarik Stock Dealer ,250,406.1,101525.0,2025-07-15 13:20:07.610504
2025-07-15,38285,2025071504012210,UPCL,Opal Securities Investment (PVT) Ltd.,Nagarik Stock Dealer ,111,406.1,45077.1,2025-07-15 13:20:07.610902
2025-07-15,38222,2025071504012244,UPCL,Opal Securities Investment (PVT) Ltd.,Sundhara Securities Limited,15,406.1,6091.5,2025-07-15 13:20:26.696090
2025-07-15,37903,2025071504012361,UPCL,Opal Securities Investment (PVT) Ltd.,Aryatara Investment & Securities,100,406.1,40610.0,2025-07-15 13:22:02.467822
2025-07-15,37832,2025071504012376,UPCL,Opal Securities Investment (PVT) Ltd.,Sundhara Securities Limited,20,406.1,8122.0,2025-07-15 13:22:19.192904
2025-07-15,37831,2025071504012377,UPCL,Property Wiard Limited,Sundhara Securities Limited,390,406.0,158340.0,2025-07-15 13:22:19.192981
2025-07-15,37830,2025071504012378,UPCL,Kumari Securities Private Limited,Sundhara Securities Limited,50,406.0,20300.0,2025-07-15 13:22:19.193008
2025-07-15,37829,2025071504012379,UPCL,Vision Securities Pvt. Ltd,Sundhara Securities Limited,300,406.0,121800.0,2025-07-15 13:22:19.193051
2025-07-15,37828,2025071504012380,UPCL,Kumari Securities Private Limited,Sundhara Securities Limited,240,406.0,97440.0,2025-07-15 13:22:19.193076
2025-07-15,37774,2025071504012414,UPCL,Kumari Securities Private Limited,Nepal Stock House (PVT) Ltd.,60,406.0,24360.0,2025-07-15 13:22:29.470489
2025-07-15,37702,2025071504012462,UPCL,Primo Securities (PVT) Ltd.,Sani Securities Company Ltd.,2000,405.9,811800.0,2025-07-15 13:22:44.643254
2025-07-15,37701,2025071504012463,UPCL,Online Securities Pvt. Ltd.,Sani Securities Company Ltd.,1000,405.4,405400.0,2025-07-15 13:22:44.643335
2025-07-15,37644,2025071504012479,UPCL,Kohinoor Investment & Securities Pvt. Ltd.,Nepal Stock House (PVT) Ltd.,140,406.0,56840.0,2025-07-15 13:22:59.111310
2025-07-15,37442,2025071504012564,UPCL,Sani Securities Company Ltd.,N.M.B. SECURITIES LIMITED,500,406.0,203000.0,2025-07-15 13:23:55.406888
2025-07-15,37398,2025071504012590,UPCL,Kohinoor Investment & Securities Pvt. Ltd.,Sri Hari Securities Pvt. Ltd.,400,406.0,162400.0,2025-07-15 13:24:04.559099
2025-07-15,37164,2025071504012638,UPCL,Secured Securities Ltd.,Naasa Securities Co. Ltd.,55,406.0,22330.0,2025-07-15 13:25:01.620189
2025-07-15,37064,2025071504012653,UPCL,Blue Chip Securities Ltd,Naasa Securities Co. Ltd.,145,406.0,58870.0,2025-07-15 13:25:21.995362
2025-07-15,37063,2025071504012654,UPCL,Blue Chip Securities Ltd,Agrawal Securities (PVT) Ltd.,55,406.0,22330.0,2025-07-15 13:25:21.995677
2025-07-15,37056,2025071504012655,UPCL,South Asian Bulls Pvt. Ltd.,Elite Stock House Limited,300,405.1,121530.0,2025-07-15 13:25:26.066236
2025-07-15,36985,2025071504012671,UPCL,Sunrise Securities Limited,Agrawal Securities (PVT) Ltd.,45,406.0,18270.0,2025-07-15 13:25:43.981969
2025-07-15,36936,2025071504012679,UPCL,Trishakti Securities Public Limited,Siprabi Securities Pvt. Ltd.,100,406.8,40680.0,2025-07-15 13:26:00.326636
2025-07-15,36935,2025071504012680,UPCL,Trishakti Securities Public Limited,Sundhara Securities Limited,500,406.9,203450.0,2025-07-15 13:26:00.326709
2025-07-15,36934,2025071504012681,UPCL,Trishakti Securities Public Limited,Nabil Stock Dealer Ltd.,250,407.0,101750.0,2025-07-15 13:26:00.326737
2025-07-15,36933,2025071504012682,UPCL,Trishakti Securities Public Limited,Nagarik Stock Dealer ,300,407.0,122100.0,2025-07-15 13:26:00.326767
2025-07-15,36932,2025071504012683,UPCL,Trishakti Securities Public Limited,Bhrikuti Stock Broking Co. Pvt. Ltd.,300,407.0,122100.0,2025-07-15 13:26:00.326795
2025-07-15,36931,2025071504012684,UPCL,Trishakti Securities Public Limited,Asian Securities Private Ltd.,600,407.0,244200.0,2025-07-15 13:26:00.326818
2025-07-15,36930,2025071504012685,UPCL,Trishakti Securities Public Limited,Deevyaa Securities & Stock House Pvt. Ltd,80,407.6,32608.0,2025-07-15 13:26:00.326845
2025-07-15,36929,2025071504012686,UPCL,Trishakti Securities Public Limited,Aryatara Investment & Securities,1870,407.9,762773.0,2025-07-15 13:26:00.326882
2025-07-15,35907,2025071504012976,UPCL,Kohinoor Investment & Securities Pvt. Ltd.,Nepal Stock House (PVT) Ltd.,195,407.5,79462.5,2025-07-15 13:30:22.472493
2025-07-15,35733,2025071504013020,UPCL,Imperial Securities Company Pvt. Ltd.,Neev Securities Pvt. Ltd.,314,406.2,127546.8,2025-07-15 13:31:08.442509
2025-07-15,35732,2025071504013021,UPCL,Market Securities & Exchange (PVT) Ltd.,Neev Securities Pvt. Ltd.,676,406.1,274523.6,2025-07-15 13:31:08.442880
2025-07-15,35632,2025071504013060,UPCL,Sewa Securities Pvt. Ltd.,Miyo Securities Pvt Ltd,83,407.0,33781.0,2025-07-15 13:31:29.561675
2025-07-15,34950,2025071504013259,UPCL,Market Securities & Exchange (PVT) Ltd.,J.F. Securites (PVT) Ltd.,49,406.1,19898.9,2025-07-15 13:34:31.284891
2025-07-15,34454,2025071504013379,UPCL,Online Securities Pvt. Ltd.,Naasa Securities Co. Ltd.,108,407.0,43956.0,2025-07-15 13:36:18.911436
2025-07-15,34453,2025071504013380,UPCL,Online Securities Pvt. Ltd.,Kohinoor Investment & Securities Pvt. Ltd.,21,407.0,8547.0,2025-07-15 13:36:18.911744
2025-07-15,34452,2025071504013381,UPCL,Online Securities Pvt. Ltd.,Vision Securities Pvt. Ltd,40,407.0,16280.0,2025-07-15 13:36:18.911882
2025-07-15,34451,2025071504013382,UPCL,Online Securities Pvt. Ltd.,J.F. Securites (PVT) Ltd.,50,407.0,20350.0,2025-07-15 13:36:18.912016
2025-07-15,34450,2025071504013383,UPCL,Online Securities Pvt. Ltd.,Trishakti Securities Public Limited,1000,407.0,407000.0,2025-07-15 13:36:18.912146
2025-07-15,34449,2025071504013384,UPCL,Online Securities Pvt. Ltd.,Trishakti Securities Public Limited,50,407.0,20350.0,2025-07-15 13:36:18.912281
2025-07-15,34448,2025071504013385,UPCL,Online Securities Pvt. Ltd.,Nepal Stock House (PVT) Ltd.,23,407.5,9372.5,2025-07-15 13:36:18.912421
2025-07-15,34447,2025071504013386,UPCL,Online Securities Pvt. Ltd.,Dakshinkali Investment & Securities Pvt. Ltd.,1220,407.6,497272.0,2025-07-15 13:36:18.912547
2025-07-15,34446,2025071504013387,UPCL,Online Securities Pvt. Ltd.,Nagarik Stock Dealer ,1000,407.8,407800.0,2025-07-15 13:36:18.912881
2025-07-15,34445,2025071504013388,UPCL,Online Securities Pvt. Ltd.,Aryatara Investment & Securities,1130,407.9,460927.0,2025-07-15 13:36:18.913038
2025-07-15,34444,2025071504013389,UPCL,Online Securities Pvt. Ltd.,Vision Securities Pvt. Ltd,490,408.0,199920.0,2025-07-15 13:36:18.913178
2025-07-15,34443,2025071504013390,UPCL,Online Securities Pvt. Ltd.,Linch Stock Market Ltd.,108,408.0,44064.0,2025-07-15 13:36:18.913328
2025-07-15,34442,2025071504013391,UPCL,Online Securities Pvt. Ltd.,Linch Stock Market Ltd.,21,408.0,8568.0,2025-07-15 13:36:18.913459
2025-07-15,34295,2025071504013436,UPCL,Online Securities Pvt. Ltd.,Aakashbhairab Securities Ltd.,1000,408.0,408000.0,2025-07-15 13:36:53.863198
2025-07-15,34270,2025071504013447,UPCL,Online Securities Pvt. Ltd.,Online Securities Pvt. Ltd.,330,408.0,134640.0,2025-07-15 13:37:04.268437
2025-07-15,34228,2025071504013467,UPCL,Kohinoor Investment & Securities Pvt. Ltd.,Sri Hari Securities Pvt. Ltd.,200,408.4,81680.0,2025-07-15 13:37:13.757750
2025-07-15,34175,2025071504013484,UPCL,SUN SECURITIES PVT LTD,Sri Hari Securities Pvt. Ltd.,500,408.4,204200.0,2025-07-15 13:37:21.949574
2025-07-15,34167,2025071504013485,UPCL,Online Securities Pvt. Ltd.,Sumeru Securities Pvt. Ltd.,280,408.0,114240.0,2025-07-15 13:37:23.144548
2025-07-15,33957,2025071504013549,UPCL,Kumari Securities Private Limited,Primo Securities (PVT) Ltd.,250,408.4,102100.0,2025-07-15 13:38:08.650581
2025-07-15,33710,2025071504013650,UPCL,Sumeru Securities Pvt. Ltd.,Dipshikha Dhitopatra Karobar Co. Pvt Ltd.,290,408.5,118465.0,2025-07-15 13:39:04.265804
2025-07-15,33702,2025071504013654,UPCL,Kumari Securities Private Limited,Vision Securities Pvt. Ltd,50,408.4,20420.0,2025-07-15 13:39:05.581108
2025-07-15,33535,2025071504013710,UPCL,Premier Securities Company Ltd.,Premier Securities Company Ltd.,200,408.0,81600.0,2025-07-15 13:39:37.658517
2025-07-15,33534,2025071504013711,UPCL,Imperial Securities Company Pvt. Ltd.,Premier Securities Company Ltd.,100,408.0,40800.0,2025-07-15 13:39:37.658848
2025-07-15,33513,2025071504013721,UPCL,Blue Chip Securities Ltd,Primo Securities (PVT) Ltd.,100,408.4,40840.0,2025-07-15 13:39:44.400784
2025-07-15,33509,2025071504013724,UPCL,Trisul Securities & Invt. Ltd.,Siprabi Securities Pvt. Ltd.,100,408.6,40860.0,2025-07-15 13:39:45.122441
2025-07-15,33508,2025071504013725,UPCL,Trisul Securities & Invt. Ltd.,Imperial Securities Company Pvt. Ltd.,100,408.9,40890.0,2025-07-15 13:39:45.122516
2025-07-15,33507,2025071504013726,UPCL,Trisul Securities & Invt. Ltd.,Naasa Securities Co. Ltd.,100,408.9,40890.0,2025-07-15 13:39:45.122566
2025-07-15,33506,2025071504013727,UPCL,Trisul Securities & Invt. Ltd.,Online Securities Pvt. Ltd.,100,409.0,40900.0,2025-07-15 13:39:45.122596
2025-07-15,33505,2025071504013728,UPCL,Trisul Securities & Invt. Ltd.,Cristal Kanchanjanga Securites Pvt. Ltd.,1000,409.0,409000.0,2025-07-15 13:39:45.122621
2025-07-15,33504,2025071504013729,UPCL,Trisul Securities & Invt. Ltd.,Linch Stock Market Ltd.,10,409.0,4090.0,2025-07-15 13:39:45.122648
2025-07-15,33503,2025071504013730,UPCL,Trisul Securities & Invt. Ltd.,Shree Krishna Securities Ltd.,200,409.0,81800.0,2025-07-15 13:39:45.122676
2025-07-15,33502,2025071504013731,UPCL,Trisul Securities & Invt. Ltd.,Elite Stock House Limited,52,409.0,21268.0,2025-07-15 13:39:45.122701
2025-07-15,33501,2025071504013732,UPCL,Trisul Securities & Invt. Ltd.,Shree Krishna Securities Ltd.,200,409.0,81800.0,2025-07-15 13:39:45.122752
2025-07-15,33500,2025071504013733,UPCL,Trisul Securities & Invt. Ltd.,Magnet Securities and Investment Company Private Limited,100,409.0,40900.0,2025-07-15 13:39:45.122792
2025-07-15,33499,2025071504013734,UPCL,Trisul Securities & Invt. Ltd.,Vision Securities Pvt. Ltd,38,409.4,15557.2,2025-07-15 13:39:45.122821
2025-07-15,32738,2025071504013930,UPCL,Blue Chip Securities Ltd,ABC Securities Private Limited,50,408.5,20425.0,2025-07-15 13:42:33.649746
2025-07-15,32496,2025071504013978,UPCL,Imperial Securities Company Pvt. Ltd.,Online Securities Pvt. Ltd.,100,408.0,40800.0,2025-07-15 13:43:38.697616
2025-07-15,31897,2025071504014114,UPCL,Premier Securities Company Ltd.,Nepal Stock House (PVT) Ltd.,1000,408.0,408000.0,2025-07-15 13:45:43.906295
2025-07-15,31575,2025071504014236,UPCL,Market Securities & Exchange (PVT) Ltd.,Bhrikuti Stock Broking Co. Pvt. Ltd.,200,407.0,81400.0,2025-07-15 13:47:03.868378
2025-07-15,31574,2025071504014237,UPCL,Market Securities & Exchange (PVT) Ltd.,Sri Hari Securities Pvt. Ltd.,54,407.0,21978.0,2025-07-15 13:47:03.868993
2025-07-15,30809,2025071504014486,UPCL,Market Securities & Exchange (PVT) Ltd.,Naasa Securities Co. Ltd.,21,407.0,8547.0,2025-07-15 13:50:02.119185
2025-07-15,30808,2025071504014487,UPCL,Market Securities & Exchange (PVT) Ltd.,Naasa Securities Co. Ltd.,33,407.0,13431.0,2025-07-15 13:50:02.119889
2025-07-15,30696,2025071504014531,UPCL,Machhapuchchhre Securities Limited,Dakshinkali Investment & Securities Pvt. Ltd.,10,408.5,4085.0,2025-07-15 13:50:27.384636
2025-07-15,30134,2025071504014682,UPCL,Imperial Securities Company Pvt. Ltd.,K.B.L. Securities Limited ,200,407.6,81520.0,2025-07-15 13:53:04.513389
2025-07-15,30133,2025071504014683,UPCL,Imperial Securities Company Pvt. Ltd.,K.B.L. Securities Limited ,1000,407.5,407500.0,2025-07-15 13:53:04.513768
2025-07-15,30132,2025071504014684,UPCL,Market Securities & Exchange (PVT) Ltd.,K.B.L. Securities Limited ,967,407.0,393569.0,2025-07-15 13:53:04.513926
2025-07-15,30067,2025071504014691,UPCL,Cristal Kanchanjanga Securites Pvt. Ltd.,K.B.L. Securities Limited ,1500,407.0,610500.0,2025-07-15 13:53:23.715749
2025-07-15,29900,2025071504014729,UPCL,Market Securities & Exchange (PVT) Ltd.,K.B.L. Securities Limited ,1000,407.0,407000.0,2025-07-15 13:54:06.496706
2025-07-15,29866,2025071504014733,UPCL,Market Securities & Exchange (PVT) Ltd.,K.B.L. Securities Limited ,1000,407.0,407000.0,2025-07-15 13:54:16.539378
2025-07-15,29830,2025071504014753,UPCL,Market Securities & Exchange (PVT) Ltd.,K.B.L. Securities Limited ,1000,407.0,407000.0,2025-07-15 13:54:23.564473
2025-07-15,29762,2025071504014775,UPCL,Market Securities & Exchange (PVT) Ltd.,K.B.L. Securities Limited ,333,407.0,135531.0,2025-07-15 13:54:36.618759
2025-07-15,29643,2025071504014819,UPCL,Market Securities & Exchange (PVT) Ltd.,Sumeru Securities Pvt. Ltd.,15,407.0,6105.0,2025-07-15 13:55:11.529584
2025-07-15,29541,2025071504014852,UPCL,Market Securities & Exchange (PVT) Ltd.,Machhapuchchhre Securities Limited,200,407.0,81400.0,2025-07-15 13:55:38.105628
2025-07-15,29454,2025071504014873,UPCL,Market Securities & Exchange (PVT) Ltd.,Nepal Stock House (PVT) Ltd.,54,407.0,21978.0,2025-07-15 13:55:59.394370
2025-07-15,29403,2025071504014892,UPCL,Market Securities & Exchange (PVT) Ltd.,Roadshow securities limited,398,407.0,161986.0,2025-07-15 13:56:18.260988
2025-07-15,29402,2025071504014893,UPCL,Premier Securities Company Ltd.,Roadshow securities limited,3000,407.0,1221000.0,2025-07-15 13:56:18.261048
2025-07-15,28899,2025071504015049,UPCL,Deevyaa Securities & Stock House Pvt. Ltd,Aryatara Investment & Securities,100,407.0,40700.0,2025-07-15 13:58:11.762816
2025-07-15,28647,2025071504015135,UPCL,Secured Securities Ltd.,Trishakti Securities Public Limited,70,407.0,28490.0,2025-07-15 13:59:10.403745
2025-07-15,28602,2025071504015151,UPCL,Market Securities & Exchange (PVT) Ltd.,Trishakti Securities Public Limited,1000,407.0,407000.0,2025-07-15 13:59:19.678708
2025-07-15,28554,2025071504015174,UPCL,Market Securities & Exchange (PVT) Ltd.,Trishakti Securities Public Limited,930,407.0,378510.0,2025-07-15 13:59:28.710332
2025-07-15,28311,2025071504015228,UPCL,Market Securities & Exchange (PVT) Ltd.,Trishakti Securities Public Limited,70,407.0,28490.0,2025-07-15 14:00:29.476641
2025-07-15,28310,2025071504015229,UPCL,Kumari Securities Private Limited,Trishakti Securities Public Limited,200,407.0,81400.0,2025-07-15 14:00:29.477344
2025-07-15,28309,2025071504015230,UPCL,ABC Securities Private Limited,Trishakti Securities Public Limited,500,407.0,203500.0,2025-07-15 14:00:29.477780
2025-07-15,28084,2025071504015269,UPCL,Kumari Securities Private Limited,Trishakti Securities Public Limited,200,407.0,81400.0,2025-07-15 14:01:15.703103
2025-07-15,27792,2025071504015348,UPCL,Asian Securities Private Ltd.,Trishakti Securities Public Limited,30,407.0,12210.0,2025-07-15 14:02:23.480582
2025-07-15,27791,2025071504015349,UPCL,Asian Securities Private Ltd.,Trishakti Securities Public Limited,500,407.0,203500.0,2025-07-15 14:02:23.481080
2025-07-15,27790,2025071504015350,UPCL,Asian Securities Private Ltd.,South Asian Bulls Pvt. Ltd.,250,407.0,101750.0,2025-07-15 14:02:23.481265
2025-07-15,27676,2025071504015390,UPCL,Naasa Securities Co. Ltd.,Trishakti Securities Public Limited,50,407.8,20390.0,2025-07-15 14:02:52.756354
2025-07-15,27675,2025071504015391,UPCL,Machhapuchchhre Securities Limited,Trishakti Securities Public Limited,10,407.8,4078.0,2025-07-15 14:02:52.787678
2025-07-15,27535,2025071504015425,UPCL,Asian Securities Private Ltd.,Trishakti Securities Public Limited,220,407.0,89540.0,2025-07-15 14:03:21.065451
2025-07-15,27534,2025071504015426,UPCL,Cristal Kanchanjanga Securites Pvt. Ltd.,Trishakti Securities Public Limited,480,407.0,195360.0,2025-07-15 14:03:21.066203
2025-07-15,27491,2025071504015445,UPCL,Sharepro Securities Private Limited,Trishakti Securities Public Limited,440,407.8,179432.0,2025-07-15 14:03:32.847684
2025-07-15,27490,2025071504015446,UPCL,Sharepro Securities Private Limited,Trishakti Securities Public Limited,500,407.9,203950.0,2025-07-15 14:03:32.848049
2025-07-15,27489,2025071504015447,UPCL,Sharepro Securities Private Limited,Premier Securities Company Ltd.,108,408.0,44064.0,2025-07-15 14:03:32.848198
2025-07-15,27488,2025071504015448,UPCL,Sharepro Securities Private Limited,Imperial Securities Company Pvt. Ltd.,60,408.2,24492.0,2025-07-15 14:03:32.848365
2025-07-15,27487,2025071504015449,UPCL,Sharepro Securities Private Limited,Aryatara Investment & Securities,100,408.3,40830.0,2025-07-15 14:03:32.848529
2025-07-15,27486,2025071504015450,UPCL,Sharepro Securities Private Limited,Roadshow securities limited,1000,408.3,408300.0,2025-07-15 14:03:32.848709
2025-07-15,27485,2025071504015451,UPCL,Sharepro Securities Private Limited,Asian Securities Private Ltd.,1000,408.4,408400.0,2025-07-15 14:03:32.848878
2025-07-15,27484,2025071504015452,UPCL,Sharepro Securities Private Limited,BHOLE GANESH SECURITIES LTD,19,408.5,7761.5,2025-07-15 14:03:32.849030
2025-07-15,27483,2025071504015453,UPCL,Sharepro Securities Private Limited,K.B.L. Securities Limited ,100,408.5,40850.0,2025-07-15 14:03:32.849198
2025-07-15,27482,2025071504015454,UPCL,Sharepro Securities Private Limited,Sundhara Securities Limited,349,408.5,142566.5,2025-07-15 14:03:32.849354
2025-07-15,27481,2025071504015455,UPCL,Sharepro Securities Private Limited,Prabhu Stock Market Limited,1213,408.8,495874.4,2025-07-15 14:03:32.849493
2025-07-15,27162,2025071504015572,UPCL,Vision Securities Pvt. Ltd,Sani Securities Company Ltd.,21,407.1,8549.1,2025-07-15 14:04:47.515006
2025-07-15,26915,2025071504015662,UPCL,Vision Securities Pvt. Ltd,Kohinoor Investment & Securities Pvt. Ltd.,100,407.1,40710.0,2025-07-15 14:05:51.906469
2025-07-15,26681,2025071504015718,UPCL,Magnet Securities and Investment Company Private Limited,Dynamic Money Managers Securities Pvt. Ltd.,100,408.0,40800.0,2025-07-15 14:06:48.524222
2025-07-15,26004,2025071504015931,UPCL,Deevyaa Securities & Stock House Pvt. Ltd,Dynamic Money Managers Securities Pvt. Ltd.,200,408.0,81600.0,2025-07-15 14:09:34.812801
2025-07-15,25938,2025071504015946,UPCL,Kumari Securities Private Limited,Dynamic Money Managers Securities Pvt. Ltd.,500,408.0,204000.0,2025-07-15 14:09:44.223101
2025-07-15,25820,2025071504015983,UPCL,Trishakti Securities Public Limited,Dynamic Money Managers Securities Pvt. Ltd.,200,408.0,81600.0,2025-07-15 14:10:10.769611
2025-07-15,25819,2025071504015984,UPCL,Trishakti Securities Public Limited,Imperial Securities Company Pvt. Ltd.,54,408.0,22032.0,2025-07-15 14:10:10.770358
2025-07-15,25818,2025071504015985,UPCL,Trishakti Securities Public Limited,Trishakti Securities Public Limited,800,408.6,326880.0,2025-07-15 14:10:10.770875
2025-07-15,25817,2025071504015986,UPCL,Trishakti Securities Public Limited,Sharepro Securities Private Limited,500,408.6,204300.0,2025-07-15 14:10:10.771351
2025-07-15,25816,2025071504015987,UPCL,Trishakti Securities Public Limited,Vision Securities Pvt. Ltd,500,408.7,204350.0,2025-07-15 14:10:10.771827
2025-07-15,25815,2025071504015988,UPCL,Trishakti Securities Public Limited,Property Wiard Limited,100,408.7,40870.0,2025-07-15 14:10:10.772333
2025-07-15,25814,2025071504015989,UPCL,Trishakti Securities Public Limited,Prabhu Stock Market Limited,687,408.8,280845.6,2025-07-15 14:10:10.772834
2025-07-15,25813,2025071504015990,UPCL,Trishakti Securities Public Limited,SUN SECURITIES PVT LTD,100,408.8,40880.0,2025-07-15 14:10:10.773381
2025-07-15,25812,2025071504015991,UPCL,Trishakti Securities Public Limited,Nepal Stock House (PVT) Ltd.,100,408.9,40890.0,2025-07-15 14:10:10.773911
2025-07-15,25811,2025071504015992,UPCL,Trishakti Securities Public Limited,Premier Securities Company Ltd.,359,408.9,146795.1,2025-07-15 14:10:10.774520
2025-07-15,25252,2025071504016127,UPCL,Secured Securities Ltd.,Naasa Securities Co. Ltd.,190,407.2,77368.0,2025-07-15 14:12:07.213633
2025-07-15,25251,2025071504016128,UPCL,Vision Securities Pvt. Ltd,Naasa Securities Co. Ltd.,29,407.1,11805.9,2025-07-15 14:12:07.213679
2025-07-15,25250,2025071504016129,UPCL,Online Securities Pvt. Ltd.,Naasa Securities Co. Ltd.,56,407.1,22797.6,2025-07-15 14:12:07.213743
2025-07-15,25249,2025071504016130,UPCL,Cristal Kanchanjanga Securites Pvt. Ltd.,Naasa Securities Co. Ltd.,20,407.0,8140.0,2025-07-15 14:12:07.213772
2025-07-15,25248,2025071504016131,UPCL,Ashutosh Brokerage & Securities (PVT) Ltd.,Naasa Securities Co. Ltd.,50,407.0,20350.0,2025-07-15 14:12:07.213801
2025-07-15,25247,2025071504016132,UPCL,Pragyan Securities (PVT) Ltd.,Naasa Securities Co. Ltd.,655,407.0,266585.0,2025-07-15 14:12:07.213828
2025-07-15,25245,2025071504016134,UPCL,Pragyan Securities (PVT) Ltd.,Vision Securities Pvt. Ltd,50,407.0,20350.0,2025-07-15 14:12:08.672806
2025-07-15,25227,2025071504016144,UPCL,Pragyan Securities (PVT) Ltd.,Creative Securities Pvt Ltd,10,407.0,4070.0,2025-07-15 14:12:12.159896
2025-07-15,25211,2025071504016149,UPCL,Pragyan Securities (PVT) Ltd.,Naasa Securities Co. Ltd.,485,407.0,197395.0,2025-07-15 14:12:14.372508
2025-07-15,25210,2025071504016150,UPCL,ABC Securities Private Limited,Naasa Securities Co. Ltd.,500,407.0,203500.0,2025-07-15 14:12:14.372590
2025-07-15,25209,2025071504016151,UPCL,Blue Chip Securities Ltd,Naasa Securities Co. Ltd.,15,407.0,6105.0,2025-07-15 14:12:14.372680
2025-07-15,24937,2025071504016201,UPCL,Blue Chip Securities Ltd,Dynamic Money Managers Securities Pvt. Ltd.,135,407.0,54945.0,2025-07-15 14:12:52.825806
2025-07-15,24745,2025071504016238,UPCL,Market Securities & Exchange (PVT) Ltd.,Dynamic Money Managers Securities Pvt. Ltd.,800,407.0,325600.0,2025-07-15 14:13:26.665657
2025-07-15,24555,2025071504016301,UPCL,Market Securities & Exchange (PVT) Ltd.,Naasa Securities Co. Ltd.,200,406.9,81380.0,2025-07-15 14:13:58.817601
2025-07-15,24514,2025071504016306,UPCL,Bhrikuti Stock Broking Co. Pvt. Ltd.,Agrawal Securities (PVT) Ltd.,50,406.8,20340.0,2025-07-15 14:14:03.195137
2025-07-15,24513,2025071504016307,UPCL,Bhrikuti Stock Broking Co. Pvt. Ltd.,Agrawal Securities (PVT) Ltd.,25,406.8,10170.0,2025-07-15 14:14:03.195542
2025-07-15,24512,2025071504016308,UPCL,Nepal Investment And Securities Trading Private Limited,Agrawal Securities (PVT) Ltd.,100,406.5,40650.0,2025-07-15 14:14:03.195701
2025-07-15,24511,2025071504016309,UPCL,Sajilo Broker Limited,Agrawal Securities (PVT) Ltd.,100,406.3,40630.0,2025-07-15 14:14:03.195843
2025-07-15,24510,2025071504016310,UPCL,Sunrise Securities Limited,Agrawal Securities (PVT) Ltd.,955,406.1,387825.5,2025-07-15 14:14:03.195990
2025-07-15,24509,2025071504016311,UPCL,Linch Stock Market Ltd.,Agrawal Securities (PVT) Ltd.,50,406.0,20300.0,2025-07-15 14:14:03.196133
2025-07-15,24508,2025071504016312,UPCL,Kumari Securities Private Limited,Agrawal Securities (PVT) Ltd.,220,406.0,89320.0,2025-07-15 14:14:03.196276
2025-07-15,24507,2025071504016313,UPCL,Online Securities Pvt. Ltd.,Agrawal Securities (PVT) Ltd.,129,406.0,52374.0,2025-07-15 14:14:03.196421
2025-07-15,24506,2025071504016314,UPCL,Kohinoor Investment & Securities Pvt. Ltd.,Agrawal Securities (PVT) Ltd.,371,406.0,150626.0,2025-07-15 14:14:03.196565
2025-07-15,24433,2025071504016337,UPCL,Machhapuchchhre Securities Limited,Dynamic Money Managers Securities Pvt. Ltd.,10,407.0,4070.0,2025-07-15 14:14:20.458091
2025-07-15,23816,2025071504016511,UPCL,Kalika Securities Pvt. Ltd.,Dynamic Money Managers Securities Pvt. Ltd.,55,407.0,22385.0,2025-07-15 14:16:08.397389
2025-07-15,23604,2025071504016571,UPCL,Agrawal Securities (PVT) Ltd.,Sundhara Securities Limited,260,407.0,105820.0,2025-07-15 14:16:49.997397
2025-07-15,23271,2025071504016631,UPCL,Sri Hari Securities Pvt. Ltd.,Naasa Securities Co. Ltd.,1000,407.9,407900.0,2025-07-15 14:17:53.724518
2025-07-15,23088,2025071504016669,UPCL,NIMB Stock Markets Limited,Garima Securities Limited,500,407.7,203850.0,2025-07-15 14:18:34.417465
2025-07-15,23087,2025071504016670,UPCL,NIMB Stock Markets Limited,Roadshow securities limited,1000,407.8,407800.0,2025-07-15 14:18:34.417840
2025-07-15,23086,2025071504016671,UPCL,NIMB Stock Markets Limited,Capital Max Securities Ltd,13000,408.0,5304000.0,2025-07-15 14:18:34.417984
2025-07-15,23085,2025071504016672,UPCL,NIMB Stock Markets Limited,Premier Securities Company Ltd.,141,408.9,57654.9,2025-07-15 14:18:34.418125
2025-07-15,23084,2025071504016673,UPCL,NIMB Stock Markets Limited,Shree Krishna Securities Ltd.,659,408.9,269465.1,2025-07-15 14:18:34.418265
2025-07-15,22579,2025071504016795,UPCL,Nabil Stock Dealer Ltd.,Dynamic Money Managers Securities Pvt. Ltd.,1000,408.0,408000.0,2025-07-15 14:20:21.409528
2025-07-15,22578,2025071504016796,UPCL,Nabil Stock Dealer Ltd.,Shree Krishna Securities Ltd.,1341,408.9,548334.9,2025-07-15 14:20:21.410177
2025-07-15,22577,2025071504016797,UPCL,Nabil Stock Dealer Ltd.,Vision Securities Pvt. Ltd,500,409.0,204500.0,2025-07-15 14:20:21.410603
2025-07-15,22576,2025071504016798,UPCL,Nabil Stock Dealer Ltd.,ABC Securities Private Limited,200,409.0,81800.0,2025-07-15 14:20:21.411024
2025-07-15,22575,2025071504016799,UPCL,Nabil Stock Dealer Ltd.,Shree Krishna Securities Ltd.,1000,409.0,409000.0,2025-07-15 14:20:21.411439
2025-07-15,22574,2025071504016800,UPCL,Nabil Stock Dealer Ltd.,Shree Krishna Securities Ltd.,1000,409.0,409000.0,2025-07-15 14:20:21.411838
2025-07-15,22573,2025071504016801,UPCL,Nabil Stock Dealer Ltd.,Aakashbhairab Securities Ltd.,50,409.0,20450.0,2025-07-15 14:20:21.412250
2025-07-15,22572,2025071504016802,UPCL,Nabil Stock Dealer Ltd.,Roadshow securities limited,3909,409.0,1598781.0,2025-07-15 14:20:21.412674
2025-07-15,21897,2025071504017001,UPCL,Primo Securities (PVT) Ltd.,Aryatara Investment & Securities,108,407.4,43999.2,2025-07-15 14:22:42.857946
2025-07-15,21766,2025071504017033,UPCL,Primo Securities (PVT) Ltd.,Nagarik Stock Dealer ,1000,407.4,407400.0,2025-07-15 14:23:13.286972
2025-07-15,21605,2025071504017073,UPCL,South Asian Bulls Pvt. Ltd.,Sani Securities Company Ltd.,10,407.5,4075.0,2025-07-15 14:23:30.844892
2025-07-15,21604,2025071504017074,UPCL,Primo Securities (PVT) Ltd.,Sani Securities Company Ltd.,90,407.4,36666.0,2025-07-15 14:23:30.845256
2025-07-15,21485,2025071504017099,UPCL,Naasa Securities Co. Ltd.,Himalayan Securities Limited,2500,408.9,1022250.0,2025-07-15 14:23:48.116441
2025-07-15,21144,2025071504017157,UPCL,Shree Krishna Securities Ltd.,Dynamic Money Managers Securities Pvt. Ltd.,20,408.0,8160.0,2025-07-15 14:24:47.859963
2025-07-15,20913,2025071504017229,UPCL,Miyo Securities Pvt Ltd,Sri Hari Securities Pvt. Ltd.,36,407.5,14670.0,2025-07-15 14:25:33.266283
2025-07-15,20912,2025071504017230,UPCL,NIMB Stock Markets Limited,Sri Hari Securities Pvt. Ltd.,264,407.5,107580.0,2025-07-15 14:25:33.266479
2025-07-15,20756,2025071504017300,UPCL,Property Wiard Limited,Dynamic Money Managers Securities Pvt. Ltd.,200,408.0,81600.0,2025-07-15 14:25:47.136439
2025-07-15,20646,2025071504017320,UPCL,Property Wiard Limited,Dynamic Money Managers Securities Pvt. Ltd.,300,408.0,122400.0,2025-07-15 14:26:07.200932
2025-07-15,20294,2025071504017390,UPCL,Trishakti Securities Public Limited,Dynamic Money Managers Securities Pvt. Ltd.,480,408.0,195840.0,2025-07-15 14:26:58.413094
2025-07-15,20293,2025071504017391,UPCL,Trishakti Securities Public Limited,J.F. Securites (PVT) Ltd.,20,408.0,8160.0,2025-07-15 14:26:58.413813
2025-07-15,20255,2025071504017392,UPCL,Magnet Securities and Investment Company Private Limited,Shree Krishna Securities Ltd.,2000,407.6,815200.0,2025-07-15 14:27:03.396033
2025-07-15,20205,2025071504017397,UPCL,Opal Securities Investment (PVT) Ltd.,J.F. Securites (PVT) Ltd.,280,408.0,114240.0,2025-07-15 14:27:06.459926
2025-07-15,19885,2025071504017470,UPCL,Naasa Securities Co. Ltd.,SUN SECURITIES PVT LTD,100,408.8,40880.0,2025-07-15 14:27:51.893086
2025-07-15,19880,2025071504017475,UPCL,Aryatara Investment & Securities,Himalayan Securities Limited,985,408.0,401880.0,2025-07-15 14:27:53.097615
2025-07-15,18924,2025071504017762,UPCL,Aryatara Investment & Securities,Sundhara Securities Limited,10,408.0,4080.0,2025-07-15 14:30:28.403285
2025-07-15,18719,2025071504017834,UPCL,BHOLE GANESH SECURITIES LTD,Siprabi Securities Pvt. Ltd.,100,408.8,40880.0,2025-07-15 14:31:08.160646
2025-07-15,18718,2025071504017835,UPCL,BHOLE GANESH SECURITIES LTD,Infinity Securities Limited,100,408.9,40890.0,2025-07-15 14:31:08.160774
2025-07-15,18401,2025071504017929,UPCL,Property Wiard Limited,Sewa Securities Pvt. Ltd.,100,408.1,40810.0,2025-07-15 14:31:53.923725
2025-07-15,18366,2025071504017940,UPCL,Property Wiard Limited,Sumeru Securities Pvt. Ltd.,300,408.1,122430.0,2025-07-15 14:31:59.102956
2025-07-15,18365,2025071504017941,UPCL,NIMB Stock Markets Limited,Sumeru Securities Pvt. Ltd.,200,408.1,81620.0,2025-07-15 14:31:59.103363
2025-07-15,18144,2025071504018018,UPCL,NIMB Stock Markets Limited,Hatemalo Financial Services Private Limited,240,408.1,97944.0,2025-07-15 14:32:36.481123
2025-07-15,17927,2025071504018084,UPCL,NIMB Stock Markets Limited,Trishakti Securities Public Limited,40,408.1,16324.0,2025-07-15 14:33:06.736179
2025-07-15,17834,2025071504018123,UPCL,Global IME Securities Limited,Roadshow securities limited,35,408.2,14287.0,2025-07-15 14:33:18.338399
2025-07-15,17636,2025071504018184,UPCL,Global IME Securities Limited,Market Securities & Exchange (PVT) Ltd.,300,408.2,122460.0,2025-07-15 14:33:41.136380
2025-07-15,17629,2025071504018189,UPCL,Global IME Securities Limited,Dynamic Money Managers Securities Pvt. Ltd.,500,408.2,204100.0,2025-07-15 14:33:43.544519
2025-07-15,17578,2025071504018217,UPCL,NIMB Stock Markets Limited,Secured Securities Ltd.,26,408.7,10626.2,2025-07-15 14:33:49.999076
2025-07-15,17130,2025071504018379,UPCL,Naasa Securities Co. Ltd.,Secured Securities Ltd.,89,408.7,36374.3,2025-07-15 14:34:56.775866
2025-07-15,17092,2025071504018391,UPCL,Naasa Securities Co. Ltd.,Vision Securities Pvt. Ltd,10,408.7,4087.0,2025-07-15 14:35:02.030264
2025-07-15,16966,2025071504018435,UPCL,Naasa Securities Co. Ltd.,Sundhara Securities Limited,10,408.3,4083.0,2025-07-15 14:35:26.963615
2025-07-15,16831,2025071504018478,UPCL,Naasa Securities Co. Ltd.,Nepal Stock House (PVT) Ltd.,210,408.3,85743.0,2025-07-15 14:35:52.763429
2025-07-15,16830,2025071504018479,UPCL,Global IME Securities Limited,Nepal Stock House (PVT) Ltd.,165,408.2,67353.0,2025-07-15 14:35:52.763787
2025-07-15,16829,2025071504018480,UPCL,Primo Securities (PVT) Ltd.,Nepal Stock House (PVT) Ltd.,225,408.0,91800.0,2025-07-15 14:35:52.763935
2025-07-15,16811,2025071504018484,UPCL,Naasa Securities Co. Ltd.,Infinity Securities Limited,200,408.9,81780.0,2025-07-15 14:35:55.543550
2025-07-15,16810,2025071504018485,UPCL,Naasa Securities Co. Ltd.,Trishakti Securities Public Limited,300,408.9,122670.0,2025-07-15 14:35:55.543922
2025-07-15,16540,2025071504018597,UPCL,Primo Securities (PVT) Ltd.,Dipshikha Dhitopatra Karobar Co. Pvt Ltd.,475,408.0,193800.0,2025-07-15 14:36:20.331674
2025-07-15,16539,2025071504018598,UPCL,Thrive Brokerage House Pvt. Ltd,Dipshikha Dhitopatra Karobar Co. Pvt Ltd.,50,408.0,20400.0,2025-07-15 14:36:20.332051
2025-07-15,16538,2025071504018599,UPCL,Dipshikha Dhitopatra Karobar Co. Pvt Ltd.,Dipshikha Dhitopatra Karobar Co. Pvt Ltd.,475,408.0,193800.0,2025-07-15 14:36:20.332196
2025-07-15,16518,2025071504018608,UPCL,Dipshikha Dhitopatra Karobar Co. Pvt Ltd.,Aryatara Investment & Securities,500,408.0,204000.0,2025-07-15 14:36:21.654689
2025-07-15,16513,2025071504018612,UPCL,Naasa Securities Co. Ltd.,Himalayan Securities Limited,11,408.8,4496.8,2025-07-15 14:36:23.032388
2025-07-15,15415,2025071504018944,UPCL,Secured Securities Ltd.,J.F. Securites (PVT) Ltd.,50,408.2,20410.0,2025-07-15 14:39:01.521950
2025-07-15,15414,2025071504018945,UPCL,Secured Securities Ltd.,Himalayan Securities Limited,50,408.8,20440.0,2025-07-15 14:39:01.522662
2025-07-15,15338,2025071504018968,UPCL,Agrawal Securities (PVT) Ltd.,Nepal Investment And Securities Trading Private Limited,151,408.1,61623.1,2025-07-15 14:39:14.292053
2025-07-15,14973,2025071504019090,UPCL,Naasa Securities Co. Ltd.,Sundhara Securities Limited,20,408.6,8172.0,2025-07-15 14:40:03.227434
2025-07-15,14843,2025071504019137,UPCL,Agrawal Securities (PVT) Ltd.,Himalayan Securities Limited,19,408.1,7753.9,2025-07-15 14:40:23.555858
2025-07-15,14842,2025071504019138,UPCL,Dipshikha Dhitopatra Karobar Co. Pvt Ltd.,Himalayan Securities Limited,75,408.0,30600.0,2025-07-15 14:40:23.556548
2025-07-15,14841,2025071504019139,UPCL,Trishakti Securities Public Limited,Himalayan Securities Limited,245,408.0,99960.0,2025-07-15 14:40:23.556980
2025-07-15,14672,2025071504019176,UPCL,Trishakti Securities Public Limited,Aryatara Investment & Securities,755,408.0,308040.0,2025-07-15 14:40:49.051965
2025-07-15,14591,2025071504019196,UPCL,Aryatara Investment & Securities,Kumari Securities Private Limited,30,408.5,12255.0,2025-07-15 14:41:00.174592
2025-07-15,14542,2025071504019201,UPCL,Aryatara Investment & Securities,Kumari Securities Private Limited,100,408.5,40850.0,2025-07-15 14:41:06.332293
2025-07-15,14384,2025071504019255,UPCL,Aryatara Investment & Securities,Deevyaa Securities & Stock House Pvt. Ltd,54,408.0,22032.0,2025-07-15 14:41:31.152466
2025-07-15,13368,2025071504019587,UPCL,Investment Management Nepal Pvt. Ltd.,ABC Securities Private Limited,100,408.0,40800.0,2025-07-15 14:43:52.812093
2025-07-15,13220,2025071504019630,UPCL,Cristal Kanchanjanga Securites Pvt. Ltd.,Online Securities Pvt. Ltd.,100,407.6,40760.0,2025-07-15 14:44:19.507400
2025-07-15,13219,2025071504019631,UPCL,Primo Securities (PVT) Ltd.,Online Securities Pvt. Ltd.,13,407.6,5298.8,2025-07-15 14:44:19.507785
2025-07-15,13061,2025071504019671,UPCL,Primo Securities (PVT) Ltd.,N.M.B. SECURITIES LIMITED,10,407.6,4076.0,2025-07-15 14:44:34.493619
2025-07-15,12460,2025071504019770,UPCL,Primo Securities (PVT) Ltd.,Naasa Securities Co. Ltd.,200,407.6,81520.0,2025-07-15 14:45:26.098716
2025-07-15,12360,2025071504019808,UPCL,KALASH STOCK MARKET PVT. LTD.,Siprabi Securities Pvt. Ltd.,170,407.9,69343.0,2025-07-15 14:45:31.381498
2025-07-15,12359,2025071504019809,UPCL,KALASH STOCK MARKET PVT. LTD.,Trishakti Securities Public Limited,200,408.0,81600.0,2025-07-15 14:45:31.381845
2025-07-15,12358,2025071504019810,UPCL,KALASH STOCK MARKET PVT. LTD.,Thrive Brokerage House Pvt. Ltd,500,408.0,204000.0,2025-07-15 14:45:31.381998
2025-07-15,12357,2025071504019811,UPCL,KALASH STOCK MARKET PVT. LTD.,Nagarik Stock Dealer ,130,408.0,53040.0,2025-07-15 14:45:31.382143
2025-07-15,12226,2025071504019840,UPCL,Trishakti Securities Public Limited,Nagarik Stock Dealer ,870,408.0,354960.0,2025-07-15 14:45:46.320916
