Date,S.N.,Contract ID,Symbol,Buyer Broker,Seller Broker,quantity,rate,amount,transaction_time
2025-08-11,97338,2025081103000140,NLIC,Online Securities Pvt. Ltd.,Online Securities Pvt. Ltd.,10,820.0,8200.0,2025-08-11 11:03:55.713548
2025-08-11,94570,2025081103000395,NLIC,Vision Securities Pvt. Ltd,Market Securities & Exchange (PVT) Ltd.,10,811.0,8110.0,2025-08-11 11:10:31.784345
2025-08-11,94569,2025081103000396,NLIC,Vision Securities Pvt. Ltd,Market Securities & Exchange (PVT) Ltd.,50,810.0,40500.0,2025-08-11 11:10:31.784512
2025-08-11,94568,2025081103000397,NLIC,Naasa Securities Co. Ltd.,Market Securities & Exchange (PVT) Ltd.,82,810.0,66420.0,2025-08-11 11:10:31.784623
2025-08-11,94560,2025081103000398,NLIC,Naasa Securities Co. Ltd.,Imperial Securities Company Pvt. Ltd.,154,810.0,124740.0,2025-08-11 11:10:33.373380
2025-08-11,93871,2025081103000527,NLIC,Naasa Securities Co. Ltd.,ABC Securities Private Limited,13,810.0,10530.0,2025-08-11 11:12:03.251824
2025-08-11,93645,2025081103000557,NLIC,Online Securities Pvt. Ltd.,ABC Securities Private Limited,10,810.0,8100.0,2025-08-11 11:12:32.348932
2025-08-11,92611,2025081103000704,NLIC,Bhrikuti Stock Broking Co. Pvt. Ltd.,ABC Securities Private Limited,87,810.0,70470.0,2025-08-11 11:14:51.554396
2025-08-11,92434,2025081103000731,NLIC,Bhrikuti Stock Broking Co. Pvt. Ltd.,Thrive Brokerage House Pvt. Ltd,33,811.0,26763.0,2025-08-11 11:15:23.969183
2025-08-11,92310,2025081103000755,NLIC,Bhrikuti Stock Broking Co. Pvt. Ltd.,Trisul Securities & Invt. Ltd.,51,811.0,41361.0,2025-08-11 11:15:39.941583
2025-08-11,91131,2025081103000920,NLIC,Imperial Securities Company Pvt. Ltd.,Market Securities & Exchange (PVT) Ltd.,100,811.1,81110.0,2025-08-11 11:18:20.207512
2025-08-11,90034,2025081103001075,NLIC,Oxford Securities Pvt. Ltd.,Online Securities Pvt. Ltd.,10,814.0,8140.0,2025-08-11 11:20:51.956301
2025-08-11,88353,2025081103001258,NLIC,Naasa Securities Co. Ltd.,Trishakti Securities Public Limited,202,813.9,164407.8,2025-08-11 11:25:11.535317
2025-08-11,88090,2025081103001286,NLIC,Dipshikha Dhitopatra Karobar Co. Pvt Ltd.,Trishakti Securities Public Limited,298,813.9,242542.2,2025-08-11 11:25:44.932164
2025-08-11,88089,2025081103001287,NLIC,Dipshikha Dhitopatra Karobar Co. Pvt Ltd.,Online Securities Pvt. Ltd.,40,814.0,32560.0,2025-08-11 11:25:44.932305
2025-08-11,88088,2025081103001288,NLIC,Dipshikha Dhitopatra Karobar Co. Pvt Ltd.,ABC Securities Private Limited,162,814.0,131868.0,2025-08-11 11:25:44.932354
2025-08-11,87917,2025081103001308,NLIC,Imperial Securities Company Pvt. Ltd.,Online Securities Pvt. Ltd.,50,812.6,40630.0,2025-08-11 11:26:12.584077
2025-08-11,87566,2025081103001350,NLIC,Imperial Securities Company Pvt. Ltd.,Sani Securities Company Ltd.,110,812.8,89408.0,2025-08-11 11:27:00.219884
2025-08-11,87310,2025081103001367,NLIC,Imperial Securities Company Pvt. Ltd.,Malla & Malla Stock Broking Company Pvt. Limited,11,812.8,8940.8,2025-08-11 11:27:37.456247
2025-08-11,87073,2025081103001386,NLIC,SUN SECURITIES PVT LTD,Garima Securities Limited,29,813.0,23577.0,2025-08-11 11:28:18.527257
2025-08-11,86937,2025081103001401,NLIC,SUN SECURITIES PVT LTD,Imperial Securities Company Pvt. Ltd.,29,813.0,23577.0,2025-08-11 11:28:36.448243
2025-08-11,86602,2025081103001448,NLIC,Imperial Securities Company Pvt. Ltd.,ABC Securities Private Limited,38,814.0,30932.0,2025-08-11 11:29:17.153808
2025-08-11,86601,2025081103001449,NLIC,Imperial Securities Company Pvt. Ltd.,Secured Securities Ltd.,11,814.0,8954.0,2025-08-11 11:29:17.154071
2025-08-11,86200,2025081103001498,NLIC,Dipshikha Dhitopatra Karobar Co. Pvt Ltd.,Imperial Securities Company Pvt. Ltd.,54,813.0,43902.0,2025-08-11 11:29:58.857195
2025-08-11,86175,2025081103001503,NLIC,Indira securities pvt. ltd,Secured Securities Ltd.,500,814.0,407000.0,2025-08-11 11:30:03.259798
2025-08-11,85872,2025081103001544,NLIC,Dipshikha Dhitopatra Karobar Co. Pvt Ltd.,Deevyaa Securities & Stock House Pvt. Ltd,440,813.0,357720.0,2025-08-11 11:30:50.762385
2025-08-11,85220,2025081103001625,NLIC,Aryatara Investment & Securities,Secured Securities Ltd.,25,814.0,20350.0,2025-08-11 11:32:17.927816
2025-08-11,84828,2025081103001670,NLIC,Trishakti Securities Public Limited,ABC Securities Private Limited,100,811.1,81110.0,2025-08-11 11:33:06.399398
2025-08-11,84827,2025081103001671,NLIC,Deevyaa Securities & Stock House Pvt. Ltd,ABC Securities Private Limited,10,811.1,8111.0,2025-08-11 11:33:06.399638
2025-08-11,84381,2025081103001722,NLIC,Deevyaa Securities & Stock House Pvt. Ltd,Primo Securities (PVT) Ltd.,30,811.1,24333.0,2025-08-11 11:34:12.560511
2025-08-11,84380,2025081103001723,NLIC,Bhrikuti Stock Broking Co. Pvt. Ltd.,Primo Securities (PVT) Ltd.,29,811.0,23519.0,2025-08-11 11:34:12.560662
2025-08-11,84379,2025081103001724,NLIC,Imperial Securities Company Pvt. Ltd.,Primo Securities (PVT) Ltd.,10,811.0,8110.0,2025-08-11 11:34:12.560715
2025-08-11,84378,2025081103001725,NLIC,Naasa Securities Co. Ltd.,Primo Securities (PVT) Ltd.,93,811.0,75423.0,2025-08-11 11:34:12.560764
2025-08-11,84004,2025081103001756,NLIC,Siprabi Securities Pvt. Ltd.,ABC Securities Private Limited,10,810.0,8100.0,2025-08-11 11:34:57.437902
2025-08-11,83551,2025081103001816,NLIC,Dipshikha Dhitopatra Karobar Co. Pvt Ltd.,ABC Securities Private Limited,500,809.0,404500.0,2025-08-11 11:35:50.621572
2025-08-11,82728,2025081103002012,NLIC,Dipshikha Dhitopatra Karobar Co. Pvt Ltd.,ABC Securities Private Limited,16,810.0,12960.0,2025-08-11 11:37:37.577685
2025-08-11,82199,2025081103002085,NLIC,Vision Securities Pvt. Ltd,SHUBHAKAMANA SECURITIES PVT. LTD,100,808.5,80850.0,2025-08-11 11:38:52.169189
2025-08-11,82198,2025081103002086,NLIC,Imperial Securities Company Pvt. Ltd.,SHUBHAKAMANA SECURITIES PVT. LTD,10,808.0,8080.0,2025-08-11 11:38:52.169428
2025-08-11,82197,2025081103002087,NLIC,Online Securities Pvt. Ltd.,SHUBHAKAMANA SECURITIES PVT. LTD,10,806.0,8060.0,2025-08-11 11:38:52.169588
2025-08-11,82196,2025081103002088,NLIC,Opal Securities Investment (PVT) Ltd.,SHUBHAKAMANA SECURITIES PVT. LTD,100,805.3,80530.0,2025-08-11 11:38:52.169742
2025-08-11,82195,2025081103002089,NLIC,K.B.L. Securities Limited ,SHUBHAKAMANA SECURITIES PVT. LTD,400,805.3,322120.0,2025-08-11 11:38:52.169893
2025-08-11,82194,2025081103002090,NLIC,Imperial Securities Company Pvt. Ltd.,SHUBHAKAMANA SECURITIES PVT. LTD,380,805.1,305938.0,2025-08-11 11:38:52.170057
2025-08-11,81509,2025081103002205,NLIC,Imperial Securities Company Pvt. Ltd.,Sweta Securities Private Limited,110,805.1,88561.0,2025-08-11 11:40:30.280238
2025-08-11,81444,2025081103002211,NLIC,Imperial Securities Company Pvt. Ltd.,SHUBHAKAMANA SECURITIES PVT. LTD,310,805.1,249581.0,2025-08-11 11:40:38.514204
2025-08-11,81443,2025081103002212,NLIC,Imperial Securities Company Pvt. Ltd.,SHUBHAKAMANA SECURITIES PVT. LTD,20,805.0,16100.0,2025-08-11 11:40:38.514326
2025-08-11,81442,2025081103002213,NLIC,Imperial Securities Company Pvt. Ltd.,SHUBHAKAMANA SECURITIES PVT. LTD,500,805.0,402500.0,2025-08-11 11:40:38.514377
2025-08-11,81441,2025081103002214,NLIC,Pragyan Securities (PVT) Ltd.,SHUBHAKAMANA SECURITIES PVT. LTD,100,805.0,80500.0,2025-08-11 11:40:38.514421
2025-08-11,81440,2025081103002215,NLIC,Nepal Investment And Securities Trading Private Limited,SHUBHAKAMANA SECURITIES PVT. LTD,100,805.0,80500.0,2025-08-11 11:40:38.514481
2025-08-11,81439,2025081103002216,NLIC,Trisul Securities & Invt. Ltd.,SHUBHAKAMANA SECURITIES PVT. LTD,970,805.0,780850.0,2025-08-11 11:40:38.514530
2025-08-11,81268,2025081103002237,NLIC,Trisul Securities & Invt. Ltd.,Online Securities Pvt. Ltd.,25,805.0,20125.0,2025-08-11 11:41:00.593805
2025-08-11,81021,2025081103002274,NLIC,Ashutosh Brokerage & Securities (PVT) Ltd.,Malla & Malla Stock Broking Company Pvt. Limited,11,805.0,8855.0,2025-08-11 11:41:43.870612
2025-08-11,81015,2025081103002275,NLIC,Ashutosh Brokerage & Securities (PVT) Ltd.,ABC Securities Private Limited,39,805.0,31395.0,2025-08-11 11:41:45.490957
2025-08-11,81014,2025081103002276,NLIC,Kalika Securities Pvt. Ltd.,ABC Securities Private Limited,30,805.0,24150.0,2025-08-11 11:41:45.491071
2025-08-11,79356,2025081103002545,NLIC,Naasa Securities Co. Ltd.,J.F. Securites (PVT) Ltd.,25,803.0,20075.0,2025-08-11 11:45:51.240525
2025-08-11,79355,2025081103002546,NLIC,Naasa Securities Co. Ltd.,ABC Securities Private Limited,75,805.0,60375.0,2025-08-11 11:45:51.240691
2025-08-11,78514,2025081103002701,NLIC,Naasa Securities Co. Ltd.,Cristal Kanchanjanga Securites Pvt. Ltd.,10,801.1,8011.0,2025-08-11 11:48:09.818329
2025-08-11,78513,2025081103002702,NLIC,Kohinoor Investment & Securities Pvt. Ltd.,Cristal Kanchanjanga Securites Pvt. Ltd.,76,801.0,60876.0,2025-08-11 11:48:09.818489
2025-08-11,78464,2025081103002721,NLIC,Kumari Securities Private Limited,ABC Securities Private Limited,100,805.0,80500.0,2025-08-11 11:48:16.762733
2025-08-11,77338,2025081103002995,NLIC,Kohinoor Investment & Securities Pvt. Ltd.,Deevyaa Securities & Stock House Pvt. Ltd,124,801.0,99324.0,2025-08-11 11:51:07.216282
2025-08-11,77337,2025081103002996,NLIC,Cristal Kanchanjanga Securites Pvt. Ltd.,Deevyaa Securities & Stock House Pvt. Ltd,10,800.3,8003.0,2025-08-11 11:51:07.216425
2025-08-11,77336,2025081103002997,NLIC,Midas Stock Broking Company Private Limited,Deevyaa Securities & Stock House Pvt. Ltd,30,800.2,24006.0,2025-08-11 11:51:07.216482
2025-08-11,77335,2025081103002998,NLIC,Oxford Securities Pvt. Ltd.,Deevyaa Securities & Stock House Pvt. Ltd,63,800.2,50412.6,2025-08-11 11:51:07.216535
2025-08-11,77334,2025081103002999,NLIC,K.B.L. Securities Limited ,Deevyaa Securities & Stock House Pvt. Ltd,20,800.1,16002.0,2025-08-11 11:51:07.216587
2025-08-11,77333,2025081103003000,NLIC,Kumari Securities Private Limited,Deevyaa Securities & Stock House Pvt. Ltd,100,800.0,80000.0,2025-08-11 11:51:07.216642
2025-08-11,77332,2025081103003001,NLIC,N.M.B. SECURITIES LIMITED,Deevyaa Securities & Stock House Pvt. Ltd,100,800.0,80000.0,2025-08-11 11:51:07.216696
2025-08-11,77331,2025081103003002,NLIC,N.M.B. SECURITIES LIMITED,Deevyaa Securities & Stock House Pvt. Ltd,75,800.0,60000.0,2025-08-11 11:51:07.216747
2025-08-11,77330,2025081103003003,NLIC,Siprabi Securities Pvt. Ltd.,Deevyaa Securities & Stock House Pvt. Ltd,10,800.0,8000.0,2025-08-11 11:51:07.216798
2025-08-11,77329,2025081103003004,NLIC,Midas Stock Broking Company Private Limited,Deevyaa Securities & Stock House Pvt. Ltd,40,800.0,32000.0,2025-08-11 11:51:07.216848
2025-08-11,77328,2025081103003005,NLIC,Linch Stock Market Ltd.,Deevyaa Securities & Stock House Pvt. Ltd,200,800.0,160000.0,2025-08-11 11:51:07.216911
2025-08-11,77327,2025081103003006,NLIC,Nabil Stock Dealer Ltd.,Deevyaa Securities & Stock House Pvt. Ltd,100,800.0,80000.0,2025-08-11 11:51:07.216964
2025-08-11,77326,2025081103003007,NLIC,Thrive Brokerage House Pvt. Ltd,Deevyaa Securities & Stock House Pvt. Ltd,50,800.0,40000.0,2025-08-11 11:51:07.217013
2025-08-11,77325,2025081103003008,NLIC,Miyo Securities Pvt Ltd,Deevyaa Securities & Stock House Pvt. Ltd,50,800.0,40000.0,2025-08-11 11:51:07.217073
2025-08-11,77324,2025081103003009,NLIC,Naasa Securities Co. Ltd.,Deevyaa Securities & Stock House Pvt. Ltd,23,800.0,18400.0,2025-08-11 11:51:07.217138
2025-08-11,77211,2025081103003019,NLIC,Secured Securities Ltd.,Deevyaa Securities & Stock House Pvt. Ltd,100,800.0,80000.0,2025-08-11 11:51:30.306617
2025-08-11,77210,2025081103003020,NLIC,Cristal Kanchanjanga Securites Pvt. Ltd.,Deevyaa Securities & Stock House Pvt. Ltd,10,798.1,7981.0,2025-08-11 11:51:30.306871
2025-08-11,77209,2025081103003021,NLIC,Kumari Securities Private Limited,Deevyaa Securities & Stock House Pvt. Ltd,80,798.1,63848.0,2025-08-11 11:51:30.307059
2025-08-11,77208,2025081103003022,NLIC,Market Securities & Exchange (PVT) Ltd.,Deevyaa Securities & Stock House Pvt. Ltd,100,798.0,79800.0,2025-08-11 11:51:30.307219
2025-08-11,77207,2025081103003023,NLIC,ABC Securities Private Limited,Deevyaa Securities & Stock House Pvt. Ltd,50,798.0,39900.0,2025-08-11 11:51:30.307393
2025-08-11,77206,2025081103003024,NLIC,Linch Stock Market Ltd.,Deevyaa Securities & Stock House Pvt. Ltd,200,797.0,159400.0,2025-08-11 11:51:30.307548
2025-08-11,77205,2025081103003025,NLIC,Linch Stock Market Ltd.,Deevyaa Securities & Stock House Pvt. Ltd,100,797.0,79700.0,2025-08-11 11:51:30.307700
2025-08-11,77204,2025081103003026,NLIC,Siprabi Securities Pvt. Ltd.,Deevyaa Securities & Stock House Pvt. Ltd,100,795.0,79500.0,2025-08-11 11:51:30.307843
2025-08-11,77203,2025081103003027,NLIC,Primo Securities (PVT) Ltd.,Deevyaa Securities & Stock House Pvt. Ltd,360,795.0,286200.0,2025-08-11 11:51:30.307991
2025-08-11,76938,2025081103003066,NLIC,Primo Securities (PVT) Ltd.,Naasa Securities Co. Ltd.,36,795.0,28620.0,2025-08-11 11:52:07.086675
2025-08-11,76715,2025081103003101,NLIC,Imperial Securities Company Pvt. Ltd.,Premier Securities Company Ltd.,6,792.9,4757.4,2025-08-11 11:52:40.090439
2025-08-11,76517,2025081103003146,NLIC,Kohinoor Investment & Securities Pvt. Ltd.,Trisul Securities & Invt. Ltd.,50,795.1,39755.0,2025-08-11 11:53:05.361454
2025-08-11,76516,2025081103003147,NLIC,Primo Securities (PVT) Ltd.,Trisul Securities & Invt. Ltd.,104,795.0,82680.0,2025-08-11 11:53:05.361590
2025-08-11,76515,2025081103003148,NLIC,Nepal Stock House (PVT) Ltd.,Trisul Securities & Invt. Ltd.,17,795.0,13515.0,2025-08-11 11:53:05.361654
2025-08-11,76514,2025081103003149,NLIC,Nepal Investment And Securities Trading Private Limited,Trisul Securities & Invt. Ltd.,25,795.0,19875.0,2025-08-11 11:53:05.361711
2025-08-11,76475,2025081103003167,NLIC,Sumeru Securities Pvt. Ltd.,Trisul Securities & Invt. Ltd.,200,795.0,159000.0,2025-08-11 11:53:12.156434
2025-08-11,76094,2025081103003256,NLIC,Kumari Securities Private Limited,Trisul Securities & Invt. Ltd.,100,795.0,79500.0,2025-08-11 11:53:58.204558
2025-08-11,75873,2025081103003313,NLIC,Opal Securities Investment (PVT) Ltd.,J.F. Securites (PVT) Ltd.,100,795.0,79500.0,2025-08-11 11:54:31.660175
2025-08-11,75871,2025081103003314,NLIC,Nepal Investment And Securities Trading Private Limited,J.F. Securites (PVT) Ltd.,100,795.0,79500.0,2025-08-11 11:54:32.544296
2025-08-11,75765,2025081103003332,NLIC,Trishakti Securities Public Limited,Primo Securities (PVT) Ltd.,200,794.0,158800.0,2025-08-11 11:54:49.973644
2025-08-11,75750,2025081103003335,NLIC,Sweta Securities Private Limited,Primo Securities (PVT) Ltd.,50,794.0,39700.0,2025-08-11 11:54:53.554344
2025-08-11,75607,2025081103003350,NLIC,Imperial Securities Company Pvt. Ltd.,Primo Securities (PVT) Ltd.,200,794.0,158800.0,2025-08-11 11:55:18.761395
2025-08-11,75452,2025081103003397,NLIC,J.F. Securites (PVT) Ltd.,Sipla Securities Private Limited,10,793.8,7938.0,2025-08-11 11:55:43.134617
2025-08-11,75451,2025081103003398,NLIC,Dynamic Money Managers Securities Pvt. Ltd.,Sipla Securities Private Limited,26,793.0,20618.0,2025-08-11 11:55:43.134869
2025-08-11,75281,2025081103003437,NLIC,Cristal Kanchanjanga Securites Pvt. Ltd.,Primo Securities (PVT) Ltd.,16,794.0,12704.0,2025-08-11 11:56:00.732913
2025-08-11,75280,2025081103003438,NLIC,Cristal Kanchanjanga Securites Pvt. Ltd.,Cristal Kanchanjanga Securites Pvt. Ltd.,100,794.0,79400.0,2025-08-11 11:56:00.733073
2025-08-11,75279,2025081103003439,NLIC,Cristal Kanchanjanga Securites Pvt. Ltd.,J.F. Securites (PVT) Ltd.,84,795.0,66780.0,2025-08-11 11:56:00.733135
2025-08-11,75198,2025081103003452,NLIC,Dipshikha Dhitopatra Karobar Co. Pvt Ltd.,J.F. Securites (PVT) Ltd.,200,795.0,159000.0,2025-08-11 11:56:14.539691
2025-08-11,75152,2025081103003464,NLIC,Dynamic Money Managers Securities Pvt. Ltd.,J.F. Securites (PVT) Ltd.,374,795.0,297330.0,2025-08-11 11:56:20.380752
2025-08-11,75037,2025081103003486,NLIC,Secured Securities Ltd.,J.F. Securites (PVT) Ltd.,50,795.0,39750.0,2025-08-11 11:56:40.654252
2025-08-11,75036,2025081103003487,NLIC,Linch Stock Market Ltd.,J.F. Securites (PVT) Ltd.,92,795.0,73140.0,2025-08-11 11:56:41.434125
2025-08-11,73994,2025081103003721,NLIC,Imperial Securities Company Pvt. Ltd.,Asian Securities Private Ltd.,50,799.0,39950.0,2025-08-11 11:58:57.266685
2025-08-11,73802,2025081103003780,NLIC,Sani Securities Company Ltd.,Asian Securities Private Ltd.,10,799.0,7990.0,2025-08-11 11:59:29.990767
2025-08-11,73399,2025081103003851,NLIC,Garima Securities Limited,Imperial Securities Company Pvt. Ltd.,33,795.2,26241.6,2025-08-11 12:00:38.572138
2025-08-11,73336,2025081103003863,NLIC,Dipshikha Dhitopatra Karobar Co. Pvt Ltd.,Asian Securities Private Ltd.,10,799.0,7990.0,2025-08-11 12:00:47.325760
2025-08-11,73171,2025081103003909,NLIC,Sagarmatha Securities Private Limited,Naasa Securities Co. Ltd.,11,799.0,8789.0,2025-08-11 12:01:21.099530
2025-08-11,73049,2025081103003925,NLIC,Dipshikha Dhitopatra Karobar Co. Pvt Ltd.,ABC Securities Private Limited,90,800.0,72000.0,2025-08-11 12:01:44.086506
2025-08-11,72879,2025081103003946,NLIC,Siprabi Securities Pvt. Ltd.,ABC Securities Private Limited,20,800.0,16000.0,2025-08-11 12:02:13.710009
2025-08-11,72508,2025081103003994,NLIC,Nabil Stock Dealer Ltd.,ABC Securities Private Limited,50,800.0,40000.0,2025-08-11 12:03:34.859515
2025-08-11,72168,2025081103004040,NLIC,Sweta Securities Private Limited,ABC Securities Private Limited,100,800.0,80000.0,2025-08-11 12:04:24.977858
2025-08-11,71755,2025081103004104,NLIC,Sri Hari Securities Pvt. Ltd.,Sipla Securities Private Limited,36,799.1,28767.6,2025-08-11 12:05:34.114351
2025-08-11,71292,2025081103004171,NLIC,Sri Hari Securities Pvt. Ltd.,Naasa Securities Co. Ltd.,130,799.1,103883.0,2025-08-11 12:06:44.809279
2025-08-11,70781,2025081103004251,NLIC,Deevyaa Securities & Stock House Pvt. Ltd,Vision Securities Pvt. Ltd,16,800.0,12800.0,2025-08-11 12:08:10.278456
2025-08-11,70141,2025081103004385,NLIC,Deevyaa Securities & Stock House Pvt. Ltd,Sweta Securities Private Limited,36,802.0,28872.0,2025-08-11 12:09:59.995363
2025-08-11,69751,2025081103004463,NLIC,Deevyaa Securities & Stock House Pvt. Ltd,Thrive Brokerage House Pvt. Ltd,48,802.0,38496.0,2025-08-11 12:11:08.806362
2025-08-11,69750,2025081103004464,NLIC,Aryatara Investment & Securities,Thrive Brokerage House Pvt. Ltd,246,802.0,197292.0,2025-08-11 12:11:08.806546
2025-08-11,69281,2025081103004569,NLIC,Aryatara Investment & Securities,Dakshinkali Investment & Securities Pvt. Ltd.,754,802.0,604708.0,2025-08-11 12:12:11.975111
2025-08-11,69167,2025081103004605,NLIC,Agrawal Securities (PVT) Ltd.,Dakshinkali Investment & Securities Pvt. Ltd.,700,802.0,561400.0,2025-08-11 12:12:29.536868
2025-08-11,69121,2025081103004607,NLIC,Dipshikha Dhitopatra Karobar Co. Pvt Ltd.,Neev Securities Pvt. Ltd.,2,800.0,1600.0,2025-08-11 12:12:35.066839
2025-08-11,68682,2025081103004712,NLIC,Sri Hari Securities Pvt. Ltd.,Deevyaa Securities & Stock House Pvt. Ltd,10,800.0,8000.0,2025-08-11 12:13:33.669398
2025-08-11,68681,2025081103004713,NLIC,Vision Securities Pvt. Ltd,Deevyaa Securities & Stock House Pvt. Ltd,500,800.0,400000.0,2025-08-11 12:13:33.669441
2025-08-11,68680,2025081103004714,NLIC,Agrawal Securities (PVT) Ltd.,Deevyaa Securities & Stock House Pvt. Ltd,155,799.3,123891.5,2025-08-11 12:13:33.669469
2025-08-11,67454,2025081103004955,NLIC,Sagarmatha Securities Private Limited,Online Securities Pvt. Ltd.,10,800.0,8000.0,2025-08-11 12:16:49.084569
2025-08-11,67162,2025081103004972,NLIC,K.B.L. Securities Limited ,Linch Stock Market Ltd.,36,799.4,28778.4,2025-08-11 12:17:35.724162
2025-08-11,67054,2025081103004982,NLIC,K.B.L. Securities Limited ,Online Securities Pvt. Ltd.,14,799.4,11191.6,2025-08-11 12:17:50.636188
2025-08-11,67053,2025081103004983,NLIC,Agrawal Securities (PVT) Ltd.,Deevyaa Securities & Stock House Pvt. Ltd,300,799.3,239790.0,2025-08-11 12:17:50.980093
2025-08-11,66612,2025081103005075,NLIC,Agrawal Securities (PVT) Ltd.,Nagarik Stock Dealer ,500,799.3,399650.0,2025-08-11 12:19:01.537562
2025-08-11,65945,2025081103005171,NLIC,Agrawal Securities (PVT) Ltd.,Online Securities Pvt. Ltd.,45,799.3,35968.5,2025-08-11 12:20:48.370477
2025-08-11,65944,2025081103005172,NLIC,Deevyaa Securities & Stock House Pvt. Ltd,Online Securities Pvt. Ltd.,25,799.2,19980.0,2025-08-11 12:20:48.370659
2025-08-11,65823,2025081103005216,NLIC,Agrawal Securities (PVT) Ltd.,Indira securities pvt. ltd,265,799.2,211788.0,2025-08-11 12:21:09.460560
2025-08-11,65620,2025081103005267,NLIC,Kumari Securities Private Limited,Sweta Securities Private Limited,36,799.3,28774.8,2025-08-11 12:21:43.953129
2025-08-11,63921,2025081103005544,NLIC,Premier Securities Company Ltd.,Sundhara Securities Limited,1,783.4,783.4,2025-08-11 12:26:32.776226
2025-08-11,63760,2025081103005571,NLIC,Premier Securities Company Ltd.,Agrawal Securities (PVT) Ltd.,1,785.0,785.0,2025-08-11 12:27:02.953872
2025-08-11,63434,2025081103005611,NLIC,Premier Securities Company Ltd.,Dipshikha Dhitopatra Karobar Co. Pvt Ltd.,1,783.4,783.4,2025-08-11 12:27:58.239193
2025-08-11,63220,2025081103005666,NLIC,Vision Securities Pvt. Ltd,Dipshikha Dhitopatra Karobar Co. Pvt Ltd.,14,800.0,11200.0,2025-08-11 12:28:53.293643
2025-08-11,63218,2025081103005667,NLIC,Vision Securities Pvt. Ltd,Indira securities pvt. ltd,75,800.0,60000.0,2025-08-11 12:28:53.604410
2025-08-11,63147,2025081103005689,NLIC,Premier Securities Company Ltd.,Midas Stock Broking Company Private Limited,1,784.0,784.0,2025-08-11 12:29:04.625915
2025-08-11,61030,2025081103006026,NLIC,Agrawal Securities (PVT) Ltd.,Dakshinkali Investment & Securities Pvt. Ltd.,46,802.0,36892.0,2025-08-11 12:36:05.928201
2025-08-11,61029,2025081103006027,NLIC,Agrawal Securities (PVT) Ltd.,South Asian Bulls Pvt. Ltd.,16,803.9,12862.4,2025-08-11 12:36:05.928578
2025-08-11,61028,2025081103006028,NLIC,Agrawal Securities (PVT) Ltd.,Cristal Kanchanjanga Securites Pvt. Ltd.,120,804.0,96480.0,2025-08-11 12:36:05.928832
2025-08-11,61027,2025081103006029,NLIC,Agrawal Securities (PVT) Ltd.,Aakashbhairab Securities Ltd.,818,804.0,657672.0,2025-08-11 12:36:05.929061
2025-08-11,60714,2025081103006048,NLIC,Deevyaa Securities & Stock House Pvt. Ltd,Aakashbhairab Securities Ltd.,182,804.0,146328.0,2025-08-11 12:36:51.132391
2025-08-11,60523,2025081103006077,NLIC,Primo Securities (PVT) Ltd.,Imperial Securities Company Pvt. Ltd.,40,804.9,32196.0,2025-08-11 12:37:32.312874
2025-08-11,60516,2025081103006081,NLIC,ABC Securities Private Limited,Imperial Securities Company Pvt. Ltd.,12,804.9,9658.8,2025-08-11 12:37:34.347783
2025-08-11,60319,2025081103006122,NLIC,Deevyaa Securities & Stock House Pvt. Ltd,Online Securities Pvt. Ltd.,141,804.5,113434.5,2025-08-11 12:38:16.440553
2025-08-11,60073,2025081103006165,NLIC,J.F. Securites (PVT) Ltd.,Bhrikuti Stock Broking Co. Pvt. Ltd.,10,804.0,8040.0,2025-08-11 12:39:12.225498
2025-08-11,60072,2025081103006166,NLIC,Oxford Securities Pvt. Ltd.,Bhrikuti Stock Broking Co. Pvt. Ltd.,61,801.0,48861.0,2025-08-11 12:39:12.225552
2025-08-11,60071,2025081103006167,NLIC,S.P.S.A. Securities Limited,Bhrikuti Stock Broking Co. Pvt. Ltd.,100,801.0,80100.0,2025-08-11 12:39:12.225577
2025-08-11,60070,2025081103006168,NLIC,Thrive Brokerage House Pvt. Ltd,Bhrikuti Stock Broking Co. Pvt. Ltd.,329,800.2,263265.8,2025-08-11 12:39:12.225599
2025-08-11,59655,2025081103006222,NLIC,Vision Securities Pvt. Ltd,Aryatara Investment & Securities,10,800.3,8003.0,2025-08-11 12:40:47.189926
2025-08-11,58976,2025081103006368,NLIC,ABC Securities Private Limited,Sani Securities Company Ltd.,12,801.0,9612.0,2025-08-11 12:42:44.931509
2025-08-11,58721,2025081103006402,NLIC,Deevyaa Securities & Stock House Pvt. Ltd,Sani Securities Company Ltd.,45,801.0,36045.0,2025-08-11 12:43:41.445666
2025-08-11,58720,2025081103006403,NLIC,Deevyaa Securities & Stock House Pvt. Ltd,Online Securities Pvt. Ltd.,248,802.0,198896.0,2025-08-11 12:43:41.446065
2025-08-11,58690,2025081103006408,NLIC,Vision Securities Pvt. Ltd,Online Securities Pvt. Ltd.,1000,802.0,802000.0,2025-08-11 12:43:48.084536
2025-08-11,58623,2025081103006416,NLIC,J.F. Securites (PVT) Ltd.,Online Securities Pvt. Ltd.,10,802.0,8020.0,2025-08-11 12:44:02.616275
2025-08-11,58532,2025081103006428,NLIC,Premier Securities Company Ltd.,Primo Securities (PVT) Ltd.,1,789.0,789.0,2025-08-11 12:44:19.116337
2025-08-11,58523,2025081103006430,NLIC,Agrawal Securities (PVT) Ltd.,Online Securities Pvt. Ltd.,300,802.0,240600.0,2025-08-11 12:44:23.165426
2025-08-11,58475,2025081103006439,NLIC,Vision Securities Pvt. Ltd,Online Securities Pvt. Ltd.,442,802.0,354484.0,2025-08-11 12:44:43.524588
2025-08-11,57957,2025081103006542,NLIC,Capital Max Securities Ltd,Siprabi Securities Pvt. Ltd.,20,804.7,16094.0,2025-08-11 12:46:48.993823
2025-08-11,56066,2025081103006864,NLIC,Vision Securities Pvt. Ltd,Indira securities pvt. ltd,76,801.1,60883.6,2025-08-11 12:54:19.713702
2025-08-11,55712,2025081103006928,NLIC,Imperial Securities Company Pvt. Ltd.,Online Securities Pvt. Ltd.,45,802.0,36090.0,2025-08-11 12:55:27.931299
2025-08-11,55634,2025081103006940,NLIC,Online Securities Pvt. Ltd.,Trisul Securities & Invt. Ltd.,4,795.0,3180.0,2025-08-11 12:55:44.452817
2025-08-11,55536,2025081103006952,NLIC,Agrawal Securities (PVT) Ltd.,Online Securities Pvt. Ltd.,900,802.0,721800.0,2025-08-11 12:56:08.159936
2025-08-11,55523,2025081103006954,NLIC,Online Securities Pvt. Ltd.,Dipshikha Dhitopatra Karobar Co. Pvt Ltd.,2,799.1,1598.2,2025-08-11 12:56:09.686061
2025-08-11,55425,2025081103006965,NLIC,Online Securities Pvt. Ltd.,Sani Securities Company Ltd.,4,799.4,3197.6,2025-08-11 12:56:27.840257
2025-08-11,55031,2025081103007031,NLIC,Vision Securities Pvt. Ltd,Vision Securities Pvt. Ltd,112,801.1,89723.2,2025-08-11 12:57:49.527900
2025-08-11,54853,2025081103007063,NLIC,Vision Securities Pvt. Ltd,Himalayan Securities Limited,100,801.1,80110.0,2025-08-11 12:58:21.532371
2025-08-11,54603,2025081103007108,NLIC,Vision Securities Pvt. Ltd,J.F. Securites (PVT) Ltd.,10,801.1,8011.0,2025-08-11 12:59:29.083376
2025-08-11,54597,2025081103007110,NLIC,Vision Securities Pvt. Ltd,Naasa Securities Co. Ltd.,148,801.1,118562.8,2025-08-11 12:59:31.456965
2025-08-11,54596,2025081103007111,NLIC,Agrawal Securities (PVT) Ltd.,Naasa Securities Co. Ltd.,52,801.1,41657.2,2025-08-11 12:59:31.457014
2025-08-11,54516,2025081103007140,NLIC,Trishakti Securities Public Limited,Online Securities Pvt. Ltd.,30,802.0,24060.0,2025-08-11 12:59:53.363627
2025-08-11,54462,2025081103007145,NLIC,Agrawal Securities (PVT) Ltd.,Online Securities Pvt. Ltd.,25,802.0,20050.0,2025-08-11 13:00:03.158677
2025-08-11,52551,2025081103007471,NLIC,KALASH STOCK MARKET PVT. LTD.,Aryatara Investment & Securities,10,803.1,8031.0,2025-08-11 13:06:57.260926
2025-08-11,52159,2025081103007559,NLIC,Agrawal Securities (PVT) Ltd.,Siprabi Securities Pvt. Ltd.,200,804.3,160860.0,2025-08-11 13:08:02.780494
2025-08-11,51601,2025081103007692,NLIC,ABC Securities Private Limited,Siprabi Securities Pvt. Ltd.,14,804.3,11260.2,2025-08-11 13:09:44.142557
2025-08-11,51504,2025081103007711,NLIC,KALASH STOCK MARKET PVT. LTD.,Vision Securities Pvt. Ltd,33,803.1,26502.3,2025-08-11 13:10:00.099604
2025-08-11,51167,2025081103007776,NLIC,ABC Securities Private Limited,Siprabi Securities Pvt. Ltd.,12,803.0,9636.0,2025-08-11 13:11:07.714511
2025-08-11,51166,2025081103007777,NLIC,Dakshinkali Investment & Securities Pvt. Ltd.,Siprabi Securities Pvt. Ltd.,54,803.0,43362.0,2025-08-11 13:11:07.714928
2025-08-11,50882,2025081103007827,NLIC,Dakshinkali Investment & Securities Pvt. Ltd.,Sewa Securities Pvt. Ltd.,46,803.0,36938.0,2025-08-11 13:12:19.017254
2025-08-11,50881,2025081103007828,NLIC,Property Wiard Limited,Sewa Securities Pvt. Ltd.,74,803.0,59422.0,2025-08-11 13:12:19.017471
2025-08-11,50622,2025081103007886,NLIC,Property Wiard Limited,S.P.S.A. Securities Limited,500,803.0,401500.0,2025-08-11 13:13:03.254046
2025-08-11,50554,2025081103007902,NLIC,Property Wiard Limited,ABC Securities Private Limited,60,803.0,48180.0,2025-08-11 13:13:15.862792
2025-08-11,50515,2025081103007904,NLIC,Property Wiard Limited,ABC Securities Private Limited,230,803.0,184690.0,2025-08-11 13:13:24.936759
2025-08-11,50454,2025081103007908,NLIC,Agrawal Securities (PVT) Ltd.,S.P.S.A. Securities Limited,200,804.0,160800.0,2025-08-11 13:13:35.844711
2025-08-11,50190,2025081103007990,NLIC,Property Wiard Limited,Dipshikha Dhitopatra Karobar Co. Pvt Ltd.,15,803.0,12045.0,2025-08-11 13:14:16.656974
2025-08-11,49844,2025081103008044,NLIC,Naasa Securities Co. Ltd.,Vision Securities Pvt. Ltd,10,803.1,8031.0,2025-08-11 13:15:27.977324
2025-08-11,49843,2025081103008045,NLIC,Property Wiard Limited,Vision Securities Pvt. Ltd,90,803.0,72270.0,2025-08-11 13:15:27.977586
2025-08-11,48597,2025081103008262,NLIC,Agrawal Securities (PVT) Ltd.,S.P.S.A. Securities Limited,200,804.0,160800.0,2025-08-11 13:19:23.912524
2025-08-11,48596,2025081103008263,NLIC,Agrawal Securities (PVT) Ltd.,Online Securities Pvt. Ltd.,300,804.0,241200.0,2025-08-11 13:19:23.912750
2025-08-11,48487,2025081103008273,NLIC,Property Wiard Limited,Miyo Securities Pvt Ltd,31,803.0,24893.0,2025-08-11 13:19:40.772614
2025-08-11,48486,2025081103008274,NLIC,Agrawal Securities (PVT) Ltd.,Miyo Securities Pvt Ltd,469,802.2,376231.8,2025-08-11 13:19:40.772843
2025-08-11,48284,2025081103008315,NLIC,Agrawal Securities (PVT) Ltd.,Cristal Kanchanjanga Securites Pvt. Ltd.,266,802.2,213385.2,2025-08-11 13:20:21.530173
2025-08-11,48283,2025081103008316,NLIC,Vision Securities Pvt. Ltd,Cristal Kanchanjanga Securites Pvt. Ltd.,500,802.1,401050.0,2025-08-11 13:20:21.530382
2025-08-11,48282,2025081103008317,NLIC,Agrawal Securities (PVT) Ltd.,Cristal Kanchanjanga Securites Pvt. Ltd.,480,802.0,384960.0,2025-08-11 13:20:21.530466
2025-08-11,48281,2025081103008318,NLIC,Agrawal Securities (PVT) Ltd.,Cristal Kanchanjanga Securites Pvt. Ltd.,1000,802.0,802000.0,2025-08-11 13:20:21.530546
2025-08-11,47910,2025081103008370,NLIC,Dynamic Money Managers Securities Pvt. Ltd.,Cristal Kanchanjanga Securites Pvt. Ltd.,200,802.0,160400.0,2025-08-11 13:21:34.708457
2025-08-11,46678,2025081103008595,NLIC,Agrawal Securities (PVT) Ltd.,Ashutosh Brokerage & Securities (PVT) Ltd.,48,801.1,38452.8,2025-08-11 13:25:09.491438
2025-08-11,46677,2025081103008596,NLIC,Investment Management Nepal Pvt. Ltd.,Ashutosh Brokerage & Securities (PVT) Ltd.,10,801.1,8011.0,2025-08-11 13:25:09.491659
2025-08-11,46296,2025081103008678,NLIC,Vision Securities Pvt. Ltd,Ashutosh Brokerage & Securities (PVT) Ltd.,130,801.1,104143.0,2025-08-11 13:26:31.523290
2025-08-11,45916,2025081103008752,NLIC,Thrive Brokerage House Pvt. Ltd,Ashutosh Brokerage & Securities (PVT) Ltd.,62,801.0,49662.0,2025-08-11 13:27:37.502326
2025-08-11,45727,2025081103008771,NLIC,Thrive Brokerage House Pvt. Ltd,Cristal Kanchanjanga Securites Pvt. Ltd.,238,801.0,190638.0,2025-08-11 13:28:11.701670
2025-08-11,45726,2025081103008772,NLIC,Sani Securities Company Ltd.,Cristal Kanchanjanga Securites Pvt. Ltd.,1000,801.0,801000.0,2025-08-11 13:28:11.701813
2025-08-11,45725,2025081103008773,NLIC,Sumeru Securities Pvt. Ltd.,Cristal Kanchanjanga Securites Pvt. Ltd.,580,800.6,464348.0,2025-08-11 13:28:11.701894
2025-08-11,45724,2025081103008774,NLIC,Aryatara Investment & Securities,Cristal Kanchanjanga Securites Pvt. Ltd.,1000,800.5,800500.0,2025-08-11 13:28:11.701977
2025-08-11,45723,2025081103008775,NLIC,Naasa Securities Co. Ltd.,Cristal Kanchanjanga Securites Pvt. Ltd.,45,800.5,36022.5,2025-08-11 13:28:11.702069
2025-08-11,45722,2025081103008776,NLIC,Thrive Brokerage House Pvt. Ltd,Cristal Kanchanjanga Securites Pvt. Ltd.,137,800.2,109627.4,2025-08-11 13:28:11.702145
2025-08-11,45570,2025081103008791,NLIC,Thrive Brokerage House Pvt. Ltd,Cristal Kanchanjanga Securites Pvt. Ltd.,34,800.2,27206.8,2025-08-11 13:28:32.792883
2025-08-11,45569,2025081103008792,NLIC,NIMB Stock Markets Limited,Cristal Kanchanjanga Securites Pvt. Ltd.,99,800.0,79200.0,2025-08-11 13:28:32.793084
2025-08-11,45568,2025081103008793,NLIC,Dipshikha Dhitopatra Karobar Co. Pvt Ltd.,Cristal Kanchanjanga Securites Pvt. Ltd.,20,800.0,16000.0,2025-08-11 13:28:32.793183
2025-08-11,45567,2025081103008794,NLIC,Sundhara Securities Limited,Cristal Kanchanjanga Securites Pvt. Ltd.,10,800.0,8000.0,2025-08-11 13:28:32.793258
2025-08-11,45566,2025081103008795,NLIC,Nabil Stock Dealer Ltd.,Cristal Kanchanjanga Securites Pvt. Ltd.,50,800.0,40000.0,2025-08-11 13:28:32.793333
2025-08-11,45565,2025081103008796,NLIC,Shree Krishna Securities Ltd.,Cristal Kanchanjanga Securites Pvt. Ltd.,2341,800.0,1872800.0,2025-08-11 13:28:32.793408
2025-08-11,45325,2025081103008853,NLIC,Vision Securities Pvt. Ltd,K.B.L. Securities Limited ,50,801.0,40050.0,2025-08-11 13:29:28.493589
2025-08-11,45073,2025081103008910,NLIC,Shree Krishna Securities Ltd.,Siprabi Securities Pvt. Ltd.,159,800.0,127200.0,2025-08-11 13:30:25.870365
2025-08-11,45072,2025081103008911,NLIC,J.F. Securites (PVT) Ltd.,Siprabi Securities Pvt. Ltd.,100,800.0,80000.0,2025-08-11 13:30:25.870429
2025-08-11,45071,2025081103008912,NLIC,Naasa Securities Co. Ltd.,Siprabi Securities Pvt. Ltd.,10,800.0,8000.0,2025-08-11 13:30:25.870458
2025-08-11,45070,2025081103008913,NLIC,Kohinoor Investment & Securities Pvt. Ltd.,Siprabi Securities Pvt. Ltd.,10,800.0,8000.0,2025-08-11 13:30:25.870484
2025-08-11,45069,2025081103008914,NLIC,Sri Hari Securities Pvt. Ltd.,Siprabi Securities Pvt. Ltd.,129,799.5,103135.5,2025-08-11 13:30:25.870514
2025-08-11,44942,2025081103008935,NLIC,Agrawal Securities (PVT) Ltd.,Imperial Securities Company Pvt. Ltd.,25,800.0,20000.0,2025-08-11 13:30:42.986778
2025-08-11,44854,2025081103008947,NLIC,Agrawal Securities (PVT) Ltd.,Aryatara Investment & Securities,126,800.1,100812.6,2025-08-11 13:30:54.265146
2025-08-11,44686,2025081103009001,NLIC,Agrawal Securities (PVT) Ltd.,Kohinoor Investment & Securities Pvt. Ltd.,30,800.1,24003.0,2025-08-11 13:31:25.465449
2025-08-11,44678,2025081103009004,NLIC,Agrawal Securities (PVT) Ltd.,Nepal Stock House (PVT) Ltd.,110,800.1,88011.0,2025-08-11 13:31:26.737968
2025-08-11,44358,2025081103009057,NLIC,Siprabi Securities Pvt. Ltd.,Cristal Kanchanjanga Securites Pvt. Ltd.,1,800.0,800.0,2025-08-11 13:32:16.777458
2025-08-11,44082,2025081103009090,NLIC,Deevyaa Securities & Stock House Pvt. Ltd,K.B.L. Securities Limited ,50,801.0,40050.0,2025-08-11 13:32:46.503886
2025-08-11,44035,2025081103009099,NLIC,Deevyaa Securities & Stock House Pvt. Ltd,Kohinoor Investment & Securities Pvt. Ltd.,160,801.5,128240.0,2025-08-11 13:32:59.986521
2025-08-11,43832,2025081103009139,NLIC,Agrawal Securities (PVT) Ltd.,Imperial Securities Company Pvt. Ltd.,198,800.1,158419.8,2025-08-11 13:33:27.189344
2025-08-11,43168,2025081103009255,NLIC,Online Securities Pvt. Ltd.,Miyo Securities Pvt Ltd,220,800.2,176044.0,2025-08-11 13:34:55.568180
2025-08-11,41110,2025081103009541,NLIC,Sweta Securities Private Limited,Imperial Securities Company Pvt. Ltd.,50,801.0,40050.0,2025-08-11 13:39:56.070657
2025-08-11,40725,2025081103009589,NLIC,Agrawal Securities (PVT) Ltd.,Imperial Securities Company Pvt. Ltd.,150,801.0,120150.0,2025-08-11 13:40:58.344005
2025-08-11,40724,2025081103009590,NLIC,Agrawal Securities (PVT) Ltd.,Naasa Securities Co. Ltd.,100,801.0,80100.0,2025-08-11 13:40:58.344422
2025-08-11,40723,2025081103009591,NLIC,Agrawal Securities (PVT) Ltd.,Dipshikha Dhitopatra Karobar Co. Pvt Ltd.,200,802.0,160400.0,2025-08-11 13:40:58.344663
2025-08-11,40722,2025081103009592,NLIC,Agrawal Securities (PVT) Ltd.,Asian Securities Private Ltd.,50,803.0,40150.0,2025-08-11 13:40:58.344913
2025-08-11,40721,2025081103009593,NLIC,Agrawal Securities (PVT) Ltd.,Online Securities Pvt. Ltd.,600,803.0,481800.0,2025-08-11 13:40:58.345163
2025-08-11,39952,2025081103009763,NLIC,Agrawal Securities (PVT) Ltd.,Elite Stock House Limited,36,800.3,28810.8,2025-08-11 13:43:22.581087
2025-08-11,39743,2025081103009794,NLIC,Agrawal Securities (PVT) Ltd.,Dynamic Money Managers Securities Pvt. Ltd.,255,800.3,204076.5,2025-08-11 13:43:49.597424
2025-08-11,39411,2025081103009869,NLIC,Agrawal Securities (PVT) Ltd.,Nepal Stock House (PVT) Ltd.,80,800.3,64024.0,2025-08-11 13:44:40.396520
2025-08-11,39255,2025081103009913,NLIC,Agrawal Securities (PVT) Ltd.,Shree Krishna Securities Ltd.,50,800.3,40015.0,2025-08-11 13:45:10.678381
2025-08-11,38999,2025081103009962,NLIC,Agrawal Securities (PVT) Ltd.,Miyo Securities Pvt Ltd,16,800.3,12804.8,2025-08-11 13:46:01.915135
2025-08-11,38955,2025081103009973,NLIC,Agrawal Securities (PVT) Ltd.,Dipshikha Dhitopatra Karobar Co. Pvt Ltd.,11,800.3,8803.3,2025-08-11 13:46:13.373735
2025-08-11,38726,2025081103010012,NLIC,Agrawal Securities (PVT) Ltd.,Miyo Securities Pvt Ltd,35,800.3,28010.5,2025-08-11 13:47:08.222967
2025-08-11,37627,2025081103010263,NLIC,Agrawal Securities (PVT) Ltd.,Secured Securities Ltd.,22,800.3,17606.6,2025-08-11 13:50:13.946234
2025-08-11,37352,2025081103010306,NLIC,S.P.S.A. Securities Limited,Deevyaa Securities & Stock House Pvt. Ltd,100,800.3,80030.0,2025-08-11 13:50:57.946828
2025-08-11,36675,2025081103010404,NLIC,Agrawal Securities (PVT) Ltd.,Cristal Kanchanjanga Securites Pvt. Ltd.,1000,800.5,800500.0,2025-08-11 13:53:06.999237
2025-08-11,35896,2025081103010540,NLIC,Sani Securities Company Ltd.,Linch Stock Market Ltd.,100,801.0,80100.0,2025-08-11 13:55:22.427595
2025-08-11,34884,2025081103010665,NLIC,Vision Securities Pvt. Ltd,Sweta Securities Private Limited,184,802.0,147568.0,2025-08-11 13:58:23.829552
2025-08-11,34867,2025081103010668,NLIC,Vision Securities Pvt. Ltd,Sumeru Securities Pvt. Ltd.,200,802.0,160400.0,2025-08-11 13:58:26.122929
2025-08-11,34847,2025081103010669,NLIC,Vision Securities Pvt. Ltd,Cristal Kanchanjanga Securites Pvt. Ltd.,40,802.0,32080.0,2025-08-11 13:58:29.963578
2025-08-11,34396,2025081103010739,NLIC,Vision Securities Pvt. Ltd,Premier Securities Company Ltd.,26,802.0,20852.0,2025-08-11 14:00:15.376307
2025-08-11,34395,2025081103010740,NLIC,Agrawal Securities (PVT) Ltd.,Premier Securities Company Ltd.,10,801.0,8010.0,2025-08-11 14:00:15.376522
2025-08-11,33443,2025081103010895,NLIC,Agrawal Securities (PVT) Ltd.,Imperial Securities Company Pvt. Ltd.,50,800.9,40045.0,2025-08-11 14:04:04.804928
2025-08-11,33016,2025081103010945,NLIC,Agrawal Securities (PVT) Ltd.,Linch Stock Market Ltd.,46,801.0,36846.0,2025-08-11 14:05:12.214020
2025-08-11,32955,2025081103010958,NLIC,Agrawal Securities (PVT) Ltd.,Citizens Share Broker Limited,1000,800.5,800500.0,2025-08-11 14:05:26.757404
2025-08-11,32954,2025081103010959,NLIC,Naasa Securities Co. Ltd.,Citizens Share Broker Limited,500,800.4,400200.0,2025-08-11 14:05:26.757620
2025-08-11,32953,2025081103010960,NLIC,Vision Securities Pvt. Ltd,Citizens Share Broker Limited,1000,800.3,800300.0,2025-08-11 14:05:26.757707
2025-08-11,32952,2025081103010961,NLIC,Online Securities Pvt. Ltd.,Citizens Share Broker Limited,280,800.2,224056.0,2025-08-11 14:05:26.757787
2025-08-11,32951,2025081103010962,NLIC,K.B.L. Securities Limited ,Citizens Share Broker Limited,50,800.0,40000.0,2025-08-11 14:05:26.757868
2025-08-11,32950,2025081103010963,NLIC,Sani Securities Company Ltd.,Citizens Share Broker Limited,1000,800.0,800000.0,2025-08-11 14:05:26.757951
2025-08-11,32949,2025081103010964,NLIC,Trisul Securities & Invt. Ltd.,Citizens Share Broker Limited,50,800.0,40000.0,2025-08-11 14:05:26.758039
2025-08-11,32948,2025081103010965,NLIC,Dynamic Money Managers Securities Pvt. Ltd.,Citizens Share Broker Limited,50,800.0,40000.0,2025-08-11 14:05:26.758126
2025-08-11,32947,2025081103010966,NLIC,Aryatara Investment & Securities,Citizens Share Broker Limited,15,800.0,12000.0,2025-08-11 14:05:26.758211
2025-08-11,32809,2025081103010981,NLIC,KALASH STOCK MARKET PVT. LTD.,Citizens Share Broker Limited,10,800.0,8000.0,2025-08-11 14:05:46.756556
2025-08-11,32288,2025081103011066,NLIC,Sagarmatha Securities Private Limited,Citizens Share Broker Limited,889,800.0,711200.0,2025-08-11 14:07:21.358912
2025-08-11,32283,2025081103011067,NLIC,Kumari Securities Private Limited,Ashutosh Brokerage & Securities (PVT) Ltd.,64,799.3,51155.2,2025-08-11 14:07:22.300044
2025-08-11,32282,2025081103011068,NLIC,Agrawal Securities (PVT) Ltd.,Ashutosh Brokerage & Securities (PVT) Ltd.,1000,799.1,799100.0,2025-08-11 14:07:22.300439
2025-08-11,32281,2025081103011069,NLIC,Pragyan Securities (PVT) Ltd.,Ashutosh Brokerage & Securities (PVT) Ltd.,30,799.0,23970.0,2025-08-11 14:07:22.300683
2025-08-11,32280,2025081103011070,NLIC,Sani Securities Company Ltd.,Ashutosh Brokerage & Securities (PVT) Ltd.,1000,799.0,799000.0,2025-08-11 14:07:22.300915
2025-08-11,31862,2025081103011152,NLIC,Agrawal Securities (PVT) Ltd.,Citizens Share Broker Limited,500,800.0,400000.0,2025-08-11 14:08:27.216203
2025-08-11,31429,2025081103011213,NLIC,Siprabi Securities Pvt. Ltd.,Shree Krishna Securities Ltd.,200,799.0,159800.0,2025-08-11 14:09:28.555928
2025-08-11,31061,2025081103011274,NLIC,Agrawal Securities (PVT) Ltd.,Shree Krishna Securities Ltd.,210,798.1,167601.0,2025-08-11 14:10:25.893251
2025-08-11,30227,2025081103011422,NLIC,Asian Securities Private Ltd.,Asian Securities Private Ltd.,102,798.5,81447.0,2025-08-11 14:12:56.457215
2025-08-11,29802,2025081103011481,NLIC,Linch Stock Market Ltd.,Miyo Securities Pvt Ltd,10,798.2,7982.0,2025-08-11 14:14:17.215061
2025-08-11,29801,2025081103011482,NLIC,Agrawal Securities (PVT) Ltd.,Miyo Securities Pvt Ltd,190,798.1,151639.0,2025-08-11 14:14:17.215285
2025-08-11,28585,2025081103011700,NLIC,Agrawal Securities (PVT) Ltd.,Kohinoor Investment & Securities Pvt. Ltd.,246,798.1,196332.6,2025-08-11 14:17:22.779818
2025-08-11,28492,2025081103011717,NLIC,Agrawal Securities (PVT) Ltd.,Creative Securities Pvt Ltd,12,798.1,9577.2,2025-08-11 14:17:34.363795
2025-08-11,28274,2025081103011748,NLIC,Agrawal Securities (PVT) Ltd.,Dakshinkali Investment & Securities Pvt. Ltd.,342,798.1,272950.2,2025-08-11 14:18:07.639091
2025-08-11,28273,2025081103011749,NLIC,South Asian Bulls Pvt. Ltd.,Dakshinkali Investment & Securities Pvt. Ltd.,50,798.0,39900.0,2025-08-11 14:18:07.639542
2025-08-11,28272,2025081103011750,NLIC,Sani Securities Company Ltd.,Dakshinkali Investment & Securities Pvt. Ltd.,1000,798.0,798000.0,2025-08-11 14:18:07.639836
2025-08-11,28271,2025081103011751,NLIC,Nepal Stock House (PVT) Ltd.,Dakshinkali Investment & Securities Pvt. Ltd.,17,798.0,13566.0,2025-08-11 14:18:07.640103
2025-08-11,28270,2025081103011752,NLIC,Deevyaa Securities & Stock House Pvt. Ltd,Dakshinkali Investment & Securities Pvt. Ltd.,91,798.0,72618.0,2025-08-11 14:18:07.640358
2025-08-11,27305,2025081103011897,NLIC,Linch Stock Market Ltd.,Vision Securities Pvt. Ltd,50,799.0,39950.0,2025-08-11 14:20:58.435758
2025-08-11,27057,2025081103011959,NLIC,Deevyaa Securities & Stock House Pvt. Ltd,Kohinoor Investment & Securities Pvt. Ltd.,26,798.0,20748.0,2025-08-11 14:21:43.467507
2025-08-11,26743,2025081103012003,NLIC,Dynamic Money Managers Securities Pvt. Ltd.,Vision Securities Pvt. Ltd,21,799.0,16779.0,2025-08-11 14:22:40.873474
2025-08-11,26742,2025081103012004,NLIC,Dynamic Money Managers Securities Pvt. Ltd.,Linch Stock Market Ltd.,15,799.0,11985.0,2025-08-11 14:22:40.873940
2025-08-11,26741,2025081103012005,NLIC,Dynamic Money Managers Securities Pvt. Ltd.,Investment Management Nepal Pvt. Ltd.,14,799.0,11186.0,2025-08-11 14:22:40.874380
2025-08-11,23208,2025081103012596,NLIC,Agrawal Securities (PVT) Ltd.,Ashutosh Brokerage & Securities (PVT) Ltd.,2000,799.0,1598000.0,2025-08-11 14:31:27.975704
2025-08-11,21806,2025081103012797,NLIC,Aryatara Investment & Securities,Linch Stock Market Ltd.,33,798.6,26353.8,2025-08-11 14:34:39.534515
2025-08-11,21805,2025081103012798,NLIC,S.P.S.A. Securities Limited,Linch Stock Market Ltd.,100,798.5,79850.0,2025-08-11 14:34:39.534766
2025-08-11,21804,2025081103012799,NLIC,SHUBHAKAMANA SECURITIES PVT. LTD,Linch Stock Market Ltd.,21,798.3,16764.3,2025-08-11 14:34:39.534857
2025-08-11,21711,2025081103012810,NLIC,SHUBHAKAMANA SECURITIES PVT. LTD,Miyo Securities Pvt Ltd,79,798.3,63065.7,2025-08-11 14:34:56.183357
2025-08-11,21710,2025081103012811,NLIC,Deevyaa Securities & Stock House Pvt. Ltd,Miyo Securities Pvt Ltd,83,798.0,66234.0,2025-08-11 14:34:56.183638
2025-08-11,21709,2025081103012812,NLIC,Vision Securities Pvt. Ltd,Miyo Securities Pvt Ltd,138,798.0,110124.0,2025-08-11 14:34:56.183728
2025-08-11,21506,2025081103012852,NLIC,Sri Hari Securities Pvt. Ltd.,Opal Securities Investment (PVT) Ltd.,4,799.5,3198.0,2025-08-11 14:35:21.703874
2025-08-11,21248,2025081103012901,NLIC,Vision Securities Pvt. Ltd,ABC Securities Private Limited,100,798.0,79800.0,2025-08-11 14:35:56.231165
2025-08-11,21217,2025081103012905,NLIC,Vision Securities Pvt. Ltd,Linch Stock Market Ltd.,600,798.0,478800.0,2025-08-11 14:36:01.136468
2025-08-11,21175,2025081103012921,NLIC,Vision Securities Pvt. Ltd,Sumeru Securities Pvt. Ltd.,50,798.0,39900.0,2025-08-11 14:36:07.178315
2025-08-11,20342,2025081103013066,NLIC,Vision Securities Pvt. Ltd,Dakshinkali Investment & Securities Pvt. Ltd.,112,798.0,89376.0,2025-08-11 14:37:53.273193
2025-08-11,20341,2025081103013067,NLIC,Sani Securities Company Ltd.,Dakshinkali Investment & Securities Pvt. Ltd.,10,798.0,7980.0,2025-08-11 14:37:53.273418
2025-08-11,20340,2025081103013068,NLIC,Dipshikha Dhitopatra Karobar Co. Pvt Ltd.,Dakshinkali Investment & Securities Pvt. Ltd.,76,798.0,60648.0,2025-08-11 14:37:53.273509
2025-08-11,18820,2025081103013335,NLIC,Dipshikha Dhitopatra Karobar Co. Pvt Ltd.,Opal Securities Investment (PVT) Ltd.,200,798.0,159600.0,2025-08-11 14:40:31.566016
2025-08-11,18704,2025081103013346,NLIC,Dipshikha Dhitopatra Karobar Co. Pvt Ltd.,Ashutosh Brokerage & Securities (PVT) Ltd.,32,798.0,25536.0,2025-08-11 14:40:42.618163
2025-08-11,18311,2025081103013464,NLIC,Agrawal Securities (PVT) Ltd.,Linch Stock Market Ltd.,254,798.1,202717.4,2025-08-11 14:41:19.484798
2025-08-11,17539,2025081103013626,NLIC,Vision Securities Pvt. Ltd,Nepal Investment And Securities Trading Private Limited,100,799.0,79900.0,2025-08-11 14:42:25.550890
2025-08-11,17250,2025081103013682,NLIC,Agrawal Securities (PVT) Ltd.,Thrive Brokerage House Pvt. Ltd,36,798.1,28731.6,2025-08-11 14:42:54.002542
2025-08-11,17002,2025081103013720,NLIC,Agrawal Securities (PVT) Ltd.,Nagarik Stock Dealer ,1000,798.1,798100.0,2025-08-11 14:43:14.179279
2025-08-11,16621,2025081103013829,NLIC,Agrawal Securities (PVT) Ltd.,Sani Securities Company Ltd.,236,798.1,188351.6,2025-08-11 14:43:49.493473
2025-08-11,15890,2025081103013972,NLIC,Agrawal Securities (PVT) Ltd.,ABC Securities Private Limited,100,798.1,79810.0,2025-08-11 14:44:46.599786
2025-08-11,15426,2025081103014097,NLIC,Agrawal Securities (PVT) Ltd.,Sewa Securities Pvt. Ltd.,25,798.1,19952.5,2025-08-11 14:45:19.011387
2025-08-11,15021,2025081103014206,NLIC,Agrawal Securities (PVT) Ltd.,Nagarik Stock Dealer ,349,798.1,278536.9,2025-08-11 14:45:48.636237
2025-08-11,15020,2025081103014207,NLIC,Nepal Investment And Securities Trading Private Limited,Nagarik Stock Dealer ,160,798.1,127696.0,2025-08-11 14:45:48.636465
2025-08-11,15019,2025081103014208,NLIC,Dipshikha Dhitopatra Karobar Co. Pvt Ltd.,Nagarik Stock Dealer ,133,798.0,106134.0,2025-08-11 14:45:48.636558
2025-08-11,15018,2025081103014209,NLIC,Deevyaa Securities & Stock House Pvt. Ltd,Nagarik Stock Dealer ,100,798.0,79800.0,2025-08-11 14:45:48.636650
2025-08-11,15017,2025081103014210,NLIC,Sundhara Securities Limited,Nagarik Stock Dealer ,58,798.0,46284.0,2025-08-11 14:45:48.636737
2025-08-11,14890,2025081103014244,NLIC,Agrawal Securities (PVT) Ltd.,J.F. Securites (PVT) Ltd.,21,798.1,16760.1,2025-08-11 14:46:00.305196
2025-08-11,14889,2025081103014245,NLIC,Agrawal Securities (PVT) Ltd.,Online Securities Pvt. Ltd.,220,799.0,175780.0,2025-08-11 14:46:00.305421
2025-08-11,14888,2025081103014246,NLIC,Agrawal Securities (PVT) Ltd.,Citizens Share Broker Limited,56,800.0,44800.0,2025-08-11 14:46:00.305519
2025-08-11,14887,2025081103014247,NLIC,Agrawal Securities (PVT) Ltd.,Vision Securities Pvt. Ltd,10,800.0,8000.0,2025-08-11 14:46:00.305616
2025-08-11,14886,2025081103014248,NLIC,Agrawal Securities (PVT) Ltd.,Asian Securities Private Ltd.,100,800.0,80000.0,2025-08-11 14:46:00.305705
2025-08-11,14885,2025081103014249,NLIC,Agrawal Securities (PVT) Ltd.,Imperial Securities Company Pvt. Ltd.,36,800.0,28800.0,2025-08-11 14:46:00.305795
2025-08-11,14884,2025081103014250,NLIC,Agrawal Securities (PVT) Ltd.,Online Securities Pvt. Ltd.,1000,800.0,800000.0,2025-08-11 14:46:00.305882
2025-08-11,14883,2025081103014251,NLIC,Agrawal Securities (PVT) Ltd.,Capital Hub P. Ltd,557,800.0,445600.0,2025-08-11 14:46:00.305971
2025-08-11,14498,2025081103014326,NLIC,Sundhara Securities Limited,Indira securities pvt. ltd,42,798.0,33516.0,2025-08-11 14:46:26.044875
2025-08-11,14497,2025081103014327,NLIC,Online Securities Pvt. Ltd.,Indira securities pvt. ltd,200,797.0,159400.0,2025-08-11 14:46:26.045149
2025-08-11,14496,2025081103014328,NLIC,J.F. Securites (PVT) Ltd.,Indira securities pvt. ltd,10,796.2,7962.0,2025-08-11 14:46:26.045247
2025-08-11,14495,2025081103014329,NLIC,Agrawal Securities (PVT) Ltd.,Indira securities pvt. ltd,248,796.1,197432.8,2025-08-11 14:46:26.045336
2025-08-11,14316,2025081103014363,NLIC,Agrawal Securities (PVT) Ltd.,Imperial Securities Company Pvt. Ltd.,100,796.1,79610.0,2025-08-11 14:46:39.256606
2025-08-11,13491,2025081103014491,NLIC,Agrawal Securities (PVT) Ltd.,Vision Securities Pvt. Ltd,50,796.1,39805.0,2025-08-11 14:47:31.795272
2025-08-11,11692,2025081103014876,NLIC,Agrawal Securities (PVT) Ltd.,Neev Securities Pvt. Ltd.,500,797.0,398500.0,2025-08-11 14:49:45.019406
2025-08-11,10871,2025081103015008,NLIC,Property Wiard Limited,Neev Securities Pvt. Ltd.,200,797.0,159400.0,2025-08-11 14:50:49.805196
2025-08-11,10845,2025081103015014,NLIC,Property Wiard Limited,Online Securities Pvt. Ltd.,300,797.0,239100.0,2025-08-11 14:50:52.622397
2025-08-11,10844,2025081103015015,NLIC,Deevyaa Securities & Stock House Pvt. Ltd,Online Securities Pvt. Ltd.,50,796.2,39810.0,2025-08-11 14:50:52.622833
2025-08-11,10843,2025081103015016,NLIC,Malla & Malla Stock Broking Company Pvt. Limited,Online Securities Pvt. Ltd.,70,796.2,55734.0,2025-08-11 14:50:52.623116
2025-08-11,10842,2025081103015017,NLIC,Agrawal Securities (PVT) Ltd.,Online Securities Pvt. Ltd.,1102,796.1,877302.2,2025-08-11 14:50:52.623393
2025-08-11,10841,2025081103015018,NLIC,Sri Hari Securities Pvt. Ltd.,Online Securities Pvt. Ltd.,50,796.0,39800.0,2025-08-11 14:50:52.623677
2025-08-11,10840,2025081103015019,NLIC,Shree Krishna Securities Ltd.,Online Securities Pvt. Ltd.,200,796.0,159200.0,2025-08-11 14:50:52.623933
2025-08-11,10839,2025081103015020,NLIC,Trisul Securities & Invt. Ltd.,Online Securities Pvt. Ltd.,63,796.0,50148.0,2025-08-11 14:50:52.624219
2025-08-11,10838,2025081103015021,NLIC,Dakshinkali Investment & Securities Pvt. Ltd.,Online Securities Pvt. Ltd.,200,796.0,159200.0,2025-08-11 14:50:52.624476
2025-08-11,10837,2025081103015022,NLIC,Pragyan Securities (PVT) Ltd.,Online Securities Pvt. Ltd.,25,795.5,19887.5,2025-08-11 14:50:52.624733
2025-08-11,10836,2025081103015023,NLIC,Arun Securities (PVT) Ltd.,Online Securities Pvt. Ltd.,500,795.1,397550.0,2025-08-11 14:50:52.624992
2025-08-11,10835,2025081103015024,NLIC,Sweta Securities Private Limited,Online Securities Pvt. Ltd.,100,795.0,79500.0,2025-08-11 14:50:52.625279
2025-08-11,10834,2025081103015025,NLIC,Naasa Securities Co. Ltd.,Online Securities Pvt. Ltd.,10,795.0,7950.0,2025-08-11 14:50:52.625533
2025-08-11,10833,2025081103015026,NLIC,SUN SECURITIES PVT LTD,Online Securities Pvt. Ltd.,50,795.0,39750.0,2025-08-11 14:50:52.625777
2025-08-11,10832,2025081103015027,NLIC,Naasa Securities Co. Ltd.,Online Securities Pvt. Ltd.,10,795.0,7950.0,2025-08-11 14:50:52.626020
2025-08-11,10831,2025081103015028,NLIC,Premier Securities Company Ltd.,Online Securities Pvt. Ltd.,25,795.0,19875.0,2025-08-11 14:50:52.626292
2025-08-11,10830,2025081103015029,NLIC,Sagarmatha Securities Private Limited,Online Securities Pvt. Ltd.,10,795.0,7950.0,2025-08-11 14:50:52.626525
2025-08-11,10829,2025081103015030,NLIC,Dipshikha Dhitopatra Karobar Co. Pvt Ltd.,Online Securities Pvt. Ltd.,200,795.0,159000.0,2025-08-11 14:50:52.626769
2025-08-11,10828,2025081103015031,NLIC,Vision Securities Pvt. Ltd,Online Securities Pvt. Ltd.,35,795.0,27825.0,2025-08-11 14:50:52.627035
2025-08-11,10540,2025081103015086,NLIC,Vision Securities Pvt. Ltd,Online Securities Pvt. Ltd.,15,795.0,11925.0,2025-08-11 14:51:14.349994
2025-08-11,10539,2025081103015087,NLIC,Vision Securities Pvt. Ltd,Online Securities Pvt. Ltd.,10,795.0,7950.0,2025-08-11 14:51:14.350209
2025-08-11,10538,2025081103015088,NLIC,ABC Securities Private Limited,Online Securities Pvt. Ltd.,100,795.0,79500.0,2025-08-11 14:51:14.350294
2025-08-11,10537,2025081103015089,NLIC,Naasa Securities Co. Ltd.,Online Securities Pvt. Ltd.,10,795.0,7950.0,2025-08-11 14:51:14.350376
2025-08-11,10536,2025081103015090,NLIC,Aryatara Investment & Securities,Online Securities Pvt. Ltd.,20,795.0,15900.0,2025-08-11 14:51:14.350458
2025-08-11,10535,2025081103015091,NLIC,Naasa Securities Co. Ltd.,Online Securities Pvt. Ltd.,50,795.0,39750.0,2025-08-11 14:51:14.350541
2025-08-11,10534,2025081103015092,NLIC,Vision Securities Pvt. Ltd,Online Securities Pvt. Ltd.,100,795.0,79500.0,2025-08-11 14:51:14.350635
2025-08-11,10533,2025081103015093,NLIC,Aryatara Investment & Securities,Online Securities Pvt. Ltd.,100,795.0,79500.0,2025-08-11 14:51:14.350713
2025-08-11,10532,2025081103015094,NLIC,Dakshinkali Investment & Securities Pvt. Ltd.,Online Securities Pvt. Ltd.,50,795.0,39750.0,2025-08-11 14:51:14.350790
2025-08-11,10531,2025081103015095,NLIC,Neev Securities Pvt. Ltd.,Online Securities Pvt. Ltd.,100,795.0,79500.0,2025-08-11 14:51:14.350869
2025-08-11,10530,2025081103015096,NLIC,Imperial Securities Company Pvt. Ltd.,Online Securities Pvt. Ltd.,10,795.0,7950.0,2025-08-11 14:51:14.350948
2025-08-11,10529,2025081103015097,NLIC,Thrive Brokerage House Pvt. Ltd,Online Securities Pvt. Ltd.,300,795.0,238500.0,2025-08-11 14:51:14.351044
2025-08-11,10528,2025081103015098,NLIC,Naasa Securities Co. Ltd.,Online Securities Pvt. Ltd.,25,795.0,19875.0,2025-08-11 14:51:14.351120
2025-08-11,10527,2025081103015099,NLIC,Dynamic Money Managers Securities Pvt. Ltd.,Online Securities Pvt. Ltd.,200,795.0,159000.0,2025-08-11 14:51:14.351197
2025-08-11,10526,2025081103015100,NLIC,Linch Stock Market Ltd.,Online Securities Pvt. Ltd.,100,795.0,79500.0,2025-08-11 14:51:14.351289
2025-08-11,7635,2025081103015753,NLIC,Opal Securities Investment (PVT) Ltd.,Sweta Securities Private Limited,50,794.4,39720.0,2025-08-11 14:54:43.129509
2025-08-11,6538,2025081103016016,NLIC,Opal Securities Investment (PVT) Ltd.,Nagarik Stock Dealer ,50,794.4,39720.0,2025-08-11 14:55:50.162307
2025-08-11,6537,2025081103016017,NLIC,Dynamic Money Managers Securities Pvt. Ltd.,Nagarik Stock Dealer ,950,794.3,754585.0,2025-08-11 14:55:50.162700
2025-08-11,5329,2025081103016204,NLIC,Dynamic Money Managers Securities Pvt. Ltd.,Naasa Securities Co. Ltd.,36,794.3,28594.8,2025-08-11 14:56:54.841276
2025-08-11,5239,2025081103016223,NLIC,Dynamic Money Managers Securities Pvt. Ltd.,Midas Stock Broking Company Private Limited,13,794.3,10325.9,2025-08-11 14:56:59.741635
2025-08-11,4314,2025081103016526,NLIC,Online Securities Pvt. Ltd.,Imperial Securities Company Pvt. Ltd.,10,795.0,7950.0,2025-08-11 14:57:39.075765
2025-08-11,4253,2025081103016536,NLIC,Siprabi Securities Pvt. Ltd.,Aryatara Investment & Securities,10,794.2,7942.0,2025-08-11 14:57:41.156402
2025-08-11,3208,2025081103016727,NLIC,S.P.S.A. Securities Limited,Dynamic Money Managers Securities Pvt. Ltd.,75,794.1,59557.5,2025-08-11 14:58:24.412794
2025-08-11,3130,2025081103016739,NLIC,S.P.S.A. Securities Limited,Dakshinkali Investment & Securities Pvt. Ltd.,25,794.1,19852.5,2025-08-11 14:58:27.341777
2025-08-11,3129,2025081103016740,NLIC,Premier Securities Company Ltd.,Dakshinkali Investment & Securities Pvt. Ltd.,200,794.0,158800.0,2025-08-11 14:58:27.341977
2025-08-11,3128,2025081103016741,NLIC,Nepal Stock House (PVT) Ltd.,Dakshinkali Investment & Securities Pvt. Ltd.,200,794.0,158800.0,2025-08-11 14:58:27.342072
2025-08-11,3127,2025081103016742,NLIC,Online Securities Pvt. Ltd.,Dakshinkali Investment & Securities Pvt. Ltd.,119,794.0,94486.0,2025-08-11 14:58:27.342155
2025-08-11,3126,2025081103016743,NLIC,Sundhara Securities Limited,Dakshinkali Investment & Securities Pvt. Ltd.,14,794.0,11116.0,2025-08-11 14:58:27.342254
2025-08-11,3125,2025081103016744,NLIC,Imperial Securities Company Pvt. Ltd.,Dakshinkali Investment & Securities Pvt. Ltd.,42,794.0,33348.0,2025-08-11 14:58:27.342339
2025-08-11,2975,2025081103016776,NLIC,Imperial Securities Company Pvt. Ltd.,Asian Securities Private Ltd.,30,794.0,23820.0,2025-08-11 14:58:34.864930
2025-08-11,2870,2025081103016796,NLIC,Imperial Securities Company Pvt. Ltd.,Dakshinkali Investment & Securities Pvt. Ltd.,428,794.0,339832.0,2025-08-11 14:58:39.523121
2025-08-11,2869,2025081103016797,NLIC,Miyo Securities Pvt Ltd,Dakshinkali Investment & Securities Pvt. Ltd.,22,794.0,17468.0,2025-08-11 14:58:39.523339
2025-08-11,2456,2025081103016875,NLIC,Kumari Securities Private Limited,Trishakti Securities Public Limited,50,794.1,39705.0,2025-08-11 14:58:55.444132
2025-08-11,2403,2025081103016885,NLIC,Miyo Securities Pvt Ltd,Nepal Stock House (PVT) Ltd.,78,794.0,61932.0,2025-08-11 14:58:57.141131
2025-08-11,2402,2025081103016886,NLIC,Investment Management Nepal Pvt. Ltd.,Nepal Stock House (PVT) Ltd.,22,794.0,17468.0,2025-08-11 14:58:57.141548
2025-08-11,2374,2025081103016895,NLIC,Investment Management Nepal Pvt. Ltd.,Capital Hub P. Ltd,78,794.0,61932.0,2025-08-11 14:58:58.590836
2025-08-11,2168,2025081103016938,NLIC,Neev Securities Pvt. Ltd.,Capital Hub P. Ltd,10,794.0,7940.0,2025-08-11 14:59:07.001549
2025-08-11,1972,2025081103016967,NLIC,Imperial Securities Company Pvt. Ltd.,Capital Hub P. Ltd,50,794.0,39700.0,2025-08-11 14:59:14.536992
2025-08-11,1230,2025081103017087,NLIC,Sundhara Securities Limited,Capital Hub P. Ltd,45,793.2,35694.0,2025-08-11 14:59:34.130374
2025-08-11,1229,2025081103017088,NLIC,Siprabi Securities Pvt. Ltd.,Capital Hub P. Ltd,50,793.1,39655.0,2025-08-11 14:59:34.130580
2025-08-11,1228,2025081103017089,NLIC,Imperial Securities Company Pvt. Ltd.,Capital Hub P. Ltd,17,793.0,13481.0,2025-08-11 14:59:34.130682
2025-08-11,975,2025081103017171,NLIC,Sundhara Securities Limited,Nepal Investment And Securities Trading Private Limited,25,793.2,19830.0,2025-08-11 14:59:39.086817
2025-08-11,888,2025081103017185,NLIC,S.P.S.A. Securities Limited,Nepal Investment And Securities Trading Private Limited,25,793.2,19830.0,2025-08-11 14:59:41.462354
2025-08-11,240,2025081103017348,NLIC,S.P.S.A. Securities Limited,Dakshinkali Investment & Securities Pvt. Ltd.,75,793.5,59512.5,2025-08-11 14:59:55.807967
2025-08-11,239,2025081103017349,NLIC,INDEX SECURITIES LIMITED,Dakshinkali Investment & Securities Pvt. Ltd.,20,793.0,15860.0,2025-08-11 14:59:55.808386
2025-08-11,238,2025081103017350,NLIC,Oxford Securities Pvt. Ltd.,Dakshinkali Investment & Securities Pvt. Ltd.,64,793.0,50752.0,2025-08-11 14:59:55.808653
2025-08-11,237,2025081103017351,NLIC,Sharepro Securities Private Limited,Dakshinkali Investment & Securities Pvt. Ltd.,16,793.0,12688.0,2025-08-11 14:59:55.808933
2025-08-11,236,2025081103017352,NLIC,Shree Krishna Securities Ltd.,Dakshinkali Investment & Securities Pvt. Ltd.,100,793.0,79300.0,2025-08-11 14:59:55.809188
