Date,S.N.,Contract ID,Symbol,Buyer Broker,Seller Broker,quantity,rate,amount,transaction_time
2025-08-11,96800,2025081104000290,RHPL,Imperial Securities Company Pvt. Ltd.,Dakshinkali Investment & Securities Pvt. Ltd.,20,324.1,6482.0,2025-08-11 11:05:17.938464
2025-08-11,96799,2025081104000291,RHPL,Nepal Investment And Securities Trading Private Limited,Dakshinkali Investment & Securities Pvt. Ltd.,50,324.1,16205.0,2025-08-11 11:05:17.938629
2025-08-11,96798,2025081104000292,RHPL,Agrawal Securities (PVT) Ltd.,Dakshinkali Investment & Securities Pvt. Ltd.,80,324.0,25920.0,2025-08-11 11:05:17.938681
2025-08-11,96797,2025081104000293,RHPL,J.F. Securites (PVT) Ltd.,Dakshinkali Investment & Securities Pvt. Ltd.,30,324.0,9720.0,2025-08-11 11:05:17.938729
2025-08-11,96796,2025081104000294,RHPL,Deevyaa Securities & Stock House Pvt. Ltd,Dakshinkali Investment & Securities Pvt. Ltd.,300,323.5,97050.0,2025-08-11 11:05:17.938775
2025-08-11,96795,2025081104000295,RHPL,Dakshinkali Investment & Securities Pvt. Ltd.,Dakshinkali Investment & Securities Pvt. Ltd.,100,323.1,32310.0,2025-08-11 11:05:17.938819
2025-08-11,96794,2025081104000296,RHPL,Sundhara Securities Limited,Dakshinkali Investment & Securities Pvt. Ltd.,500,323.0,161500.0,2025-08-11 11:05:17.938861
2025-08-11,96793,2025081104000297,RHPL,Kohinoor Investment & Securities Pvt. Ltd.,Dakshinkali Investment & Securities Pvt. Ltd.,420,323.0,135660.0,2025-08-11 11:05:17.938903
2025-08-11,96719,2025081104000314,RHPL,Kohinoor Investment & Securities Pvt. Ltd.,Investment Management Nepal Pvt. Ltd.,80,323.0,25840.0,2025-08-11 11:05:26.885501
2025-08-11,96718,2025081104000315,RHPL,Asian Securities Private Ltd.,Investment Management Nepal Pvt. Ltd.,20,322.1,6442.0,2025-08-11 11:05:26.885562
2025-08-11,96381,2025081104000393,RHPL,Naasa Securities Co. Ltd.,Naasa Securities Co. Ltd.,150,322.2,48330.0,2025-08-11 11:06:18.172096
2025-08-11,96380,2025081104000394,RHPL,Sri Hari Securities Pvt. Ltd.,Naasa Securities Co. Ltd.,200,322.2,64440.0,2025-08-11 11:06:18.172150
2025-08-11,96210,2025081104000424,RHPL,Asian Securities Private Ltd.,Naasa Securities Co. Ltd.,85,322.1,27378.5,2025-08-11 11:06:41.251711
2025-08-11,95969,2025081104000483,RHPL,Dynamic Money Managers Securities Pvt. Ltd.,Agrawal Securities (PVT) Ltd.,20,322.5,6450.0,2025-08-11 11:07:11.244883
2025-08-11,95261,2025081104000632,RHPL,Kumari Securities Private Limited,Online Securities Pvt. Ltd.,100,323.2,32320.0,2025-08-11 11:08:54.324360
2025-08-11,95260,2025081104000633,RHPL,Naasa Securities Co. Ltd.,Online Securities Pvt. Ltd.,100,323.1,32310.0,2025-08-11 11:08:54.324431
2025-08-11,95259,2025081104000634,RHPL,Deevyaa Securities & Stock House Pvt. Ltd,Online Securities Pvt. Ltd.,100,323.1,32310.0,2025-08-11 11:08:54.324472
2025-08-11,95258,2025081104000635,RHPL,Naasa Securities Co. Ltd.,Online Securities Pvt. Ltd.,500,323.0,161500.0,2025-08-11 11:08:54.324502
2025-08-11,95103,2025081104000672,RHPL,Kohinoor Investment & Securities Pvt. Ltd.,Online Securities Pvt. Ltd.,1000,323.0,323000.0,2025-08-11 11:09:17.941597
2025-08-11,95054,2025081104000680,RHPL,J.F. Securites (PVT) Ltd.,Online Securities Pvt. Ltd.,150,323.0,48450.0,2025-08-11 11:09:26.215618
2025-08-11,94876,2025081104000733,RHPL,Imperial Securities Company Pvt. Ltd.,Online Securities Pvt. Ltd.,50,323.0,16150.0,2025-08-11 11:09:49.431384
2025-08-11,94479,2025081104000817,RHPL,Arun Securities (PVT) Ltd.,Trishakti Securities Public Limited,70,325.0,22750.0,2025-08-11 11:10:42.155240
2025-08-11,94478,2025081104000818,RHPL,Arun Securities (PVT) Ltd.,Online Securities Pvt. Ltd.,30,325.0,9750.0,2025-08-11 11:10:42.155336
2025-08-11,94081,2025081104000882,RHPL,Trisul Securities & Invt. Ltd.,Online Securities Pvt. Ltd.,10,325.0,3250.0,2025-08-11 11:11:35.544307
2025-08-11,94080,2025081104000883,RHPL,Trisul Securities & Invt. Ltd.,Sundhara Securities Limited,80,325.0,26000.0,2025-08-11 11:11:35.544400
2025-08-11,94035,2025081104000895,RHPL,Trisul Securities & Invt. Ltd.,Premier Securities Company Ltd.,40,325.0,13000.0,2025-08-11 11:11:41.078591
2025-08-11,93850,2025081104000931,RHPL,SUN SECURITIES PVT LTD,Sri Hari Securities Pvt. Ltd.,20,326.0,6520.0,2025-08-11 11:12:07.635520
2025-08-11,93226,2025081104001071,RHPL,Trisul Securities & Invt. Ltd.,Dakshinkali Investment & Securities Pvt. Ltd.,70,325.0,22750.0,2025-08-11 11:13:31.689191
2025-08-11,93225,2025081104001072,RHPL,Kohinoor Investment & Securities Pvt. Ltd.,Dakshinkali Investment & Securities Pvt. Ltd.,500,325.0,162500.0,2025-08-11 11:13:31.689339
2025-08-11,93224,2025081104001073,RHPL,Sewa Securities Pvt. Ltd.,Dakshinkali Investment & Securities Pvt. Ltd.,100,323.2,32320.0,2025-08-11 11:13:31.689385
2025-08-11,93223,2025081104001074,RHPL,Aryatara Investment & Securities,Dakshinkali Investment & Securities Pvt. Ltd.,300,323.1,96930.0,2025-08-11 11:13:31.689425
2025-08-11,93222,2025081104001075,RHPL,Himalayan Securities Limited,Dakshinkali Investment & Securities Pvt. Ltd.,25,323.1,8077.5,2025-08-11 11:13:31.689464
2025-08-11,93221,2025081104001076,RHPL,Linch Stock Market Ltd.,Dakshinkali Investment & Securities Pvt. Ltd.,20,323.0,6460.0,2025-08-11 11:13:31.689503
2025-08-11,93206,2025081104001090,RHPL,Bhrikuti Stock Broking Co. Pvt. Ltd.,Dakshinkali Investment & Securities Pvt. Ltd.,85,323.0,27455.0,2025-08-11 11:13:32.700441
2025-08-11,93204,2025081104001091,RHPL,South Asian Bulls Pvt. Ltd.,Sri Hari Securities Pvt. Ltd.,10,326.0,3260.0,2025-08-11 11:13:32.931814
2025-08-11,92818,2025081104001168,RHPL,Nepal Investment And Securities Trading Private Limited,Agrawal Securities (PVT) Ltd.,18,328.9,5920.2,2025-08-11 11:14:25.788883
2025-08-11,92707,2025081104001192,RHPL,South Asian Bulls Pvt. Ltd.,Dakshinkali Investment & Securities Pvt. Ltd.,90,326.0,29340.0,2025-08-11 11:14:41.434996
2025-08-11,92706,2025081104001193,RHPL,Bhrikuti Stock Broking Co. Pvt. Ltd.,Dakshinkali Investment & Securities Pvt. Ltd.,310,325.0,100750.0,2025-08-11 11:14:41.435124
2025-08-11,92702,2025081104001194,RHPL,Bhrikuti Stock Broking Co. Pvt. Ltd.,Sundhara Securities Limited,105,325.0,34125.0,2025-08-11 11:14:41.980233
2025-08-11,92701,2025081104001195,RHPL,Vision Securities Pvt. Ltd,Sundhara Securities Limited,50,325.0,16250.0,2025-08-11 11:14:41.980376
2025-08-11,91388,2025081104001557,RHPL,Oxford Securities Pvt. Ltd.,Ashutosh Brokerage & Securities (PVT) Ltd.,200,323.6,64720.0,2025-08-11 11:17:43.488555
2025-08-11,91387,2025081104001558,RHPL,Kohinoor Investment & Securities Pvt. Ltd.,Ashutosh Brokerage & Securities (PVT) Ltd.,300,323.5,97050.0,2025-08-11 11:17:43.488701
2025-08-11,91235,2025081104001587,RHPL,Kumari Securities Private Limited,Naasa Securities Co. Ltd.,10,324.0,3240.0,2025-08-11 11:18:01.279847
2025-08-11,90888,2025081104001643,RHPL,Imperial Securities Company Pvt. Ltd.,Naasa Securities Co. Ltd.,40,324.0,12960.0,2025-08-11 11:18:56.844512
2025-08-11,90417,2025081104001713,RHPL,J.F. Securites (PVT) Ltd.,Sharepro Securities Private Limited,20,324.0,6480.0,2025-08-11 11:20:00.482659
2025-08-11,90416,2025081104001714,RHPL,Imperial Securities Company Pvt. Ltd.,Sharepro Securities Private Limited,10,324.0,3240.0,2025-08-11 11:20:00.482809
2025-08-11,89985,2025081104001813,RHPL,Magnet Securities and Investment Company Private Limited,Midas Stock Broking Company Private Limited,40,323.6,12944.0,2025-08-11 11:21:00.323207
2025-08-11,89321,2025081104001938,RHPL,Sani Securities Company Ltd.,Sharepro Securities Private Limited,200,324.0,64800.0,2025-08-11 11:22:42.224918
2025-08-11,88566,2025081104002078,RHPL,Agrawal Securities (PVT) Ltd.,Dakshinkali Investment & Securities Pvt. Ltd.,50,323.7,16185.0,2025-08-11 11:24:43.688753
2025-08-11,88565,2025081104002079,RHPL,Magnet Securities and Investment Company Private Limited,Dakshinkali Investment & Securities Pvt. Ltd.,60,323.6,19416.0,2025-08-11 11:24:43.688880
2025-08-11,88564,2025081104002080,RHPL,Kohinoor Investment & Securities Pvt. Ltd.,Dakshinkali Investment & Securities Pvt. Ltd.,200,323.5,64700.0,2025-08-11 11:24:43.688956
2025-08-11,88563,2025081104002081,RHPL,Oxford Securities Pvt. Ltd.,Dakshinkali Investment & Securities Pvt. Ltd.,200,323.2,64640.0,2025-08-11 11:24:43.689010
2025-08-11,88562,2025081104002082,RHPL,Sri Hari Securities Pvt. Ltd.,Dakshinkali Investment & Securities Pvt. Ltd.,100,323.1,32310.0,2025-08-11 11:24:43.689059
2025-08-11,88561,2025081104002083,RHPL,Market Securities & Exchange (PVT) Ltd.,Dakshinkali Investment & Securities Pvt. Ltd.,490,323.1,158319.0,2025-08-11 11:24:43.689107
2025-08-11,88281,2025081104002148,RHPL,Oxford Securities Pvt. Ltd.,Sharepro Securities Private Limited,300,324.0,97200.0,2025-08-11 11:25:21.746681
2025-08-11,88136,2025081104002171,RHPL,Market Securities & Exchange (PVT) Ltd.,Dakshinkali Investment & Securities Pvt. Ltd.,10,323.1,3231.0,2025-08-11 11:25:39.109243
2025-08-11,88135,2025081104002172,RHPL,Aryatara Investment & Securities,Dakshinkali Investment & Securities Pvt. Ltd.,66,322.9,21311.4,2025-08-11 11:25:39.109381
2025-08-11,87014,2025081104002374,RHPL,Aryatara Investment & Securities,Bhrikuti Stock Broking Co. Pvt. Ltd.,80,322.9,25832.0,2025-08-11 11:28:26.469560
2025-08-11,86903,2025081104002407,RHPL,Arun Securities (PVT) Ltd.,Kumari Securities Private Limited,80,323.0,25840.0,2025-08-11 11:28:41.162393
2025-08-11,86288,2025081104002507,RHPL,Sewa Securities Pvt. Ltd.,Shree Krishna Securities Ltd.,50,323.0,16150.0,2025-08-11 11:29:48.174150
2025-08-11,84374,2025081104002923,RHPL,Naasa Securities Co. Ltd.,Investment Management Nepal Pvt. Ltd.,30,323.0,9690.0,2025-08-11 11:34:12.904428
2025-08-11,83673,2025081104003114,RHPL,Naasa Securities Co. Ltd.,Sani Securities Company Ltd.,270,323.0,87210.0,2025-08-11 11:35:37.761135
2025-08-11,83672,2025081104003115,RHPL,Dipshikha Dhitopatra Karobar Co. Pvt Ltd.,Sani Securities Company Ltd.,100,323.0,32300.0,2025-08-11 11:35:37.761278
2025-08-11,83671,2025081104003116,RHPL,Deevyaa Securities & Stock House Pvt. Ltd,Sani Securities Company Ltd.,500,323.0,161500.0,2025-08-11 11:35:37.761359
2025-08-11,83670,2025081104003117,RHPL,Prabhu Stock Market Limited,Sani Securities Company Ltd.,40,323.0,12920.0,2025-08-11 11:35:37.761420
2025-08-11,83669,2025081104003118,RHPL,Aryatara Investment & Securities,Sani Securities Company Ltd.,154,322.9,49726.6,2025-08-11 11:35:37.761481
2025-08-11,83668,2025081104003119,RHPL,Naasa Securities Co. Ltd.,Sani Securities Company Ltd.,150,322.8,48420.0,2025-08-11 11:35:37.761540
2025-08-11,83667,2025081104003120,RHPL,Global IME Securities Limited,Sani Securities Company Ltd.,120,322.8,38736.0,2025-08-11 11:35:37.761603
2025-08-11,83666,2025081104003121,RHPL,Kohinoor Investment & Securities Pvt. Ltd.,Sani Securities Company Ltd.,120,322.8,38736.0,2025-08-11 11:35:37.761661
2025-08-11,83665,2025081104003122,RHPL,Naasa Securities Co. Ltd.,Sani Securities Company Ltd.,100,322.7,32270.0,2025-08-11 11:35:37.761718
2025-08-11,83664,2025081104003123,RHPL,Vision Securities Pvt. Ltd,Sani Securities Company Ltd.,50,322.6,16130.0,2025-08-11 11:35:37.761814
2025-08-11,83663,2025081104003124,RHPL,Dynamic Money Managers Securities Pvt. Ltd.,Sani Securities Company Ltd.,30,322.5,9675.0,2025-08-11 11:35:37.761880
2025-08-11,83662,2025081104003125,RHPL,Asian Securities Private Ltd.,Sani Securities Company Ltd.,95,322.1,30599.5,2025-08-11 11:35:37.761940
2025-08-11,83661,2025081104003126,RHPL,Sweta Securities Private Limited,Sani Securities Company Ltd.,60,322.1,19326.0,2025-08-11 11:35:37.761999
2025-08-11,83660,2025081104003127,RHPL,Kohinoor Investment & Securities Pvt. Ltd.,Sani Securities Company Ltd.,100,322.0,32200.0,2025-08-11 11:35:37.762057
2025-08-11,83659,2025081104003128,RHPL,SHUBHAKAMANA SECURITIES PVT. LTD,Sani Securities Company Ltd.,50,322.0,16100.0,2025-08-11 11:35:37.762110
2025-08-11,83658,2025081104003129,RHPL,Kohinoor Investment & Securities Pvt. Ltd.,Sani Securities Company Ltd.,319,322.0,102718.0,2025-08-11 11:35:37.762161
2025-08-11,83247,2025081104003225,RHPL,Kohinoor Investment & Securities Pvt. Ltd.,Naasa Securities Co. Ltd.,100,322.0,32200.0,2025-08-11 11:36:29.894273
2025-08-11,82483,2025081104003373,RHPL,Dynamic Money Managers Securities Pvt. Ltd.,Investment Management Nepal Pvt. Ltd.,200,322.1,64420.0,2025-08-11 11:38:12.167457
2025-08-11,82482,2025081104003374,RHPL,Sani Securities Company Ltd.,Investment Management Nepal Pvt. Ltd.,250,322.1,80525.0,2025-08-11 11:38:12.167607
2025-08-11,82481,2025081104003375,RHPL,Kohinoor Investment & Securities Pvt. Ltd.,Investment Management Nepal Pvt. Ltd.,50,322.0,16100.0,2025-08-11 11:38:12.167666
2025-08-11,82447,2025081104003384,RHPL,Kohinoor Investment & Securities Pvt. Ltd.,Dakshinkali Investment & Securities Pvt. Ltd.,31,322.0,9982.0,2025-08-11 11:38:16.537878
2025-08-11,82446,2025081104003385,RHPL,Linch Stock Market Ltd.,Dakshinkali Investment & Securities Pvt. Ltd.,10,322.0,3220.0,2025-08-11 11:38:16.538167
2025-08-11,82445,2025081104003386,RHPL,Primo Securities (PVT) Ltd.,Dakshinkali Investment & Securities Pvt. Ltd.,100,322.0,32200.0,2025-08-11 11:38:16.538346
2025-08-11,82444,2025081104003387,RHPL,Kumari Securities Private Limited,Dakshinkali Investment & Securities Pvt. Ltd.,70,322.0,22540.0,2025-08-11 11:38:16.538500
2025-08-11,82443,2025081104003388,RHPL,Deevyaa Securities & Stock House Pvt. Ltd,Dakshinkali Investment & Securities Pvt. Ltd.,20,322.0,6440.0,2025-08-11 11:38:16.538653
2025-08-11,82442,2025081104003389,RHPL,Linch Stock Market Ltd.,Dakshinkali Investment & Securities Pvt. Ltd.,500,322.0,161000.0,2025-08-11 11:38:16.538802
2025-08-11,82441,2025081104003390,RHPL,Premier Securities Company Ltd.,Dakshinkali Investment & Securities Pvt. Ltd.,430,322.0,138460.0,2025-08-11 11:38:16.538955
2025-08-11,82440,2025081104003391,RHPL,Sani Securities Company Ltd.,Dakshinkali Investment & Securities Pvt. Ltd.,10,322.0,3220.0,2025-08-11 11:38:16.539095
2025-08-11,82439,2025081104003392,RHPL,Asian Securities Private Ltd.,Dakshinkali Investment & Securities Pvt. Ltd.,50,321.3,16065.0,2025-08-11 11:38:16.539254
2025-08-11,82438,2025081104003393,RHPL,Malla & Malla Stock Broking Company Pvt. Limited,Dakshinkali Investment & Securities Pvt. Ltd.,100,321.0,32100.0,2025-08-11 11:38:16.539424
2025-08-11,82437,2025081104003394,RHPL,Deevyaa Securities & Stock House Pvt. Ltd,Dakshinkali Investment & Securities Pvt. Ltd.,300,321.0,96300.0,2025-08-11 11:38:16.539573
2025-08-11,82436,2025081104003395,RHPL,Oxford Securities Pvt. Ltd.,Dakshinkali Investment & Securities Pvt. Ltd.,157,321.0,50397.0,2025-08-11 11:38:16.539724
2025-08-11,82435,2025081104003396,RHPL,Asian Securities Private Ltd.,Dakshinkali Investment & Securities Pvt. Ltd.,500,320.1,160050.0,2025-08-11 11:38:16.539876
2025-08-11,82434,2025081104003397,RHPL,Dakshinkali Investment & Securities Pvt. Ltd.,Dakshinkali Investment & Securities Pvt. Ltd.,100,320.1,32010.0,2025-08-11 11:38:16.540018
2025-08-11,82433,2025081104003398,RHPL,Creative Securities Pvt Ltd,Dakshinkali Investment & Securities Pvt. Ltd.,122,320.1,39052.2,2025-08-11 11:38:16.540170
2025-08-11,82343,2025081104003423,RHPL,Creative Securities Pvt Ltd,Aryatara Investment & Securities,28,320.1,8962.8,2025-08-11 11:38:30.615117
2025-08-11,82342,2025081104003424,RHPL,Trisul Securities & Invt. Ltd.,Aryatara Investment & Securities,500,320.1,160050.0,2025-08-11 11:38:30.615263
2025-08-11,82341,2025081104003425,RHPL,Online Securities Pvt. Ltd.,Aryatara Investment & Securities,100,320.0,32000.0,2025-08-11 11:38:30.615352
2025-08-11,82340,2025081104003426,RHPL,Agrawal Securities (PVT) Ltd.,Aryatara Investment & Securities,500,320.0,160000.0,2025-08-11 11:38:30.615406
2025-08-11,82339,2025081104003427,RHPL,Neev Securities Pvt. Ltd.,Aryatara Investment & Securities,50,320.0,16000.0,2025-08-11 11:38:30.615454
2025-08-11,82338,2025081104003428,RHPL,J.F. Securites (PVT) Ltd.,Aryatara Investment & Securities,30,320.0,9600.0,2025-08-11 11:38:30.615500
2025-08-11,82337,2025081104003429,RHPL,Kohinoor Investment & Securities Pvt. Ltd.,Aryatara Investment & Securities,500,320.0,160000.0,2025-08-11 11:38:30.615546
2025-08-11,82336,2025081104003430,RHPL,Sewa Securities Pvt. Ltd.,Aryatara Investment & Securities,50,320.0,16000.0,2025-08-11 11:38:30.615611
2025-08-11,82335,2025081104003431,RHPL,Dipshikha Dhitopatra Karobar Co. Pvt Ltd.,Aryatara Investment & Securities,500,320.0,160000.0,2025-08-11 11:38:30.615658
2025-08-11,82334,2025081104003432,RHPL,Naasa Securities Co. Ltd.,Aryatara Investment & Securities,210,320.0,67200.0,2025-08-11 11:38:30.615707
2025-08-11,82333,2025081104003433,RHPL,Linch Stock Market Ltd.,Aryatara Investment & Securities,300,320.0,96000.0,2025-08-11 11:38:30.615768
2025-08-11,82332,2025081104003434,RHPL,SHUBHAKAMANA SECURITIES PVT. LTD,Aryatara Investment & Securities,1000,320.0,320000.0,2025-08-11 11:38:30.615810
2025-08-11,82331,2025081104003435,RHPL,Siprabi Securities Pvt. Ltd.,Aryatara Investment & Securities,100,320.0,32000.0,2025-08-11 11:38:30.615854
2025-08-11,82330,2025081104003436,RHPL,Capital Max Securities Ltd,Aryatara Investment & Securities,50,320.0,16000.0,2025-08-11 11:38:30.615898
2025-08-11,82329,2025081104003437,RHPL,Online Securities Pvt. Ltd.,Aryatara Investment & Securities,20,320.0,6400.0,2025-08-11 11:38:30.615946
2025-08-11,82328,2025081104003438,RHPL,Oxford Securities Pvt. Ltd.,Aryatara Investment & Securities,50,320.0,16000.0,2025-08-11 11:38:30.615991
2025-08-11,82327,2025081104003439,RHPL,Aryatara Investment & Securities,Aryatara Investment & Securities,300,320.0,96000.0,2025-08-11 11:38:30.616033
2025-08-11,82326,2025081104003440,RHPL,Midas Stock Broking Company Private Limited,Aryatara Investment & Securities,300,320.0,96000.0,2025-08-11 11:38:30.616095
2025-08-11,82325,2025081104003441,RHPL,Secured Securities Ltd.,Aryatara Investment & Securities,160,320.0,51200.0,2025-08-11 11:38:30.616131
2025-08-11,82324,2025081104003442,RHPL,Midas Stock Broking Company Private Limited,Aryatara Investment & Securities,300,320.0,96000.0,2025-08-11 11:38:30.616171
2025-08-11,82323,2025081104003443,RHPL,Pragyan Securities (PVT) Ltd.,Aryatara Investment & Securities,100,320.0,32000.0,2025-08-11 11:38:30.616213
2025-08-11,82322,2025081104003444,RHPL,Infinity Securities Limited,Aryatara Investment & Securities,100,320.0,32000.0,2025-08-11 11:38:30.616253
2025-08-11,82321,2025081104003445,RHPL,Infinity Securities Limited,Aryatara Investment & Securities,100,320.0,32000.0,2025-08-11 11:38:30.616292
2025-08-11,82320,2025081104003446,RHPL,Sundhara Securities Limited,Aryatara Investment & Securities,100,320.0,32000.0,2025-08-11 11:38:30.616338
2025-08-11,82161,2025081104003484,RHPL,Bhrikuti Stock Broking Co. Pvt. Ltd.,Deevyaa Securities & Stock House Pvt. Ltd,10,319.7,3197.0,2025-08-11 11:38:59.676614
2025-08-11,82153,2025081104003485,RHPL,Sani Securities Company Ltd.,Deevyaa Securities & Stock House Pvt. Ltd,300,319.7,95910.0,2025-08-11 11:39:00.312401
2025-08-11,82081,2025081104003497,RHPL,Naasa Securities Co. Ltd.,Deevyaa Securities & Stock House Pvt. Ltd,182,319.6,58167.2,2025-08-11 11:39:11.734699
2025-08-11,82058,2025081104003502,RHPL,Trisul Securities & Invt. Ltd.,Deevyaa Securities & Stock House Pvt. Ltd,50,319.7,15985.0,2025-08-11 11:39:15.538946
2025-08-11,82013,2025081104003504,RHPL,Dipshikha Dhitopatra Karobar Co. Pvt Ltd.,Deevyaa Securities & Stock House Pvt. Ltd,720,319.7,230184.0,2025-08-11 11:39:16.586368
2025-08-11,82012,2025081104003505,RHPL,Dipshikha Dhitopatra Karobar Co. Pvt Ltd.,Aryatara Investment & Securities,280,320.0,89600.0,2025-08-11 11:39:16.586483
2025-08-11,81589,2025081104003603,RHPL,Bhrikuti Stock Broking Co. Pvt. Ltd.,Dakshinkali Investment & Securities Pvt. Ltd.,10,319.7,3197.0,2025-08-11 11:40:19.555190
2025-08-11,81588,2025081104003604,RHPL,Nepal Investment And Securities Trading Private Limited,Dakshinkali Investment & Securities Pvt. Ltd.,300,319.7,95910.0,2025-08-11 11:40:19.555346
2025-08-11,81587,2025081104003605,RHPL,Naasa Securities Co. Ltd.,Dakshinkali Investment & Securities Pvt. Ltd.,68,319.6,21732.8,2025-08-11 11:40:19.555396
2025-08-11,81586,2025081104003606,RHPL,Kumari Securities Private Limited,Dakshinkali Investment & Securities Pvt. Ltd.,500,319.6,159800.0,2025-08-11 11:40:19.555460
2025-08-11,81585,2025081104003607,RHPL,Sundhara Securities Limited,Dakshinkali Investment & Securities Pvt. Ltd.,30,319.6,9588.0,2025-08-11 11:40:19.555501
2025-08-11,81584,2025081104003608,RHPL,ABC Securities Private Limited,Dakshinkali Investment & Securities Pvt. Ltd.,300,319.6,95880.0,2025-08-11 11:40:19.555544
2025-08-11,81583,2025081104003609,RHPL,Kumari Securities Private Limited,Dakshinkali Investment & Securities Pvt. Ltd.,50,319.5,15975.0,2025-08-11 11:40:19.555586
2025-08-11,81582,2025081104003610,RHPL,Sani Securities Company Ltd.,Dakshinkali Investment & Securities Pvt. Ltd.,300,319.2,95760.0,2025-08-11 11:40:19.555630
2025-08-11,81581,2025081104003611,RHPL,SUN SECURITIES PVT LTD,Dakshinkali Investment & Securities Pvt. Ltd.,942,319.1,300592.2,2025-08-11 11:40:19.555672
2025-08-11,81425,2025081104003670,RHPL,SUN SECURITIES PVT LTD,MILKY WAY SHARE BROKER COMPANY LTD ,58,319.1,18507.8,2025-08-11 11:40:39.430673
2025-08-11,81424,2025081104003671,RHPL,Capital Max Securities Ltd,MILKY WAY SHARE BROKER COMPANY LTD ,470,319.0,149930.0,2025-08-11 11:40:39.430724
2025-08-11,81423,2025081104003672,RHPL,Aakashbhairab Securities Ltd.,MILKY WAY SHARE BROKER COMPANY LTD ,100,318.5,31850.0,2025-08-11 11:40:39.430764
2025-08-11,81422,2025081104003673,RHPL,Kumari Securities Private Limited,MILKY WAY SHARE BROKER COMPANY LTD ,170,318.2,54094.0,2025-08-11 11:40:39.430821
2025-08-11,81421,2025081104003674,RHPL,Oxford Securities Pvt. Ltd.,MILKY WAY SHARE BROKER COMPANY LTD ,200,318.1,63620.0,2025-08-11 11:40:39.430855
2025-08-11,81420,2025081104003675,RHPL,Trisul Securities & Invt. Ltd.,MILKY WAY SHARE BROKER COMPANY LTD ,50,318.0,15900.0,2025-08-11 11:40:39.430902
2025-08-11,81419,2025081104003676,RHPL,Trisul Securities & Invt. Ltd.,MILKY WAY SHARE BROKER COMPANY LTD ,50,318.0,15900.0,2025-08-11 11:40:39.430935
2025-08-11,81418,2025081104003677,RHPL,Kumari Securities Private Limited,MILKY WAY SHARE BROKER COMPANY LTD ,100,318.0,31800.0,2025-08-11 11:40:39.430966
2025-08-11,81417,2025081104003678,RHPL,Online Securities Pvt. Ltd.,MILKY WAY SHARE BROKER COMPANY LTD ,100,318.0,31800.0,2025-08-11 11:40:39.431003
2025-08-11,81416,2025081104003679,RHPL,Malla & Malla Stock Broking Company Pvt. Limited,MILKY WAY SHARE BROKER COMPANY LTD ,100,318.0,31800.0,2025-08-11 11:40:39.431040
2025-08-11,81415,2025081104003680,RHPL,Blue Chip Securities Ltd,MILKY WAY SHARE BROKER COMPANY LTD ,102,318.0,32436.0,2025-08-11 11:40:39.431075
2025-08-11,81328,2025081104003723,RHPL,Blue Chip Securities Ltd,Aryatara Investment & Securities,628,318.0,199704.0,2025-08-11 11:40:50.546298
2025-08-11,81327,2025081104003724,RHPL,Himalayan Brokerage Company Limited,Aryatara Investment & Securities,100,318.0,31800.0,2025-08-11 11:40:50.546400
2025-08-11,81326,2025081104003725,RHPL,Deevyaa Securities & Stock House Pvt. Ltd,Aryatara Investment & Securities,400,318.0,127200.0,2025-08-11 11:40:50.546444
2025-08-11,81325,2025081104003726,RHPL,Kumari Securities Private Limited,Aryatara Investment & Securities,30,318.0,9540.0,2025-08-11 11:40:50.546505
2025-08-11,81324,2025081104003727,RHPL,J.F. Securites (PVT) Ltd.,Aryatara Investment & Securities,100,318.0,31800.0,2025-08-11 11:40:50.546568
2025-08-11,81323,2025081104003728,RHPL,Global IME Securities Limited,Aryatara Investment & Securities,480,318.0,152640.0,2025-08-11 11:40:50.546618
2025-08-11,81322,2025081104003729,RHPL,SUN SECURITIES PVT LTD,Aryatara Investment & Securities,134,317.6,42558.4,2025-08-11 11:40:50.546658
2025-08-11,81277,2025081104003741,RHPL,Sani Securities Company Ltd.,Creative Securities Pvt Ltd,40,320.0,12800.0,2025-08-11 11:40:57.963061
2025-08-11,81276,2025081104003742,RHPL,Sani Securities Company Ltd.,Sharepro Securities Private Limited,50,320.0,16000.0,2025-08-11 11:40:57.963234
2025-08-11,80395,2025081104003960,RHPL,Aryatara Investment & Securities,Malla & Malla Stock Broking Company Pvt. Limited,100,322.0,32200.0,2025-08-11 11:43:21.046561
2025-08-11,80297,2025081104003980,RHPL,Secured Securities Ltd.,Neev Securities Pvt. Ltd.,50,320.2,16010.0,2025-08-11 11:43:34.793359
2025-08-11,80083,2025081104004041,RHPL,Online Securities Pvt. Ltd.,Malla & Malla Stock Broking Company Pvt. Limited,10,322.0,3220.0,2025-08-11 11:44:03.381889
2025-08-11,79872,2025081104004113,RHPL,Imperial Securities Company Pvt. Ltd.,Arun Securities (PVT) Ltd.,10,321.0,3210.0,2025-08-11 11:44:26.213579
2025-08-11,79855,2025081104004114,RHPL,SHUBHAKAMANA SECURITIES PVT. LTD,Malla & Malla Stock Broking Company Pvt. Limited,150,322.0,48300.0,2025-08-11 11:44:29.132938
2025-08-11,79854,2025081104004115,RHPL,SHUBHAKAMANA SECURITIES PVT. LTD,Sundhara Securities Limited,10,325.0,3250.0,2025-08-11 11:44:29.132989
2025-08-11,79594,2025081104004161,RHPL,Imperial Securities Company Pvt. Ltd.,Nepal Stock House (PVT) Ltd.,40,321.0,12840.0,2025-08-11 11:45:05.460294
2025-08-11,79593,2025081104004162,RHPL,Vision Securities Pvt. Ltd,Nepal Stock House (PVT) Ltd.,60,321.0,19260.0,2025-08-11 11:45:05.460412
2025-08-11,79005,2025081104004261,RHPL,Aryatara Investment & Securities,Asian Securities Private Ltd.,200,322.0,64400.0,2025-08-11 11:46:50.344767
2025-08-11,78369,2025081104004374,RHPL,Aryatara Investment & Securities,Kumari Securities Private Limited,40,322.0,12880.0,2025-08-11 11:48:33.892291
2025-08-11,76851,2025081104004637,RHPL,Aryatara Investment & Securities,Sewa Securities Pvt. Ltd.,60,322.0,19320.0,2025-08-11 11:52:19.402106
2025-08-11,76850,2025081104004638,RHPL,Naasa Securities Co. Ltd.,Sewa Securities Pvt. Ltd.,150,322.0,48300.0,2025-08-11 11:52:19.402398
2025-08-11,76318,2025081104004775,RHPL,KALASH STOCK MARKET PVT. LTD.,Naasa Securities Co. Ltd.,50,321.1,16055.0,2025-08-11 11:53:25.795921
2025-08-11,75935,2025081104004877,RHPL,Kalika Securities Pvt. Ltd.,Naasa Securities Co. Ltd.,20,321.1,6422.0,2025-08-11 11:54:20.349195
2025-08-11,75381,2025081104004972,RHPL,Miyo Securities Pvt Ltd,Sewa Securities Pvt. Ltd.,10,322.0,3220.0,2025-08-11 11:55:50.327118
2025-08-11,75153,2025081104005006,RHPL,Vision Securities Pvt. Ltd,Kohinoor Investment & Securities Pvt. Ltd.,10,321.0,3210.0,2025-08-11 11:56:20.350632
2025-08-11,74565,2025081104005109,RHPL,Imperial Securities Company Pvt. Ltd.,Sewa Securities Pvt. Ltd.,50,322.0,16100.0,2025-08-11 11:57:51.199172
2025-08-11,74564,2025081104005110,RHPL,Imperial Securities Company Pvt. Ltd.,Aryatara Investment & Securities,40,322.0,12880.0,2025-08-11 11:57:51.199496
2025-08-11,73625,2025081104005301,RHPL,Linch Stock Market Ltd.,Pragyan Securities (PVT) Ltd.,10,323.0,3230.0,2025-08-11 12:00:02.500964
2025-08-11,73600,2025081104005313,RHPL,Sani Securities Company Ltd.,Dynamic Money Managers Securities Pvt. Ltd.,40,322.0,12880.0,2025-08-11 12:00:06.142570
2025-08-11,73413,2025081104005368,RHPL,Sani Securities Company Ltd.,Arun Securities (PVT) Ltd.,10,322.0,3220.0,2025-08-11 12:00:33.521880
2025-08-11,73290,2025081104005388,RHPL,Sani Securities Company Ltd.,Imperial Securities Company Pvt. Ltd.,10,322.0,3220.0,2025-08-11 12:00:53.779108
2025-08-11,73182,2025081104005406,RHPL,Vision Securities Pvt. Ltd,Pragyan Securities (PVT) Ltd.,20,323.0,6460.0,2025-08-11 12:01:19.062693
2025-08-11,73086,2025081104005449,RHPL,Sani Securities Company Ltd.,Sundhara Securities Limited,40,322.0,12880.0,2025-08-11 12:01:35.432586
2025-08-11,72333,2025081104005598,RHPL,Vision Securities Pvt. Ltd,Dipshikha Dhitopatra Karobar Co. Pvt Ltd.,40,321.0,12840.0,2025-08-11 12:04:02.482863
2025-08-11,72143,2025081104005640,RHPL,Vision Securities Pvt. Ltd,Asian Securities Private Ltd.,65,321.0,20865.0,2025-08-11 12:04:28.734612
2025-08-11,72047,2025081104005650,RHPL,Secured Securities Ltd.,Dynamic Money Managers Securities Pvt. Ltd.,50,321.1,16055.0,2025-08-11 12:04:49.817965
2025-08-11,71642,2025081104005734,RHPL,Secured Securities Ltd.,Kumari Securities Private Limited,20,321.1,6422.0,2025-08-11 12:05:52.941572
2025-08-11,71625,2025081104005738,RHPL,Online Securities Pvt. Ltd.,Online Securities Pvt. Ltd.,200,322.0,64400.0,2025-08-11 12:05:57.022095
2025-08-11,69307,2025081104006174,RHPL,Naasa Securities Co. Ltd.,Primo Securities (PVT) Ltd.,70,321.9,22533.0,2025-08-11 12:12:09.795907
2025-08-11,69306,2025081104006175,RHPL,Naasa Securities Co. Ltd.,Kalika Securities Pvt. Ltd.,10,321.9,3219.0,2025-08-11 12:12:09.796300
2025-08-11,69305,2025081104006176,RHPL,Naasa Securities Co. Ltd.,Online Securities Pvt. Ltd.,185,322.0,59570.0,2025-08-11 12:12:09.796547
2025-08-11,68970,2025081104006247,RHPL,Kohinoor Investment & Securities Pvt. Ltd.,Online Securities Pvt. Ltd.,115,322.0,37030.0,2025-08-11 12:12:59.532412
2025-08-11,68969,2025081104006248,RHPL,Kohinoor Investment & Securities Pvt. Ltd.,Sani Securities Company Ltd.,200,322.0,64400.0,2025-08-11 12:12:59.532621
2025-08-11,67739,2025081104006507,RHPL,Kohinoor Investment & Securities Pvt. Ltd.,Sri Hari Securities Pvt. Ltd.,70,322.0,22540.0,2025-08-11 12:15:53.302505
2025-08-11,67530,2025081104006568,RHPL,Kohinoor Investment & Securities Pvt. Ltd.,Sumeru Securities Pvt. Ltd.,49,322.0,15778.0,2025-08-11 12:16:32.599441
2025-08-11,67362,2025081104006602,RHPL,Vision Securities Pvt. Ltd,Deevyaa Securities & Stock House Pvt. Ltd,49,323.0,15827.0,2025-08-11 12:17:08.315185
2025-08-11,65949,2025081104006899,RHPL,Kohinoor Investment & Securities Pvt. Ltd.,Deevyaa Securities & Stock House Pvt. Ltd,31,322.0,9982.0,2025-08-11 12:20:48.165661
2025-08-11,65564,2025081104006994,RHPL,Kohinoor Investment & Securities Pvt. Ltd.,Naasa Securities Co. Ltd.,30,322.0,9660.0,2025-08-11 12:21:52.928833
2025-08-11,65217,2025081104007059,RHPL,Naasa Securities Co. Ltd.,Malla & Malla Stock Broking Company Pvt. Limited,50,322.0,16100.0,2025-08-11 12:22:40.432920
2025-08-11,63402,2025081104007556,RHPL,Siprabi Securities Pvt. Ltd.,Vision Securities Pvt. Ltd,18,323.0,5814.0,2025-08-11 12:28:08.088429
2025-08-11,61628,2025081104007981,RHPL,Naasa Securities Co. Ltd.,Sri Hari Securities Pvt. Ltd.,80,322.0,25760.0,2025-08-11 12:33:58.016385
2025-08-11,61293,2025081104008053,RHPL,Thrive Brokerage House Pvt. Ltd,Dynamic Money Managers Securities Pvt. Ltd.,100,322.1,32210.0,2025-08-11 12:35:07.861004
2025-08-11,61292,2025081104008054,RHPL,Naasa Securities Co. Ltd.,Dynamic Money Managers Securities Pvt. Ltd.,20,322.0,6440.0,2025-08-11 12:35:07.861379
2025-08-11,61291,2025081104008055,RHPL,Online Securities Pvt. Ltd.,Dynamic Money Managers Securities Pvt. Ltd.,30,322.0,9660.0,2025-08-11 12:35:07.861598
2025-08-11,61290,2025081104008056,RHPL,Naasa Securities Co. Ltd.,Dynamic Money Managers Securities Pvt. Ltd.,11,322.0,3542.0,2025-08-11 12:35:07.861822
2025-08-11,61289,2025081104008057,RHPL,Swarna Laxmi Securities Pvt. Ltd.,Dynamic Money Managers Securities Pvt. Ltd.,100,322.0,32200.0,2025-08-11 12:35:07.862030
2025-08-11,61173,2025081104008073,RHPL,Linch Stock Market Ltd.,Dynamic Money Managers Securities Pvt. Ltd.,10,322.0,3220.0,2025-08-11 12:35:33.170883
2025-08-11,60884,2025081104008140,RHPL,Sri Hari Securities Pvt. Ltd.,Aakashbhairab Securities Ltd.,400,321.6,128640.0,2025-08-11 12:36:23.098489
2025-08-11,60751,2025081104008171,RHPL,Imperial Securities Company Pvt. Ltd.,Premier Securities Company Ltd.,50,321.5,16075.0,2025-08-11 12:36:47.404902
2025-08-11,60586,2025081104008199,RHPL,Imperial Securities Company Pvt. Ltd.,Premier Securities Company Ltd.,50,321.3,16065.0,2025-08-11 12:37:16.634486
2025-08-11,60533,2025081104008206,RHPL,Secured Securities Ltd.,Sundhara Securities Limited,70,321.1,22477.0,2025-08-11 12:37:27.951614
2025-08-11,60316,2025081104008244,RHPL,Secured Securities Ltd.,Aryatara Investment & Securities,10,321.1,3211.0,2025-08-11 12:38:16.955310
2025-08-11,60315,2025081104008245,RHPL,Imperial Securities Company Pvt. Ltd.,Aryatara Investment & Securities,50,321.1,16055.0,2025-08-11 12:38:16.955546
2025-08-11,60305,2025081104008249,RHPL,Aryatara Investment & Securities,Aryatara Investment & Securities,20,321.1,6422.0,2025-08-11 12:38:19.993982
2025-08-11,60286,2025081104008254,RHPL,Trishakti Securities Public Limited,Agrawal Securities (PVT) Ltd.,40,321.6,12864.0,2025-08-11 12:38:25.103784
2025-08-11,60168,2025081104008273,RHPL,Trishakti Securities Public Limited,Dynamic Money Managers Securities Pvt. Ltd.,40,322.0,12880.0,2025-08-11 12:38:46.218639
2025-08-11,60055,2025081104008289,RHPL,Aryatara Investment & Securities,Online Securities Pvt. Ltd.,70,321.1,22477.0,2025-08-11 12:39:16.045474
2025-08-11,59875,2025081104008324,RHPL,Aryatara Investment & Securities,Naasa Securities Co. Ltd.,110,321.1,35321.0,2025-08-11 12:39:57.498015
2025-08-11,59874,2025081104008325,RHPL,Vision Securities Pvt. Ltd,Naasa Securities Co. Ltd.,325,321.1,104357.5,2025-08-11 12:39:57.498064
2025-08-11,59873,2025081104008326,RHPL,Online Securities Pvt. Ltd.,Naasa Securities Co. Ltd.,50,321.0,16050.0,2025-08-11 12:39:57.498101
2025-08-11,59872,2025081104008327,RHPL,Online Securities Pvt. Ltd.,Naasa Securities Co. Ltd.,60,321.0,19260.0,2025-08-11 12:39:57.498133
2025-08-11,59871,2025081104008328,RHPL,Linch Stock Market Ltd.,Naasa Securities Co. Ltd.,100,321.0,32100.0,2025-08-11 12:39:57.498166
2025-08-11,59870,2025081104008329,RHPL,Pragyan Securities (PVT) Ltd.,Naasa Securities Co. Ltd.,50,321.0,16050.0,2025-08-11 12:39:57.498206
2025-08-11,59869,2025081104008330,RHPL,Online Securities Pvt. Ltd.,Naasa Securities Co. Ltd.,300,321.0,96300.0,2025-08-11 12:39:57.498235
2025-08-11,59868,2025081104008331,RHPL,Aryatara Investment & Securities,Naasa Securities Co. Ltd.,140,321.0,44940.0,2025-08-11 12:39:57.498263
2025-08-11,59867,2025081104008332,RHPL,Garima Securities Limited,Naasa Securities Co. Ltd.,25,321.0,8025.0,2025-08-11 12:39:57.498296
2025-08-11,59866,2025081104008333,RHPL,Neev Securities Pvt. Ltd.,Naasa Securities Co. Ltd.,680,320.5,217940.0,2025-08-11 12:39:57.498345
2025-08-11,59865,2025081104008334,RHPL,Dakshinkali Investment & Securities Pvt. Ltd.,Naasa Securities Co. Ltd.,500,320.4,160200.0,2025-08-11 12:39:57.498378
2025-08-11,59864,2025081104008335,RHPL,Naasa Securities Co. Ltd.,Naasa Securities Co. Ltd.,195,320.3,62458.5,2025-08-11 12:39:57.498411
2025-08-11,59863,2025081104008336,RHPL,Magnet Securities and Investment Company Private Limited,Naasa Securities Co. Ltd.,100,320.2,32020.0,2025-08-11 12:39:57.498442
2025-08-11,59862,2025081104008337,RHPL,Sani Securities Company Ltd.,Naasa Securities Co. Ltd.,310,320.0,99200.0,2025-08-11 12:39:57.498476
2025-08-11,59611,2025081104008384,RHPL,Naasa Securities Co. Ltd.,Aakashbhairab Securities Ltd.,29,320.5,9294.5,2025-08-11 12:40:55.911505
2025-08-11,59610,2025081104008385,RHPL,Cristal Kanchanjanga Securites Pvt. Ltd.,Aakashbhairab Securities Ltd.,100,320.0,32000.0,2025-08-11 12:40:55.911738
2025-08-11,59609,2025081104008386,RHPL,Naasa Securities Co. Ltd.,Aakashbhairab Securities Ltd.,10,320.0,3200.0,2025-08-11 12:40:55.911823
2025-08-11,59608,2025081104008387,RHPL,Online Securities Pvt. Ltd.,Aakashbhairab Securities Ltd.,50,320.0,16000.0,2025-08-11 12:40:55.911965
2025-08-11,59607,2025081104008388,RHPL,Market Securities & Exchange (PVT) Ltd.,Aakashbhairab Securities Ltd.,300,320.0,96000.0,2025-08-11 12:40:55.912030
2025-08-11,59606,2025081104008389,RHPL,Naasa Securities Co. Ltd.,Aakashbhairab Securities Ltd.,500,320.0,160000.0,2025-08-11 12:40:55.912104
2025-08-11,59605,2025081104008390,RHPL,Linch Stock Market Ltd.,Aakashbhairab Securities Ltd.,30,320.0,9600.0,2025-08-11 12:40:55.912172
2025-08-11,59604,2025081104008391,RHPL,Naasa Securities Co. Ltd.,Aakashbhairab Securities Ltd.,81,320.0,25920.0,2025-08-11 12:40:55.912242
2025-08-11,59437,2025081104008429,RHPL,Sani Securities Company Ltd.,Premier Securities Company Ltd.,100,321.0,32100.0,2025-08-11 12:41:29.125261
2025-08-11,59411,2025081104008431,RHPL,Sani Securities Company Ltd.,Trisul Securities & Invt. Ltd.,100,321.0,32100.0,2025-08-11 12:41:34.786308
2025-08-11,59410,2025081104008432,RHPL,Naasa Securities Co. Ltd.,Trisul Securities & Invt. Ltd.,250,320.0,80000.0,2025-08-11 12:41:34.786536
2025-08-11,58440,2025081104008687,RHPL,Dynamic Money Managers Securities Pvt. Ltd.,Kalika Securities Pvt. Ltd.,10,320.2,3202.0,2025-08-11 12:44:56.432417
2025-08-11,58278,2025081104008739,RHPL,Kumari Securities Private Limited,Sani Securities Company Ltd.,100,320.3,32030.0,2025-08-11 12:45:34.595853
2025-08-11,58277,2025081104008740,RHPL,Dynamic Money Managers Securities Pvt. Ltd.,Sani Securities Company Ltd.,90,320.2,28818.0,2025-08-11 12:45:34.596077
2025-08-11,58276,2025081104008741,RHPL,Ashutosh Brokerage & Securities (PVT) Ltd.,Sani Securities Company Ltd.,150,320.1,48015.0,2025-08-11 12:45:34.596153
2025-08-11,58275,2025081104008742,RHPL,Naasa Securities Co. Ltd.,Sani Securities Company Ltd.,1169,320.0,374080.0,2025-08-11 12:45:34.596229
2025-08-11,58274,2025081104008743,RHPL,ABC Securities Private Limited,Sani Securities Company Ltd.,201,320.0,64320.0,2025-08-11 12:45:34.596304
2025-08-11,58273,2025081104008744,RHPL,J.F. Securites (PVT) Ltd.,Sani Securities Company Ltd.,30,320.0,9600.0,2025-08-11 12:45:34.596391
2025-08-11,58272,2025081104008745,RHPL,Swarna Laxmi Securities Pvt. Ltd.,Sani Securities Company Ltd.,100,320.0,32000.0,2025-08-11 12:45:34.596466
2025-08-11,58271,2025081104008746,RHPL,Sani Securities Company Ltd.,Sani Securities Company Ltd.,35,320.0,11200.0,2025-08-11 12:45:34.596541
2025-08-11,58270,2025081104008747,RHPL,Vision Securities Pvt. Ltd,Sani Securities Company Ltd.,100,320.0,32000.0,2025-08-11 12:45:34.596612
2025-08-11,58269,2025081104008748,RHPL,Nepal Stock House (PVT) Ltd.,Sani Securities Company Ltd.,245,320.0,78400.0,2025-08-11 12:45:34.596683
2025-08-11,58243,2025081104008752,RHPL,Nepal Stock House (PVT) Ltd.,Oxford Securities Pvt. Ltd.,155,320.0,49600.0,2025-08-11 12:45:43.064919
2025-08-11,58221,2025081104008758,RHPL,ABC Securities Private Limited,Oxford Securities Pvt. Ltd.,400,320.0,128000.0,2025-08-11 12:45:48.558609
2025-08-11,58065,2025081104008782,RHPL,Himalayan Securities Limited,Agrawal Securities (PVT) Ltd.,25,319.1,7977.5,2025-08-11 12:46:19.374464
2025-08-11,58064,2025081104008783,RHPL,Nepal Stock House (PVT) Ltd.,Agrawal Securities (PVT) Ltd.,45,319.1,14359.5,2025-08-11 12:46:19.374562
2025-08-11,57353,2025081104008926,RHPL,Imperial Securities Company Pvt. Ltd.,Oxford Securities Pvt. Ltd.,40,319.2,12768.0,2025-08-11 12:49:13.190836
2025-08-11,57352,2025081104008927,RHPL,Nepal Stock House (PVT) Ltd.,Oxford Securities Pvt. Ltd.,155,319.1,49460.5,2025-08-11 12:49:13.191081
2025-08-11,57351,2025081104008928,RHPL,J.F. Securites (PVT) Ltd.,Oxford Securities Pvt. Ltd.,30,319.0,9570.0,2025-08-11 12:49:13.191160
2025-08-11,57350,2025081104008929,RHPL,Sewa Securities Pvt. Ltd.,Oxford Securities Pvt. Ltd.,254,319.0,81026.0,2025-08-11 12:49:13.191235
2025-08-11,57349,2025081104008930,RHPL,Midas Stock Broking Company Private Limited,Oxford Securities Pvt. Ltd.,100,319.0,31900.0,2025-08-11 12:49:13.191307
2025-08-11,57348,2025081104008931,RHPL,Aryatara Investment & Securities,Oxford Securities Pvt. Ltd.,650,319.0,207350.0,2025-08-11 12:49:13.191390
2025-08-11,57347,2025081104008932,RHPL,Trishakti Securities Public Limited,Oxford Securities Pvt. Ltd.,10,319.0,3190.0,2025-08-11 12:49:13.191459
2025-08-11,57346,2025081104008933,RHPL,Garima Securities Limited,Oxford Securities Pvt. Ltd.,25,319.0,7975.0,2025-08-11 12:49:13.191530
2025-08-11,57345,2025081104008934,RHPL,Market Securities & Exchange (PVT) Ltd.,Oxford Securities Pvt. Ltd.,400,319.0,127600.0,2025-08-11 12:49:13.191600
2025-08-11,57118,2025081104008976,RHPL,Kohinoor Investment & Securities Pvt. Ltd.,Oxford Securities Pvt. Ltd.,500,319.0,159500.0,2025-08-11 12:50:20.202084
2025-08-11,57072,2025081104008982,RHPL,Trishakti Securities Public Limited,Oxford Securities Pvt. Ltd.,836,319.0,266684.0,2025-08-11 12:50:45.229410
2025-08-11,57071,2025081104008983,RHPL,Trishakti Securities Public Limited,Shree Krishna Securities Ltd.,14,319.0,4466.0,2025-08-11 12:50:45.229627
2025-08-11,56962,2025081104009020,RHPL,Trishakti Securities Public Limited,Online Securities Pvt. Ltd.,300,319.0,95700.0,2025-08-11 12:51:11.521662
2025-08-11,56893,2025081104009030,RHPL,Prabhu Stock Market Limited,Sumeru Securities Pvt. Ltd.,10,318.0,3180.0,2025-08-11 12:51:37.030714
2025-08-11,56600,2025081104009106,RHPL,Naasa Securities Co. Ltd.,Premier Securities Company Ltd.,40,318.1,12724.0,2025-08-11 12:52:16.019931
2025-08-11,56347,2025081104009162,RHPL,Ashutosh Brokerage & Securities (PVT) Ltd.,SUN SECURITIES PVT LTD,25,318.2,7955.0,2025-08-11 12:53:15.292661
2025-08-11,56346,2025081104009163,RHPL,Naasa Securities Co. Ltd.,SUN SECURITIES PVT LTD,10,318.1,3181.0,2025-08-11 12:53:15.292880
2025-08-11,55748,2025081104009300,RHPL,Trisul Securities & Invt. Ltd.,Sumeru Securities Pvt. Ltd.,80,318.6,25488.0,2025-08-11 12:55:21.989059
2025-08-11,55640,2025081104009311,RHPL,Kohinoor Investment & Securities Pvt. Ltd.,Malla & Malla Stock Broking Company Pvt. Limited,10,319.0,3190.0,2025-08-11 12:55:43.525923
2025-08-11,55639,2025081104009312,RHPL,Trisul Securities & Invt. Ltd.,Malla & Malla Stock Broking Company Pvt. Limited,20,318.6,6372.0,2025-08-11 12:55:43.526171
2025-08-11,55638,2025081104009313,RHPL,Aryatara Investment & Securities,Malla & Malla Stock Broking Company Pvt. Limited,10,318.6,3186.0,2025-08-11 12:55:43.526265
2025-08-11,55518,2025081104009347,RHPL,Asian Securities Private Ltd.,Agrawal Securities (PVT) Ltd.,40,319.8,12792.0,2025-08-11 12:56:11.776135
2025-08-11,55517,2025081104009348,RHPL,Asian Securities Private Ltd.,Oxford Securities Pvt. Ltd.,360,320.0,115200.0,2025-08-11 12:56:11.776331
2025-08-11,55411,2025081104009387,RHPL,Trishakti Securities Public Limited,Oxford Securities Pvt. Ltd.,1000,320.0,320000.0,2025-08-11 12:56:31.910265
2025-08-11,54904,2025081104009512,RHPL,Kumari Securities Private Limited,Oxford Securities Pvt. Ltd.,85,320.0,27200.0,2025-08-11 12:58:10.748532
2025-08-11,54903,2025081104009513,RHPL,Kumari Securities Private Limited,Online Securities Pvt. Ltd.,215,320.0,68800.0,2025-08-11 12:58:10.748762
2025-08-11,54806,2025081104009536,RHPL,Trishakti Securities Public Limited,Online Securities Pvt. Ltd.,785,320.0,251200.0,2025-08-11 12:58:32.716635
2025-08-11,54803,2025081104009538,RHPL,Trishakti Securities Public Limited,Secured Securities Ltd.,50,319.2,15960.0,2025-08-11 12:58:33.619255
2025-08-11,53061,2025081104009889,RHPL,Trishakti Securities Public Limited,Premier Securities Company Ltd.,15,320.9,4813.5,2025-08-11 13:05:09.228471
2025-08-11,52956,2025081104009919,RHPL,Asian Securities Private Ltd.,Nepal Stock House (PVT) Ltd.,50,320.1,16005.0,2025-08-11 13:05:25.764491
2025-08-11,52955,2025081104009920,RHPL,SUN SECURITIES PVT LTD,Nepal Stock House (PVT) Ltd.,250,320.1,80025.0,2025-08-11 13:05:25.764768
2025-08-11,52840,2025081104009959,RHPL,Sundhara Securities Limited,Premier Securities Company Ltd.,85,320.0,27200.0,2025-08-11 13:05:52.524024
2025-08-11,52671,2025081104009998,RHPL,Citizens Share Broker Limited,Ashutosh Brokerage & Securities (PVT) Ltd.,100,320.1,32010.0,2025-08-11 13:06:34.685378
2025-08-11,52656,2025081104010003,RHPL,Citizens Share Broker Limited,Oxford Securities Pvt. Ltd.,900,320.1,288090.0,2025-08-11 13:06:43.241265
2025-08-11,52655,2025081104010004,RHPL,Sundhara Securities Limited,Oxford Securities Pvt. Ltd.,115,320.0,36800.0,2025-08-11 13:06:43.241699
2025-08-11,52654,2025081104010005,RHPL,Sundhara Securities Limited,Oxford Securities Pvt. Ltd.,65,320.0,20800.0,2025-08-11 13:06:43.241964
2025-08-11,52653,2025081104010006,RHPL,Nepal Investment And Securities Trading Private Limited,Oxford Securities Pvt. Ltd.,25,320.0,8000.0,2025-08-11 13:06:43.242225
2025-08-11,52652,2025081104010007,RHPL,Trisul Securities & Invt. Ltd.,Oxford Securities Pvt. Ltd.,250,320.0,80000.0,2025-08-11 13:06:43.242469
2025-08-11,52651,2025081104010008,RHPL,Midas Stock Broking Company Private Limited,Oxford Securities Pvt. Ltd.,100,320.0,32000.0,2025-08-11 13:06:43.242701
2025-08-11,52397,2025081104010091,RHPL,Imperial Securities Company Pvt. Ltd.,Deevyaa Securities & Stock House Pvt. Ltd,600,319.9,191940.0,2025-08-11 13:07:27.038415
2025-08-11,52396,2025081104010092,RHPL,Trishakti Securities Public Limited,Deevyaa Securities & Stock House Pvt. Ltd,400,319.8,127920.0,2025-08-11 13:07:27.038657
2025-08-11,52366,2025081104010104,RHPL,Naasa Securities Co. Ltd.,Oxford Securities Pvt. Ltd.,50,320.0,16000.0,2025-08-11 13:07:31.856403
2025-08-11,51580,2025081104010307,RHPL,Vision Securities Pvt. Ltd,J.F. Securites (PVT) Ltd.,10,319.5,3195.0,2025-08-11 13:09:47.424497
2025-08-11,51002,2025081104010474,RHPL,Naasa Securities Co. Ltd.,Oxford Securities Pvt. Ltd.,20,320.0,6400.0,2025-08-11 13:11:45.841848
2025-08-11,50543,2025081104010606,RHPL,Kohinoor Investment & Securities Pvt. Ltd.,Oxford Securities Pvt. Ltd.,468,320.0,149760.0,2025-08-11 13:13:18.680192
2025-08-11,50537,2025081104010608,RHPL,Online Securities Pvt. Ltd.,Dipshikha Dhitopatra Karobar Co. Pvt Ltd.,70,319.3,22351.0,2025-08-11 13:13:20.631234
2025-08-11,49361,2025081104010887,RHPL,Bhrikuti Stock Broking Co. Pvt. Ltd.,Dynamic Money Managers Securities Pvt. Ltd.,500,320.0,160000.0,2025-08-11 13:16:58.601394
2025-08-11,48429,2025081104011102,RHPL,Siprabi Securities Pvt. Ltd.,J.F. Securites (PVT) Ltd.,50,319.5,15975.0,2025-08-11 13:20:00.476384
2025-08-11,47716,2025081104011340,RHPL,Naasa Securities Co. Ltd.,Dynamic Money Managers Securities Pvt. Ltd.,10,320.0,3200.0,2025-08-11 13:22:10.439774
2025-08-11,47565,2025081104011361,RHPL,Sani Securities Company Ltd.,Dynamic Money Managers Securities Pvt. Ltd.,179,320.0,57280.0,2025-08-11 13:22:32.680086
2025-08-11,47564,2025081104011362,RHPL,Sani Securities Company Ltd.,Cristal Kanchanjanga Securites Pvt. Ltd.,40,320.0,12800.0,2025-08-11 13:22:32.680579
2025-08-11,47491,2025081104011371,RHPL,Sani Securities Company Ltd.,Premier Securities Company Ltd.,80,320.0,25600.0,2025-08-11 13:22:46.906997
2025-08-11,47401,2025081104011378,RHPL,Cristal Kanchanjanga Securites Pvt. Ltd.,Premier Securities Company Ltd.,20,320.0,6400.0,2025-08-11 13:23:12.332166
2025-08-11,46684,2025081104011552,RHPL,Trishakti Securities Public Limited,Online Securities Pvt. Ltd.,10,320.0,3200.0,2025-08-11 13:25:08.908442
2025-08-11,46683,2025081104011553,RHPL,Linch Stock Market Ltd.,Online Securities Pvt. Ltd.,20,320.0,6400.0,2025-08-11 13:25:08.908689
2025-08-11,46682,2025081104011554,RHPL,Trishakti Securities Public Limited,Online Securities Pvt. Ltd.,10,319.9,3199.0,2025-08-11 13:25:08.908803
2025-08-11,46681,2025081104011555,RHPL,Trishakti Securities Public Limited,Online Securities Pvt. Ltd.,10,319.8,3198.0,2025-08-11 13:25:08.908890
2025-08-11,45713,2025081104011823,RHPL,ABC Securities Private Limited,Miyo Securities Pvt Ltd,50,319.9,15995.0,2025-08-11 13:28:13.946151
2025-08-11,44642,2025081104012044,RHPL,ABC Securities Private Limited,South Asian Bulls Pvt. Ltd.,20,319.8,6396.0,2025-08-11 13:31:32.818407
2025-08-11,44445,2025081104012080,RHPL,ABC Securities Private Limited,Premier Securities Company Ltd.,30,319.8,9594.0,2025-08-11 13:32:05.793795
2025-08-11,44289,2025081104012116,RHPL,Linch Stock Market Ltd.,Oxford Securities Pvt. Ltd.,20,319.7,6394.0,2025-08-11 13:32:32.423957
2025-08-11,44288,2025081104012117,RHPL,ABC Securities Private Limited,Oxford Securities Pvt. Ltd.,50,319.6,15980.0,2025-08-11 13:32:32.424187
2025-08-11,44287,2025081104012118,RHPL,Siprabi Securities Pvt. Ltd.,Oxford Securities Pvt. Ltd.,137,319.5,43771.5,2025-08-11 13:32:32.424277
2025-08-11,44286,2025081104012119,RHPL,Vision Securities Pvt. Ltd,Oxford Securities Pvt. Ltd.,52,319.5,16614.0,2025-08-11 13:32:32.424371
2025-08-11,44285,2025081104012120,RHPL,Kohinoor Investment & Securities Pvt. Ltd.,Oxford Securities Pvt. Ltd.,170,319.4,54298.0,2025-08-11 13:32:32.424460
2025-08-11,44284,2025081104012121,RHPL,Online Securities Pvt. Ltd.,Oxford Securities Pvt. Ltd.,930,319.3,296949.0,2025-08-11 13:32:32.424545
2025-08-11,44283,2025081104012122,RHPL,Aryatara Investment & Securities,Oxford Securities Pvt. Ltd.,90,319.3,28737.0,2025-08-11 13:32:32.424640
2025-08-11,44282,2025081104012123,RHPL,Trisul Securities & Invt. Ltd.,Oxford Securities Pvt. Ltd.,400,319.2,127680.0,2025-08-11 13:32:32.424730
2025-08-11,44281,2025081104012124,RHPL,ABC Securities Private Limited,Oxford Securities Pvt. Ltd.,100,319.1,31910.0,2025-08-11 13:32:32.424814
2025-08-11,44280,2025081104012125,RHPL,Dipshikha Dhitopatra Karobar Co. Pvt Ltd.,Oxford Securities Pvt. Ltd.,51,319.0,16269.0,2025-08-11 13:32:32.424902
2025-08-11,43765,2025081104012212,RHPL,Naasa Securities Co. Ltd.,Neev Securities Pvt. Ltd.,70,319.1,22337.0,2025-08-11 13:33:38.536824
2025-08-11,43688,2025081104012246,RHPL,Naasa Securities Co. Ltd.,Sani Securities Company Ltd.,212,319.1,67649.2,2025-08-11 13:33:51.769880
2025-08-11,43670,2025081104012252,RHPL,Naasa Securities Co. Ltd.,Oxford Securities Pvt. Ltd.,400,319.1,127640.0,2025-08-11 13:33:55.978632
2025-08-11,43510,2025081104012282,RHPL,Naasa Securities Co. Ltd.,Premier Securities Company Ltd.,70,319.1,22337.0,2025-08-11 13:34:18.706257
2025-08-11,42072,2025081104012619,RHPL,Linch Stock Market Ltd.,Naasa Securities Co. Ltd.,10,319.2,3192.0,2025-08-11 13:37:38.760566
2025-08-11,42071,2025081104012620,RHPL,Naasa Securities Co. Ltd.,Naasa Securities Co. Ltd.,60,319.1,19146.0,2025-08-11 13:37:38.760832
2025-08-11,41890,2025081104012666,RHPL,Naasa Securities Co. Ltd.,Sri Hari Securities Pvt. Ltd.,128,319.1,40844.8,2025-08-11 13:38:08.003310
2025-08-11,41889,2025081104012667,RHPL,Dipshikha Dhitopatra Karobar Co. Pvt Ltd.,Sri Hari Securities Pvt. Ltd.,272,319.0,86768.0,2025-08-11 13:38:08.003551
2025-08-11,41811,2025081104012692,RHPL,Sajilo Broker Limited,Bhrikuti Stock Broking Co. Pvt. Ltd.,50,319.1,15955.0,2025-08-11 13:38:25.925578
2025-08-11,41568,2025081104012765,RHPL,Sajilo Broker Limited,Midas Stock Broking Company Private Limited,100,319.1,31910.0,2025-08-11 13:39:09.362851
2025-08-11,41567,2025081104012766,RHPL,Dipshikha Dhitopatra Karobar Co. Pvt Ltd.,Midas Stock Broking Company Private Limited,2177,319.0,694463.0,2025-08-11 13:39:09.363064
2025-08-11,41566,2025081104012767,RHPL,N.M.B. SECURITIES LIMITED,Midas Stock Broking Company Private Limited,150,319.0,47850.0,2025-08-11 13:39:09.363153
2025-08-11,41565,2025081104012768,RHPL,Linch Stock Market Ltd.,Midas Stock Broking Company Private Limited,30,319.0,9570.0,2025-08-11 13:39:09.363240
2025-08-11,41564,2025081104012769,RHPL,Kalika Securities Pvt. Ltd.,Midas Stock Broking Company Private Limited,300,319.0,95700.0,2025-08-11 13:39:09.363336
2025-08-11,41563,2025081104012770,RHPL,Sri Hari Securities Pvt. Ltd.,Midas Stock Broking Company Private Limited,50,319.0,15950.0,2025-08-11 13:39:09.363420
2025-08-11,41562,2025081104012771,RHPL,Naasa Securities Co. Ltd.,Midas Stock Broking Company Private Limited,225,319.0,71775.0,2025-08-11 13:39:09.363502
2025-08-11,41561,2025081104012772,RHPL,SUN SECURITIES PVT LTD,Midas Stock Broking Company Private Limited,1000,319.0,319000.0,2025-08-11 13:39:09.363597
2025-08-11,41560,2025081104012773,RHPL,Trishakti Securities Public Limited,Midas Stock Broking Company Private Limited,1000,319.0,319000.0,2025-08-11 13:39:09.363679
2025-08-11,41559,2025081104012774,RHPL,Asian Securities Private Ltd.,Midas Stock Broking Company Private Limited,80,318.1,25448.0,2025-08-11 13:39:09.363760
2025-08-11,41558,2025081104012775,RHPL,Naasa Securities Co. Ltd.,Midas Stock Broking Company Private Limited,200,318.1,63620.0,2025-08-11 13:39:09.363844
2025-08-11,41557,2025081104012776,RHPL,Infinity Securities Limited,Midas Stock Broking Company Private Limited,200,318.0,63600.0,2025-08-11 13:39:09.363924
2025-08-11,41556,2025081104012777,RHPL,Opal Securities Investment (PVT) Ltd.,Midas Stock Broking Company Private Limited,10,318.0,3180.0,2025-08-11 13:39:09.364007
2025-08-11,41555,2025081104012778,RHPL,Midas Stock Broking Company Private Limited,Midas Stock Broking Company Private Limited,100,318.0,31800.0,2025-08-11 13:39:09.364089
2025-08-11,41554,2025081104012779,RHPL,Naasa Securities Co. Ltd.,Midas Stock Broking Company Private Limited,100,318.0,31800.0,2025-08-11 13:39:09.364168
2025-08-11,41553,2025081104012780,RHPL,Linch Stock Market Ltd.,Midas Stock Broking Company Private Limited,100,318.0,31800.0,2025-08-11 13:39:09.364245
2025-08-11,41552,2025081104012781,RHPL,Naasa Securities Co. Ltd.,Midas Stock Broking Company Private Limited,50,318.0,15900.0,2025-08-11 13:39:09.364329
2025-08-11,41551,2025081104012782,RHPL,J.F. Securites (PVT) Ltd.,Midas Stock Broking Company Private Limited,500,318.0,159000.0,2025-08-11 13:39:09.364405
2025-08-11,41550,2025081104012783,RHPL,Linch Stock Market Ltd.,Midas Stock Broking Company Private Limited,50,318.0,15900.0,2025-08-11 13:39:09.364485
2025-08-11,41549,2025081104012784,RHPL,Online Securities Pvt. Ltd.,Midas Stock Broking Company Private Limited,100,318.0,31800.0,2025-08-11 13:39:09.364562
2025-08-11,41548,2025081104012785,RHPL,pahiinvestment,Midas Stock Broking Company Private Limited,200,318.0,63600.0,2025-08-11 13:39:09.364640
2025-08-11,41547,2025081104012786,RHPL,J.F. Securites (PVT) Ltd.,Midas Stock Broking Company Private Limited,30,318.0,9540.0,2025-08-11 13:39:09.364718
2025-08-11,41546,2025081104012787,RHPL,ABC Securities Private Limited,Midas Stock Broking Company Private Limited,500,318.0,159000.0,2025-08-11 13:39:09.364793
2025-08-11,41545,2025081104012788,RHPL,ABC Securities Private Limited,Midas Stock Broking Company Private Limited,600,318.0,190800.0,2025-08-11 13:39:09.364867
2025-08-11,41544,2025081104012789,RHPL,Aryatara Investment & Securities,Midas Stock Broking Company Private Limited,10,318.0,3180.0,2025-08-11 13:39:09.364943
2025-08-11,41543,2025081104012790,RHPL,Agrawal Securities (PVT) Ltd.,Midas Stock Broking Company Private Limited,1000,318.0,318000.0,2025-08-11 13:39:09.365016
2025-08-11,41542,2025081104012791,RHPL,Agrawal Securities (PVT) Ltd.,Midas Stock Broking Company Private Limited,1000,318.0,318000.0,2025-08-11 13:39:09.365108
2025-08-11,41541,2025081104012792,RHPL,Kohinoor Investment & Securities Pvt. Ltd.,Midas Stock Broking Company Private Limited,500,318.0,159000.0,2025-08-11 13:39:09.365185
2025-08-11,41540,2025081104012793,RHPL,Opal Securities Investment (PVT) Ltd.,Midas Stock Broking Company Private Limited,160,318.0,50880.0,2025-08-11 13:39:09.365262
2025-08-11,41539,2025081104012794,RHPL,Sani Securities Company Ltd.,Midas Stock Broking Company Private Limited,10,318.0,3180.0,2025-08-11 13:39:09.365340
2025-08-11,40508,2025081104012981,RHPL,Sani Securities Company Ltd.,Naasa Securities Co. Ltd.,70,317.9,22253.0,2025-08-11 13:41:52.511873
2025-08-11,39629,2025081104013187,RHPL,ABC Securities Private Limited,SHUBHAKAMANA SECURITIES PVT. LTD,50,318.5,15925.0,2025-08-11 13:44:06.765823
2025-08-11,39628,2025081104013188,RHPL,ABC Securities Private Limited,SHUBHAKAMANA SECURITIES PVT. LTD,30,318.4,9552.0,2025-08-11 13:44:06.765874
2025-08-11,38103,2025081104013527,RHPL,Asian Securities Private Ltd.,Oxford Securities Pvt. Ltd.,50,318.7,15935.0,2025-08-11 13:49:10.222196
2025-08-11,38102,2025081104013528,RHPL,ABC Securities Private Limited,Oxford Securities Pvt. Ltd.,20,318.4,6368.0,2025-08-11 13:49:10.222439
2025-08-11,38101,2025081104013529,RHPL,Sewa Securities Pvt. Ltd.,Oxford Securities Pvt. Ltd.,40,318.3,12732.0,2025-08-11 13:49:10.222520
2025-08-11,38100,2025081104013530,RHPL,Secured Securities Ltd.,Oxford Securities Pvt. Ltd.,50,318.0,15900.0,2025-08-11 13:49:10.222602
2025-08-11,38099,2025081104013531,RHPL,Swarna Laxmi Securities Pvt. Ltd.,Oxford Securities Pvt. Ltd.,100,318.0,31800.0,2025-08-11 13:49:10.222681
2025-08-11,38098,2025081104013532,RHPL,Imperial Securities Company Pvt. Ltd.,Oxford Securities Pvt. Ltd.,50,318.0,15900.0,2025-08-11 13:49:10.222758
2025-08-11,37954,2025081104013544,RHPL,Midas Stock Broking Company Private Limited,Oxford Securities Pvt. Ltd.,10,318.0,3180.0,2025-08-11 13:49:24.595736
2025-08-11,37780,2025081104013577,RHPL,Naasa Securities Co. Ltd.,Oxford Securities Pvt. Ltd.,50,318.0,15900.0,2025-08-11 13:49:55.628710
2025-08-11,37678,2025081104013599,RHPL,Vision Securities Pvt. Ltd,Oxford Securities Pvt. Ltd.,33,318.0,10494.0,2025-08-11 13:50:10.427832
2025-08-11,37579,2025081104013605,RHPL,Trishakti Securities Public Limited,Oxford Securities Pvt. Ltd.,600,318.0,190800.0,2025-08-11 13:50:22.449573
2025-08-11,37399,2025081104013617,RHPL,Sani Securities Company Ltd.,Shree Krishna Securities Ltd.,30,317.9,9537.0,2025-08-11 13:50:49.409799
2025-08-11,37398,2025081104013618,RHPL,Agrawal Securities (PVT) Ltd.,Shree Krishna Securities Ltd.,50,317.8,15890.0,2025-08-11 13:50:49.409883
2025-08-11,37179,2025081104013653,RHPL,Naasa Securities Co. Ltd.,Dipshikha Dhitopatra Karobar Co. Pvt Ltd.,35,317.8,11123.0,2025-08-11 13:51:37.208625
2025-08-11,36895,2025081104013757,RHPL,Dynamic Money Managers Securities Pvt. Ltd.,Dipshikha Dhitopatra Karobar Co. Pvt Ltd.,10,317.7,3177.0,2025-08-11 13:52:25.710117
2025-08-11,36791,2025081104013777,RHPL,Trisul Securities & Invt. Ltd.,Dipshikha Dhitopatra Karobar Co. Pvt Ltd.,35,317.8,11123.0,2025-08-11 13:52:44.846829
2025-08-11,36660,2025081104013793,RHPL,Trisul Securities & Invt. Ltd.,Midas Stock Broking Company Private Limited,265,317.8,84217.0,2025-08-11 13:53:09.620334
2025-08-11,36659,2025081104013794,RHPL,Dynamic Money Managers Securities Pvt. Ltd.,Midas Stock Broking Company Private Limited,90,317.7,28593.0,2025-08-11 13:53:09.620536
2025-08-11,36658,2025081104013795,RHPL,Sri Hari Securities Pvt. Ltd.,Midas Stock Broking Company Private Limited,15,317.7,4765.5,2025-08-11 13:53:09.620622
2025-08-11,36657,2025081104013796,RHPL,Linch Stock Market Ltd.,Midas Stock Broking Company Private Limited,100,317.6,31760.0,2025-08-11 13:53:09.620699
2025-08-11,36656,2025081104013797,RHPL,Secured Securities Ltd.,Midas Stock Broking Company Private Limited,100,317.6,31760.0,2025-08-11 13:53:09.620776
2025-08-11,36655,2025081104013798,RHPL,Naasa Securities Co. Ltd.,Midas Stock Broking Company Private Limited,50,317.5,15875.0,2025-08-11 13:53:09.620925
2025-08-11,36654,2025081104013799,RHPL,Trisul Securities & Invt. Ltd.,Midas Stock Broking Company Private Limited,500,317.0,158500.0,2025-08-11 13:53:09.621005
2025-08-11,36653,2025081104013800,RHPL,Sumeru Securities Pvt. Ltd.,Midas Stock Broking Company Private Limited,20,317.0,6340.0,2025-08-11 13:53:09.621088
2025-08-11,36652,2025081104013801,RHPL,Infinity Securities Limited,Midas Stock Broking Company Private Limited,100,317.0,31700.0,2025-08-11 13:53:09.621165
2025-08-11,36651,2025081104013802,RHPL,SUN SECURITIES PVT LTD,Midas Stock Broking Company Private Limited,100,317.0,31700.0,2025-08-11 13:53:09.621238
2025-08-11,36650,2025081104013803,RHPL,Online Securities Pvt. Ltd.,Midas Stock Broking Company Private Limited,45,317.0,14265.0,2025-08-11 13:53:09.621341
2025-08-11,36649,2025081104013804,RHPL,Opal Securities Investment (PVT) Ltd.,Midas Stock Broking Company Private Limited,1000,317.0,317000.0,2025-08-11 13:53:09.621414
2025-08-11,36648,2025081104013805,RHPL,Midas Stock Broking Company Private Limited,Midas Stock Broking Company Private Limited,15,317.0,4755.0,2025-08-11 13:53:09.621488
2025-08-11,36647,2025081104013806,RHPL,Oxford Securities Pvt. Ltd.,Midas Stock Broking Company Private Limited,1000,317.0,317000.0,2025-08-11 13:53:09.621560
2025-08-11,36646,2025081104013807,RHPL,Opal Securities Investment (PVT) Ltd.,Midas Stock Broking Company Private Limited,700,317.0,221900.0,2025-08-11 13:53:09.621672
2025-08-11,36645,2025081104013808,RHPL,Sani Securities Company Ltd.,Midas Stock Broking Company Private Limited,100,317.0,31700.0,2025-08-11 13:53:09.621937
2025-08-11,36295,2025081104013863,RHPL,ABC Securities Private Limited,Agrawal Securities (PVT) Ltd.,10,318.0,3180.0,2025-08-11 13:54:14.496388
2025-08-11,36280,2025081104013870,RHPL,Vision Securities Pvt. Ltd,Midas Stock Broking Company Private Limited,50,316.6,15830.0,2025-08-11 13:54:17.966212
2025-08-11,36279,2025081104013871,RHPL,ABC Securities Private Limited,Midas Stock Broking Company Private Limited,300,316.5,94950.0,2025-08-11 13:54:17.966603
2025-08-11,36278,2025081104013872,RHPL,Nepal Stock House (PVT) Ltd.,Midas Stock Broking Company Private Limited,30,316.5,9495.0,2025-08-11 13:54:17.966843
2025-08-11,36277,2025081104013873,RHPL,Bhrikuti Stock Broking Co. Pvt. Ltd.,Midas Stock Broking Company Private Limited,60,316.5,18990.0,2025-08-11 13:54:17.967070
2025-08-11,36276,2025081104013874,RHPL,Aakashbhairab Securities Ltd.,Midas Stock Broking Company Private Limited,100,316.2,31620.0,2025-08-11 13:54:17.967302
2025-08-11,36275,2025081104013875,RHPL,Aryatara Investment & Securities,Midas Stock Broking Company Private Limited,100,316.0,31600.0,2025-08-11 13:54:17.967534
2025-08-11,36274,2025081104013876,RHPL,Primo Securities (PVT) Ltd.,Midas Stock Broking Company Private Limited,100,316.0,31600.0,2025-08-11 13:54:17.967761
2025-08-11,36273,2025081104013877,RHPL,Asian Securities Private Ltd.,Midas Stock Broking Company Private Limited,100,316.0,31600.0,2025-08-11 13:54:17.967979
2025-08-11,36272,2025081104013878,RHPL,Kumari Securities Private Limited,Midas Stock Broking Company Private Limited,610,316.0,192760.0,2025-08-11 13:54:17.968202
2025-08-11,36271,2025081104013879,RHPL,Kumari Securities Private Limited,Midas Stock Broking Company Private Limited,65,316.0,20540.0,2025-08-11 13:54:17.968433
2025-08-11,36270,2025081104013880,RHPL,Agrawal Securities (PVT) Ltd.,Midas Stock Broking Company Private Limited,100,316.0,31600.0,2025-08-11 13:54:17.968644
2025-08-11,36269,2025081104013881,RHPL,Dakshinkali Investment & Securities Pvt. Ltd.,Midas Stock Broking Company Private Limited,100,316.0,31600.0,2025-08-11 13:54:17.968865
2025-08-11,36268,2025081104013882,RHPL,Oxford Securities Pvt. Ltd.,Midas Stock Broking Company Private Limited,159,316.0,50244.0,2025-08-11 13:54:17.969085
2025-08-11,36267,2025081104013883,RHPL,Aryatara Investment & Securities,Midas Stock Broking Company Private Limited,80,316.0,25280.0,2025-08-11 13:54:17.969330
2025-08-11,36266,2025081104013884,RHPL,Sani Securities Company Ltd.,Midas Stock Broking Company Private Limited,100,316.0,31600.0,2025-08-11 13:54:17.969548
2025-08-11,36265,2025081104013885,RHPL,Aryatara Investment & Securities,Midas Stock Broking Company Private Limited,1500,316.0,474000.0,2025-08-11 13:54:17.969756
2025-08-11,36264,2025081104013886,RHPL,Shree Krishna Securities Ltd.,Midas Stock Broking Company Private Limited,160,316.0,50560.0,2025-08-11 13:54:17.969970
2025-08-11,36263,2025081104013887,RHPL,Kohinoor Investment & Securities Pvt. Ltd.,Midas Stock Broking Company Private Limited,20,316.0,6320.0,2025-08-11 13:54:17.970181
2025-08-11,36262,2025081104013888,RHPL,Nepal Investment And Securities Trading Private Limited,Midas Stock Broking Company Private Limited,200,316.0,63200.0,2025-08-11 13:54:17.970397
2025-08-11,36221,2025081104013899,RHPL,Imperial Securities Company Pvt. Ltd.,Midas Stock Broking Company Private Limited,334,316.0,105544.0,2025-08-11 13:54:23.384765
2025-08-11,36076,2025081104013927,RHPL,Imperial Securities Company Pvt. Ltd.,Deevyaa Securities & Stock House Pvt. Ltd,40,316.0,12640.0,2025-08-11 13:54:50.982411
2025-08-11,35916,2025081104013953,RHPL,Cristal Kanchanjanga Securites Pvt. Ltd.,Naasa Securities Co. Ltd.,10,317.0,3170.0,2025-08-11 13:55:18.730147
2025-08-11,35540,2025081104014022,RHPL,ABC Securities Private Limited,Naasa Securities Co. Ltd.,30,319.0,9570.0,2025-08-11 13:56:36.064586
2025-08-11,35301,2025081104014063,RHPL,Cristal Kanchanjanga Securites Pvt. Ltd.,Machhapuchchhre Securities Limited,50,317.0,15850.0,2025-08-11 13:57:25.194465
2025-08-11,33681,2025081104014385,RHPL,ABC Securities Private Limited,Cristal Kanchanjanga Securites Pvt. Ltd.,10,317.5,3175.0,2025-08-11 14:03:07.566052
2025-08-11,33592,2025081104014413,RHPL,Sani Securities Company Ltd.,Kumari Securities Private Limited,50,318.9,15945.0,2025-08-11 14:03:26.713470
2025-08-11,33407,2025081104014445,RHPL,Agrawal Securities (PVT) Ltd.,Agrawal Securities (PVT) Ltd.,30,317.1,9513.0,2025-08-11 14:04:08.054443
2025-08-11,33406,2025081104014446,RHPL,Imperial Securities Company Pvt. Ltd.,Agrawal Securities (PVT) Ltd.,50,317.1,15855.0,2025-08-11 14:04:08.054525
2025-08-11,33405,2025081104014447,RHPL,Cristal Kanchanjanga Securites Pvt. Ltd.,Agrawal Securities (PVT) Ltd.,440,317.0,139480.0,2025-08-11 14:04:08.054548
2025-08-11,33404,2025081104014448,RHPL,Naasa Securities Co. Ltd.,Agrawal Securities (PVT) Ltd.,50,317.0,15850.0,2025-08-11 14:04:08.054572
2025-08-11,33403,2025081104014449,RHPL,Cristal Kanchanjanga Securites Pvt. Ltd.,Agrawal Securities (PVT) Ltd.,100,317.0,31700.0,2025-08-11 14:04:08.054594
2025-08-11,33402,2025081104014450,RHPL,Cristal Kanchanjanga Securites Pvt. Ltd.,Agrawal Securities (PVT) Ltd.,100,317.0,31700.0,2025-08-11 14:04:08.054616
2025-08-11,33401,2025081104014451,RHPL,Linch Stock Market Ltd.,Agrawal Securities (PVT) Ltd.,20,317.0,6340.0,2025-08-11 14:04:08.054636
2025-08-11,33400,2025081104014452,RHPL,Swarna Laxmi Securities Pvt. Ltd.,Agrawal Securities (PVT) Ltd.,100,317.0,31700.0,2025-08-11 14:04:08.054674
2025-08-11,33399,2025081104014453,RHPL,Sani Securities Company Ltd.,Agrawal Securities (PVT) Ltd.,10,317.0,3170.0,2025-08-11 14:04:08.054694
2025-08-11,33398,2025081104014454,RHPL,Siprabi Securities Pvt. Ltd.,Agrawal Securities (PVT) Ltd.,157,317.0,49769.0,2025-08-11 14:04:08.054714
2025-08-11,33397,2025081104014455,RHPL,Agrawal Securities (PVT) Ltd.,Agrawal Securities (PVT) Ltd.,50,316.1,15805.0,2025-08-11 14:04:08.054736
2025-08-11,33396,2025081104014456,RHPL,Oxford Securities Pvt. Ltd.,Agrawal Securities (PVT) Ltd.,100,316.1,31610.0,2025-08-11 14:04:08.054756
2025-08-11,33395,2025081104014457,RHPL,Primo Securities (PVT) Ltd.,Agrawal Securities (PVT) Ltd.,275,316.1,86927.5,2025-08-11 14:04:08.054778
2025-08-11,33394,2025081104014458,RHPL,Linch Stock Market Ltd.,Agrawal Securities (PVT) Ltd.,500,316.1,158050.0,2025-08-11 14:04:08.054800
2025-08-11,33393,2025081104014459,RHPL,Imperial Securities Company Pvt. Ltd.,Agrawal Securities (PVT) Ltd.,126,316.0,39816.0,2025-08-11 14:04:08.054822
2025-08-11,33392,2025081104014460,RHPL,Online Securities Pvt. Ltd.,Agrawal Securities (PVT) Ltd.,500,316.0,158000.0,2025-08-11 14:04:08.054844
2025-08-11,33391,2025081104014461,RHPL,South Asian Bulls Pvt. Ltd.,Agrawal Securities (PVT) Ltd.,110,316.0,34760.0,2025-08-11 14:04:08.054881
2025-08-11,33390,2025081104014462,RHPL,Secured Securities Ltd.,Agrawal Securities (PVT) Ltd.,50,316.0,15800.0,2025-08-11 14:04:08.054902
2025-08-11,33389,2025081104014463,RHPL,Sani Securities Company Ltd.,Agrawal Securities (PVT) Ltd.,20,315.9,6318.0,2025-08-11 14:04:08.054938
2025-08-11,33388,2025081104014464,RHPL,Sweta Securities Private Limited,Agrawal Securities (PVT) Ltd.,200,315.8,63160.0,2025-08-11 14:04:08.054960
2025-08-11,33387,2025081104014465,RHPL,Bhrikuti Stock Broking Co. Pvt. Ltd.,Agrawal Securities (PVT) Ltd.,10,315.8,3158.0,2025-08-11 14:04:08.054986
2025-08-11,33232,2025081104014520,RHPL,Agrawal Securities (PVT) Ltd.,Kumari Securities Private Limited,10,318.9,3189.0,2025-08-11 14:04:35.345826
2025-08-11,33220,2025081104014522,RHPL,Naasa Securities Co. Ltd.,Sani Securities Company Ltd.,50,315.8,15790.0,2025-08-11 14:04:38.877259
2025-08-11,33219,2025081104014523,RHPL,Aryatara Investment & Securities,Sani Securities Company Ltd.,250,315.7,78925.0,2025-08-11 14:04:38.877489
2025-08-11,33218,2025081104014524,RHPL,Asian Securities Private Ltd.,Sani Securities Company Ltd.,50,315.6,15780.0,2025-08-11 14:04:38.877560
2025-08-11,33217,2025081104014525,RHPL,Online Securities Pvt. Ltd.,Sani Securities Company Ltd.,50,315.6,15780.0,2025-08-11 14:04:38.877635
2025-08-11,33216,2025081104014526,RHPL,Stoxkarts Securities Limited,Sani Securities Company Ltd.,200,315.6,63120.0,2025-08-11 14:04:38.877705
2025-08-11,33215,2025081104014527,RHPL,South Asian Bulls Pvt. Ltd.,Sani Securities Company Ltd.,500,315.6,157800.0,2025-08-11 14:04:38.877775
2025-08-11,33214,2025081104014528,RHPL,Midas Stock Broking Company Private Limited,Sani Securities Company Ltd.,100,315.6,31560.0,2025-08-11 14:04:38.877843
2025-08-11,33155,2025081104014548,RHPL,Midas Stock Broking Company Private Limited,Naasa Securities Co. Ltd.,40,315.6,12624.0,2025-08-11 14:04:47.255399
2025-08-11,32099,2025081104014813,RHPL,Naasa Securities Co. Ltd.,Premier Securities Company Ltd.,40,316.0,12640.0,2025-08-11 14:07:48.848249
2025-08-11,32098,2025081104014814,RHPL,Naasa Securities Co. Ltd.,Kumari Securities Private Limited,150,318.9,47835.0,2025-08-11 14:07:48.848353
2025-08-11,31985,2025081104014842,RHPL,Linch Stock Market Ltd.,Ashutosh Brokerage & Securities (PVT) Ltd.,40,316.0,12640.0,2025-08-11 14:08:02.556702
2025-08-11,31984,2025081104014843,RHPL,Siprabi Securities Pvt. Ltd.,Ashutosh Brokerage & Securities (PVT) Ltd.,13,316.0,4108.0,2025-08-11 14:08:02.557080
2025-08-11,31899,2025081104014855,RHPL,Sani Securities Company Ltd.,Ashutosh Brokerage & Securities (PVT) Ltd.,300,316.0,94800.0,2025-08-11 14:08:20.904286
2025-08-11,31891,2025081104014857,RHPL,Sharepro Securities Private Limited,Ashutosh Brokerage & Securities (PVT) Ltd.,40,316.0,12640.0,2025-08-11 14:08:23.644856
2025-08-11,31815,2025081104014866,RHPL,Online Securities Pvt. Ltd.,Ashutosh Brokerage & Securities (PVT) Ltd.,100,316.0,31600.0,2025-08-11 14:08:35.950226
2025-08-11,31158,2025081104015012,RHPL,Asian Securities Private Ltd.,South Asian Bulls Pvt. Ltd.,10,316.1,3161.0,2025-08-11 14:10:12.350779
2025-08-11,31157,2025081104015013,RHPL,Siprabi Securities Pvt. Ltd.,South Asian Bulls Pvt. Ltd.,190,316.1,60059.0,2025-08-11 14:10:12.351144
2025-08-11,29608,2025081104015416,RHPL,South Asian Bulls Pvt. Ltd.,Midas Stock Broking Company Private Limited,100,316.2,31620.0,2025-08-11 14:14:49.742455
2025-08-11,29607,2025081104015417,RHPL,Deevyaa Securities & Stock House Pvt. Ltd,Midas Stock Broking Company Private Limited,500,316.2,158100.0,2025-08-11 14:14:49.742674
2025-08-11,29606,2025081104015418,RHPL,Siprabi Securities Pvt. Ltd.,Midas Stock Broking Company Private Limited,112,316.2,35414.4,2025-08-11 14:14:49.742777
2025-08-11,29605,2025081104015419,RHPL,Bhrikuti Stock Broking Co. Pvt. Ltd.,Midas Stock Broking Company Private Limited,10,316.1,3161.0,2025-08-11 14:14:49.742857
2025-08-11,29604,2025081104015420,RHPL,Secured Securities Ltd.,Midas Stock Broking Company Private Limited,100,316.1,31610.0,2025-08-11 14:14:49.742934
2025-08-11,29603,2025081104015421,RHPL,Online Securities Pvt. Ltd.,Midas Stock Broking Company Private Limited,100,316.1,31610.0,2025-08-11 14:14:49.743009
2025-08-11,29602,2025081104015422,RHPL,Swarna Laxmi Securities Pvt. Ltd.,Midas Stock Broking Company Private Limited,100,316.0,31600.0,2025-08-11 14:14:49.743085
2025-08-11,29601,2025081104015423,RHPL,Cristal Kanchanjanga Securites Pvt. Ltd.,Midas Stock Broking Company Private Limited,35,316.0,11060.0,2025-08-11 14:14:49.743162
2025-08-11,29600,2025081104015424,RHPL,Imperial Securities Company Pvt. Ltd.,Midas Stock Broking Company Private Limited,300,316.0,94800.0,2025-08-11 14:14:49.743236
2025-08-11,29599,2025081104015425,RHPL,Asian Securities Private Ltd.,Midas Stock Broking Company Private Limited,500,316.0,158000.0,2025-08-11 14:14:49.743310
2025-08-11,29598,2025081104015426,RHPL,South Asian Bulls Pvt. Ltd.,Midas Stock Broking Company Private Limited,60,316.0,18960.0,2025-08-11 14:14:49.743391
2025-08-11,29597,2025081104015427,RHPL,Sani Securities Company Ltd.,Midas Stock Broking Company Private Limited,100,316.0,31600.0,2025-08-11 14:14:49.743484
2025-08-11,29596,2025081104015428,RHPL,Trisul Securities & Invt. Ltd.,Midas Stock Broking Company Private Limited,100,316.0,31600.0,2025-08-11 14:14:49.743575
2025-08-11,29595,2025081104015429,RHPL,Dynamic Money Managers Securities Pvt. Ltd.,Midas Stock Broking Company Private Limited,10000,315.9,3159000.0,2025-08-11 14:14:49.743650
2025-08-11,29594,2025081104015430,RHPL,Secured Securities Ltd.,Midas Stock Broking Company Private Limited,200,315.9,63180.0,2025-08-11 14:14:49.743723
2025-08-11,28376,2025081104015717,RHPL,Naasa Securities Co. Ltd.,Premier Securities Company Ltd.,20,317.0,6340.0,2025-08-11 14:17:46.772253
2025-08-11,28169,2025081104015762,RHPL,Online Securities Pvt. Ltd.,Linch Stock Market Ltd.,50,315.9,15795.0,2025-08-11 14:18:25.131553
2025-08-11,27782,2025081104015882,RHPL,S.P.S.A. Securities Limited,Agrawal Securities (PVT) Ltd.,100,316.0,31600.0,2025-08-11 14:19:40.398993
2025-08-11,27781,2025081104015883,RHPL,Linch Stock Market Ltd.,Agrawal Securities (PVT) Ltd.,500,316.0,158000.0,2025-08-11 14:19:40.399216
2025-08-11,27780,2025081104015884,RHPL,Online Securities Pvt. Ltd.,Agrawal Securities (PVT) Ltd.,50,315.9,15795.0,2025-08-11 14:19:40.399338
2025-08-11,27779,2025081104015885,RHPL,Imperial Securities Company Pvt. Ltd.,Agrawal Securities (PVT) Ltd.,400,315.9,126360.0,2025-08-11 14:19:40.399419
2025-08-11,27778,2025081104015886,RHPL,Deevyaa Securities & Stock House Pvt. Ltd,Agrawal Securities (PVT) Ltd.,30,315.7,9471.0,2025-08-11 14:19:40.399502
2025-08-11,27777,2025081104015887,RHPL,Agrawal Securities (PVT) Ltd.,Agrawal Securities (PVT) Ltd.,600,315.6,189360.0,2025-08-11 14:19:40.399592
2025-08-11,27776,2025081104015888,RHPL,Sani Securities Company Ltd.,Agrawal Securities (PVT) Ltd.,720,315.6,227232.0,2025-08-11 14:19:40.399678
2025-08-11,26444,2025081104016129,RHPL,Siprabi Securities Pvt. Ltd.,Premier Securities Company Ltd.,10,317.0,3170.0,2025-08-11 14:23:17.791497
2025-08-11,25837,2025081104016259,RHPL,Siprabi Securities Pvt. Ltd.,Premier Securities Company Ltd.,50,318.0,15900.0,2025-08-11 14:24:47.732296
2025-08-11,25560,2025081104016331,RHPL,Kohinoor Investment & Securities Pvt. Ltd.,INDEX SECURITIES LIMITED,40,316.0,12640.0,2025-08-11 14:25:20.733974
2025-08-11,25468,2025081104016349,RHPL,Market Securities & Exchange (PVT) Ltd.,Premier Securities Company Ltd.,20,318.0,6360.0,2025-08-11 14:25:36.774733
2025-08-11,25467,2025081104016350,RHPL,Market Securities & Exchange (PVT) Ltd.,Oxford Securities Pvt. Ltd.,280,318.0,89040.0,2025-08-11 14:25:36.774957
2025-08-11,25018,2025081104016455,RHPL,ABC Securities Private Limited,Naasa Securities Co. Ltd.,40,317.0,12680.0,2025-08-11 14:27:08.931661
2025-08-11,24627,2025081104016517,RHPL,ABC Securities Private Limited,Trishakti Securities Public Limited,160,317.0,50720.0,2025-08-11 14:28:01.305629
2025-08-11,24626,2025081104016518,RHPL,Dipshikha Dhitopatra Karobar Co. Pvt Ltd.,Trishakti Securities Public Limited,50,316.3,15815.0,2025-08-11 14:28:01.306142
2025-08-11,24625,2025081104016519,RHPL,Kohinoor Investment & Securities Pvt. Ltd.,Trishakti Securities Public Limited,276,316.0,87216.0,2025-08-11 14:28:01.306547
2025-08-11,24624,2025081104016520,RHPL,Dipshikha Dhitopatra Karobar Co. Pvt Ltd.,Trishakti Securities Public Limited,200,316.0,63200.0,2025-08-11 14:28:01.306921
2025-08-11,24623,2025081104016521,RHPL,Linch Stock Market Ltd.,Trishakti Securities Public Limited,100,316.0,31600.0,2025-08-11 14:28:01.307263
2025-08-11,24622,2025081104016522,RHPL,J.F. Securites (PVT) Ltd.,Trishakti Securities Public Limited,100,315.9,31590.0,2025-08-11 14:28:01.307640
2025-08-11,24621,2025081104016523,RHPL,Online Securities Pvt. Ltd.,Trishakti Securities Public Limited,23,315.8,7263.4,2025-08-11 14:28:01.307997
2025-08-11,24620,2025081104016524,RHPL,Sweta Securities Private Limited,Trishakti Securities Public Limited,80,315.7,25256.0,2025-08-11 14:28:01.308358
2025-08-11,24619,2025081104016525,RHPL,Capital Max Securities Ltd,Trishakti Securities Public Limited,20,315.7,6314.0,2025-08-11 14:28:01.308711
2025-08-11,24618,2025081104016526,RHPL,Sani Securities Company Ltd.,Trishakti Securities Public Limited,280,315.6,88368.0,2025-08-11 14:28:01.309061
2025-08-11,24617,2025081104016527,RHPL,Secured Securities Ltd.,Trishakti Securities Public Limited,100,315.5,31550.0,2025-08-11 14:28:01.309412
2025-08-11,24616,2025081104016528,RHPL,Kumari Securities Private Limited,Trishakti Securities Public Limited,300,315.2,94560.0,2025-08-11 14:28:01.309774
2025-08-11,24615,2025081104016529,RHPL,Imperial Securities Company Pvt. Ltd.,Trishakti Securities Public Limited,481,315.2,151611.2,2025-08-11 14:28:01.310107
2025-08-11,21966,2025081104017257,RHPL,Vision Securities Pvt. Ltd,Midas Stock Broking Company Private Limited,40,316.0,12640.0,2025-08-11 14:34:09.956325
2025-08-11,21877,2025081104017277,RHPL,Vision Securities Pvt. Ltd,Naasa Securities Co. Ltd.,10,316.0,3160.0,2025-08-11 14:34:26.633171
2025-08-11,21855,2025081104017279,RHPL,Siprabi Securities Pvt. Ltd.,Naasa Securities Co. Ltd.,60,316.0,18960.0,2025-08-11 14:34:29.474993
2025-08-11,21720,2025081104017318,RHPL,Asian Securities Private Ltd.,Siprabi Securities Pvt. Ltd.,40,316.3,12652.0,2025-08-11 14:34:54.726382
2025-08-11,21386,2025081104017417,RHPL,Asian Securities Private Ltd.,Dynamic Money Managers Securities Pvt. Ltd.,10,316.3,3163.0,2025-08-11 14:35:37.193689
2025-08-11,21385,2025081104017418,RHPL,Linch Stock Market Ltd.,Dynamic Money Managers Securities Pvt. Ltd.,25,316.1,7902.5,2025-08-11 14:35:37.193974
2025-08-11,21384,2025081104017419,RHPL,Siprabi Securities Pvt. Ltd.,Dynamic Money Managers Securities Pvt. Ltd.,65,316.0,20540.0,2025-08-11 14:35:37.194066
2025-08-11,20789,2025081104017582,RHPL,ABC Securities Private Limited,Oxford Securities Pvt. Ltd.,100,316.3,31630.0,2025-08-11 14:36:57.076249
2025-08-11,20788,2025081104017583,RHPL,Siprabi Securities Pvt. Ltd.,Oxford Securities Pvt. Ltd.,125,316.0,39500.0,2025-08-11 14:36:57.076683
2025-08-11,20787,2025081104017584,RHPL,Investment Management Nepal Pvt. Ltd.,Oxford Securities Pvt. Ltd.,100,316.0,31600.0,2025-08-11 14:36:57.076921
2025-08-11,20786,2025081104017585,RHPL,Asian Securities Private Ltd.,Oxford Securities Pvt. Ltd.,100,316.0,31600.0,2025-08-11 14:36:57.077141
2025-08-11,20784,2025081104017586,RHPL,Investment Management Nepal Pvt. Ltd.,Oxford Securities Pvt. Ltd.,50,316.0,15800.0,2025-08-11 14:36:57.477941
2025-08-11,20782,2025081104017587,RHPL,Vision Securities Pvt. Ltd,Oxford Securities Pvt. Ltd.,200,316.0,63200.0,2025-08-11 14:36:58.055728
2025-08-11,20658,2025081104017611,RHPL,Trisul Securities & Invt. Ltd.,J.F. Securites (PVT) Ltd.,100,315.8,31580.0,2025-08-11 14:37:14.212510
2025-08-11,20657,2025081104017612,RHPL,ABC Securities Private Limited,J.F. Securites (PVT) Ltd.,50,315.3,15765.0,2025-08-11 14:37:14.212787
2025-08-11,20656,2025081104017613,RHPL,Vision Securities Pvt. Ltd,J.F. Securites (PVT) Ltd.,100,315.3,31530.0,2025-08-11 14:37:14.212882
2025-08-11,20655,2025081104017614,RHPL,Himalayan Securities Limited,J.F. Securites (PVT) Ltd.,10,315.3,3153.0,2025-08-11 14:37:14.212963
2025-08-11,19587,2025081104017905,RHPL,Himalayan Securities Limited,Aryatara Investment & Securities,15,315.3,4729.5,2025-08-11 14:39:17.725556
2025-08-11,19586,2025081104017906,RHPL,Imperial Securities Company Pvt. Ltd.,Aryatara Investment & Securities,519,315.2,163588.8,2025-08-11 14:39:17.725786
2025-08-11,19585,2025081104017907,RHPL,Linch Stock Market Ltd.,Aryatara Investment & Securities,65,315.2,20488.0,2025-08-11 14:39:17.725883
2025-08-11,19584,2025081104017908,RHPL,Primo Securities (PVT) Ltd.,Aryatara Investment & Securities,100,315.2,31520.0,2025-08-11 14:39:17.725968
2025-08-11,19583,2025081104017909,RHPL,Trisul Securities & Invt. Ltd.,Aryatara Investment & Securities,100,315.1,31510.0,2025-08-11 14:39:17.726054
2025-08-11,19582,2025081104017910,RHPL,SUN SECURITIES PVT LTD,Aryatara Investment & Securities,2201,315.1,693535.1,2025-08-11 14:39:17.726136
2025-08-11,19122,2025081104018044,RHPL,Deevyaa Securities & Stock House Pvt. Ltd,Oxford Securities Pvt. Ltd.,45,316.0,14220.0,2025-08-11 14:40:01.815732
2025-08-11,18894,2025081104018123,RHPL,Linch Stock Market Ltd.,Deevyaa Securities & Stock House Pvt. Ltd,40,316.3,12652.0,2025-08-11 14:40:23.739169
2025-08-11,18225,2025081104018280,RHPL,Kohinoor Investment & Securities Pvt. Ltd.,Aryatara Investment & Securities,100,316.0,31600.0,2025-08-11 14:41:29.467039
2025-08-11,17990,2025081104018343,RHPL,Kohinoor Investment & Securities Pvt. Ltd.,Indira securities pvt. ltd,30,316.0,9480.0,2025-08-11 14:41:53.519436
2025-08-11,17989,2025081104018344,RHPL,Sri Hari Securities Pvt. Ltd.,Indira securities pvt. ltd,20,315.2,6304.0,2025-08-11 14:41:53.519670
2025-08-11,17988,2025081104018345,RHPL,SUN SECURITIES PVT LTD,Indira securities pvt. ltd,145,315.1,45689.5,2025-08-11 14:41:53.519807
2025-08-11,17079,2025081104018602,RHPL,Linch Stock Market Ltd.,South Asian Bulls Pvt. Ltd.,50,317.0,15850.0,2025-08-11 14:43:09.924710
2025-08-11,16060,2025081104018875,RHPL,Naasa Securities Co. Ltd.,Naasa Securities Co. Ltd.,70,315.2,22064.0,2025-08-11 14:44:35.306148
2025-08-11,12360,2025081104019983,RHPL,Imperial Securities Company Pvt. Ltd.,Deevyaa Securities & Stock House Pvt. Ltd,40,315.9,12636.0,2025-08-11 14:48:58.476066
2025-08-11,11968,2025081104020080,RHPL,Linch Stock Market Ltd.,Secured Securities Ltd.,64,316.0,20224.0,2025-08-11 14:49:25.381535
2025-08-11,11967,2025081104020081,RHPL,Imperial Securities Company Pvt. Ltd.,Secured Securities Ltd.,60,315.9,18954.0,2025-08-11 14:49:25.381799
2025-08-11,11966,2025081104020082,RHPL,Vision Securities Pvt. Ltd,Secured Securities Ltd.,100,315.9,31590.0,2025-08-11 14:49:25.381892
2025-08-11,11965,2025081104020083,RHPL,Naasa Securities Co. Ltd.,Secured Securities Ltd.,76,315.5,23978.0,2025-08-11 14:49:25.381987
2025-08-11,11647,2025081104020162,RHPL,Naasa Securities Co. Ltd.,Malla & Malla Stock Broking Company Pvt. Limited,40,315.5,12620.0,2025-08-11 14:49:47.593301
2025-08-11,10770,2025081104020416,RHPL,Imperial Securities Company Pvt. Ltd.,Sani Securities Company Ltd.,20,316.0,6320.0,2025-08-11 14:50:58.207082
2025-08-11,9642,2025081104020736,RHPL,Dipshikha Dhitopatra Karobar Co. Pvt Ltd.,Sani Securities Company Ltd.,20,316.0,6320.0,2025-08-11 14:52:24.050461
2025-08-11,8917,2025081104020985,RHPL,Asian Securities Private Ltd.,Sani Securities Company Ltd.,100,315.6,31560.0,2025-08-11 14:53:13.584741
2025-08-11,8899,2025081104020990,RHPL,Investment Management Nepal Pvt. Ltd.,Malla & Malla Stock Broking Company Pvt. Limited,20,316.0,6320.0,2025-08-11 14:53:14.632761
2025-08-11,8655,2025081104021067,RHPL,Investment Management Nepal Pvt. Ltd.,Asian Securities Private Ltd.,30,316.0,9480.0,2025-08-11 14:53:31.240684
2025-08-11,8654,2025081104021068,RHPL,Sani Securities Company Ltd.,Asian Securities Private Ltd.,10,316.0,3160.0,2025-08-11 14:53:31.240922
2025-08-11,8653,2025081104021069,RHPL,Sharepro Securities Private Limited,Asian Securities Private Ltd.,20,316.0,6320.0,2025-08-11 14:53:31.241032
2025-08-11,8642,2025081104021077,RHPL,Naasa Securities Co. Ltd.,Sani Securities Company Ltd.,64,315.5,20192.0,2025-08-11 14:53:33.018174
2025-08-11,8641,2025081104021078,RHPL,Market Securities & Exchange (PVT) Ltd.,Sani Securities Company Ltd.,600,315.5,189300.0,2025-08-11 14:53:33.018721
2025-08-11,8639,2025081104021079,RHPL,Dipshikha Dhitopatra Karobar Co. Pvt Ltd.,Sani Securities Company Ltd.,200,315.5,63100.0,2025-08-11 14:53:33.019264
2025-08-11,8637,2025081104021080,RHPL,Asian Securities Private Ltd.,Sani Securities Company Ltd.,436,315.5,137558.0,2025-08-11 14:53:33.019712
2025-08-11,8584,2025081104021097,RHPL,Asian Securities Private Ltd.,Citizens Share Broker Limited,64,315.5,20192.0,2025-08-11 14:53:36.483836
2025-08-11,8583,2025081104021098,RHPL,Naasa Securities Co. Ltd.,Citizens Share Broker Limited,200,315.4,63080.0,2025-08-11 14:53:36.484059
2025-08-11,8582,2025081104021099,RHPL,Imperial Securities Company Pvt. Ltd.,Citizens Share Broker Limited,100,315.4,31540.0,2025-08-11 14:53:36.484152
2025-08-11,8581,2025081104021100,RHPL,Midas Stock Broking Company Private Limited,Citizens Share Broker Limited,635,315.3,200215.5,2025-08-11 14:53:36.484242
2025-08-11,8332,2025081104021178,RHPL,Oxford Securities Pvt. Ltd.,Asian Securities Private Ltd.,440,315.2,138688.0,2025-08-11 14:53:53.376598
2025-08-11,7682,2025081104021355,RHPL,Linch Stock Market Ltd.,Kalika Securities Pvt. Ltd.,40,315.3,12612.0,2025-08-11 14:54:41.249145
2025-08-11,7446,2025081104021419,RHPL,Linch Stock Market Ltd.,Midas Stock Broking Company Private Limited,35,315.3,11035.5,2025-08-11 14:54:55.919777
2025-08-11,7445,2025081104021420,RHPL,Oxford Securities Pvt. Ltd.,Midas Stock Broking Company Private Limited,210,315.2,66192.0,2025-08-11 14:54:55.920223
2025-08-11,7444,2025081104021421,RHPL,Linch Stock Market Ltd.,Midas Stock Broking Company Private Limited,550,315.2,173360.0,2025-08-11 14:54:55.920519
2025-08-11,7443,2025081104021422,RHPL,Agrawal Securities (PVT) Ltd.,Midas Stock Broking Company Private Limited,500,315.2,157600.0,2025-08-11 14:54:55.920791
2025-08-11,7442,2025081104021423,RHPL,Linch Stock Market Ltd.,Midas Stock Broking Company Private Limited,15,315.2,4728.0,2025-08-11 14:54:55.921055
2025-08-11,7441,2025081104021424,RHPL,Sani Securities Company Ltd.,Midas Stock Broking Company Private Limited,50,315.2,15760.0,2025-08-11 14:54:55.921334
2025-08-11,7440,2025081104021425,RHPL,SUN SECURITIES PVT LTD,Midas Stock Broking Company Private Limited,520,315.1,163852.0,2025-08-11 14:54:55.921615
2025-08-11,7439,2025081104021426,RHPL,Dakshinkali Investment & Securities Pvt. Ltd.,Midas Stock Broking Company Private Limited,100,315.1,31510.0,2025-08-11 14:54:55.921872
2025-08-11,7438,2025081104021427,RHPL,Bhrikuti Stock Broking Co. Pvt. Ltd.,Midas Stock Broking Company Private Limited,10,315.1,3151.0,2025-08-11 14:54:55.922132
2025-08-11,7437,2025081104021428,RHPL,Premier Securities Company Ltd.,Midas Stock Broking Company Private Limited,300,315.1,94530.0,2025-08-11 14:54:55.922404
2025-08-11,7436,2025081104021429,RHPL,Online Securities Pvt. Ltd.,Midas Stock Broking Company Private Limited,100,315.1,31510.0,2025-08-11 14:54:55.922665
2025-08-11,7435,2025081104021430,RHPL,Nepal Stock House (PVT) Ltd.,Midas Stock Broking Company Private Limited,200,315.1,63020.0,2025-08-11 14:54:55.922926
2025-08-11,7434,2025081104021431,RHPL,Aryatara Investment & Securities,Midas Stock Broking Company Private Limited,1000,315.0,315000.0,2025-08-11 14:54:55.923167
2025-08-11,7433,2025081104021432,RHPL,Nepal Investment And Securities Trading Private Limited,Midas Stock Broking Company Private Limited,300,315.0,94500.0,2025-08-11 14:54:55.923435
2025-08-11,7432,2025081104021433,RHPL,Infinity Securities Limited,Midas Stock Broking Company Private Limited,100,315.0,31500.0,2025-08-11 14:54:55.923688
2025-08-11,7431,2025081104021434,RHPL,KALASH STOCK MARKET PVT. LTD.,Midas Stock Broking Company Private Limited,50,315.0,15750.0,2025-08-11 14:54:55.923938
2025-08-11,7430,2025081104021435,RHPL,Kumari Securities Private Limited,Midas Stock Broking Company Private Limited,100,315.0,31500.0,2025-08-11 14:54:55.924190
2025-08-11,7429,2025081104021436,RHPL,Primo Securities (PVT) Ltd.,Midas Stock Broking Company Private Limited,100,315.0,31500.0,2025-08-11 14:54:55.924449
2025-08-11,7428,2025081104021437,RHPL,Sani Securities Company Ltd.,Midas Stock Broking Company Private Limited,100,315.0,31500.0,2025-08-11 14:54:55.924686
2025-08-11,7427,2025081104021438,RHPL,Kumari Securities Private Limited,Midas Stock Broking Company Private Limited,100,315.0,31500.0,2025-08-11 14:54:55.924926
2025-08-11,7426,2025081104021439,RHPL,Vision Securities Pvt. Ltd,Midas Stock Broking Company Private Limited,200,315.0,63000.0,2025-08-11 14:54:55.925180
2025-08-11,7425,2025081104021440,RHPL,Primo Securities (PVT) Ltd.,Midas Stock Broking Company Private Limited,200,315.0,63000.0,2025-08-11 14:54:55.925411
2025-08-11,7424,2025081104021441,RHPL,Nepal Stock House (PVT) Ltd.,Midas Stock Broking Company Private Limited,100,315.0,31500.0,2025-08-11 14:54:55.925644
2025-08-11,7423,2025081104021442,RHPL,Sani Securities Company Ltd.,Midas Stock Broking Company Private Limited,300,315.0,94500.0,2025-08-11 14:54:55.925878
2025-08-11,7422,2025081104021443,RHPL,South Asian Bulls Pvt. Ltd.,Midas Stock Broking Company Private Limited,300,315.0,94500.0,2025-08-11 14:54:55.926136
2025-08-11,7421,2025081104021444,RHPL,Nepal Investment And Securities Trading Private Limited,Midas Stock Broking Company Private Limited,40,315.0,12600.0,2025-08-11 14:54:55.926224
2025-08-11,7420,2025081104021445,RHPL,Naasa Securities Co. Ltd.,Midas Stock Broking Company Private Limited,50,315.0,15750.0,2025-08-11 14:54:55.926320
2025-08-11,7419,2025081104021446,RHPL,Dakshinkali Investment & Securities Pvt. Ltd.,Midas Stock Broking Company Private Limited,500,315.0,157500.0,2025-08-11 14:54:55.926398
2025-08-11,7418,2025081104021447,RHPL,Aryatara Investment & Securities,Midas Stock Broking Company Private Limited,50,315.0,15750.0,2025-08-11 14:54:55.926473
2025-08-11,7417,2025081104021448,RHPL,Himalayan Securities Limited,Midas Stock Broking Company Private Limited,1000,315.0,315000.0,2025-08-11 14:54:55.926547
2025-08-11,7416,2025081104021449,RHPL,Vision Securities Pvt. Ltd,Midas Stock Broking Company Private Limited,100,315.0,31500.0,2025-08-11 14:54:55.926621
2025-08-11,7415,2025081104021450,RHPL,ABC Securities Private Limited,Midas Stock Broking Company Private Limited,499,315.0,157185.0,2025-08-11 14:54:55.926706
2025-08-11,7414,2025081104021451,RHPL,Siprabi Securities Pvt. Ltd.,Midas Stock Broking Company Private Limited,40,315.0,12600.0,2025-08-11 14:54:55.926780
2025-08-11,7413,2025081104021452,RHPL,Imperial Securities Company Pvt. Ltd.,Midas Stock Broking Company Private Limited,190,315.0,59850.0,2025-08-11 14:54:55.926853
2025-08-11,7412,2025081104021453,RHPL,Dynamic Money Managers Securities Pvt. Ltd.,Midas Stock Broking Company Private Limited,50,315.0,15750.0,2025-08-11 14:54:55.926928
2025-08-11,7411,2025081104021454,RHPL,Neev Securities Pvt. Ltd.,Midas Stock Broking Company Private Limited,50,315.0,15750.0,2025-08-11 14:54:55.927001
2025-08-11,7410,2025081104021455,RHPL,Dipshikha Dhitopatra Karobar Co. Pvt Ltd.,Midas Stock Broking Company Private Limited,100,315.0,31500.0,2025-08-11 14:54:55.927070
2025-08-11,7409,2025081104021456,RHPL,Sani Securities Company Ltd.,Midas Stock Broking Company Private Limited,300,315.0,94500.0,2025-08-11 14:54:55.927142
2025-08-11,7408,2025081104021457,RHPL,Vision Securities Pvt. Ltd,Midas Stock Broking Company Private Limited,100,315.0,31500.0,2025-08-11 14:54:55.927216
2025-08-11,7407,2025081104021458,RHPL,Sewa Securities Pvt. Ltd.,Midas Stock Broking Company Private Limited,200,315.0,63000.0,2025-08-11 14:54:55.927292
2025-08-11,7406,2025081104021459,RHPL,ABC Securities Private Limited,Midas Stock Broking Company Private Limited,100,315.0,31500.0,2025-08-11 14:54:55.927370
2025-08-11,7405,2025081104021460,RHPL,Miyo Securities Pvt Ltd,Midas Stock Broking Company Private Limited,330,315.0,103950.0,2025-08-11 14:54:55.927443
2025-08-11,7404,2025081104021461,RHPL,Dipshikha Dhitopatra Karobar Co. Pvt Ltd.,Midas Stock Broking Company Private Limited,30,315.0,9450.0,2025-08-11 14:54:55.927513
2025-08-11,7403,2025081104021462,RHPL,Sani Securities Company Ltd.,Midas Stock Broking Company Private Limited,150,315.0,47250.0,2025-08-11 14:54:55.927582
2025-08-11,7041,2025081104021533,RHPL,Linch Stock Market Ltd.,Sani Securities Company Ltd.,10,316.0,3160.0,2025-08-11 14:55:19.329723
2025-08-11,7040,2025081104021534,RHPL,Linch Stock Market Ltd.,Sani Securities Company Ltd.,160,316.0,50560.0,2025-08-11 14:55:19.330013
2025-08-11,6980,2025081104021548,RHPL,Naasa Securities Co. Ltd.,Trisul Securities & Invt. Ltd.,16,316.0,5056.0,2025-08-11 14:55:22.517777
2025-08-11,6736,2025081104021636,RHPL,ABC Securities Private Limited,Online Securities Pvt. Ltd.,300,314.7,94410.0,2025-08-11 14:55:37.124238
2025-08-11,6731,2025081104021638,RHPL,Asian Securities Private Ltd.,Online Securities Pvt. Ltd.,45,314.7,14161.5,2025-08-11 14:55:38.072360
2025-08-11,6607,2025081104021680,RHPL,Vision Securities Pvt. Ltd,South Asian Bulls Pvt. Ltd.,100,314.5,31450.0,2025-08-11 14:55:47.286764
2025-08-11,6606,2025081104021681,RHPL,Aakashbhairab Securities Ltd.,South Asian Bulls Pvt. Ltd.,100,314.5,31450.0,2025-08-11 14:55:47.287044
2025-08-11,6605,2025081104021682,RHPL,Aryatara Investment & Securities,South Asian Bulls Pvt. Ltd.,100,314.5,31450.0,2025-08-11 14:55:47.287129
2025-08-11,6528,2025081104021712,RHPL,Trisul Securities & Invt. Ltd.,Vision Securities Pvt. Ltd,21,314.5,6604.5,2025-08-11 14:55:50.794111
2025-08-11,6470,2025081104021719,RHPL,Sumeru Securities Pvt. Ltd.,Online Securities Pvt. Ltd.,155,314.5,48747.5,2025-08-11 14:55:54.814103
2025-08-11,6115,2025081104021781,RHPL,Trisul Securities & Invt. Ltd.,Sani Securities Company Ltd.,50,314.7,15735.0,2025-08-11 14:56:09.353942
2025-08-11,6114,2025081104021782,RHPL,South Asian Bulls Pvt. Ltd.,Sani Securities Company Ltd.,150,314.1,47115.0,2025-08-11 14:56:09.354131
2025-08-11,5958,2025081104021830,RHPL,South Asian Bulls Pvt. Ltd.,Linch Stock Market Ltd.,50,314.1,15705.0,2025-08-11 14:56:20.521095
2025-08-11,5957,2025081104021831,RHPL,Sundhara Securities Limited,Linch Stock Market Ltd.,250,314.0,78500.0,2025-08-11 14:56:20.521295
2025-08-11,5614,2025081104021932,RHPL,Bhrikuti Stock Broking Co. Pvt. Ltd.,Investment Management Nepal Pvt. Ltd.,10,314.8,3148.0,2025-08-11 14:56:39.202698
2025-08-11,5613,2025081104021933,RHPL,Sundhara Securities Limited,Investment Management Nepal Pvt. Ltd.,50,314.0,15700.0,2025-08-11 14:56:39.202878
2025-08-11,5612,2025081104021934,RHPL,Magnet Securities and Investment Company Private Limited,Investment Management Nepal Pvt. Ltd.,100,314.0,31400.0,2025-08-11 14:56:39.202956
2025-08-11,5611,2025081104021935,RHPL,Midas Stock Broking Company Private Limited,Investment Management Nepal Pvt. Ltd.,200,314.0,62800.0,2025-08-11 14:56:39.203024
2025-08-11,5610,2025081104021936,RHPL,Bhrikuti Stock Broking Co. Pvt. Ltd.,Investment Management Nepal Pvt. Ltd.,140,314.0,43960.0,2025-08-11 14:56:39.203094
2025-08-11,5437,2025081104021983,RHPL,Nepal Investment And Securities Trading Private Limited,Trisul Securities & Invt. Ltd.,15,315.0,4725.0,2025-08-11 14:56:50.145948
2025-08-11,4809,2025081104022149,RHPL,Imperial Securities Company Pvt. Ltd.,Malla & Malla Stock Broking Company Pvt. Limited,150,314.1,47115.0,2025-08-11 14:57:13.023896
2025-08-11,4808,2025081104022150,RHPL,Bhrikuti Stock Broking Co. Pvt. Ltd.,Malla & Malla Stock Broking Company Pvt. Limited,250,314.0,78500.0,2025-08-11 14:57:13.024333
2025-08-11,4634,2025081104022233,RHPL,Secured Securities Ltd.,Sani Securities Company Ltd.,50,314.9,15745.0,2025-08-11 14:57:20.759261
2025-08-11,4327,2025081104022306,RHPL,Bhrikuti Stock Broking Co. Pvt. Ltd.,Market Securities & Exchange (PVT) Ltd.,25,314.0,7850.0,2025-08-11 14:57:38.198626
2025-08-11,4232,2025081104022316,RHPL,Bhrikuti Stock Broking Co. Pvt. Ltd.,Sani Securities Company Ltd.,85,314.0,26690.0,2025-08-11 14:57:43.063423
2025-08-11,4231,2025081104022317,RHPL,Creative Securities Pvt Ltd,Sani Securities Company Ltd.,115,314.0,36110.0,2025-08-11 14:57:43.063815
2025-08-11,4078,2025081104022366,RHPL,ABC Securities Private Limited,Sani Securities Company Ltd.,100,314.9,31490.0,2025-08-11 14:57:48.622629
2025-08-11,3879,2025081104022413,RHPL,Sumeru Securities Pvt. Ltd.,Sani Securities Company Ltd.,45,314.1,14134.5,2025-08-11 14:57:57.917099
2025-08-11,3878,2025081104022414,RHPL,Creative Securities Pvt Ltd,Sani Securities Company Ltd.,25,314.0,7850.0,2025-08-11 14:57:57.917149
2025-08-11,3588,2025081104022483,RHPL,Creative Securities Pvt Ltd,Trisul Securities & Invt. Ltd.,239,314.0,75046.0,2025-08-11 14:58:11.972675
2025-08-11,3222,2025081104022642,RHPL,Neev Securities Pvt. Ltd.,Secured Securities Ltd.,300,314.5,94350.0,2025-08-11 14:58:24.284294
2025-08-11,3221,2025081104022643,RHPL,Midas Stock Broking Company Private Limited,Secured Securities Ltd.,725,314.3,227867.5,2025-08-11 14:58:24.284517
2025-08-11,3220,2025081104022644,RHPL,Naasa Securities Co. Ltd.,Secured Securities Ltd.,200,314.1,62820.0,2025-08-11 14:58:24.284589
2025-08-11,3219,2025081104022645,RHPL,Naasa Securities Co. Ltd.,Secured Securities Ltd.,50,314.1,15705.0,2025-08-11 14:58:24.284662
2025-08-11,3218,2025081104022646,RHPL,Creative Securities Pvt Ltd,Secured Securities Ltd.,121,314.0,37994.0,2025-08-11 14:58:24.284733
2025-08-11,3217,2025081104022647,RHPL,Aryatara Investment & Securities,Secured Securities Ltd.,100,314.0,31400.0,2025-08-11 14:58:24.284807
2025-08-11,3216,2025081104022648,RHPL,Imperial Securities Company Pvt. Ltd.,Secured Securities Ltd.,150,314.0,47100.0,2025-08-11 14:58:24.284872
2025-08-11,3215,2025081104022649,RHPL,Linch Stock Market Ltd.,Secured Securities Ltd.,30,314.0,9420.0,2025-08-11 14:58:24.284944
2025-08-11,3214,2025081104022650,RHPL,BHOLE GANESH SECURITIES LTD,Secured Securities Ltd.,600,314.0,188400.0,2025-08-11 14:58:24.285014
2025-08-11,3213,2025081104022651,RHPL,Midas Stock Broking Company Private Limited,Secured Securities Ltd.,353,314.0,110842.0,2025-08-11 14:58:24.285089
2025-08-11,3212,2025081104022652,RHPL,Trishakti Securities Public Limited,Secured Securities Ltd.,1000,314.0,314000.0,2025-08-11 14:58:24.285159
2025-08-11,3211,2025081104022653,RHPL,Aryatara Investment & Securities,Secured Securities Ltd.,100,314.0,31400.0,2025-08-11 14:58:24.285226
2025-08-11,3210,2025081104022654,RHPL,Vision Securities Pvt. Ltd,Secured Securities Ltd.,30,314.0,9420.0,2025-08-11 14:58:24.285300
2025-08-11,3209,2025081104022655,RHPL,Kumari Securities Private Limited,Secured Securities Ltd.,241,314.0,75674.0,2025-08-11 14:58:24.285375
2025-08-11,2779,2025081104022751,RHPL,Kumari Securities Private Limited,Market Securities & Exchange (PVT) Ltd.,25,314.0,7850.0,2025-08-11 14:58:41.700742
2025-08-11,2214,2025081104022903,RHPL,Linch Stock Market Ltd.,Sani Securities Company Ltd.,200,314.1,62820.0,2025-08-11 14:59:05.868933
2025-08-11,1941,2025081104022974,RHPL,Linch Stock Market Ltd.,Investment Management Nepal Pvt. Ltd.,110,314.1,34551.0,2025-08-11 14:59:15.322438
2025-08-11,1940,2025081104022975,RHPL,Sagarmatha Securities Private Limited,Investment Management Nepal Pvt. Ltd.,90,314.1,28269.0,2025-08-11 14:59:15.322631
2025-08-11,1922,2025081104022982,RHPL,Sagarmatha Securities Private Limited,Imperial Securities Company Pvt. Ltd.,10,314.1,3141.0,2025-08-11 14:59:15.584710
2025-08-11,1921,2025081104022983,RHPL,Kumari Securities Private Limited,Imperial Securities Company Pvt. Ltd.,130,314.0,40820.0,2025-08-11 14:59:15.584872
2025-08-11,1087,2025081104023249,RHPL,Agrawal Securities (PVT) Ltd.,Sewa Securities Pvt. Ltd.,70,314.0,21980.0,2025-08-11 14:59:36.460940
2025-08-11,1084,2025081104023250,RHPL,Agrawal Securities (PVT) Ltd.,Nepal Stock House (PVT) Ltd.,100,314.0,31400.0,2025-08-11 14:59:36.514992
2025-08-11,11,2025081104023536,RHPL,Imperial Securities Company Pvt. Ltd.,J.F. Securites (PVT) Ltd.,12,314.8,3777.6,2025-08-11 14:59:59.662534
