Date,S.N.,Contract ID,Symbol,Buyer Broker,Seller Broker,quantity,rate,amount,transaction_time
2025-08-11,97827,2025081103000072,SHINE,Deevyaa Securities & Stock House Pvt. Ltd,Nagarik Stock Dealer ,500,440.0,220000.0,2025-08-11 11:02:25.851012
2025-08-11,95085,2025081103000341,SHINE,Trisul Securities & Invt. Ltd.,Dipshikha Dhitopatra Karobar Co. Pvt Ltd.,200,440.0,88000.0,2025-08-11 11:09:21.272124
2025-08-11,95082,2025081103000342,SHINE,Aryatara Investment & Securities,Dipshikha Dhitopatra Karobar Co. Pvt Ltd.,200,440.0,88000.0,2025-08-11 11:09:21.552045
2025-08-11,94729,2025081103000379,SHINE,Nabil Stock Dealer Ltd.,Dipshikha Dhitopatra Karobar Co. Pvt Ltd.,17,440.0,7480.0,2025-08-11 11:10:07.420497
2025-08-11,92558,2025081103000710,SHINE,Creative Securities Pvt Ltd,Dipshikha Dhitopatra Karobar Co. Pvt Ltd.,1205,440.0,530200.0,2025-08-11 11:15:01.102542
2025-08-11,90121,2025081103001070,SHINE,Primo Securities (PVT) Ltd.,Imperial Securities Company Pvt. Ltd.,300,442.9,132870.0,2025-08-11 11:20:39.539591
2025-08-11,89718,2025081103001098,SHINE,Sumeru Securities Pvt. Ltd.,NIMB Stock Markets Limited,1,436.0,436.0,2025-08-11 11:21:36.601958
2025-08-11,88770,2025081103001189,SHINE,Vision Securities Pvt. Ltd,Nagarik Stock Dealer ,50,442.9,22145.0,2025-08-11 11:24:11.829378
2025-08-11,88553,2025081103001242,SHINE,Naasa Securities Co. Ltd.,Secured Securities Ltd.,10,442.0,4420.0,2025-08-11 11:24:44.572222
2025-08-11,88552,2025081103001243,SHINE,Naasa Securities Co. Ltd.,Secured Securities Ltd.,10,442.0,4420.0,2025-08-11 11:24:44.572302
2025-08-11,88214,2025081103001273,SHINE,Sumeru Securities Pvt. Ltd.,Online Securities Pvt. Ltd.,1,434.1,434.1,2025-08-11 11:25:29.623058
2025-08-11,86455,2025081103001461,SHINE,Midas Stock Broking Company Private Limited,Kohinoor Investment & Securities Pvt. Ltd.,10,440.0,4400.0,2025-08-11 11:29:31.202800
2025-08-11,86219,2025081103001497,SHINE,Secured Securities Ltd.,Kohinoor Investment & Securities Pvt. Ltd.,30,440.0,13200.0,2025-08-11 11:29:57.672162
2025-08-11,85971,2025081103001533,SHINE,Secured Securities Ltd.,Kalika Securities Pvt. Ltd.,470,440.0,206800.0,2025-08-11 11:30:33.463726
2025-08-11,85281,2025081103001609,SHINE,Neev Securities Pvt. Ltd.,Nagarik Stock Dealer ,900,439.0,395100.0,2025-08-11 11:32:09.843775
2025-08-11,84080,2025081103001749,SHINE,Kalika Securities Pvt. Ltd.,Sundhara Securities Limited,30,440.0,13200.0,2025-08-11 11:34:45.732850
2025-08-11,83712,2025081103001791,SHINE,Capital Max Securities Ltd,Sundhara Securities Limited,31,440.0,13640.0,2025-08-11 11:35:33.860589
2025-08-11,83711,2025081103001792,SHINE,Capital Max Securities Ltd,Naasa Securities Co. Ltd.,50,440.0,22000.0,2025-08-11 11:35:33.860751
2025-08-11,83150,2025081103001876,SHINE,Kohinoor Investment & Securities Pvt. Ltd.,Naasa Securities Co. Ltd.,10,440.0,4400.0,2025-08-11 11:36:41.282951
2025-08-11,82925,2025081103001984,SHINE,ABC Securities Private Limited,Asian Securities Private Ltd.,50,439.0,21950.0,2025-08-11 11:37:04.707423
2025-08-11,82675,2025081103002016,SHINE,ABC Securities Private Limited,Naasa Securities Co. Ltd.,50,439.0,21950.0,2025-08-11 11:37:45.649810
2025-08-11,82674,2025081103002017,SHINE,Miyo Securities Pvt Ltd,Naasa Securities Co. Ltd.,200,439.0,87800.0,2025-08-11 11:37:45.649989
2025-08-11,81346,2025081103002224,SHINE,Miyo Securities Pvt Ltd,Naasa Securities Co. Ltd.,50,439.0,21950.0,2025-08-11 11:40:47.209072
2025-08-11,80836,2025081103002308,SHINE,Imperial Securities Company Pvt. Ltd.,Nagarik Stock Dealer ,25,438.0,10950.0,2025-08-11 11:42:06.747434
2025-08-11,80835,2025081103002309,SHINE,K.B.L. Securities Limited ,Nagarik Stock Dealer ,50,437.5,21875.0,2025-08-11 11:42:06.747565
2025-08-11,80834,2025081103002310,SHINE,Creative Securities Pvt Ltd,Nagarik Stock Dealer ,875,437.0,382375.0,2025-08-11 11:42:06.747614
2025-08-11,80248,2025081103002405,SHINE,Creative Securities Pvt Ltd,Nagarik Stock Dealer ,100,437.0,43700.0,2025-08-11 11:43:40.023832
2025-08-11,79633,2025081103002515,SHINE,Nagarik Stock Dealer ,Secured Securities Ltd.,500,437.5,218750.0,2025-08-11 11:45:00.000045
2025-08-11,79532,2025081103002526,SHINE,Nagarik Stock Dealer ,Trishakti Securities Public Limited,200,437.5,87500.0,2025-08-11 11:45:19.764538
2025-08-11,78697,2025081103002673,SHINE,Creative Securities Pvt Ltd,Kalika Securities Pvt. Ltd.,25,437.0,10925.0,2025-08-11 11:47:38.722476
2025-08-11,78696,2025081103002674,SHINE,Sweta Securities Private Limited,Kalika Securities Pvt. Ltd.,225,437.0,98325.0,2025-08-11 11:47:38.722599
2025-08-11,78695,2025081103002675,SHINE,Aryatara Investment & Securities,Kalika Securities Pvt. Ltd.,200,437.0,87400.0,2025-08-11 11:47:38.722642
2025-08-11,76813,2025081103003089,SHINE,Malla & Malla Stock Broking Company Pvt. Limited,Naasa Securities Co. Ltd.,90,437.0,39330.0,2025-08-11 11:52:24.572502
2025-08-11,76076,2025081103003262,SHINE,Cristal Kanchanjanga Securites Pvt. Ltd.,Kalika Securities Pvt. Ltd.,20,437.5,8750.0,2025-08-11 11:54:01.198284
2025-08-11,74481,2025081103003625,SHINE,Cristal Kanchanjanga Securites Pvt. Ltd.,Oxford Securities Pvt. Ltd.,357,437.5,156187.5,2025-08-11 11:58:03.041741
2025-08-11,74480,2025081103003626,SHINE,Malla & Malla Stock Broking Company Pvt. Limited,Oxford Securities Pvt. Ltd.,110,437.0,48070.0,2025-08-11 11:58:03.041884
2025-08-11,74479,2025081103003627,SHINE,Linch Stock Market Ltd.,Oxford Securities Pvt. Ltd.,500,436.1,218050.0,2025-08-11 11:58:03.041928
2025-08-11,74478,2025081103003628,SHINE,Cristal Kanchanjanga Securites Pvt. Ltd.,Oxford Securities Pvt. Ltd.,100,436.0,43600.0,2025-08-11 11:58:03.041967
2025-08-11,74477,2025081103003629,SHINE,N.M.B. SECURITIES LIMITED,Oxford Securities Pvt. Ltd.,100,436.0,43600.0,2025-08-11 11:58:03.042012
2025-08-11,74476,2025081103003630,SHINE,N.M.B. SECURITIES LIMITED,Oxford Securities Pvt. Ltd.,100,436.0,43600.0,2025-08-11 11:58:03.042059
2025-08-11,74475,2025081103003631,SHINE,Naasa Securities Co. Ltd.,Oxford Securities Pvt. Ltd.,65,436.0,28340.0,2025-08-11 11:58:03.042107
2025-08-11,74052,2025081103003714,SHINE,Dakshinkali Investment & Securities Pvt. Ltd.,Oxford Securities Pvt. Ltd.,10,436.0,4360.0,2025-08-11 11:58:50.073598
2025-08-11,73941,2025081103003741,SHINE,Neev Securities Pvt. Ltd.,Capital Max Securities Ltd,100,435.3,43530.0,2025-08-11 11:59:03.317532
2025-08-11,73940,2025081103003742,SHINE,Creative Securities Pvt Ltd,Capital Max Securities Ltd,50,435.1,21755.0,2025-08-11 11:59:03.317723
2025-08-11,73939,2025081103003743,SHINE,J.F. Securites (PVT) Ltd.,Capital Max Securities Ltd,300,435.1,130530.0,2025-08-11 11:59:03.317847
2025-08-11,73938,2025081103003744,SHINE,Imperial Securities Company Pvt. Ltd.,Capital Max Securities Ltd,100,435.1,43510.0,2025-08-11 11:59:03.317965
2025-08-11,73937,2025081103003745,SHINE,Kumari Securities Private Limited,Capital Max Securities Ltd,450,435.0,195750.0,2025-08-11 11:59:03.318101
2025-08-11,73892,2025081103003754,SHINE,Kumari Securities Private Limited,Indira securities pvt. ltd,550,435.0,239250.0,2025-08-11 11:59:11.072483
2025-08-11,73891,2025081103003755,SHINE,Imperial Securities Company Pvt. Ltd.,Indira securities pvt. ltd,50,435.0,21750.0,2025-08-11 11:59:11.072656
2025-08-11,73890,2025081103003756,SHINE,Aryatara Investment & Securities,Indira securities pvt. ltd,600,435.0,261000.0,2025-08-11 11:59:11.072775
2025-08-11,73889,2025081103003757,SHINE,Aryatara Investment & Securities,Indira securities pvt. ltd,600,435.0,261000.0,2025-08-11 11:59:11.072888
2025-08-11,73888,2025081103003758,SHINE,Naasa Securities Co. Ltd.,Indira securities pvt. ltd,10,435.0,4350.0,2025-08-11 11:59:11.072999
2025-08-11,73887,2025081103003759,SHINE,Secured Securities Ltd.,Indira securities pvt. ltd,250,435.0,108750.0,2025-08-11 11:59:11.073133
2025-08-11,73886,2025081103003760,SHINE,J.F. Securites (PVT) Ltd.,Indira securities pvt. ltd,10,435.0,4350.0,2025-08-11 11:59:11.073244
2025-08-11,73885,2025081103003761,SHINE,Imperial Securities Company Pvt. Ltd.,Indira securities pvt. ltd,200,435.0,87000.0,2025-08-11 11:59:11.073352
2025-08-11,73751,2025081103003795,SHINE,Global IME Securities Limited,Sundhara Securities Limited,20,434.0,8680.0,2025-08-11 11:59:38.819652
2025-08-11,73750,2025081103003796,SHINE,Primo Securities (PVT) Ltd.,Sundhara Securities Limited,40,434.0,17360.0,2025-08-11 11:59:38.819735
2025-08-11,73749,2025081103003797,SHINE,Ashutosh Brokerage & Securities (PVT) Ltd.,Sundhara Securities Limited,200,434.0,86800.0,2025-08-11 11:59:38.819774
2025-08-11,73748,2025081103003798,SHINE,South Asian Bulls Pvt. Ltd.,Sundhara Securities Limited,500,434.0,217000.0,2025-08-11 11:59:38.819812
2025-08-11,73747,2025081103003799,SHINE,Linch Stock Market Ltd.,Sundhara Securities Limited,100,434.0,43400.0,2025-08-11 11:59:38.819848
2025-08-11,73746,2025081103003800,SHINE,Sundhara Securities Limited,Sundhara Securities Limited,115,434.0,49910.0,2025-08-11 11:59:38.819924
2025-08-11,73745,2025081103003801,SHINE,Vision Securities Pvt. Ltd,Sundhara Securities Limited,25,434.0,10850.0,2025-08-11 11:59:38.819957
2025-08-11,73346,2025081103003862,SHINE,K.B.L. Securities Limited ,Vision Securities Pvt. Ltd,10,434.1,4341.0,2025-08-11 12:00:45.749138
2025-08-11,72801,2025081103003951,SHINE,Kalika Securities Pvt. Ltd.,Kalika Securities Pvt. Ltd.,30,434.9,13047.0,2025-08-11 12:02:28.102287
2025-08-11,72635,2025081103003972,SHINE,K.B.L. Securities Limited ,Kalika Securities Pvt. Ltd.,14,434.1,6077.4,2025-08-11 12:03:04.597890
2025-08-11,72469,2025081103003996,SHINE,K.B.L. Securities Limited ,Indira securities pvt. ltd,26,434.1,11286.6,2025-08-11 12:03:40.862116
2025-08-11,72468,2025081103003997,SHINE,Shree Krishna Securities Ltd.,Indira securities pvt. ltd,10,434.0,4340.0,2025-08-11 12:03:40.862218
2025-08-11,72467,2025081103003998,SHINE,Primo Securities (PVT) Ltd.,Indira securities pvt. ltd,10,433.5,4335.0,2025-08-11 12:03:40.862258
2025-08-11,72466,2025081103003999,SHINE,Capital Max Securities Ltd,Indira securities pvt. ltd,10,433.0,4330.0,2025-08-11 12:03:40.862299
2025-08-11,72465,2025081103004000,SHINE,Shree Krishna Securities Ltd.,Indira securities pvt. ltd,10,433.0,4330.0,2025-08-11 12:03:40.862337
2025-08-11,72464,2025081103004001,SHINE,Neev Securities Pvt. Ltd.,Indira securities pvt. ltd,100,432.6,43260.0,2025-08-11 12:03:40.862374
2025-08-11,72463,2025081103004002,SHINE,Swarna Laxmi Securities Pvt. Ltd.,Indira securities pvt. ltd,500,432.5,216250.0,2025-08-11 12:03:40.862409
2025-08-11,72462,2025081103004003,SHINE,Nepal Investment And Securities Trading Private Limited,Indira securities pvt. ltd,100,432.5,43250.0,2025-08-11 12:03:40.862443
2025-08-11,72461,2025081103004004,SHINE,Dipshikha Dhitopatra Karobar Co. Pvt Ltd.,Indira securities pvt. ltd,200,432.0,86400.0,2025-08-11 12:03:40.862479
2025-08-11,72460,2025081103004005,SHINE,Sundhara Securities Limited,Indira securities pvt. ltd,100,432.0,43200.0,2025-08-11 12:03:40.862516
2025-08-11,72459,2025081103004006,SHINE,Primo Securities (PVT) Ltd.,Indira securities pvt. ltd,814,432.0,351648.0,2025-08-11 12:03:40.862552
2025-08-11,71728,2025081103004109,SHINE,Dipshikha Dhitopatra Karobar Co. Pvt Ltd.,Property Wiard Limited,22,432.2,9508.4,2025-08-11 12:05:39.930475
2025-08-11,70256,2025081103004362,SHINE,Cristal Kanchanjanga Securites Pvt. Ltd.,Cristal Kanchanjanga Securites Pvt. Ltd.,100,433.0,43300.0,2025-08-11 12:09:38.046672
2025-08-11,69942,2025081103004422,SHINE,Dakshinkali Investment & Securities Pvt. Ltd.,Naasa Securities Co. Ltd.,500,432.3,216150.0,2025-08-11 12:10:41.630407
2025-08-11,66970,2025081103004990,SHINE,Asian Securities Private Ltd.,Indira securities pvt. ltd,100,432.3,43230.0,2025-08-11 12:18:12.939000
2025-08-11,66969,2025081103004991,SHINE,Trishakti Securities Public Limited,Indira securities pvt. ltd,10,432.2,4322.0,2025-08-11 12:18:12.939238
2025-08-11,66968,2025081103004992,SHINE,Linch Stock Market Ltd.,Indira securities pvt. ltd,100,432.1,43210.0,2025-08-11 12:18:12.939363
2025-08-11,66967,2025081103004993,SHINE,Capital Max Securities Ltd,Indira securities pvt. ltd,100,432.1,43210.0,2025-08-11 12:18:12.939478
2025-08-11,66966,2025081103004994,SHINE,Primo Securities (PVT) Ltd.,Indira securities pvt. ltd,186,432.0,80352.0,2025-08-11 12:18:12.939604
2025-08-11,66965,2025081103004995,SHINE,Capital Max Securities Ltd,Indira securities pvt. ltd,10,432.0,4320.0,2025-08-11 12:18:12.939732
2025-08-11,66964,2025081103004996,SHINE,Shree Krishna Securities Ltd.,Indira securities pvt. ltd,10,432.0,4320.0,2025-08-11 12:18:12.939834
2025-08-11,66963,2025081103004997,SHINE,Oxford Securities Pvt. Ltd.,Indira securities pvt. ltd,250,432.0,108000.0,2025-08-11 12:18:12.939942
2025-08-11,66700,2025081103005064,SHINE,Linch Stock Market Ltd.,Indira securities pvt. ltd,100,432.0,43200.0,2025-08-11 12:18:50.361827
2025-08-11,66293,2025081103005132,SHINE,Trisul Securities & Invt. Ltd.,Indira securities pvt. ltd,34,432.0,14688.0,2025-08-11 12:20:00.552919
2025-08-11,66259,2025081103005135,SHINE,Trisul Securities & Invt. Ltd.,ABC Securities Private Limited,56,432.0,24192.0,2025-08-11 12:20:06.482069
2025-08-11,66237,2025081103005139,SHINE,Trisul Securities & Invt. Ltd.,Vision Securities Pvt. Ltd,108,432.0,46656.0,2025-08-11 12:20:10.214948
2025-08-11,65735,2025081103005231,SHINE,Trisul Securities & Invt. Ltd.,Capital Max Securities Ltd,302,432.0,130464.0,2025-08-11 12:21:21.813217
2025-08-11,65734,2025081103005232,SHINE,Dakshinkali Investment & Securities Pvt. Ltd.,Capital Max Securities Ltd,100,431.3,43130.0,2025-08-11 12:21:21.813320
2025-08-11,65733,2025081103005233,SHINE,Investment Management Nepal Pvt. Ltd.,Capital Max Securities Ltd,18,431.2,7761.6,2025-08-11 12:21:21.813346
2025-08-11,65732,2025081103005234,SHINE,Sharepro Securities Private Limited,Capital Max Securities Ltd,580,431.2,250096.0,2025-08-11 12:21:21.813379
2025-08-11,65456,2025081103005287,SHINE,Sharepro Securities Private Limited,Market Securities & Exchange (PVT) Ltd.,20,431.2,8624.0,2025-08-11 12:22:09.251758
2025-08-11,63854,2025081103005564,SHINE,Sumeru Securities Pvt. Ltd.,Cristal Kanchanjanga Securites Pvt. Ltd.,702,433.0,303966.0,2025-08-11 12:26:44.497738
2025-08-11,63503,2025081103005602,SHINE,Sumeru Securities Pvt. Ltd.,Premier Securities Company Ltd.,15,434.0,6510.0,2025-08-11 12:27:44.728641
2025-08-11,63429,2025081103005614,SHINE,Sweta Securities Private Limited,Premier Securities Company Ltd.,10,434.0,4340.0,2025-08-11 12:27:59.559103
2025-08-11,62673,2025081103005756,SHINE,Sumeru Securities Pvt. Ltd.,Sewa Securities Pvt. Ltd.,1,430.0,430.0,2025-08-11 12:30:20.330532
2025-08-11,61206,2025081103005992,SHINE,Sani Securities Company Ltd.,Premier Securities Company Ltd.,54,434.0,23436.0,2025-08-11 12:35:26.161892
2025-08-11,61205,2025081103005993,SHINE,Sani Securities Company Ltd.,Capital Max Securities Ltd,500,434.0,217000.0,2025-08-11 12:35:26.162131
2025-08-11,61204,2025081103005994,SHINE,Sani Securities Company Ltd.,Naasa Securities Co. Ltd.,46,434.0,19964.0,2025-08-11 12:35:26.162276
2025-08-11,60565,2025081103006061,SHINE,Capital Max Securities Ltd,Naasa Securities Co. Ltd.,57,434.0,24738.0,2025-08-11 12:37:21.496943
2025-08-11,60020,2025081103006173,SHINE,Primo Securities (PVT) Ltd.,Imperial Securities Company Pvt. Ltd.,90,434.8,39132.0,2025-08-11 12:39:28.013947
2025-08-11,59493,2025081103006245,SHINE,Secured Securities Ltd.,Capital Max Securities Ltd,155,434.0,67270.0,2025-08-11 12:41:19.783376
2025-08-11,59492,2025081103006246,SHINE,Sani Securities Company Ltd.,Capital Max Securities Ltd,500,433.1,216550.0,2025-08-11 12:41:19.783507
2025-08-11,59491,2025081103006247,SHINE,Aryatara Investment & Securities,Capital Max Securities Ltd,1000,433.0,433000.0,2025-08-11 12:41:19.783613
2025-08-11,59490,2025081103006248,SHINE,Imperial Securities Company Pvt. Ltd.,Capital Max Securities Ltd,100,433.0,43300.0,2025-08-11 12:41:19.783678
2025-08-11,59489,2025081103006249,SHINE,Trisul Securities & Invt. Ltd.,Capital Max Securities Ltd,500,432.0,216000.0,2025-08-11 12:41:19.783748
2025-08-11,59488,2025081103006250,SHINE,Sundhara Securities Limited,Capital Max Securities Ltd,20,432.0,8640.0,2025-08-11 12:41:19.783810
2025-08-11,59487,2025081103006251,SHINE,Midas Stock Broking Company Private Limited,Capital Max Securities Ltd,303,432.0,130896.0,2025-08-11 12:41:19.783875
2025-08-11,59486,2025081103006252,SHINE,Online Securities Pvt. Ltd.,Capital Max Securities Ltd,200,432.0,86400.0,2025-08-11 12:41:19.783965
2025-08-11,59485,2025081103006253,SHINE,Nepal Investment And Securities Trading Private Limited,Capital Max Securities Ltd,420,432.0,181440.0,2025-08-11 12:41:19.784082
2025-08-11,58486,2025081103006436,SHINE,Nepal Investment And Securities Trading Private Limited,Sani Securities Company Ltd.,10,432.0,4320.0,2025-08-11 12:44:39.975625
2025-08-11,58015,2025081103006526,SHINE,Nepal Investment And Securities Trading Private Limited,Imperial Securities Company Pvt. Ltd.,13,432.0,5616.0,2025-08-11 12:46:30.834181
2025-08-11,57521,2025081103006611,SHINE,Secured Securities Ltd.,Sri Hari Securities Pvt. Ltd.,100,432.1,43210.0,2025-08-11 12:48:23.436091
2025-08-11,57520,2025081103006612,SHINE,Nepal Investment And Securities Trading Private Limited,Sri Hari Securities Pvt. Ltd.,17,432.0,7344.0,2025-08-11 12:48:23.436213
2025-08-11,57519,2025081103006613,SHINE,Midas Stock Broking Company Private Limited,Sri Hari Securities Pvt. Ltd.,1300,432.0,561600.0,2025-08-11 12:48:23.436288
2025-08-11,57518,2025081103006614,SHINE,K.B.L. Securities Limited ,Sri Hari Securities Pvt. Ltd.,30,431.6,12948.0,2025-08-11 12:48:23.436365
2025-08-11,57517,2025081103006615,SHINE,K.B.L. Securities Limited ,Sri Hari Securities Pvt. Ltd.,30,431.6,12948.0,2025-08-11 12:48:23.436436
2025-08-11,57516,2025081103006616,SHINE,Trisul Securities & Invt. Ltd.,Sri Hari Securities Pvt. Ltd.,23,431.5,9924.5,2025-08-11 12:48:23.436509
2025-08-11,57272,2025081103006666,SHINE,Linch Stock Market Ltd.,Asian Securities Private Ltd.,80,431.6,34528.0,2025-08-11 12:49:36.184409
2025-08-11,56377,2025081103006830,SHINE,Linch Stock Market Ltd.,Sani Securities Company Ltd.,20,434.8,8696.0,2025-08-11 12:53:06.465504
2025-08-11,56315,2025081103006845,SHINE,Secured Securities Ltd.,Asian Securities Private Ltd.,1,432.0,432.0,2025-08-11 12:53:24.627906
2025-08-11,56234,2025081103006849,SHINE,Secured Securities Ltd.,Naasa Securities Co. Ltd.,6,432.0,2592.0,2025-08-11 12:53:40.992665
2025-08-11,53916,2025081103007238,SHINE,Agrawal Securities (PVT) Ltd.,ABC Securities Private Limited,28,433.0,12124.0,2025-08-11 13:01:58.697621
2025-08-11,53885,2025081103007249,SHINE,Agrawal Securities (PVT) Ltd.,Sani Securities Company Ltd.,10,433.0,4330.0,2025-08-11 13:02:01.978169
2025-08-11,53433,2025081103007331,SHINE,Secured Securities Ltd.,Online Securities Pvt. Ltd.,1,432.0,432.0,2025-08-11 13:03:50.922840
2025-08-11,52878,2025081103007439,SHINE,Agrawal Securities (PVT) Ltd.,Midas Stock Broking Company Private Limited,15,433.0,6495.0,2025-08-11 13:05:43.937192
2025-08-11,51801,2025081103007654,SHINE,Linch Stock Market Ltd.,Dipshikha Dhitopatra Karobar Co. Pvt Ltd.,44,434.0,19096.0,2025-08-11 13:09:08.057485
2025-08-11,51624,2025081103007691,SHINE,Linch Stock Market Ltd.,Naasa Securities Co. Ltd.,29,434.5,12600.5,2025-08-11 13:09:42.356791
2025-08-11,51331,2025081103007756,SHINE,Linch Stock Market Ltd.,Kalika Securities Pvt. Ltd.,27,434.9,11742.3,2025-08-11 13:10:35.718253
2025-08-11,50889,2025081103007822,SHINE,Linch Stock Market Ltd.,Kalika Securities Pvt. Ltd.,100,434.9,43490.0,2025-08-11 13:12:17.530872
2025-08-11,50663,2025081103007869,SHINE,K.B.L. Securities Limited ,Oxford Securities Pvt. Ltd.,30,433.1,12993.0,2025-08-11 13:12:57.348211
2025-08-11,50662,2025081103007870,SHINE,Property Wiard Limited,Oxford Securities Pvt. Ltd.,1458,433.1,631459.8,2025-08-11 13:12:57.348407
2025-08-11,50661,2025081103007871,SHINE,Agrawal Securities (PVT) Ltd.,Oxford Securities Pvt. Ltd.,745,433.0,322585.0,2025-08-11 13:12:57.348492
2025-08-11,48667,2025081103008235,SHINE,Vision Securities Pvt. Ltd,Imperial Securities Company Pvt. Ltd.,50,434.0,21700.0,2025-08-11 13:19:11.091835
2025-08-11,47768,2025081103008392,SHINE,Kohinoor Investment & Securities Pvt. Ltd.,Naasa Securities Co. Ltd.,20,433.5,8670.0,2025-08-11 13:21:57.865666
2025-08-11,47767,2025081103008393,SHINE,Imperial Securities Company Pvt. Ltd.,Naasa Securities Co. Ltd.,170,433.5,73695.0,2025-08-11 13:21:57.865958
2025-08-11,47035,2025081103008522,SHINE,Nepal Stock House (PVT) Ltd.,Imperial Securities Company Pvt. Ltd.,50,434.8,21740.0,2025-08-11 13:24:08.184954
2025-08-11,46998,2025081103008526,SHINE,Malla & Malla Stock Broking Company Pvt. Limited,Sri Hari Securities Pvt. Ltd.,108,433.1,46774.8,2025-08-11 13:24:17.150890
2025-08-11,46654,2025081103008602,SHINE,Vision Securities Pvt. Ltd,Kalika Securities Pvt. Ltd.,10,434.9,4349.0,2025-08-11 13:25:13.392809
2025-08-11,46490,2025081103008646,SHINE,Nepal Stock House (PVT) Ltd.,Naasa Securities Co. Ltd.,50,434.0,21700.0,2025-08-11 13:25:51.741458
2025-08-11,45704,2025081103008777,SHINE,Malla & Malla Stock Broking Company Pvt. Limited,Aryatara Investment & Securities,392,433.1,169775.2,2025-08-11 13:28:15.551078
2025-08-11,45703,2025081103008778,SHINE,Aryatara Investment & Securities,Aryatara Investment & Securities,435,433.1,188398.5,2025-08-11 13:28:15.551420
2025-08-11,45702,2025081103008779,SHINE,Agrawal Securities (PVT) Ltd.,Aryatara Investment & Securities,202,433.0,87466.0,2025-08-11 13:28:15.551755
2025-08-11,45701,2025081103008780,SHINE,Secured Securities Ltd.,Aryatara Investment & Securities,225,433.0,97425.0,2025-08-11 13:28:15.551978
2025-08-11,45700,2025081103008781,SHINE,Aryatara Investment & Securities,Aryatara Investment & Securities,500,433.0,216500.0,2025-08-11 13:28:15.552253
2025-08-11,45429,2025081103008826,SHINE,Market Securities & Exchange (PVT) Ltd.,Imperial Securities Company Pvt. Ltd.,20,432.5,8650.0,2025-08-11 13:29:00.814528
2025-08-11,45428,2025081103008827,SHINE,Aryatara Investment & Securities,Imperial Securities Company Pvt. Ltd.,980,432.0,423360.0,2025-08-11 13:29:00.814803
2025-08-11,45418,2025081103008829,SHINE,Nepal Stock House (PVT) Ltd.,Aryatara Investment & Securities,50,433.0,21650.0,2025-08-11 13:29:03.364166
2025-08-11,43938,2025081103009115,SHINE,Imperial Securities Company Pvt. Ltd.,Secured Securities Ltd.,300,432.1,129630.0,2025-08-11 13:33:15.725678
2025-08-11,43937,2025081103009116,SHINE,Aryatara Investment & Securities,Secured Securities Ltd.,20,432.0,8640.0,2025-08-11 13:33:15.725814
2025-08-11,43936,2025081103009117,SHINE,Sani Securities Company Ltd.,Secured Securities Ltd.,180,432.0,77760.0,2025-08-11 13:33:15.725874
2025-08-11,41535,2025081103009506,SHINE,Sani Securities Company Ltd.,Naasa Securities Co. Ltd.,260,432.0,112320.0,2025-08-11 13:39:10.425052
2025-08-11,39891,2025081103009775,SHINE,Kohinoor Investment & Securities Pvt. Ltd.,Naasa Securities Co. Ltd.,20,432.5,8650.0,2025-08-11 13:43:36.906415
2025-08-11,38068,2025081103010177,SHINE,Linch Stock Market Ltd.,Agrawal Securities (PVT) Ltd.,10,432.1,4321.0,2025-08-11 13:49:15.456922
2025-08-11,38067,2025081103010178,SHINE,Sani Securities Company Ltd.,Agrawal Securities (PVT) Ltd.,60,432.0,25920.0,2025-08-11 13:49:15.457104
2025-08-11,38066,2025081103010179,SHINE,Sani Securities Company Ltd.,Agrawal Securities (PVT) Ltd.,30,432.0,12960.0,2025-08-11 13:49:15.457176
2025-08-11,36627,2025081103010413,SHINE,Sani Securities Company Ltd.,Aryatara Investment & Securities,46,432.0,19872.0,2025-08-11 13:53:12.732953
2025-08-11,35557,2025081103010595,SHINE,Property Wiard Limited,Nepal Stock House (PVT) Ltd.,120,433.0,51960.0,2025-08-11 13:56:33.063370
2025-08-11,34689,2025081103010692,SHINE,Premier Securities Company Ltd.,Nepal Stock House (PVT) Ltd.,100,433.0,43300.0,2025-08-11 13:59:04.453067
2025-08-11,34651,2025081103010702,SHINE,Aryatara Investment & Securities,Nepal Stock House (PVT) Ltd.,120,433.0,51960.0,2025-08-11 13:59:13.912223
2025-08-11,33495,2025081103010887,SHINE,Imperial Securities Company Pvt. Ltd.,Nepal Stock House (PVT) Ltd.,20,433.0,8660.0,2025-08-11 14:03:49.579657
2025-08-11,33475,2025081103010889,SHINE,Dakshinkali Investment & Securities Pvt. Ltd.,Nepal Stock House (PVT) Ltd.,640,433.0,277120.0,2025-08-11 14:03:55.664889
2025-08-11,33474,2025081103010890,SHINE,Dakshinkali Investment & Securities Pvt. Ltd.,Imperial Securities Company Pvt. Ltd.,76,433.0,32908.0,2025-08-11 14:03:55.665059
2025-08-11,33061,2025081103010942,SHINE,Dakshinkali Investment & Securities Pvt. Ltd.,Naasa Securities Co. Ltd.,200,433.0,86600.0,2025-08-11 14:05:02.652622
2025-08-11,32533,2025081103011034,SHINE,South Asian Bulls Pvt. Ltd.,Shree Krishna Securities Ltd.,17,433.5,7369.5,2025-08-11 14:06:38.978600
2025-08-11,31349,2025081103011222,SHINE,Premier Securities Company Ltd.,Trishakti Securities Public Limited,16,433.1,6929.6,2025-08-11 14:09:43.652529
2025-08-11,30629,2025081103011363,SHINE,Online Securities Pvt. Ltd.,Kalika Securities Pvt. Ltd.,100,434.9,43490.0,2025-08-11 14:11:46.921807
2025-08-11,29462,2025081103011545,SHINE,Premier Securities Company Ltd.,Dipshikha Dhitopatra Karobar Co. Pvt Ltd.,184,433.3,79727.2,2025-08-11 14:15:06.799252
2025-08-11,29461,2025081103011546,SHINE,Imperial Securities Company Pvt. Ltd.,Dipshikha Dhitopatra Karobar Co. Pvt Ltd.,216,433.2,93571.2,2025-08-11 14:15:06.799299
2025-08-11,29128,2025081103011610,SHINE,Sundhara Securities Limited,Aryatara Investment & Securities,100,434.5,43450.0,2025-08-11 14:15:54.886936
2025-08-11,28548,2025081103011712,SHINE,Imperial Securities Company Pvt. Ltd.,Sani Securities Company Ltd.,284,433.2,123028.8,2025-08-11 14:17:28.912728
2025-08-11,28547,2025081103011713,SHINE,Dakshinkali Investment & Securities Pvt. Ltd.,Sani Securities Company Ltd.,84,433.0,36372.0,2025-08-11 14:17:28.913100
2025-08-11,27581,2025081103011847,SHINE,Sewa Securities Pvt. Ltd.,Sani Securities Company Ltd.,30,433.0,12990.0,2025-08-11 14:20:15.632201
2025-08-11,27478,2025081103011877,SHINE,Online Securities Pvt. Ltd.,Sani Securities Company Ltd.,100,433.0,43300.0,2025-08-11 14:20:35.525449
2025-08-11,26998,2025081103011962,SHINE,Dakshinkali Investment & Securities Pvt. Ltd.,Sani Securities Company Ltd.,500,433.0,216500.0,2025-08-11 14:21:52.641794
2025-08-11,25785,2025081103012150,SHINE,Online Securities Pvt. Ltd.,Aakashbhairab Securities Ltd.,50,432.2,21610.0,2025-08-11 14:24:55.091977
2025-08-11,25784,2025081103012151,SHINE,Sani Securities Company Ltd.,Aakashbhairab Securities Ltd.,119,432.0,51408.0,2025-08-11 14:24:55.092029
2025-08-11,25783,2025081103012152,SHINE,Agrawal Securities (PVT) Ltd.,Aakashbhairab Securities Ltd.,331,432.0,142992.0,2025-08-11 14:24:55.092056
2025-08-11,23719,2025081103012518,SHINE,Aryatara Investment & Securities,Nepal Stock House (PVT) Ltd.,11,432.1,4753.1,2025-08-11 14:30:20.836306
2025-08-11,23502,2025081103012546,SHINE,Agrawal Securities (PVT) Ltd.,Neev Securities Pvt. Ltd.,169,432.0,73008.0,2025-08-11 14:30:52.471120
2025-08-11,23501,2025081103012547,SHINE,Sani Securities Company Ltd.,Neev Securities Pvt. Ltd.,30,432.0,12960.0,2025-08-11 14:30:52.471326
2025-08-11,23500,2025081103012548,SHINE,Opal Securities Investment (PVT) Ltd.,Neev Securities Pvt. Ltd.,92,432.0,39744.0,2025-08-11 14:30:52.471426
2025-08-11,23447,2025081103012558,SHINE,Secured Securities Ltd.,Opal Securities Investment (PVT) Ltd.,6,424.4,2546.4,2025-08-11 14:31:02.809242
2025-08-11,23196,2025081103012597,SHINE,Secured Securities Ltd.,Online Securities Pvt. Ltd.,3,430.0,1290.0,2025-08-11 14:31:29.249367
2025-08-11,20821,2025081103012979,SHINE,Linch Stock Market Ltd.,Kumari Securities Private Limited,26,433.1,11260.6,2025-08-11 14:36:51.885263
2025-08-11,20820,2025081103012980,SHINE,Midas Stock Broking Company Private Limited,Kumari Securities Private Limited,74,433.0,32042.0,2025-08-11 14:36:51.885424
2025-08-11,20759,2025081103012990,SHINE,Midas Stock Broking Company Private Limited,South Asian Bulls Pvt. Ltd.,20,433.0,8660.0,2025-08-11 14:36:59.900236
2025-08-11,20642,2025081103013015,SHINE,Aryatara Investment & Securities,Shree Krishna Securities Ltd.,19,432.1,8209.9,2025-08-11 14:37:17.055295
2025-08-11,20641,2025081103013016,SHINE,Malla & Malla Stock Broking Company Pvt. Limited,Shree Krishna Securities Ltd.,799,432.1,345247.9,2025-08-11 14:37:17.055457
2025-08-11,20293,2025081103013076,SHINE,Opal Securities Investment (PVT) Ltd.,Shree Krishna Securities Ltd.,108,432.0,46656.0,2025-08-11 14:38:00.264400
2025-08-11,20292,2025081103013077,SHINE,Kohinoor Investment & Securities Pvt. Ltd.,Shree Krishna Securities Ltd.,10,432.0,4320.0,2025-08-11 14:38:00.264573
2025-08-11,20243,2025081103013083,SHINE,Sani Securities Company Ltd.,Naasa Securities Co. Ltd.,100,432.0,43200.0,2025-08-11 14:38:05.233211
2025-08-11,20242,2025081103013084,SHINE,Dakshinkali Investment & Securities Pvt. Ltd.,Naasa Securities Co. Ltd.,100,432.0,43200.0,2025-08-11 14:38:05.233492
2025-08-11,20241,2025081103013085,SHINE,Opal Securities Investment (PVT) Ltd.,Naasa Securities Co. Ltd.,30,432.0,12960.0,2025-08-11 14:38:05.233670
2025-08-11,17145,2025081103013692,SHINE,Aryatara Investment & Securities,Vision Securities Pvt. Ltd,45,431.8,19431.0,2025-08-11 14:43:02.994835
2025-08-11,17144,2025081103013693,SHINE,Sani Securities Company Ltd.,Vision Securities Pvt. Ltd,500,431.7,215850.0,2025-08-11 14:43:02.994984
2025-08-11,17143,2025081103013694,SHINE,Premier Securities Company Ltd.,Vision Securities Pvt. Ltd,46,431.7,19858.2,2025-08-11 14:43:02.995058
2025-08-11,17142,2025081103013695,SHINE,Malla & Malla Stock Broking Company Pvt. Limited,Vision Securities Pvt. Ltd,101,431.7,43601.7,2025-08-11 14:43:02.995121
2025-08-11,17141,2025081103013696,SHINE,Linch Stock Market Ltd.,Vision Securities Pvt. Ltd,100,431.6,43160.0,2025-08-11 14:43:02.995186
2025-08-11,17140,2025081103013697,SHINE,Cristal Kanchanjanga Securites Pvt. Ltd.,Vision Securities Pvt. Ltd,108,431.6,46612.8,2025-08-11 14:43:02.995249
2025-08-11,16409,2025081103013845,SHINE,Cristal Kanchanjanga Securites Pvt. Ltd.,Creative Securities Pvt Ltd,92,431.6,39707.2,2025-08-11 14:44:08.401675
2025-08-11,15618,2025081103014048,SHINE,Sani Securities Company Ltd.,Kumari Securities Private Limited,300,431.5,129450.0,2025-08-11 14:45:02.578707
2025-08-11,15526,2025081103014070,SHINE,Trishakti Securities Public Limited,Creative Securities Pvt Ltd,84,431.6,36254.4,2025-08-11 14:45:10.366536
2025-08-11,15525,2025081103014071,SHINE,Sani Securities Company Ltd.,Trishakti Securities Public Limited,24,431.5,10356.0,2025-08-11 14:45:10.373230
2025-08-11,15524,2025081103014072,SHINE,Market Securities & Exchange (PVT) Ltd.,Trishakti Securities Public Limited,50,431.5,21575.0,2025-08-11 14:45:10.373353
2025-08-11,14850,2025081103014257,SHINE,Aryatara Investment & Securities,Secured Securities Ltd.,20,431.3,8626.0,2025-08-11 14:46:04.532160
2025-08-11,14849,2025081103014258,SHINE,Sharepro Securities Private Limited,Secured Securities Ltd.,180,431.2,77616.0,2025-08-11 14:46:04.532339
2025-08-11,14371,2025081103014356,SHINE,Sharepro Securities Private Limited,Aryatara Investment & Securities,220,431.2,94864.0,2025-08-11 14:46:35.890504
2025-08-11,14370,2025081103014357,SHINE,Agrawal Securities (PVT) Ltd.,Aryatara Investment & Securities,180,431.1,77598.0,2025-08-11 14:46:35.890646
2025-08-11,14088,2025081103014393,SHINE,Capital Max Securities Ltd,Aryatara Investment & Securities,500,431.2,215600.0,2025-08-11 14:46:54.184120
2025-08-11,14069,2025081103014395,SHINE,Capital Max Securities Ltd,Kumari Securities Private Limited,150,431.2,64680.0,2025-08-11 14:46:55.511134
2025-08-11,13076,2025081103014568,SHINE,Trishakti Securities Public Limited,Trishakti Securities Public Limited,26,431.5,11219.0,2025-08-11 14:48:05.332559
2025-08-11,10495,2025081103015112,SHINE,Kalika Securities Pvt. Ltd.,ABC Securities Private Limited,40,431.5,17260.0,2025-08-11 14:51:16.306749
2025-08-11,10494,2025081103015113,SHINE,Kohinoor Investment & Securities Pvt. Ltd.,ABC Securities Private Limited,10,431.5,4315.0,2025-08-11 14:51:16.306914
2025-08-11,10493,2025081103015114,SHINE,NIMB Stock Markets Limited,ABC Securities Private Limited,219,431.5,94498.5,2025-08-11 14:51:16.306976
2025-08-11,9143,2025081103015444,SHINE,NIMB Stock Markets Limited,Midas Stock Broking Company Private Limited,100,431.5,43150.0,2025-08-11 14:53:00.254123
2025-08-11,8755,2025081103015523,SHINE,NIMB Stock Markets Limited,Siprabi Securities Pvt. Ltd.,81,431.5,34951.5,2025-08-11 14:53:24.119043
2025-08-11,8754,2025081103015524,SHINE,Capital Max Securities Ltd,Siprabi Securities Pvt. Ltd.,293,431.2,126341.6,2025-08-11 14:53:24.119345
2025-08-11,8753,2025081103015525,SHINE,Agrawal Securities (PVT) Ltd.,Siprabi Securities Pvt. Ltd.,226,431.1,97428.6,2025-08-11 14:53:24.119539
2025-08-11,8535,2025081103015574,SHINE,Agrawal Securities (PVT) Ltd.,Trademow Securities Private Limited,500,431.1,215550.0,2025-08-11 14:53:39.762309
2025-08-11,7836,2025081103015708,SHINE,Agrawal Securities (PVT) Ltd.,Premier Securities Company Ltd.,94,431.1,40523.4,2025-08-11 14:54:31.989850
2025-08-11,7833,2025081103015709,SHINE,Trishakti Securities Public Limited,Premier Securities Company Ltd.,60,431.1,25866.0,2025-08-11 14:54:32.196608
2025-08-11,7832,2025081103015710,SHINE,Trishakti Securities Public Limited,Naasa Securities Co. Ltd.,13,432.0,5616.0,2025-08-11 14:54:32.196761
2025-08-11,7688,2025081103015746,SHINE,Trishakti Securities Public Limited,Secured Securities Ltd.,94,432.0,40608.0,2025-08-11 14:54:40.653967
2025-08-11,7676,2025081103015750,SHINE,Dipshikha Dhitopatra Karobar Co. Pvt Ltd.,J.F. Securites (PVT) Ltd.,89,431.0,38359.0,2025-08-11 14:54:41.862534
2025-08-11,7675,2025081103015751,SHINE,Imperial Securities Company Pvt. Ltd.,J.F. Securites (PVT) Ltd.,200,431.0,86200.0,2025-08-11 14:54:41.862689
2025-08-11,7674,2025081103015752,SHINE,Creative Securities Pvt Ltd,J.F. Securites (PVT) Ltd.,211,430.5,90835.5,2025-08-11 14:54:41.862750
2025-08-11,7585,2025081103015762,SHINE,Creative Securities Pvt Ltd,J.F. Securites (PVT) Ltd.,289,430.5,124414.5,2025-08-11 14:54:47.908685
2025-08-11,7584,2025081103015763,SHINE,Trisul Securities & Invt. Ltd.,J.F. Securites (PVT) Ltd.,200,430.3,86060.0,2025-08-11 14:54:47.908844
2025-08-11,7583,2025081103015764,SHINE,Nepal Investment And Securities Trading Private Limited,J.F. Securites (PVT) Ltd.,12,430.1,5161.2,2025-08-11 14:54:47.908903
2025-08-11,7352,2025081103015819,SHINE,Nepal Investment And Securities Trading Private Limited,J.F. Securites (PVT) Ltd.,88,430.1,37848.8,2025-08-11 14:55:00.064664
2025-08-11,7351,2025081103015820,SHINE,Dipshikha Dhitopatra Karobar Co. Pvt Ltd.,J.F. Securites (PVT) Ltd.,78,430.1,33547.8,2025-08-11 14:55:00.064806
2025-08-11,7350,2025081103015821,SHINE,Imperial Securities Company Pvt. Ltd.,J.F. Securites (PVT) Ltd.,20,430.1,8602.0,2025-08-11 14:55:00.064868
2025-08-11,7349,2025081103015822,SHINE,Aryatara Investment & Securities,J.F. Securites (PVT) Ltd.,100,430.0,43000.0,2025-08-11 14:55:00.064930
2025-08-11,7348,2025081103015823,SHINE,Dipshikha Dhitopatra Karobar Co. Pvt Ltd.,J.F. Securites (PVT) Ltd.,100,430.0,43000.0,2025-08-11 14:55:00.064990
2025-08-11,7347,2025081103015824,SHINE,Capital Max Securities Ltd,J.F. Securites (PVT) Ltd.,10,430.0,4300.0,2025-08-11 14:55:00.065058
2025-08-11,7346,2025081103015825,SHINE,Shree Krishna Securities Ltd.,J.F. Securites (PVT) Ltd.,10,430.0,4300.0,2025-08-11 14:55:00.065114
2025-08-11,7345,2025081103015826,SHINE,South Asian Bulls Pvt. Ltd.,J.F. Securites (PVT) Ltd.,93,430.0,39990.0,2025-08-11 14:55:00.065170
2025-08-11,5143,2025081103016234,SHINE,K.B.L. Securities Limited ,Sani Securities Company Ltd.,70,430.2,30114.0,2025-08-11 14:57:04.462951
2025-08-11,4822,2025081103016427,SHINE,K.B.L. Securities Limited ,Creative Securities Pvt Ltd,300,430.2,129060.0,2025-08-11 14:57:12.144988
2025-08-11,3773,2025081103016642,SHINE,Vision Securities Pvt. Ltd,Linch Stock Market Ltd.,500,431.9,215950.0,2025-08-11 14:58:02.673012
2025-08-11,3300,2025081103016712,SHINE,K.B.L. Securities Limited ,ABC Securities Private Limited,150,431.0,64650.0,2025-08-11 14:58:21.059096
2025-08-11,2466,2025081103016872,SHINE,Aryatara Investment & Securities,Linch Stock Market Ltd.,222,431.9,95881.8,2025-08-11 14:58:54.486200
2025-08-11,2074,2025081103016952,SHINE,K.B.L. Securities Limited ,ABC Securities Private Limited,10,431.0,4310.0,2025-08-11 14:59:10.980375
2025-08-11,1595,2025081103017027,SHINE,K.B.L. Securities Limited ,Cristal Kanchanjanga Securites Pvt. Ltd.,40,431.0,17240.0,2025-08-11 14:59:24.836581
2025-08-11,898,2025081103017182,SHINE,Imperial Securities Company Pvt. Ltd.,Cristal Kanchanjanga Securites Pvt. Ltd.,10,431.0,4310.0,2025-08-11 14:59:41.153011
2025-08-11,897,2025081103017183,SHINE,Imperial Securities Company Pvt. Ltd.,Aryatara Investment & Securities,40,431.0,17240.0,2025-08-11 14:59:41.153179
2025-08-11,464,2025081103017298,SHINE,K.B.L. Securities Limited ,Aryatara Investment & Securities,72,430.2,30974.4,2025-08-11 14:59:49.228341
