Date,S.N.,contract_id,symbol,buyer_broker,seller_broker,volume,price,amount,transaction_time
2025-07-24,154612,2025072404000008,BARUN,Kumari Securities Private Limited,Asian Securities Private Ltd.,10,421.0,4210.0,2025-07-24 10:46:00.033159
2025-07-24,154257,2025072404000200,BARUN,Kohinoor Investment & Securities Pvt. Ltd.,Asian Securities Private Ltd.,500,415.0,207500.0,2025-07-24 11:00:54.608021
2025-07-24,154029,2025072404000284,BARUN,Pragyan Securities (PVT) Ltd.,Asian Securities Private Ltd.,90,415.0,37350.0,2025-07-24 11:01:25.201400
2025-07-24,153965,2025072404000316,BARUN,Pragyan Securities (PVT) Ltd.,Asian Securities Private Ltd.,68,416.0,28288.0,2025-07-24 11:01:35.861470
2025-07-24,153635,2025072404000448,BARUN,Imperial Securities Company Pvt. Ltd.,Vision Securities Pvt. Ltd,100,416.0,41600.0,2025-07-24 11:02:16.185999
2025-07-24,152206,2025072404001097,BARUN,Imperial Securities Company Pvt. Ltd.,Dipshikha Dhitopatra Karobar Co. Pvt Ltd.,10,419.0,4190.0,2025-07-24 11:04:55.128345
2025-07-24,148728,2025072404002320,BARUN,Bhrikuti Stock Broking Co. Pvt. Ltd.,Imperial Securities Company Pvt. Ltd.,10,415.0,4150.0,2025-07-24 11:10:43.783465
2025-07-24,146697,2025072404002939,BARUN,Naasa Securities Co. Ltd.,Agrawal Securities (PVT) Ltd.,19,416.8,7919.2,2025-07-24 11:14:05.801946
2025-07-24,146066,2025072404003140,BARUN,Vision Securities Pvt. Ltd,Aakashbhairab Securities Ltd.,1000,415.1,415100.0,2025-07-24 11:15:04.411351
2025-07-24,145817,2025072404003209,BARUN,Aryatara Investment & Securities,Vision Securities Pvt. Ltd,10,415.5,4155.0,2025-07-24 11:15:25.879986
2025-07-24,145816,2025072404003210,BARUN,Bhrikuti Stock Broking Co. Pvt. Ltd.,Vision Securities Pvt. Ltd,10,415.0,4150.0,2025-07-24 11:15:25.880239
2025-07-24,145383,2025072404003325,BARUN,Naasa Securities Co. Ltd.,Aakashbhairab Securities Ltd.,20,415.0,8300.0,2025-07-24 11:16:04.918112
2025-07-24,145382,2025072404003326,BARUN,Sumeru Securities Pvt. Ltd.,Aakashbhairab Securities Ltd.,1200,415.0,498000.0,2025-07-24 11:16:04.918204
2025-07-24,145343,2025072404003339,BARUN,Sweta Securities Private Limited,Opal Securities Investment (PVT) Ltd.,11,416.0,4576.0,2025-07-24 11:16:09.306047
2025-07-24,145342,2025072404003340,BARUN,Sweta Securities Private Limited,SHUBHAKAMANA SECURITIES PVT. LTD,189,416.0,78624.0,2025-07-24 11:16:09.306181
2025-07-24,143192,2025072404004049,BARUN,APPLE SECURITIES PRIVATE LIMITED,Imperial Securities Company Pvt. Ltd.,480,413.0,198240.0,2025-07-24 11:19:26.453809
2025-07-24,143186,2025072404004050,BARUN,APPLE SECURITIES PRIVATE LIMITED,Imperial Securities Company Pvt. Ltd.,2483,413.0,1025479.0,2025-07-24 11:19:27.416344
2025-07-24,142826,2025072404004155,BARUN,APPLE SECURITIES PRIVATE LIMITED,Aakashbhairab Securities Ltd.,37,413.0,15281.0,2025-07-24 11:20:04.468060
2025-07-24,142825,2025072404004156,BARUN,Naasa Securities Co. Ltd.,Aakashbhairab Securities Ltd.,10,412.9,4129.0,2025-07-24 11:20:04.468101
2025-07-24,142824,2025072404004157,BARUN,Thrive Brokerage House Pvt. Ltd,Aakashbhairab Securities Ltd.,60,412.8,24768.0,2025-07-24 11:20:04.468131
2025-07-24,142823,2025072404004158,BARUN,Imperial Securities Company Pvt. Ltd.,Aakashbhairab Securities Ltd.,20,412.7,8254.0,2025-07-24 11:20:04.468160
2025-07-24,142822,2025072404004159,BARUN,Kohinoor Investment & Securities Pvt. Ltd.,Aakashbhairab Securities Ltd.,133,412.6,54875.8,2025-07-24 11:20:04.468202
2025-07-24,141841,2025072404004399,BARUN,Kalika Securities Pvt. Ltd.,Aakashbhairab Securities Ltd.,20,413.0,8260.0,2025-07-24 11:21:35.311298
2025-07-24,141840,2025072404004400,BARUN,Kalika Securities Pvt. Ltd.,Dipshikha Dhitopatra Karobar Co. Pvt Ltd.,110,414.8,45628.0,2025-07-24 11:21:35.311448
2025-07-24,141362,2025072404004553,BARUN,Kalika Securities Pvt. Ltd.,Sri Hari Securities Pvt. Ltd.,70,413.0,28910.0,2025-07-24 11:22:17.340219
2025-07-24,141361,2025072404004554,BARUN,Bhrikuti Stock Broking Co. Pvt. Ltd.,Sri Hari Securities Pvt. Ltd.,10,413.0,4130.0,2025-07-24 11:22:17.340479
2025-07-24,140644,2025072404004773,BARUN,Kohinoor Investment & Securities Pvt. Ltd.,Aakashbhairab Securities Ltd.,67,412.6,27644.2,2025-07-24 11:23:20.166732
2025-07-24,140643,2025072404004774,BARUN,Siprabi Securities Pvt. Ltd.,Aakashbhairab Securities Ltd.,25,412.6,10315.0,2025-07-24 11:23:20.166905
2025-07-24,140642,2025072404004775,BARUN,Midas Stock Broking Company Private Limited,Aakashbhairab Securities Ltd.,100,412.6,41260.0,2025-07-24 11:23:20.166968
2025-07-24,140641,2025072404004776,BARUN,Ashutosh Brokerage & Securities (PVT) Ltd.,Aakashbhairab Securities Ltd.,500,412.1,206050.0,2025-07-24 11:23:20.167054
2025-07-24,140199,2025072404004892,BARUN,Sweta Securities Private Limited,Dipshikha Dhitopatra Karobar Co. Pvt Ltd.,50,412.0,20600.0,2025-07-24 11:23:57.958331
2025-07-24,139538,2025072404005117,BARUN,Pragyan Securities (PVT) Ltd.,Sri Hari Securities Pvt. Ltd.,120,413.0,49560.0,2025-07-24 11:25:01.947061
2025-07-24,136578,2025072404006208,BARUN,Premier Securities Company Ltd.,Naasa Securities Co. Ltd.,37,413.0,15281.0,2025-07-24 11:28:59.812325
2025-07-24,136577,2025072404006209,BARUN,Premier Securities Company Ltd.,Naasa Securities Co. Ltd.,35,413.0,14455.0,2025-07-24 11:28:59.812446
2025-07-24,135883,2025072404006535,BARUN,Aakashbhairab Securities Ltd.,Vision Securities Pvt. Ltd,500,414.0,207000.0,2025-07-24 11:29:53.406249
2025-07-24,135882,2025072404006536,BARUN,Aakashbhairab Securities Ltd.,Infinity Securities Limited,300,415.0,124500.0,2025-07-24 11:29:53.406376
2025-07-24,135881,2025072404006537,BARUN,Aakashbhairab Securities Ltd.,Naasa Securities Co. Ltd.,10,415.0,4150.0,2025-07-24 11:29:53.406439
2025-07-24,135880,2025072404006538,BARUN,Aakashbhairab Securities Ltd.,SHUBHAKAMANA SECURITIES PVT. LTD,31,416.0,12896.0,2025-07-24 11:29:53.406496
2025-07-24,135879,2025072404006539,BARUN,Aakashbhairab Securities Ltd.,Sharepro Securities Private Limited,10,416.0,4160.0,2025-07-24 11:29:53.406555
2025-07-24,135878,2025072404006540,BARUN,Aakashbhairab Securities Ltd.,Dipshikha Dhitopatra Karobar Co. Pvt Ltd.,1000,416.0,416000.0,2025-07-24 11:29:53.406611
2025-07-24,135877,2025072404006541,BARUN,Aakashbhairab Securities Ltd.,Naasa Securities Co. Ltd.,10,416.0,4160.0,2025-07-24 11:29:53.406667
2025-07-24,135701,2025072404006596,BARUN,Aakashbhairab Securities Ltd.,Ashutosh Brokerage & Securities (PVT) Ltd.,795,416.0,330720.0,2025-07-24 11:30:10.047840
2025-07-24,135349,2025072404006755,BARUN,Aakashbhairab Securities Ltd.,Aryatara Investment & Securities,600,416.9,250140.0,2025-07-24 11:30:37.073750
2025-07-24,135202,2025072404006827,BARUN,Aakashbhairab Securities Ltd.,Naasa Securities Co. Ltd.,10,417.0,4170.0,2025-07-24 11:30:48.837576
2025-07-24,135201,2025072404006828,BARUN,Aakashbhairab Securities Ltd.,Aryatara Investment & Securities,1290,418.0,539220.0,2025-07-24 11:30:48.837673
2025-07-24,133549,2025072404007471,BARUN,Linch Stock Market Ltd.,Aryatara Investment & Securities,43,418.0,17974.0,2025-07-24 11:32:59.713012
2025-07-24,133548,2025072404007472,BARUN,Linch Stock Market Ltd.,Naasa Securities Co. Ltd.,10,418.0,4180.0,2025-07-24 11:32:59.713146
2025-07-24,133547,2025072404007473,BARUN,Linch Stock Market Ltd.,Online Securities Pvt. Ltd.,200,418.0,83600.0,2025-07-24 11:32:59.713219
2025-07-24,132985,2025072404007750,BARUN,Nepal Investment And Securities Trading Private Limited,Imperial Securities Company Pvt. Ltd.,100,416.1,41610.0,2025-07-24 11:33:43.290441
2025-07-24,132984,2025072404007751,BARUN,Aakashbhairab Securities Ltd.,Imperial Securities Company Pvt. Ltd.,100,416.0,41600.0,2025-07-24 11:33:43.290606
2025-07-24,132957,2025072404007761,BARUN,Linch Stock Market Ltd.,Dipshikha Dhitopatra Karobar Co. Pvt Ltd.,20,419.0,8380.0,2025-07-24 11:33:47.084747
2025-07-24,132012,2025072404008137,BARUN,Imperial Securities Company Pvt. Ltd.,Naasa Securities Co. Ltd.,10,419.0,4190.0,2025-07-24 11:35:07.989820
2025-07-24,132011,2025072404008138,BARUN,Imperial Securities Company Pvt. Ltd.,Sani Securities Company Ltd.,10,419.5,4195.0,2025-07-24 11:35:07.989881
2025-07-24,131940,2025072404008166,BARUN,Primo Securities (PVT) Ltd.,Sani Securities Company Ltd.,200,419.0,83800.0,2025-07-24 11:35:16.653555
2025-07-24,131898,2025072404008171,BARUN,Primo Securities (PVT) Ltd.,Midas Stock Broking Company Private Limited,250,419.0,104750.0,2025-07-24 11:35:20.255196
2025-07-24,131897,2025072404008172,BARUN,KALASH STOCK MARKET PVT. LTD.,Midas Stock Broking Company Private Limited,100,416.1,41610.0,2025-07-24 11:35:20.255290
2025-07-24,131150,2025072404008544,BARUN,Elite Stock House Limited,Online Securities Pvt. Ltd.,200,419.0,83800.0,2025-07-24 11:36:24.094899
2025-07-24,131149,2025072404008545,BARUN,Elite Stock House Limited,Midas Stock Broking Company Private Limited,500,419.0,209500.0,2025-07-24 11:36:24.095053
2025-07-24,131148,2025072404008546,BARUN,Elite Stock House Limited,Sani Securities Company Ltd.,250,419.4,104850.0,2025-07-24 11:36:24.095122
2025-07-24,131147,2025072404008547,BARUN,Elite Stock House Limited,Sani Securities Company Ltd.,290,419.5,121655.0,2025-07-24 11:36:24.095192
2025-07-24,131146,2025072404008548,BARUN,Elite Stock House Limited,South Asian Bulls Pvt. Ltd.,500,419.5,209750.0,2025-07-24 11:36:24.095253
2025-07-24,131145,2025072404008549,BARUN,Elite Stock House Limited,South Asian Bulls Pvt. Ltd.,60,419.7,25182.0,2025-07-24 11:36:24.095321
2025-07-24,130806,2025072404008683,BARUN,Elite Stock House Limited,South Asian Bulls Pvt. Ltd.,50,419.7,20985.0,2025-07-24 11:36:57.764621
2025-07-24,129936,2025072404009062,BARUN,Aakashbhairab Securities Ltd.,South Asian Bulls Pvt. Ltd.,244,419.7,102406.8,2025-07-24 11:38:03.817517
2025-07-24,129075,2025072404009428,BARUN,Linch Stock Market Ltd.,South Asian Bulls Pvt. Ltd.,137,419.7,57498.9,2025-07-24 11:39:04.017860
2025-07-24,127928,2025072404009877,BARUN,Naasa Securities Co. Ltd.,Ashutosh Brokerage & Securities (PVT) Ltd.,50,419.6,20980.0,2025-07-24 11:40:42.608658
2025-07-24,127921,2025072404009878,BARUN,Sani Securities Company Ltd.,Vision Securities Pvt. Ltd,50,418.0,20900.0,2025-07-24 11:40:43.672443
2025-07-24,127920,2025072404009879,BARUN,Imperial Securities Company Pvt. Ltd.,Vision Securities Pvt. Ltd,500,417.0,208500.0,2025-07-24 11:40:43.672630
2025-07-24,127919,2025072404009880,BARUN,Premier Securities Company Ltd.,Vision Securities Pvt. Ltd,28,416.5,11662.0,2025-07-24 11:40:43.672692
2025-07-24,127918,2025072404009881,BARUN,Opal Securities Investment (PVT) Ltd.,Vision Securities Pvt. Ltd,200,416.3,83260.0,2025-07-24 11:40:43.672765
2025-07-24,127917,2025072404009882,BARUN,Naasa Securities Co. Ltd.,Vision Securities Pvt. Ltd,222,416.2,92396.4,2025-07-24 11:40:43.672828
2025-07-24,127886,2025072404009895,BARUN,Elite Stock House Limited,Ashutosh Brokerage & Securities (PVT) Ltd.,40,419.6,16784.0,2025-07-24 11:40:46.470505
2025-07-24,127633,2025072404009976,BARUN,Naasa Securities Co. Ltd.,Naasa Securities Co. Ltd.,278,416.2,115703.6,2025-07-24 11:41:07.764856
2025-07-24,127632,2025072404009977,BARUN,KALASH STOCK MARKET PVT. LTD.,Naasa Securities Co. Ltd.,100,416.1,41610.0,2025-07-24 11:41:07.765031
2025-07-24,127631,2025072404009978,BARUN,Neev Securities Pvt. Ltd.,Naasa Securities Co. Ltd.,50,416.0,20800.0,2025-07-24 11:41:07.765098
2025-07-24,127630,2025072404009979,BARUN,Dakshinkali Investment & Securities Pvt. Ltd.,Naasa Securities Co. Ltd.,222,416.0,92352.0,2025-07-24 11:41:07.765162
2025-07-24,125938,2025072404010586,BARUN,Naasa Securities Co. Ltd.,Dipshikha Dhitopatra Karobar Co. Pvt Ltd.,13,416.1,5409.3,2025-07-24 11:43:43.553968
2025-07-24,125486,2025072404010739,BARUN,Naasa Securities Co. Ltd.,Dipshikha Dhitopatra Karobar Co. Pvt Ltd.,37,416.1,15395.7,2025-07-24 11:44:23.780961
2025-07-24,125485,2025072404010740,BARUN,Dakshinkali Investment & Securities Pvt. Ltd.,Dipshikha Dhitopatra Karobar Co. Pvt Ltd.,63,416.0,26208.0,2025-07-24 11:44:23.781144
2025-07-24,123980,2025072404011313,BARUN,Siprabi Securities Pvt. Ltd.,Arun Securities (PVT) Ltd.,25,416.1,10402.5,2025-07-24 11:46:47.169803
2025-07-24,123979,2025072404011314,BARUN,Dakshinkali Investment & Securities Pvt. Ltd.,Arun Securities (PVT) Ltd.,715,416.0,297440.0,2025-07-24 11:46:47.169966
2025-07-24,123978,2025072404011315,BARUN,Naasa Securities Co. Ltd.,Arun Securities (PVT) Ltd.,20,416.0,8320.0,2025-07-24 11:46:47.170044
2025-07-24,123977,2025072404011316,BARUN,Naasa Securities Co. Ltd.,Arun Securities (PVT) Ltd.,96,416.0,39936.0,2025-07-24 11:46:47.170114
2025-07-24,123583,2025072404011450,BARUN,Sani Securities Company Ltd.,Sri Hari Securities Pvt. Ltd.,50,415.2,20760.0,2025-07-24 11:47:24.208053
2025-07-24,123582,2025072404011451,BARUN,Siprabi Securities Pvt. Ltd.,Sri Hari Securities Pvt. Ltd.,200,415.0,83000.0,2025-07-24 11:47:24.208240
2025-07-24,122464,2025072404011789,BARUN,Shree Krishna Securities Ltd.,Vision Securities Pvt. Ltd,500,414.0,207000.0,2025-07-24 11:49:19.975207
2025-07-24,122463,2025072404011790,BARUN,Vision Securities Pvt. Ltd,Vision Securities Pvt. Ltd,190,414.0,78660.0,2025-07-24 11:49:19.975431
2025-07-24,122444,2025072404011792,BARUN,Kohinoor Investment & Securities Pvt. Ltd.,Vision Securities Pvt. Ltd,100,414.0,41400.0,2025-07-24 11:49:22.642417
2025-07-24,122302,2025072404011837,BARUN,Kohinoor Investment & Securities Pvt. Ltd.,Vision Securities Pvt. Ltd,200,414.0,82800.0,2025-07-24 11:49:39.076306
2025-07-24,122056,2025072404011906,BARUN,Naasa Securities Co. Ltd.,Vision Securities Pvt. Ltd,10,414.0,4140.0,2025-07-24 11:50:08.561054
2025-07-24,120831,2025072404012348,BARUN,Aryatara Investment & Securities,Opal Securities Investment (PVT) Ltd.,50,413.1,20655.0,2025-07-24 11:52:25.473037
2025-07-24,120560,2025072404012420,BARUN,Nagarik Stock Dealer ,Opal Securities Investment (PVT) Ltd.,77,413.0,31801.0,2025-07-24 11:52:49.008839
2025-07-24,120153,2025072404012553,BARUN,Online Securities Pvt. Ltd.,Sani Securities Company Ltd.,176,414.0,72864.0,2025-07-24 11:53:29.282673
2025-07-24,118634,2025072404013182,BARUN,Online Securities Pvt. Ltd.,Linch Stock Market Ltd.,11,414.0,4554.0,2025-07-24 11:55:55.710607
2025-07-24,118342,2025072404013271,BARUN,Siprabi Securities Pvt. Ltd.,Linch Stock Market Ltd.,100,415.0,41500.0,2025-07-24 11:56:20.852497
2025-07-24,118341,2025072404013272,BARUN,Siprabi Securities Pvt. Ltd.,Dipshikha Dhitopatra Karobar Co. Pvt Ltd.,94,415.0,39010.0,2025-07-24 11:56:20.852849
2025-07-24,116928,2025072404013888,BARUN,Online Securities Pvt. Ltd.,Nepal Stock House (PVT) Ltd.,13,414.0,5382.0,2025-07-24 11:58:35.869015
2025-07-24,116927,2025072404013889,BARUN,Sani Securities Company Ltd.,Nepal Stock House (PVT) Ltd.,20,414.0,8280.0,2025-07-24 11:58:35.869272
2025-07-24,116926,2025072404013890,BARUN,Dakshinkali Investment & Securities Pvt. Ltd.,Nepal Stock House (PVT) Ltd.,500,413.1,206550.0,2025-07-24 11:58:35.869372
2025-07-24,116925,2025072404013891,BARUN,Nagarik Stock Dealer ,Nepal Stock House (PVT) Ltd.,21,413.0,8673.0,2025-07-24 11:58:35.869452
2025-07-24,116924,2025072404013892,BARUN,Naasa Securities Co. Ltd.,Nepal Stock House (PVT) Ltd.,146,413.0,60298.0,2025-07-24 11:58:35.869529
2025-07-24,116303,2025072404014137,BARUN,Naasa Securities Co. Ltd.,Aryatara Investment & Securities,70,413.0,28910.0,2025-07-24 11:59:33.194043
2025-07-24,114823,2025072404014703,BARUN,Online Securities Pvt. Ltd.,Naasa Securities Co. Ltd.,1,407.0,407.0,2025-07-24 12:02:08.935129
2025-07-24,114473,2025072404014838,BARUN,Imperial Securities Company Pvt. Ltd.,Aryatara Investment & Securities,50,414.0,20700.0,2025-07-24 12:02:47.394502
2025-07-24,114408,2025072404014874,BARUN,Imperial Securities Company Pvt. Ltd.,Capital Max Securities Ltd,450,414.0,186300.0,2025-07-24 12:02:53.180715
2025-07-24,114118,2025072404014985,BARUN,Online Securities Pvt. Ltd.,Midas Stock Broking Company Private Limited,1,407.7,407.7,2025-07-24 12:03:24.720536
2025-07-24,113400,2025072404015258,BARUN,Online Securities Pvt. Ltd.,ABC Securities Private Limited,1,408.0,408.0,2025-07-24 12:04:27.989962
2025-07-24,113347,2025072404015272,BARUN,Premier Securities Company Ltd.,Capital Max Securities Ltd,50,414.0,20700.0,2025-07-24 12:04:36.686022
2025-07-24,112823,2025072404015528,BARUN,Kumari Securities Private Limited,Opal Securities Investment (PVT) Ltd.,126,415.0,52290.0,2025-07-24 12:05:13.001573
2025-07-24,112822,2025072404015529,BARUN,Kumari Securities Private Limited,Secured Securities Ltd.,100,416.0,41600.0,2025-07-24 12:05:13.002087
2025-07-24,112821,2025072404015530,BARUN,Kumari Securities Private Limited,Siprabi Securities Pvt. Ltd.,10,417.0,4170.0,2025-07-24 12:05:13.002536
2025-07-24,112820,2025072404015531,BARUN,Kumari Securities Private Limited,Arun Securities (PVT) Ltd.,164,417.9,68535.6,2025-07-24 12:05:13.002891
2025-07-24,111500,2025072404016171,BARUN,Premier Securities Company Ltd.,Premier Securities Company Ltd.,100,417.0,41700.0,2025-07-24 12:07:02.465714
2025-07-24,111499,2025072404016172,BARUN,Premier Securities Company Ltd.,Kumari Securities Private Limited,500,417.0,208500.0,2025-07-24 12:07:02.465933
2025-07-24,111498,2025072404016173,BARUN,Premier Securities Company Ltd.,Arun Securities (PVT) Ltd.,400,417.9,167160.0,2025-07-24 12:07:02.466021
2025-07-24,110682,2025072404016636,BARUN,Nepal Stock House (PVT) Ltd.,Arun Securities (PVT) Ltd.,250,417.0,104250.0,2025-07-24 12:08:21.278909
2025-07-24,110535,2025072404016694,BARUN,Premier Securities Company Ltd.,Arun Securities (PVT) Ltd.,330,417.0,137610.0,2025-07-24 12:08:36.012813
2025-07-24,110534,2025072404016695,BARUN,Premier Securities Company Ltd.,Capital Max Securities Ltd,170,417.0,70890.0,2025-07-24 12:08:36.013077
2025-07-24,110059,2025072404016896,BARUN,Kumari Securities Private Limited,Capital Max Securities Ltd,80,417.0,33360.0,2025-07-24 12:09:25.203227
2025-07-24,110058,2025072404016897,BARUN,Kumari Securities Private Limited,Kumari Securities Private Limited,20,417.5,8350.0,2025-07-24 12:09:25.203467
2025-07-24,109841,2025072404016962,BARUN,Premier Securities Company Ltd.,Kumari Securities Private Limited,80,417.5,33400.0,2025-07-24 12:09:51.599035
2025-07-24,109840,2025072404016963,BARUN,Premier Securities Company Ltd.,Sumeru Securities Pvt. Ltd.,50,418.0,20900.0,2025-07-24 12:09:51.599306
2025-07-24,109839,2025072404016964,BARUN,Premier Securities Company Ltd.,Vision Securities Pvt. Ltd,20,418.0,8360.0,2025-07-24 12:09:51.599410
2025-07-24,109838,2025072404016965,BARUN,Premier Securities Company Ltd.,Naasa Securities Co. Ltd.,240,418.0,100320.0,2025-07-24 12:09:51.599494
2025-07-24,109572,2025072404017065,BARUN,Premier Securities Company Ltd.,Aryatara Investment & Securities,100,418.0,41800.0,2025-07-24 12:10:19.707553
2025-07-24,109410,2025072404017110,BARUN,Sewa Securities Pvt. Ltd.,South Asian Bulls Pvt. Ltd.,10,419.5,4195.0,2025-07-24 12:10:34.475887
2025-07-24,109208,2025072404017196,BARUN,J.F. Securites (PVT) Ltd.,Naasa Securities Co. Ltd.,10,419.0,4190.0,2025-07-24 12:10:53.557821
2025-07-24,109207,2025072404017197,BARUN,J.F. Securites (PVT) Ltd.,South Asian Bulls Pvt. Ltd.,70,419.5,29365.0,2025-07-24 12:10:53.558095
2025-07-24,108836,2025072404017337,BARUN,Sewa Securities Pvt. Ltd.,South Asian Bulls Pvt. Ltd.,10,419.5,4195.0,2025-07-24 12:11:26.998162
2025-07-24,108400,2025072404017505,BARUN,Sewa Securities Pvt. Ltd.,Vision Securities Pvt. Ltd,10,419.0,4190.0,2025-07-24 12:12:07.397463
2025-07-24,107784,2025072404017798,BARUN,Sagarmatha Securities Private Limited,Online Securities Pvt. Ltd.,10,419.0,4190.0,2025-07-24 12:13:08.956755
2025-07-24,107783,2025072404017799,BARUN,Sagarmatha Securities Private Limited,Nepal Stock House (PVT) Ltd.,15,419.0,6285.0,2025-07-24 12:13:08.957005
2025-07-24,107602,2025072404017867,BARUN,Online Securities Pvt. Ltd.,Siprabi Securities Pvt. Ltd.,1,412.0,412.0,2025-07-24 12:13:30.025366
2025-07-24,106416,2025072404018339,BARUN,Sani Securities Company Ltd.,Capital Max Securities Ltd,100,418.9,41890.0,2025-07-24 12:15:55.515047
2025-07-24,106005,2025072404018454,BARUN,Dakshinkali Investment & Securities Pvt. Ltd.,Capital Max Securities Ltd,150,418.9,62835.0,2025-07-24 12:16:36.753103
2025-07-24,106004,2025072404018455,BARUN,Dakshinkali Investment & Securities Pvt. Ltd.,Nepal Stock House (PVT) Ltd.,235,419.0,98465.0,2025-07-24 12:16:36.753445
2025-07-24,106003,2025072404018456,BARUN,Dakshinkali Investment & Securities Pvt. Ltd.,Elite Stock House Limited,50,419.0,20950.0,2025-07-24 12:16:36.753547
2025-07-24,106002,2025072404018457,BARUN,Dakshinkali Investment & Securities Pvt. Ltd.,Sani Securities Company Ltd.,10,419.0,4190.0,2025-07-24 12:16:36.753634
2025-07-24,106001,2025072404018458,BARUN,Dakshinkali Investment & Securities Pvt. Ltd.,Vision Securities Pvt. Ltd,55,419.0,23045.0,2025-07-24 12:16:36.753721
2025-07-24,105040,2025072404018804,BARUN,Premier Securities Company Ltd.,Vision Securities Pvt. Ltd,10,419.0,4190.0,2025-07-24 12:18:24.024245
2025-07-24,104988,2025072404018810,BARUN,Naasa Securities Co. Ltd.,Vision Securities Pvt. Ltd,10,419.0,4190.0,2025-07-24 12:18:26.538065
2025-07-24,104092,2025072404019096,BARUN,Malla & Malla Stock Broking Company Pvt. Limited,Vision Securities Pvt. Ltd,125,419.0,52375.0,2025-07-24 12:20:17.138138
2025-07-24,104091,2025072404019097,BARUN,Malla & Malla Stock Broking Company Pvt. Limited,Miyo Securities Pvt Ltd,30,419.0,12570.0,2025-07-24 12:20:17.138388
2025-07-24,104090,2025072404019098,BARUN,Malla & Malla Stock Broking Company Pvt. Limited,Thrive Brokerage House Pvt. Ltd,45,419.0,18855.0,2025-07-24 12:20:17.138479
2025-07-24,103245,2025072404019417,BARUN,Property Wiard Limited,Global IME Securities Limited,290,419.0,121510.0,2025-07-24 12:21:39.636165
2025-07-24,103244,2025072404019418,BARUN,Property Wiard Limited,Shree Krishna Securities Ltd.,100,419.3,41930.0,2025-07-24 12:21:39.636220
2025-07-24,103243,2025072404019419,BARUN,Property Wiard Limited,Infinity Securities Limited,100,419.4,41940.0,2025-07-24 12:21:39.636252
2025-07-24,103242,2025072404019420,BARUN,Property Wiard Limited,South Asian Bulls Pvt. Ltd.,309,419.4,129594.6,2025-07-24 12:21:39.636287
2025-07-24,103241,2025072404019421,BARUN,Property Wiard Limited,South Asian Bulls Pvt. Ltd.,201,419.5,84319.5,2025-07-24 12:21:39.636332
2025-07-24,102892,2025072404019641,BARUN,Property Wiard Limited,South Asian Bulls Pvt. Ltd.,209,419.5,87675.5,2025-07-24 12:22:05.311890
2025-07-24,102891,2025072404019642,BARUN,Property Wiard Limited,Aryatara Investment & Securities,100,419.5,41950.0,2025-07-24 12:22:05.311990
2025-07-24,102890,2025072404019643,BARUN,Property Wiard Limited,ABC Securities Private Limited,37,419.5,15521.5,2025-07-24 12:22:05.312093
2025-07-24,102889,2025072404019644,BARUN,Property Wiard Limited,Ashutosh Brokerage & Securities (PVT) Ltd.,210,419.6,88116.0,2025-07-24 12:22:05.312186
2025-07-24,102888,2025072404019645,BARUN,Property Wiard Limited,South Asian Bulls Pvt. Ltd.,444,419.6,186302.4,2025-07-24 12:22:05.312264
2025-07-24,102620,2025072404019768,BARUN,Imperial Securities Company Pvt. Ltd.,Creative Securities Pvt Ltd,8,415.0,3320.0,2025-07-24 12:22:37.423099
2025-07-24,102316,2025072404019883,BARUN,Property Wiard Limited,South Asian Bulls Pvt. Ltd.,56,419.6,23497.6,2025-07-24 12:23:12.092293
2025-07-24,102315,2025072404019884,BARUN,Property Wiard Limited,South Asian Bulls Pvt. Ltd.,500,419.7,209850.0,2025-07-24 12:23:12.092355
2025-07-24,102314,2025072404019885,BARUN,Property Wiard Limited,Vision Securities Pvt. Ltd,444,419.8,186391.2,2025-07-24 12:23:12.092380
2025-07-24,102088,2025072404019935,BARUN,Aryatara Investment & Securities,Trishakti Securities Public Limited,100,417.4,41740.0,2025-07-24 12:23:33.911319
2025-07-24,99591,2025072404020685,BARUN,Aryatara Investment & Securities,Vision Securities Pvt. Ltd,50,417.4,20870.0,2025-07-24 12:27:57.417535
2025-07-24,99590,2025072404020686,BARUN,Creative Securities Pvt Ltd,Vision Securities Pvt. Ltd,50,417.4,20870.0,2025-07-24 12:27:57.417791
2025-07-24,98278,2025072404021188,BARUN,Aryatara Investment & Securities,Sri Hari Securities Pvt. Ltd.,50,418.0,20900.0,2025-07-24 12:30:30.221054
2025-07-24,98277,2025072404021189,BARUN,J.F. Securites (PVT) Ltd.,Sri Hari Securities Pvt. Ltd.,50,417.9,20895.0,2025-07-24 12:30:30.221529
2025-07-24,98164,2025072404021222,BARUN,J.F. Securites (PVT) Ltd.,Sri Hari Securities Pvt. Ltd.,10,417.8,4178.0,2025-07-24 12:30:41.960899
2025-07-24,98076,2025072404021267,BARUN,Creative Securities Pvt Ltd,Sri Hari Securities Pvt. Ltd.,40,417.4,16696.0,2025-07-24 12:30:54.921780
2025-07-24,97928,2025072404021337,BARUN,Dipshikha Dhitopatra Karobar Co. Pvt Ltd.,Premier Securities Company Ltd.,100,419.0,41900.0,2025-07-24 12:31:11.039261
2025-07-24,97927,2025072404021338,BARUN,Dipshikha Dhitopatra Karobar Co. Pvt Ltd.,Vision Securities Pvt. Ltd,50,419.0,20950.0,2025-07-24 12:31:11.039494
2025-07-24,97926,2025072404021339,BARUN,Dipshikha Dhitopatra Karobar Co. Pvt Ltd.,Aryatara Investment & Securities,100,419.7,41970.0,2025-07-24 12:31:11.039594
2025-07-24,97718,2025072404021410,BARUN,Magnet Securities and Investment Company Private Limited,Vision Securities Pvt. Ltd,100,419.8,41980.0,2025-07-24 12:31:34.940775
2025-07-24,96251,2025072404021955,BARUN,Vision Securities Pvt. Ltd,Sani Securities Company Ltd.,950,419.0,398050.0,2025-07-24 12:34:35.835286
2025-07-24,96250,2025072404021956,BARUN,Vision Securities Pvt. Ltd,Vision Securities Pvt. Ltd,500,419.0,209500.0,2025-07-24 12:34:35.835738
2025-07-24,96249,2025072404021957,BARUN,Vision Securities Pvt. Ltd,Vision Securities Pvt. Ltd,50,419.8,20990.0,2025-07-24 12:34:35.835999
2025-07-24,95805,2025072404022154,BARUN,Premier Securities Company Ltd.,Aakashbhairab Securities Ltd.,200,419.0,83800.0,2025-07-24 12:35:16.333594
2025-07-24,95804,2025072404022155,BARUN,Premier Securities Company Ltd.,Vision Securities Pvt. Ltd,300,419.8,125940.0,2025-07-24 12:35:16.333865
2025-07-24,95783,2025072404022162,BARUN,Premier Securities Company Ltd.,Vision Securities Pvt. Ltd,100,419.8,41980.0,2025-07-24 12:35:18.760558
2025-07-24,95328,2025072404022320,BARUN,Premier Securities Company Ltd.,Imperial Securities Company Pvt. Ltd.,100,419.8,41980.0,2025-07-24 12:36:09.310842
2025-07-24,95072,2025072404022401,BARUN,Creative Securities Pvt Ltd,Imperial Securities Company Pvt. Ltd.,100,419.8,41980.0,2025-07-24 12:36:33.341449
2025-07-24,95037,2025072404022407,BARUN,Creative Securities Pvt Ltd,Citizens Share Broker Limited,100,419.8,41980.0,2025-07-24 12:36:35.641333
2025-07-24,94959,2025072404022435,BARUN,Creative Securities Pvt Ltd,Sri Hari Securities Pvt. Ltd.,10,419.8,4198.0,2025-07-24 12:36:45.388708
2025-07-24,94815,2025072404022515,BARUN,Trishakti Securities Public Limited,Global IME Securities Limited,10,419.2,4192.0,2025-07-24 12:36:57.570476
2025-07-24,94814,2025072404022516,BARUN,Trishakti Securities Public Limited,Global IME Securities Limited,10,419.1,4191.0,2025-07-24 12:36:57.570773
2025-07-24,94810,2025072404022518,BARUN,J.F. Securites (PVT) Ltd.,Arun Securities (PVT) Ltd.,20,419.0,8380.0,2025-07-24 12:36:58.636918
2025-07-24,94476,2025072404022664,BARUN,Premier Securities Company Ltd.,Arun Securities (PVT) Ltd.,100,419.0,41900.0,2025-07-24 12:37:34.759922
2025-07-24,94293,2025072404022705,BARUN,Premier Securities Company Ltd.,Arun Securities (PVT) Ltd.,50,419.0,20950.0,2025-07-24 12:37:59.495338
2025-07-24,94087,2025072404022762,BARUN,Dipshikha Dhitopatra Karobar Co. Pvt Ltd.,Aryatara Investment & Securities,50,418.9,20945.0,2025-07-24 12:38:26.430631
2025-07-24,93999,2025072404022789,BARUN,Naasa Securities Co. Ltd.,Dynamic Money Managers Securities Pvt. Ltd.,1000,418.2,418200.0,2025-07-24 12:38:39.662505
2025-07-24,93800,2025072404022839,BARUN,Citizens Share Broker Limited,Sri Hari Securities Pvt. Ltd.,990,418.0,413820.0,2025-07-24 12:39:05.586449
2025-07-24,93515,2025072404022939,BARUN,Citizens Share Broker Limited,Nepal Stock House (PVT) Ltd.,150,418.0,62700.0,2025-07-24 12:39:35.799213
2025-07-24,92803,2025072404023145,BARUN,Dipshikha Dhitopatra Karobar Co. Pvt Ltd.,Arun Securities (PVT) Ltd.,30,419.0,12570.0,2025-07-24 12:40:54.207877
2025-07-24,92016,2025072404023365,BARUN,Dipshikha Dhitopatra Karobar Co. Pvt Ltd.,Nepal Investment And Securities Trading Private Limited,200,419.0,83800.0,2025-07-24 12:42:28.705828
2025-07-24,91626,2025072404023458,BARUN,Dipshikha Dhitopatra Karobar Co. Pvt Ltd.,Sri Hari Securities Pvt. Ltd.,270,419.0,113130.0,2025-07-24 12:43:18.379107
2025-07-24,91625,2025072404023459,BARUN,Creative Securities Pvt Ltd,Sri Hari Securities Pvt. Ltd.,200,419.0,83800.0,2025-07-24 12:43:18.379605
2025-07-24,90324,2025072404023844,BARUN,Ashutosh Brokerage & Securities (PVT) Ltd.,Global IME Securities Limited,3,419.0,1257.0,2025-07-24 12:45:58.328987
2025-07-24,89030,2025072404024300,BARUN,Sewa Securities Pvt. Ltd.,Premier Securities Company Ltd.,67,419.0,28073.0,2025-07-24 12:48:21.791519
2025-07-24,88764,2025072404024401,BARUN,Citizens Share Broker Limited,Agrawal Securities (PVT) Ltd.,10,418.0,4180.0,2025-07-24 12:48:48.038601
2025-07-24,88763,2025072404024402,BARUN,Bhrikuti Stock Broking Co. Pvt. Ltd.,Agrawal Securities (PVT) Ltd.,40,418.0,16720.0,2025-07-24 12:48:48.038910
2025-07-24,88321,2025072404024550,BARUN,Bhrikuti Stock Broking Co. Pvt. Ltd.,Aryatara Investment & Securities,60,418.0,25080.0,2025-07-24 12:49:32.931822
2025-07-24,87798,2025072404024720,BARUN,Property Wiard Limited,Aryatara Investment & Securities,467,417.1,194785.7,2025-07-24 12:50:26.956155
2025-07-24,87541,2025072404024801,BARUN,Online Securities Pvt. Ltd.,Secured Securities Ltd.,20,418.0,8360.0,2025-07-24 12:50:55.130712
2025-07-24,86448,2025072404025170,BARUN,Property Wiard Limited,Aryatara Investment & Securities,816,417.1,340353.6,2025-07-24 12:52:47.933346
2025-07-24,86325,2025072404025203,BARUN,Vision Securities Pvt. Ltd,Secured Securities Ltd.,220,418.0,91960.0,2025-07-24 12:53:01.074171
2025-07-24,86134,2025072404025265,BARUN,Vision Securities Pvt. Ltd,Sri Hari Securities Pvt. Ltd.,530,418.0,221540.0,2025-07-24 12:53:21.440715
2025-07-24,86036,2025072404025286,BARUN,Vision Securities Pvt. Ltd,Asian Securities Private Ltd.,470,418.0,196460.0,2025-07-24 12:53:30.534204
2025-07-24,85572,2025072404025427,BARUN,Sani Securities Company Ltd.,Asian Securities Private Ltd.,500,418.0,209000.0,2025-07-24 12:54:29.228638
2025-07-24,85470,2025072404025459,BARUN,Property Wiard Limited,Aryatara Investment & Securities,948,417.1,395410.8,2025-07-24 12:54:44.399423
2025-07-24,85307,2025072404025501,BARUN,Neev Securities Pvt. Ltd.,Asian Securities Private Ltd.,30,418.0,12540.0,2025-07-24 12:55:04.128120
2025-07-24,85306,2025072404025502,BARUN,Neev Securities Pvt. Ltd.,Kumari Securities Private Limited,125,418.0,52250.0,2025-07-24 12:55:04.128675
2025-07-24,85142,2025072404025559,BARUN,Neev Securities Pvt. Ltd.,Imperial Securities Company Pvt. Ltd.,80,418.0,33440.0,2025-07-24 12:55:19.741481
2025-07-24,84945,2025072404025593,BARUN,Thrive Brokerage House Pvt. Ltd,Imperial Securities Company Pvt. Ltd.,100,418.0,41800.0,2025-07-24 12:55:38.033266
2025-07-24,84944,2025072404025594,BARUN,Siprabi Securities Pvt. Ltd.,Imperial Securities Company Pvt. Ltd.,20,418.0,8360.0,2025-07-24 12:55:38.260430
2025-07-24,83792,2025072404025930,BARUN,Siprabi Securities Pvt. Ltd.,Aryatara Investment & Securities,180,418.0,75240.0,2025-07-24 12:57:33.163121
2025-07-24,83791,2025072404025931,BARUN,Sweta Securities Private Limited,Aryatara Investment & Securities,10,418.0,4180.0,2025-07-24 12:57:33.163472
2025-07-24,83790,2025072404025932,BARUN,Sweta Securities Private Limited,Aryatara Investment & Securities,10,418.0,4180.0,2025-07-24 12:57:33.163605
2025-07-24,83449,2025072404026044,BARUN,Property Wiard Limited,Aryatara Investment & Securities,769,417.1,320749.9,2025-07-24 12:58:15.382430
2025-07-24,83066,2025072404026175,BARUN,Sani Securities Company Ltd.,Online Securities Pvt. Ltd.,10,417.0,4170.0,2025-07-24 12:58:58.595433
2025-07-24,83065,2025072404026176,BARUN,Imperial Securities Company Pvt. Ltd.,Online Securities Pvt. Ltd.,990,417.0,412830.0,2025-07-24 12:58:58.595700
2025-07-24,82892,2025072404026219,BARUN,Imperial Securities Company Pvt. Ltd.,Aryatara Investment & Securities,131,417.0,54627.0,2025-07-24 12:59:18.885397
2025-07-24,82182,2025072404026428,BARUN,Imperial Securities Company Pvt. Ltd.,Sri Hari Securities Pvt. Ltd.,200,417.0,83400.0,2025-07-24 13:00:41.662331
2025-07-24,81924,2025072404026519,BARUN,Imperial Securities Company Pvt. Ltd.,Aryatara Investment & Securities,600,417.0,250200.0,2025-07-24 13:01:09.080759
2025-07-24,81888,2025072404026526,BARUN,Imperial Securities Company Pvt. Ltd.,Dipshikha Dhitopatra Karobar Co. Pvt Ltd.,79,417.0,32943.0,2025-07-24 13:01:13.533269
2025-07-24,81887,2025072404026527,BARUN,Sweta Securities Private Limited,Dipshikha Dhitopatra Karobar Co. Pvt Ltd.,10,417.0,4170.0,2025-07-24 13:01:13.533565
2025-07-24,81886,2025072404026528,BARUN,Aryatara Investment & Securities,Dipshikha Dhitopatra Karobar Co. Pvt Ltd.,100,416.5,41650.0,2025-07-24 13:01:13.533670
2025-07-24,81885,2025072404026529,BARUN,Kumari Securities Private Limited,Dipshikha Dhitopatra Karobar Co. Pvt Ltd.,50,416.0,20800.0,2025-07-24 13:01:13.533768
2025-07-24,81884,2025072404026530,BARUN,Vision Securities Pvt. Ltd,Dipshikha Dhitopatra Karobar Co. Pvt Ltd.,100,416.0,41600.0,2025-07-24 13:01:13.533863
2025-07-24,81883,2025072404026531,BARUN,Online Securities Pvt. Ltd.,Dipshikha Dhitopatra Karobar Co. Pvt Ltd.,35,415.0,14525.0,2025-07-24 13:01:13.533960
2025-07-24,81882,2025072404026532,BARUN,Naasa Securities Co. Ltd.,Dipshikha Dhitopatra Karobar Co. Pvt Ltd.,140,415.0,58100.0,2025-07-24 13:01:13.534059
2025-07-24,81881,2025072404026533,BARUN,Naasa Securities Co. Ltd.,Dipshikha Dhitopatra Karobar Co. Pvt Ltd.,65,415.0,26975.0,2025-07-24 13:01:13.534170
2025-07-24,81880,2025072404026534,BARUN,Bhrikuti Stock Broking Co. Pvt. Ltd.,Dipshikha Dhitopatra Karobar Co. Pvt Ltd.,25,415.0,10375.0,2025-07-24 13:01:13.534259
2025-07-24,81879,2025072404026535,BARUN,Aryatara Investment & Securities,Dipshikha Dhitopatra Karobar Co. Pvt Ltd.,50,415.0,20750.0,2025-07-24 13:01:13.534360
2025-07-24,81878,2025072404026536,BARUN,Premier Securities Company Ltd.,Dipshikha Dhitopatra Karobar Co. Pvt Ltd.,25,415.0,10375.0,2025-07-24 13:01:13.534455
2025-07-24,81877,2025072404026537,BARUN,Naasa Securities Co. Ltd.,Dipshikha Dhitopatra Karobar Co. Pvt Ltd.,50,415.0,20750.0,2025-07-24 13:01:13.534565
2025-07-24,81739,2025072404026577,BARUN,Bhrikuti Stock Broking Co. Pvt. Ltd.,Dipshikha Dhitopatra Karobar Co. Pvt Ltd.,271,415.0,112465.0,2025-07-24 13:01:28.833141
2025-07-24,79477,2025072404027202,BARUN,Bhrikuti Stock Broking Co. Pvt. Ltd.,J.F. Securites (PVT) Ltd.,200,416.0,83200.0,2025-07-24 13:05:06.547700
2025-07-24,78905,2025072404027365,BARUN,Bhrikuti Stock Broking Co. Pvt. Ltd.,Secured Securities Ltd.,10,416.0,4160.0,2025-07-24 13:06:07.315736
2025-07-24,78577,2025072404027444,BARUN,Bhrikuti Stock Broking Co. Pvt. Ltd.,Secured Securities Ltd.,19,416.0,7904.0,2025-07-24 13:06:48.828588
2025-07-24,78576,2025072404027445,BARUN,Nepal Stock House (PVT) Ltd.,Secured Securities Ltd.,481,414.0,199134.0,2025-07-24 13:06:48.828649
2025-07-24,77930,2025072404027629,BARUN,Nepal Stock House (PVT) Ltd.,Secured Securities Ltd.,19,414.0,7866.0,2025-07-24 13:07:54.066917
2025-07-24,77929,2025072404027630,BARUN,Sweta Securities Private Limited,Secured Securities Ltd.,10,414.0,4140.0,2025-07-24 13:07:54.067008
2025-07-24,77928,2025072404027631,BARUN,Dipshikha Dhitopatra Karobar Co. Pvt Ltd.,Secured Securities Ltd.,100,413.8,41380.0,2025-07-24 13:07:54.067036
2025-07-24,77927,2025072404027632,BARUN,Sani Securities Company Ltd.,Secured Securities Ltd.,200,413.7,82740.0,2025-07-24 13:07:54.067060
2025-07-24,77926,2025072404027633,BARUN,Linch Stock Market Ltd.,Secured Securities Ltd.,171,413.7,70742.7,2025-07-24 13:07:54.067083
2025-07-24,77481,2025072404027721,BARUN,Secured Securities Ltd.,Thrive Brokerage House Pvt. Ltd,220,416.9,91718.0,2025-07-24 13:08:44.775248
2025-07-24,77065,2025072404027819,BARUN,Linch Stock Market Ltd.,Secured Securities Ltd.,800,413.7,330960.0,2025-07-24 13:09:30.168925
2025-07-24,76850,2025072404027874,BARUN,Vision Securities Pvt. Ltd,Thrive Brokerage House Pvt. Ltd,50,416.9,20845.0,2025-07-24 13:09:54.869688
2025-07-24,75205,2025072404028332,BARUN,S.P.S.A. Securities Limited,Shree Krishna Securities Ltd.,70,416.7,29169.0,2025-07-24 13:12:42.583578
2025-07-24,73183,2025072404028828,BARUN,Premier Securities Company Ltd.,Thrive Brokerage House Pvt. Ltd,200,416.6,83320.0,2025-07-24 13:16:14.595476
2025-07-24,66661,2025072404030581,BARUN,Online Securities Pvt. Ltd.,Kalika Securities Pvt. Ltd.,50,415.9,20795.0,2025-07-24 13:27:14.241387
2025-07-24,66434,2025072404030681,BARUN,Naasa Securities Co. Ltd.,Dipshikha Dhitopatra Karobar Co. Pvt Ltd.,100,415.8,41580.0,2025-07-24 13:27:30.850380
2025-07-24,66433,2025072404030682,BARUN,Naasa Securities Co. Ltd.,Kalika Securities Pvt. Ltd.,150,415.9,62385.0,2025-07-24 13:27:30.850717
2025-07-24,66432,2025072404030683,BARUN,Naasa Securities Co. Ltd.,Trishakti Securities Public Limited,11,416.0,4576.0,2025-07-24 13:27:30.850841
2025-07-24,66431,2025072404030684,BARUN,Naasa Securities Co. Ltd.,Sweta Securities Private Limited,739,416.0,307424.0,2025-07-24 13:27:30.850949
2025-07-24,66231,2025072404030742,BARUN,Online Securities Pvt. Ltd.,Sweta Securities Private Limited,50,416.0,20800.0,2025-07-24 13:27:49.202481
2025-07-24,66194,2025072404030748,BARUN,Sani Securities Company Ltd.,Sweta Securities Private Limited,240,416.0,99840.0,2025-07-24 13:27:55.003853
2025-07-24,66193,2025072404030749,BARUN,Sani Securities Company Ltd.,Investment Management Nepal Pvt. Ltd.,40,416.0,16640.0,2025-07-24 13:27:55.004130
2025-07-24,66192,2025072404030750,BARUN,Sani Securities Company Ltd.,Imperial Securities Company Pvt. Ltd.,700,416.0,291200.0,2025-07-24 13:27:55.004239
2025-07-24,66191,2025072404030751,BARUN,Sani Securities Company Ltd.,Imperial Securities Company Pvt. Ltd.,200,416.0,83200.0,2025-07-24 13:27:55.004346
2025-07-24,66190,2025072404030752,BARUN,Sani Securities Company Ltd.,Vision Securities Pvt. Ltd,320,416.0,133120.0,2025-07-24 13:27:55.004491
2025-07-24,65782,2025072404030853,BARUN,Naasa Securities Co. Ltd.,Vision Securities Pvt. Ltd,180,416.0,74880.0,2025-07-24 13:28:28.045187
2025-07-24,65781,2025072404030854,BARUN,Naasa Securities Co. Ltd.,Ashutosh Brokerage & Securities (PVT) Ltd.,320,416.0,133120.0,2025-07-24 13:28:28.045478
2025-07-24,65712,2025072404030886,BARUN,Online Securities Pvt. Ltd.,Ashutosh Brokerage & Securities (PVT) Ltd.,50,416.0,20800.0,2025-07-24 13:28:36.463637
2025-07-24,63667,2025072404031463,BARUN,Naasa Securities Co. Ltd.,Ashutosh Brokerage & Securities (PVT) Ltd.,50,416.0,20800.0,2025-07-24 13:32:08.770452
2025-07-24,63666,2025072404031464,BARUN,Naasa Securities Co. Ltd.,Naasa Securities Co. Ltd.,20,416.0,8320.0,2025-07-24 13:32:08.770755
2025-07-24,63665,2025072404031465,BARUN,Naasa Securities Co. Ltd.,Thrive Brokerage House Pvt. Ltd,30,416.6,12498.0,2025-07-24 13:32:08.770863
2025-07-24,63664,2025072404031466,BARUN,Naasa Securities Co. Ltd.,Sani Securities Company Ltd.,184,416.6,76654.4,2025-07-24 13:32:08.770962
2025-07-24,63108,2025072404031673,BARUN,Naasa Securities Co. Ltd.,Imperial Securities Company Pvt. Ltd.,220,416.5,91630.0,2025-07-24 13:33:16.426225
2025-07-24,62210,2025072404031870,BARUN,Nepal Investment And Securities Trading Private Limited,Sweta Securities Private Limited,20,415.5,8310.0,2025-07-24 13:35:06.101229
2025-07-24,62088,2025072404031908,BARUN,Linch Stock Market Ltd.,Primo Securities (PVT) Ltd.,11,416.0,4576.0,2025-07-24 13:35:19.415228
2025-07-24,61967,2025072404031945,BARUN,Online Securities Pvt. Ltd.,Imperial Securities Company Pvt. Ltd.,50,416.5,20825.0,2025-07-24 13:35:34.304621
2025-07-24,61903,2025072404031969,BARUN,Linch Stock Market Ltd.,Shree Krishna Securities Ltd.,14,416.0,5824.0,2025-07-24 13:35:42.111447
2025-07-24,61790,2025072404032005,BARUN,Sani Securities Company Ltd.,Imperial Securities Company Pvt. Ltd.,56,416.0,23296.0,2025-07-24 13:35:56.017867
2025-07-24,61529,2025072404032103,BARUN,Sani Securities Company Ltd.,Shree Krishna Securities Ltd.,200,416.0,83200.0,2025-07-24 13:36:26.837892
2025-07-24,61007,2025072404032269,BARUN,Linch Stock Market Ltd.,Opal Securities Investment (PVT) Ltd.,200,416.4,83280.0,2025-07-24 13:37:28.713284
2025-07-24,61006,2025072404032270,BARUN,Linch Stock Market Ltd.,Imperial Securities Company Pvt. Ltd.,230,416.5,95795.0,2025-07-24 13:37:28.713625
2025-07-24,61005,2025072404032271,BARUN,Linch Stock Market Ltd.,Imperial Securities Company Pvt. Ltd.,100,416.5,41650.0,2025-07-24 13:37:28.713731
2025-07-24,61004,2025072404032272,BARUN,Linch Stock Market Ltd.,Sani Securities Company Ltd.,816,416.6,339945.6,2025-07-24 13:37:28.713845
2025-07-24,61003,2025072404032273,BARUN,Linch Stock Market Ltd.,Dipshikha Dhitopatra Karobar Co. Pvt Ltd.,154,416.6,64156.4,2025-07-24 13:37:28.713969
2025-07-24,60789,2025072404032342,BARUN,Agrawal Securities (PVT) Ltd.,Pragyan Securities (PVT) Ltd.,100,416.1,41610.0,2025-07-24 13:37:51.425489
2025-07-24,60437,2025072404032446,BARUN,Sani Securities Company Ltd.,Sumeru Securities Pvt. Ltd.,744,416.0,309504.0,2025-07-24 13:38:36.851447
2025-07-24,60436,2025072404032447,BARUN,Sani Securities Company Ltd.,Sumeru Securities Pvt. Ltd.,200,416.0,83200.0,2025-07-24 13:38:36.851731
2025-07-24,60419,2025072404032450,BARUN,Dipshikha Dhitopatra Karobar Co. Pvt Ltd.,Sumeru Securities Pvt. Ltd.,96,416.0,39936.0,2025-07-24 13:38:38.937966
2025-07-24,60418,2025072404032451,BARUN,Dipshikha Dhitopatra Karobar Co. Pvt Ltd.,Imperial Securities Company Pvt. Ltd.,50,416.1,20805.0,2025-07-24 13:38:38.938032
2025-07-24,60417,2025072404032452,BARUN,Dipshikha Dhitopatra Karobar Co. Pvt Ltd.,Dipshikha Dhitopatra Karobar Co. Pvt Ltd.,146,416.6,60823.6,2025-07-24 13:38:38.938061
2025-07-24,60416,2025072404032453,BARUN,Dipshikha Dhitopatra Karobar Co. Pvt Ltd.,Siprabi Securities Pvt. Ltd.,124,417.0,51708.0,2025-07-24 13:38:38.938091
2025-07-24,60415,2025072404032454,BARUN,Dipshikha Dhitopatra Karobar Co. Pvt Ltd.,Sweta Securities Private Limited,100,417.0,41700.0,2025-07-24 13:38:38.938113
2025-07-24,60414,2025072404032455,BARUN,Dipshikha Dhitopatra Karobar Co. Pvt Ltd.,Linch Stock Market Ltd.,89,417.1,37121.9,2025-07-24 13:38:38.938135
2025-07-24,60413,2025072404032456,BARUN,Dipshikha Dhitopatra Karobar Co. Pvt Ltd.,Imperial Securities Company Pvt. Ltd.,395,417.7,164991.5,2025-07-24 13:38:38.938160
2025-07-24,59900,2025072404032644,BARUN,Nepal Investment And Securities Trading Private Limited,Agrawal Securities (PVT) Ltd.,159,415.5,66064.5,2025-07-24 13:39:35.179016
2025-07-24,59810,2025072404032674,BARUN,Kohinoor Investment & Securities Pvt. Ltd.,Naasa Securities Co. Ltd.,105,417.0,43785.0,2025-07-24 13:39:49.090965
2025-07-24,58554,2025072404032964,BARUN,Agrawal Securities (PVT) Ltd.,Asian Securities Private Ltd.,51,416.6,21246.6,2025-07-24 13:42:28.202283
2025-07-24,57835,2025072404033141,BARUN,Premier Securities Company Ltd.,Naasa Securities Co. Ltd.,45,417.0,18765.0,2025-07-24 13:44:04.864566
2025-07-24,57834,2025072404033142,BARUN,Premier Securities Company Ltd.,Imperial Securities Company Pvt. Ltd.,15,417.0,6255.0,2025-07-24 13:44:04.864876
2025-07-24,57833,2025072404033143,BARUN,Premier Securities Company Ltd.,Premier Securities Company Ltd.,40,417.0,16680.0,2025-07-24 13:44:04.864983
2025-07-24,56828,2025072404033438,BARUN,Nepal Investment And Securities Trading Private Limited,Primo Securities (PVT) Ltd.,10,415.5,4155.0,2025-07-24 13:46:26.742901
2025-07-24,55879,2025072404033669,BARUN,Naasa Securities Co. Ltd.,Aryatara Investment & Securities,10,415.6,4156.0,2025-07-24 13:48:08.667822
2025-07-24,55878,2025072404033670,BARUN,Nepal Investment And Securities Trading Private Limited,Aryatara Investment & Securities,590,415.5,245145.0,2025-07-24 13:48:08.668111
2025-07-24,54884,2025072404033958,BARUN,Nepal Investment And Securities Trading Private Limited,Primo Securities (PVT) Ltd.,12,415.5,4986.0,2025-07-24 13:50:16.069733
2025-07-24,54816,2025072404033981,BARUN,Nepal Investment And Securities Trading Private Limited,Himalayan Brokerage Company Limited,1000,415.5,415500.0,2025-07-24 13:50:26.344949
2025-07-24,54520,2025072404034057,BARUN,Nepal Investment And Securities Trading Private Limited,Aryatara Investment & Securities,196,415.5,81438.0,2025-07-24 13:51:03.693950
2025-07-24,54363,2025072404034112,BARUN,Nepal Investment And Securities Trading Private Limited,Stoxkarts Securities Limited,13,415.5,5401.5,2025-07-24 13:51:23.078437
2025-07-24,54362,2025072404034113,BARUN,Kohinoor Investment & Securities Pvt. Ltd.,Stoxkarts Securities Limited,987,415.0,409605.0,2025-07-24 13:51:23.078703
2025-07-24,54063,2025072404034180,BARUN,Kohinoor Investment & Securities Pvt. Ltd.,South Asian Bulls Pvt. Ltd.,13,415.0,5395.0,2025-07-24 13:51:54.680270
2025-07-24,54062,2025072404034181,BARUN,Online Securities Pvt. Ltd.,South Asian Bulls Pvt. Ltd.,120,415.0,49800.0,2025-07-24 13:51:54.680594
2025-07-24,54061,2025072404034182,BARUN,Premier Securities Company Ltd.,South Asian Bulls Pvt. Ltd.,100,415.0,41500.0,2025-07-24 13:51:54.680752
2025-07-24,54060,2025072404034183,BARUN,Siprabi Securities Pvt. Ltd.,South Asian Bulls Pvt. Ltd.,1000,415.0,415000.0,2025-07-24 13:51:54.680915
2025-07-24,54059,2025072404034184,BARUN,Sweta Securities Private Limited,South Asian Bulls Pvt. Ltd.,10,415.0,4150.0,2025-07-24 13:51:54.681076
2025-07-24,53642,2025072404034286,BARUN,Kohinoor Investment & Securities Pvt. Ltd.,Kohinoor Investment & Securities Pvt. Ltd.,10,414.0,4140.0,2025-07-24 13:52:54.326348
2025-07-24,53641,2025072404034287,BARUN,Premier Securities Company Ltd.,Kohinoor Investment & Securities Pvt. Ltd.,240,414.0,99360.0,2025-07-24 13:52:54.326443
2025-07-24,53489,2025072404034325,BARUN,Premier Securities Company Ltd.,Midas Stock Broking Company Private Limited,10,414.0,4140.0,2025-07-24 13:53:19.236070
2025-07-24,53488,2025072404034326,BARUN,Premier Securities Company Ltd.,Midas Stock Broking Company Private Limited,20,414.0,8280.0,2025-07-24 13:53:19.236666
2025-07-24,53487,2025072404034327,BARUN,Shree Krishna Securities Ltd.,Midas Stock Broking Company Private Limited,370,414.0,153180.0,2025-07-24 13:53:19.236975
2025-07-24,53145,2025072404034387,BARUN,Shree Krishna Securities Ltd.,Infinity Securities Limited,130,414.0,53820.0,2025-07-24 13:54:04.210612
2025-07-24,53144,2025072404034388,BARUN,Agrawal Securities (PVT) Ltd.,Infinity Securities Limited,170,414.0,70380.0,2025-07-24 13:54:04.210917
2025-07-24,52866,2025072404034441,BARUN,Midas Stock Broking Company Private Limited,South Asian Bulls Pvt. Ltd.,20,415.0,8300.0,2025-07-24 13:54:43.109702
2025-07-24,51614,2025072404034771,BARUN,Linch Stock Market Ltd.,South Asian Bulls Pvt. Ltd.,11,415.0,4565.0,2025-07-24 13:57:51.659630
2025-07-24,51200,2025072404034902,BARUN,Nagarik Stock Dealer ,Asian Securities Private Ltd.,108,414.0,44712.0,2025-07-24 13:58:53.564873
2025-07-24,51080,2025072404034937,BARUN,Sweta Securities Private Limited,Sri Hari Securities Pvt. Ltd.,10,414.0,4140.0,2025-07-24 13:59:09.087093
2025-07-24,51079,2025072404034938,BARUN,Nagarik Stock Dealer ,Sri Hari Securities Pvt. Ltd.,990,414.0,409860.0,2025-07-24 13:59:09.087407
2025-07-24,50810,2025072404034992,BARUN,Nagarik Stock Dealer ,ABC Securities Private Limited,10,414.0,4140.0,2025-07-24 13:59:42.856111
2025-07-24,50075,2025072404035191,BARUN,Sani Securities Company Ltd.,ABC Securities Private Limited,90,414.0,37260.0,2025-07-24 14:01:29.817515
2025-07-24,49135,2025072404035456,BARUN,Sani Securities Company Ltd.,South Asian Bulls Pvt. Ltd.,10,414.0,4140.0,2025-07-24 14:03:31.981413
2025-07-24,49134,2025072404035457,BARUN,Imperial Securities Company Pvt. Ltd.,South Asian Bulls Pvt. Ltd.,50,414.0,20700.0,2025-07-24 14:03:31.981936
2025-07-24,48457,2025072404035605,BARUN,K.B.L. Securities Limited ,South Asian Bulls Pvt. Ltd.,3000,414.0,1242000.0,2025-07-24 14:05:00.324001
2025-07-24,48452,2025072404035608,BARUN,Linch Stock Market Ltd.,South Asian Bulls Pvt. Ltd.,20,414.0,8280.0,2025-07-24 14:05:01.762138
2025-07-24,47905,2025072404035730,BARUN,Sewa Securities Pvt. Ltd.,Nepal Stock House (PVT) Ltd.,200,413.9,82780.0,2025-07-24 14:06:05.523672
2025-07-24,47833,2025072404035749,BARUN,K.B.L. Securities Limited ,South Asian Bulls Pvt. Ltd.,3390,414.0,1403460.0,2025-07-24 14:06:15.049661
2025-07-24,46815,2025072404036189,BARUN,Sewa Securities Pvt. Ltd.,Aryatara Investment & Securities,18,413.9,7450.2,2025-07-24 14:08:09.616553
2025-07-24,45912,2025072404036511,BARUN,Sewa Securities Pvt. Ltd.,Deevyaa Securities & Stock House Pvt. Ltd,40,414.9,16596.0,2025-07-24 14:09:50.057664
2025-07-24,45432,2025072404036616,BARUN,Sani Securities Company Ltd.,Deevyaa Securities & Stock House Pvt. Ltd,500,414.9,207450.0,2025-07-24 14:10:47.979637
2025-07-24,45300,2025072404036640,BARUN,Naasa Securities Co. Ltd.,Dipshikha Dhitopatra Karobar Co. Pvt Ltd.,300,414.0,124200.0,2025-07-24 14:11:05.915409
2025-07-24,44701,2025072404036813,BARUN,Market Securities & Exchange (PVT) Ltd.,Deevyaa Securities & Stock House Pvt. Ltd,60,414.9,24894.0,2025-07-24 14:12:17.116602
2025-07-24,44700,2025072404036814,BARUN,Market Securities & Exchange (PVT) Ltd.,Naasa Securities Co. Ltd.,80,415.0,33200.0,2025-07-24 14:12:17.116893
2025-07-24,44699,2025072404036815,BARUN,Market Securities & Exchange (PVT) Ltd.,Online Securities Pvt. Ltd.,200,415.0,83000.0,2025-07-24 14:12:17.117000
2025-07-24,44698,2025072404036816,BARUN,Market Securities & Exchange (PVT) Ltd.,Infinity Securities Limited,300,415.0,124500.0,2025-07-24 14:12:17.117120
2025-07-24,44697,2025072404036817,BARUN,Market Securities & Exchange (PVT) Ltd.,Nepal Stock House (PVT) Ltd.,23,415.0,9545.0,2025-07-24 14:12:17.117227
2025-07-24,42577,2025072404037414,BARUN,Kumari Securities Private Limited,Online Securities Pvt. Ltd.,500,416.0,208000.0,2025-07-24 14:15:38.650474
2025-07-24,42340,2025072404037497,BARUN,Sundhara Securities Limited,Online Securities Pvt. Ltd.,200,416.0,83200.0,2025-07-24 14:16:05.204381
2025-07-24,41926,2025072404037613,BARUN,Kohinoor Investment & Securities Pvt. Ltd.,Pragyan Securities (PVT) Ltd.,1,415.0,415.0,2025-07-24 14:16:32.714791
2025-07-24,41196,2025072404037853,BARUN,Sundhara Securities Limited,Online Securities Pvt. Ltd.,294,416.0,122304.0,2025-07-24 14:17:38.576221
2025-07-24,40974,2025072404037919,BARUN,Nepal Stock House (PVT) Ltd.,Imperial Securities Company Pvt. Ltd.,50,416.0,20800.0,2025-07-24 14:18:01.273559
2025-07-24,40798,2025072404037958,BARUN,Nepal Stock House (PVT) Ltd.,Thrive Brokerage House Pvt. Ltd,200,416.0,83200.0,2025-07-24 14:18:17.336216
2025-07-24,40671,2025072404038003,BARUN,Nepal Stock House (PVT) Ltd.,Vision Securities Pvt. Ltd,20,416.0,8320.0,2025-07-24 14:18:29.396871
2025-07-24,40611,2025072404038017,BARUN,Nepal Stock House (PVT) Ltd.,Premier Securities Company Ltd.,10,417.0,4170.0,2025-07-24 14:18:34.532468
2025-07-24,40610,2025072404038018,BARUN,Nepal Stock House (PVT) Ltd.,Naasa Securities Co. Ltd.,20,417.0,8340.0,2025-07-24 14:18:34.532736
2025-07-24,40609,2025072404038019,BARUN,Nepal Stock House (PVT) Ltd.,Imperial Securities Company Pvt. Ltd.,100,417.0,41700.0,2025-07-24 14:18:34.532850
2025-07-24,39570,2025072404038371,BARUN,Nepal Stock House (PVT) Ltd.,Vision Securities Pvt. Ltd,10,417.0,4170.0,2025-07-24 14:20:05.418911
2025-07-24,38725,2025072404038649,BARUN,Aryatara Investment & Securities,Imperial Securities Company Pvt. Ltd.,35,417.1,14598.5,2025-07-24 14:21:24.909066
2025-07-24,38724,2025072404038650,BARUN,Nepal Stock House (PVT) Ltd.,Imperial Securities Company Pvt. Ltd.,60,417.0,25020.0,2025-07-24 14:21:24.909352
2025-07-24,38446,2025072404038756,BARUN,Nepal Stock House (PVT) Ltd.,Prabhu Stock Market Limited,24,416.0,9984.0,2025-07-24 14:21:48.261022
2025-07-24,38169,2025072404038901,BARUN,Naasa Securities Co. Ltd.,Prabhu Stock Market Limited,130,416.0,54080.0,2025-07-24 14:22:05.510129
2025-07-24,38020,2025072404038985,BARUN,Nepal Stock House (PVT) Ltd.,Prabhu Stock Market Limited,50,416.0,20800.0,2025-07-24 14:22:14.874603
2025-07-24,37627,2025072404039154,BARUN,Linch Stock Market Ltd.,Prabhu Stock Market Limited,296,416.0,123136.0,2025-07-24 14:22:50.534591
2025-07-24,37626,2025072404039155,BARUN,Linch Stock Market Ltd.,Imperial Securities Company Pvt. Ltd.,704,417.0,293568.0,2025-07-24 14:22:50.534871
2025-07-24,37595,2025072404039167,BARUN,Pragyan Securities (PVT) Ltd.,Online Securities Pvt. Ltd.,100,415.2,41520.0,2025-07-24 14:22:53.287437
2025-07-24,37594,2025072404039168,BARUN,Vision Securities Pvt. Ltd,Online Securities Pvt. Ltd.,900,415.2,373680.0,2025-07-24 14:22:53.287972
2025-07-24,37508,2025072404039202,BARUN,Vision Securities Pvt. Ltd,Imperial Securities Company Pvt. Ltd.,1100,415.2,456720.0,2025-07-24 14:23:01.116129
2025-07-24,37507,2025072404039203,BARUN,Capital Max Securities Ltd,Imperial Securities Company Pvt. Ltd.,200,415.1,83020.0,2025-07-24 14:23:01.116434
2025-07-24,37506,2025072404039204,BARUN,Linch Stock Market Ltd.,Imperial Securities Company Pvt. Ltd.,1000,415.1,415100.0,2025-07-24 14:23:01.116546
2025-07-24,37505,2025072404039205,BARUN,Market Securities & Exchange (PVT) Ltd.,Imperial Securities Company Pvt. Ltd.,1337,415.0,554855.0,2025-07-24 14:23:01.116654
2025-07-24,37504,2025072404039206,BARUN,Bhrikuti Stock Broking Co. Pvt. Ltd.,Imperial Securities Company Pvt. Ltd.,500,415.0,207500.0,2025-07-24 14:23:01.116753
2025-07-24,37503,2025072404039207,BARUN,ABC Securities Private Limited,Imperial Securities Company Pvt. Ltd.,50,415.0,20750.0,2025-07-24 14:23:01.116852
2025-07-24,37502,2025072404039208,BARUN,Nepal Investment And Securities Trading Private Limited,Imperial Securities Company Pvt. Ltd.,25,415.0,10375.0,2025-07-24 14:23:01.116953
2025-07-24,37355,2025072404039270,BARUN,Nepal Stock House (PVT) Ltd.,Imperial Securities Company Pvt. Ltd.,788,415.0,327020.0,2025-07-24 14:23:11.868551
2025-07-24,37354,2025072404039271,BARUN,Nepal Stock House (PVT) Ltd.,Imperial Securities Company Pvt. Ltd.,201,417.0,83817.0,2025-07-24 14:23:11.869043
2025-07-24,37353,2025072404039272,BARUN,Nepal Stock House (PVT) Ltd.,Imperial Securities Company Pvt. Ltd.,11,417.0,4587.0,2025-07-24 14:23:11.869372
2025-07-24,37098,2025072404039361,BARUN,Nepal Stock House (PVT) Ltd.,Imperial Securities Company Pvt. Ltd.,39,417.0,16263.0,2025-07-24 14:23:35.394763
2025-07-24,37097,2025072404039362,BARUN,Nepal Stock House (PVT) Ltd.,Siprabi Securities Pvt. Ltd.,1,417.0,417.0,2025-07-24 14:23:35.394887
2025-07-24,36849,2025072404039453,BARUN,Nagarik Stock Dealer ,Imperial Securities Company Pvt. Ltd.,1500,415.0,622500.0,2025-07-24 14:23:57.503939
2025-07-24,35356,2025072404039832,BARUN,Imperial Securities Company Pvt. Ltd.,Vision Securities Pvt. Ltd,50,416.0,20800.0,2025-07-24 14:26:23.835690
2025-07-24,35054,2025072404039920,BARUN,Imperial Securities Company Pvt. Ltd.,Infinity Securities Limited,150,416.0,62400.0,2025-07-24 14:26:57.829915
2025-07-24,33965,2025072404040265,BARUN,Premier Securities Company Ltd.,Pragyan Securities (PVT) Ltd.,10,415.0,4150.0,2025-07-24 14:28:33.949226
2025-07-24,33016,2025072404040521,BARUN,Premier Securities Company Ltd.,Pragyan Securities (PVT) Ltd.,70,415.0,29050.0,2025-07-24 14:29:58.289326
2025-07-24,32816,2025072404040591,BARUN,Vision Securities Pvt. Ltd,Aryatara Investment & Securities,20,415.0,8300.0,2025-07-24 14:30:16.773719
2025-07-24,32369,2025072404040749,BARUN,Vision Securities Pvt. Ltd,Aryatara Investment & Securities,50,414.9,20745.0,2025-07-24 14:30:59.956684
2025-07-24,32368,2025072404040750,BARUN,Vision Securities Pvt. Ltd,Aryatara Investment & Securities,450,415.0,186750.0,2025-07-24 14:30:59.957012
2025-07-24,32169,2025072404040794,BARUN,Nagarik Stock Dealer ,Aryatara Investment & Securities,109,415.0,45235.0,2025-07-24 14:31:18.147944
2025-07-24,31265,2025072404041024,BARUN,Creative Securities Pvt Ltd,Nepal Investment And Securities Trading Private Limited,100,414.5,41450.0,2025-07-24 14:32:37.001624
2025-07-24,30935,2025072404041113,BARUN,Kalika Securities Pvt. Ltd.,Aryatara Investment & Securities,200,415.0,83000.0,2025-07-24 14:33:04.318766
2025-07-24,30762,2025072404041162,BARUN,Oxford Securities Pvt. Ltd.,Aryatara Investment & Securities,221,415.0,91715.0,2025-07-24 14:33:17.607662
2025-07-24,30761,2025072404041163,BARUN,Oxford Securities Pvt. Ltd.,Kohinoor Investment & Securities Pvt. Ltd.,25,415.0,10375.0,2025-07-24 14:33:17.607994
2025-07-24,30431,2025072404041266,BARUN,Oxford Securities Pvt. Ltd.,Pragyan Securities (PVT) Ltd.,54,415.0,22410.0,2025-07-24 14:33:46.717184
2025-07-24,29955,2025072404041446,BARUN,Sani Securities Company Ltd.,Pragyan Securities (PVT) Ltd.,46,414.5,19067.0,2025-07-24 14:34:23.651942
2025-07-24,29664,2025072404041550,BARUN,Sani Securities Company Ltd.,Trishakti Securities Public Limited,454,414.5,188183.0,2025-07-24 14:34:49.904659
2025-07-24,29268,2025072404041698,BARUN,Shree Krishna Securities Ltd.,Pragyan Securities (PVT) Ltd.,10,414.4,4144.0,2025-07-24 14:35:15.996929
2025-07-24,29267,2025072404041699,BARUN,Agrawal Securities (PVT) Ltd.,Pragyan Securities (PVT) Ltd.,500,414.4,207200.0,2025-07-24 14:35:15.997248
2025-07-24,29035,2025072404041754,BARUN,Aryatara Investment & Securities,Dipshikha Dhitopatra Karobar Co. Pvt Ltd.,900,414.3,372870.0,2025-07-24 14:35:31.876695
2025-07-24,29034,2025072404041755,BARUN,Agrawal Securities (PVT) Ltd.,Dipshikha Dhitopatra Karobar Co. Pvt Ltd.,100,414.2,41420.0,2025-07-24 14:35:31.876983
2025-07-24,28892,2025072404041821,BARUN,Agrawal Securities (PVT) Ltd.,Vision Securities Pvt. Ltd,400,414.2,165680.0,2025-07-24 14:35:44.778013
2025-07-24,28891,2025072404041822,BARUN,Naasa Securities Co. Ltd.,Vision Securities Pvt. Ltd,300,414.0,124200.0,2025-07-24 14:35:44.778304
2025-07-24,28890,2025072404041823,BARUN,Sani Securities Company Ltd.,Vision Securities Pvt. Ltd,300,414.0,124200.0,2025-07-24 14:35:44.778433
2025-07-24,28783,2025072404041856,BARUN,Sani Securities Company Ltd.,Ashutosh Brokerage & Securities (PVT) Ltd.,100,414.0,41400.0,2025-07-24 14:35:53.292782
2025-07-24,28782,2025072404041857,BARUN,Trisul Securities & Invt. Ltd.,Ashutosh Brokerage & Securities (PVT) Ltd.,220,414.0,91080.0,2025-07-24 14:35:53.293067
2025-07-24,28781,2025072404041858,BARUN,Kohinoor Investment & Securities Pvt. Ltd.,Ashutosh Brokerage & Securities (PVT) Ltd.,100,414.0,41400.0,2025-07-24 14:35:53.293187
2025-07-24,28780,2025072404041859,BARUN,KALASH STOCK MARKET PVT. LTD.,Ashutosh Brokerage & Securities (PVT) Ltd.,100,414.0,41400.0,2025-07-24 14:35:53.293362
2025-07-24,28779,2025072404041860,BARUN,Oxford Securities Pvt. Ltd.,Ashutosh Brokerage & Securities (PVT) Ltd.,32,414.0,13248.0,2025-07-24 14:35:53.293536
2025-07-24,28242,2025072404042024,BARUN,Sewa Securities Pvt. Ltd.,J.F. Securites (PVT) Ltd.,32,413.9,13244.8,2025-07-24 14:36:33.031128
2025-07-24,28241,2025072404042025,BARUN,Shree Krishna Securities Ltd.,J.F. Securites (PVT) Ltd.,25,413.2,10330.0,2025-07-24 14:36:33.031466
2025-07-24,28240,2025072404042026,BARUN,Dynamic Money Managers Securities Pvt. Ltd.,J.F. Securites (PVT) Ltd.,500,413.1,206550.0,2025-07-24 14:36:33.031586
2025-07-24,28239,2025072404042027,BARUN,Kohinoor Investment & Securities Pvt. Ltd.,J.F. Securites (PVT) Ltd.,200,413.0,82600.0,2025-07-24 14:36:33.031697
2025-07-24,28238,2025072404042028,BARUN,Siprabi Securities Pvt. Ltd.,J.F. Securites (PVT) Ltd.,241,413.0,99533.0,2025-07-24 14:36:33.031815
2025-07-24,28237,2025072404042029,BARUN,Aryatara Investment & Securities,J.F. Securites (PVT) Ltd.,200,413.0,82600.0,2025-07-24 14:36:33.031924
2025-07-24,28236,2025072404042030,BARUN,Sani Securities Company Ltd.,J.F. Securites (PVT) Ltd.,500,413.0,206500.0,2025-07-24 14:36:33.032030
2025-07-24,28235,2025072404042031,BARUN,Sani Securities Company Ltd.,J.F. Securites (PVT) Ltd.,200,413.0,82600.0,2025-07-24 14:36:33.032153
2025-07-24,28234,2025072404042032,BARUN,Agrawal Securities (PVT) Ltd.,J.F. Securites (PVT) Ltd.,49,413.0,20237.0,2025-07-24 14:36:33.032270
2025-07-24,28233,2025072404042033,BARUN,Kohinoor Investment & Securities Pvt. Ltd.,J.F. Securites (PVT) Ltd.,53,413.0,21889.0,2025-07-24 14:36:33.032385
2025-07-24,28208,2025072404042036,BARUN,Kohinoor Investment & Securities Pvt. Ltd.,Dipshikha Dhitopatra Karobar Co. Pvt Ltd.,47,413.0,19411.0,2025-07-24 14:36:35.718713
2025-07-24,28207,2025072404042037,BARUN,Online Securities Pvt. Ltd.,Dipshikha Dhitopatra Karobar Co. Pvt Ltd.,88,413.0,36344.0,2025-07-24 14:36:35.719050
2025-07-24,28206,2025072404042038,BARUN,Naasa Securities Co. Ltd.,Dipshikha Dhitopatra Karobar Co. Pvt Ltd.,200,413.0,82600.0,2025-07-24 14:36:35.719158
2025-07-24,27933,2025072404042113,BARUN,Sewa Securities Pvt. Ltd.,Vision Securities Pvt. Ltd,50,412.9,20645.0,2025-07-24 14:36:57.442384
2025-07-24,27932,2025072404042114,BARUN,Sweta Securities Private Limited,Vision Securities Pvt. Ltd,50,412.0,20600.0,2025-07-24 14:36:57.442697
2025-07-24,27931,2025072404042115,BARUN,Sani Securities Company Ltd.,Vision Securities Pvt. Ltd,100,412.0,41200.0,2025-07-24 14:36:57.442803
2025-07-24,27792,2025072404042164,BARUN,Sani Securities Company Ltd.,Ashutosh Brokerage & Securities (PVT) Ltd.,400,412.0,164800.0,2025-07-24 14:37:06.213959
2025-07-24,27791,2025072404042165,BARUN,Sani Securities Company Ltd.,Ashutosh Brokerage & Securities (PVT) Ltd.,500,412.0,206000.0,2025-07-24 14:37:06.214524
2025-07-24,27790,2025072404042166,BARUN,Vision Securities Pvt. Ltd,Ashutosh Brokerage & Securities (PVT) Ltd.,10,412.0,4120.0,2025-07-24 14:37:06.214862
2025-07-24,27789,2025072404042167,BARUN,Sri Hari Securities Pvt. Ltd.,Ashutosh Brokerage & Securities (PVT) Ltd.,500,412.0,206000.0,2025-07-24 14:37:06.215187
2025-07-24,27788,2025072404042168,BARUN,Dipshikha Dhitopatra Karobar Co. Pvt Ltd.,Ashutosh Brokerage & Securities (PVT) Ltd.,12,412.0,4944.0,2025-07-24 14:37:06.215515
2025-07-24,27787,2025072404042169,BARUN,ABC Securities Private Limited,Ashutosh Brokerage & Securities (PVT) Ltd.,50,412.0,20600.0,2025-07-24 14:37:06.215832
2025-07-24,27786,2025072404042170,BARUN,Kohinoor Investment & Securities Pvt. Ltd.,Ashutosh Brokerage & Securities (PVT) Ltd.,100,412.0,41200.0,2025-07-24 14:37:06.216261
2025-07-24,27785,2025072404042171,BARUN,Sumeru Securities Pvt. Ltd.,Ashutosh Brokerage & Securities (PVT) Ltd.,100,412.0,41200.0,2025-07-24 14:37:06.216715
2025-07-24,27784,2025072404042172,BARUN,Neev Securities Pvt. Ltd.,Ashutosh Brokerage & Securities (PVT) Ltd.,100,412.0,41200.0,2025-07-24 14:37:06.217104
2025-07-24,26967,2025072404042428,BARUN,Sweta Securities Private Limited,Dipshikha Dhitopatra Karobar Co. Pvt Ltd.,200,411.9,82380.0,2025-07-24 14:38:09.561794
2025-07-24,26966,2025072404042429,BARUN,Nepal Investment And Securities Trading Private Limited,Dipshikha Dhitopatra Karobar Co. Pvt Ltd.,300,411.9,123570.0,2025-07-24 14:38:09.562109
2025-07-24,26965,2025072404042430,BARUN,Sani Securities Company Ltd.,Dipshikha Dhitopatra Karobar Co. Pvt Ltd.,165,411.4,67881.0,2025-07-24 14:38:09.562304
2025-07-24,26959,2025072404042434,BARUN,Naasa Securities Co. Ltd.,Linch Stock Market Ltd.,30,412.0,12360.0,2025-07-24 14:38:10.307800
2025-07-24,26194,2025072404042715,BARUN,Aakashbhairab Securities Ltd.,Naasa Securities Co. Ltd.,700,413.0,289100.0,2025-07-24 14:39:07.556041
2025-07-24,26192,2025072404042716,BARUN,Kalika Securities Pvt. Ltd.,Trishakti Securities Public Limited,500,412.0,206000.0,2025-07-24 14:39:07.638813
2025-07-24,26191,2025072404042717,BARUN,Sani Securities Company Ltd.,Trishakti Securities Public Limited,46,412.0,18952.0,2025-07-24 14:39:07.639417
2025-07-24,25896,2025072404042811,BARUN,Imperial Securities Company Pvt. Ltd.,Thrive Brokerage House Pvt. Ltd,500,411.5,205750.0,2025-07-24 14:39:28.376388
2025-07-24,25895,2025072404042812,BARUN,Sani Securities Company Ltd.,Thrive Brokerage House Pvt. Ltd,435,411.4,178959.0,2025-07-24 14:39:28.376431
2025-07-24,25894,2025072404042813,BARUN,K.B.L. Securities Limited ,Thrive Brokerage House Pvt. Ltd,1000,411.1,411100.0,2025-07-24 14:39:28.376459
2025-07-24,25893,2025072404042814,BARUN,Sani Securities Company Ltd.,Thrive Brokerage House Pvt. Ltd,65,411.0,26715.0,2025-07-24 14:39:28.376487
2025-07-24,25861,2025072404042822,BARUN,Sani Securities Company Ltd.,Dipshikha Dhitopatra Karobar Co. Pvt Ltd.,35,411.0,14385.0,2025-07-24 14:39:32.727876
2025-07-24,25860,2025072404042823,BARUN,Global IME Securities Limited,Dipshikha Dhitopatra Karobar Co. Pvt Ltd.,10,411.0,4110.0,2025-07-24 14:39:32.727975
2025-07-24,25859,2025072404042824,BARUN,Sweta Securities Private Limited,Dipshikha Dhitopatra Karobar Co. Pvt Ltd.,100,411.0,41100.0,2025-07-24 14:39:32.728051
2025-07-24,25858,2025072404042825,BARUN,Aryatara Investment & Securities,Dipshikha Dhitopatra Karobar Co. Pvt Ltd.,200,411.0,82200.0,2025-07-24 14:39:32.728147
2025-07-24,25857,2025072404042826,BARUN,KALASH STOCK MARKET PVT. LTD.,Dipshikha Dhitopatra Karobar Co. Pvt Ltd.,100,411.0,41100.0,2025-07-24 14:39:32.728252
2025-07-24,25856,2025072404042827,BARUN,Creative Securities Pvt Ltd,Dipshikha Dhitopatra Karobar Co. Pvt Ltd.,500,410.7,205350.0,2025-07-24 14:39:32.728398
2025-07-24,25855,2025072404042828,BARUN,Dipshikha Dhitopatra Karobar Co. Pvt Ltd.,Dipshikha Dhitopatra Karobar Co. Pvt Ltd.,40,410.7,16428.0,2025-07-24 14:39:32.728514
2025-07-24,25854,2025072404042829,BARUN,NIMB Stock Markets Limited,Dipshikha Dhitopatra Karobar Co. Pvt Ltd.,15,410.7,6160.5,2025-07-24 14:39:32.728614
2025-07-24,25633,2025072404042888,BARUN,Nagarik Stock Dealer ,Imperial Securities Company Pvt. Ltd.,500,412.0,206000.0,2025-07-24 14:39:55.209859
2025-07-24,25429,2025072404042966,BARUN,Nagarik Stock Dealer ,Thrive Brokerage House Pvt. Ltd,500,412.0,206000.0,2025-07-24 14:40:12.585142
2025-07-24,24472,2025072404043261,BARUN,Sani Securities Company Ltd.,Midas Stock Broking Company Private Limited,10,411.0,4110.0,2025-07-24 14:41:28.513124
2025-07-24,24471,2025072404043262,BARUN,NIMB Stock Markets Limited,Midas Stock Broking Company Private Limited,10,410.7,4107.0,2025-07-24 14:41:28.513402
2025-07-24,23170,2025072404043641,BARUN,Oxford Securities Pvt. Ltd.,Dipshikha Dhitopatra Karobar Co. Pvt Ltd.,150,411.0,61650.0,2025-07-24 14:43:08.100359
2025-07-24,22963,2025072404043705,BARUN,Siprabi Securities Pvt. Ltd.,Dipshikha Dhitopatra Karobar Co. Pvt Ltd.,100,412.0,41200.0,2025-07-24 14:43:21.364118
2025-07-24,22703,2025072404043801,BARUN,Nagarik Stock Dealer ,Dipshikha Dhitopatra Karobar Co. Pvt Ltd.,220,412.0,90640.0,2025-07-24 14:43:38.382696
2025-07-24,22553,2025072404043856,BARUN,Dipshikha Dhitopatra Karobar Co. Pvt Ltd.,Dipshikha Dhitopatra Karobar Co. Pvt Ltd.,20,412.0,8240.0,2025-07-24 14:43:46.074895
2025-07-24,22438,2025072404043903,BARUN,Sani Securities Company Ltd.,Kumari Securities Private Limited,10,411.2,4112.0,2025-07-24 14:43:53.365329
2025-07-24,22437,2025072404043904,BARUN,Premier Securities Company Ltd.,Kumari Securities Private Limited,100,411.1,41110.0,2025-07-24 14:43:53.365361
2025-07-24,22436,2025072404043905,BARUN,Oxford Securities Pvt. Ltd.,Kumari Securities Private Limited,670,411.0,275370.0,2025-07-24 14:43:53.365386
2025-07-24,22435,2025072404043906,BARUN,Ashutosh Brokerage & Securities (PVT) Ltd.,Kumari Securities Private Limited,220,411.0,90420.0,2025-07-24 14:43:53.365407
2025-07-24,22360,2025072404043933,BARUN,Vision Securities Pvt. Ltd,Dipshikha Dhitopatra Karobar Co. Pvt Ltd.,48,412.0,19776.0,2025-07-24 14:44:01.163804
2025-07-24,22145,2025072404044003,BARUN,Ashutosh Brokerage & Securities (PVT) Ltd.,Vision Securities Pvt. Ltd,780,411.0,320580.0,2025-07-24 14:44:16.437178
2025-07-24,22085,2025072404044035,BARUN,Siprabi Securities Pvt. Ltd.,Vision Securities Pvt. Ltd,25,411.0,10275.0,2025-07-24 14:44:20.212124
2025-07-24,21596,2025072404044161,BARUN,Naasa Securities Co. Ltd.,Vision Securities Pvt. Ltd,10,411.0,4110.0,2025-07-24 14:44:50.572209
2025-07-24,21546,2025072404044178,BARUN,Sani Securities Company Ltd.,Vision Securities Pvt. Ltd,185,411.0,76035.0,2025-07-24 14:44:55.527914
2025-07-24,21325,2025072404044253,BARUN,Naasa Securities Co. Ltd.,Dipshikha Dhitopatra Karobar Co. Pvt Ltd.,112,412.0,46144.0,2025-07-24 14:45:07.584376
2025-07-24,21324,2025072404044254,BARUN,Naasa Securities Co. Ltd.,Imperial Securities Company Pvt. Ltd.,88,412.0,36256.0,2025-07-24 14:45:07.584679
2025-07-24,20738,2025072404044457,BARUN,Sewa Securities Pvt. Ltd.,Imperial Securities Company Pvt. Ltd.,10,412.0,4120.0,2025-07-24 14:45:48.136791
2025-07-24,20475,2025072404044586,BARUN,Sani Securities Company Ltd.,Imperial Securities Company Pvt. Ltd.,402,412.0,165624.0,2025-07-24 14:46:06.350084
2025-07-24,20261,2025072404044677,BARUN,Sani Securities Company Ltd.,Kumari Securities Private Limited,298,412.0,122776.0,2025-07-24 14:46:19.476791
2025-07-24,19930,2025072404044837,BARUN,Pragyan Securities (PVT) Ltd.,Kumari Securities Private Limited,102,412.0,42024.0,2025-07-24 14:46:41.307093
2025-07-24,19866,2025072404044852,BARUN,Ashutosh Brokerage & Securities (PVT) Ltd.,Naasa Securities Co. Ltd.,300,413.0,123900.0,2025-07-24 14:46:46.136831
2025-07-24,19865,2025072404044853,BARUN,Ashutosh Brokerage & Securities (PVT) Ltd.,Kumari Securities Private Limited,1000,413.0,413000.0,2025-07-24 14:46:46.137159
2025-07-24,19864,2025072404044854,BARUN,Ashutosh Brokerage & Securities (PVT) Ltd.,Nabil Stock Dealer Ltd.,900,413.0,371700.0,2025-07-24 14:46:46.137277
2025-07-24,19863,2025072404044855,BARUN,Ashutosh Brokerage & Securities (PVT) Ltd.,Aryatara Investment & Securities,105,413.0,43365.0,2025-07-24 14:46:46.137392
2025-07-24,19379,2025072404045054,BARUN,Vision Securities Pvt. Ltd,Nepal Investment And Securities Trading Private Limited,600,414.0,248400.0,2025-07-24 14:47:19.334881
2025-07-24,18452,2025072404045353,BARUN,Bhrikuti Stock Broking Co. Pvt. Ltd.,Agrawal Securities (PVT) Ltd.,20,414.4,8288.0,2025-07-24 14:48:15.481585
2025-07-24,18451,2025072404045354,BARUN,Bhrikuti Stock Broking Co. Pvt. Ltd.,Imperial Securities Company Pvt. Ltd.,100,415.0,41500.0,2025-07-24 14:48:15.481979
2025-07-24,18450,2025072404045355,BARUN,Bhrikuti Stock Broking Co. Pvt. Ltd.,Aryatara Investment & Securities,280,415.0,116200.0,2025-07-24 14:48:15.482218
2025-07-24,16963,2025072404045910,BARUN,Sani Securities Company Ltd.,Deevyaa Securities & Stock House Pvt. Ltd,10,413.3,4133.0,2025-07-24 14:49:45.165223
2025-07-24,16962,2025072404045911,BARUN,Dipshikha Dhitopatra Karobar Co. Pvt Ltd.,Deevyaa Securities & Stock House Pvt. Ltd,100,413.1,41310.0,2025-07-24 14:49:45.165529
2025-07-24,16961,2025072404045912,BARUN,Agrawal Securities (PVT) Ltd.,Deevyaa Securities & Stock House Pvt. Ltd,65,413.1,26851.5,2025-07-24 14:49:45.165736
2025-07-24,16428,2025072404046114,BARUN,Agrawal Securities (PVT) Ltd.,KALASH STOCK MARKET PVT. LTD.,435,413.1,179698.5,2025-07-24 14:50:13.352984
2025-07-24,16427,2025072404046115,BARUN,J.F. Securites (PVT) Ltd.,KALASH STOCK MARKET PVT. LTD.,100,413.1,41310.0,2025-07-24 14:50:13.353051
2025-07-24,16426,2025072404046116,BARUN,Ashutosh Brokerage & Securities (PVT) Ltd.,KALASH STOCK MARKET PVT. LTD.,465,413.0,192045.0,2025-07-24 14:50:13.353082
2025-07-24,15923,2025072404046320,BARUN,Aryatara Investment & Securities,Pragyan Securities (PVT) Ltd.,283,413.2,116935.6,2025-07-24 14:50:37.920124
2025-07-24,15916,2025072404046323,BARUN,Aryatara Investment & Securities,Premier Securities Company Ltd.,517,413.2,213624.4,2025-07-24 14:50:38.830112
2025-07-24,15853,2025072404046351,BARUN,Trisul Securities & Invt. Ltd.,Premier Securities Company Ltd.,83,413.2,34295.6,2025-07-24 14:50:44.107081
2025-07-24,15026,2025072404046607,BARUN,Shree Krishna Securities Ltd.,Nagarik Stock Dealer ,10,413.1,4131.0,2025-07-24 14:51:29.829733
2025-07-24,15025,2025072404046608,BARUN,Ashutosh Brokerage & Securities (PVT) Ltd.,Nagarik Stock Dealer ,530,413.0,218890.0,2025-07-24 14:51:29.829781
2025-07-24,15011,2025072404046616,BARUN,Naasa Securities Co. Ltd.,Imperial Securities Company Pvt. Ltd.,50,414.0,20700.0,2025-07-24 14:51:30.804137
2025-07-24,14805,2025072404046677,BARUN,Ashutosh Brokerage & Securities (PVT) Ltd.,Online Securities Pvt. Ltd.,1700,413.0,702100.0,2025-07-24 14:51:41.315001
2025-07-24,14804,2025072404046678,BARUN,Sewa Securities Pvt. Ltd.,Online Securities Pvt. Ltd.,50,413.0,20650.0,2025-07-24 14:51:41.315044
2025-07-24,14803,2025072404046679,BARUN,Oxford Securities Pvt. Ltd.,Online Securities Pvt. Ltd.,14,413.0,5782.0,2025-07-24 14:51:41.315070
2025-07-24,14802,2025072404046680,BARUN,Global IME Securities Limited,Online Securities Pvt. Ltd.,60,413.0,24780.0,2025-07-24 14:51:41.315110
2025-07-24,14801,2025072404046681,BARUN,Pragyan Securities (PVT) Ltd.,Online Securities Pvt. Ltd.,98,412.0,40376.0,2025-07-24 14:51:41.315141
2025-07-24,14800,2025072404046682,BARUN,Primo Securities (PVT) Ltd.,Online Securities Pvt. Ltd.,78,412.0,32136.0,2025-07-24 14:51:41.315168
2025-07-24,14526,2025072404046796,BARUN,Kohinoor Investment & Securities Pvt. Ltd.,Imperial Securities Company Pvt. Ltd.,400,414.0,165600.0,2025-07-24 14:51:56.044658
2025-07-24,13935,2025072404046956,BARUN,Sundhara Securities Limited,Imperial Securities Company Pvt. Ltd.,100,413.0,41300.0,2025-07-24 14:52:23.101774
2025-07-24,13934,2025072404046957,BARUN,Primo Securities (PVT) Ltd.,Imperial Securities Company Pvt. Ltd.,50,412.0,20600.0,2025-07-24 14:52:23.102121
2025-07-24,13653,2025072404047103,BARUN,Capital Max Securities Ltd,Deevyaa Securities & Stock House Pvt. Ltd,10,414.0,4140.0,2025-07-24 14:52:35.385500
2025-07-24,13459,2025072404047174,BARUN,Property Wiard Limited,Deevyaa Securities & Stock House Pvt. Ltd,760,414.0,314640.0,2025-07-24 14:52:45.147765
2025-07-24,13458,2025072404047175,BARUN,Property Wiard Limited,Dipshikha Dhitopatra Karobar Co. Pvt Ltd.,140,414.0,57960.0,2025-07-24 14:52:45.148471
2025-07-24,13382,2025072404047199,BARUN,Sani Securities Company Ltd.,Aryatara Investment & Securities,990,413.0,408870.0,2025-07-24 14:52:49.935972
2025-07-24,13381,2025072404047200,BARUN,Primo Securities (PVT) Ltd.,Aryatara Investment & Securities,372,412.0,153264.0,2025-07-24 14:52:49.936018
2025-07-24,13380,2025072404047201,BARUN,Deevyaa Securities & Stock House Pvt. Ltd,Aryatara Investment & Securities,38,412.0,15656.0,2025-07-24 14:52:49.936055
2025-07-24,12781,2025072404047378,BARUN,Secured Securities Ltd.,Asian Securities Private Ltd.,500,413.0,206500.0,2025-07-24 14:53:23.343967
2025-07-24,12411,2025072404047496,BARUN,Vision Securities Pvt. Ltd,Asian Securities Private Ltd.,200,413.0,82600.0,2025-07-24 14:53:41.690518
2025-07-24,12124,2025072404047595,BARUN,Capital Hub P. Ltd,Dipshikha Dhitopatra Karobar Co. Pvt Ltd.,300,412.1,123630.0,2025-07-24 14:53:54.614874
2025-07-24,12123,2025072404047596,BARUN,Deevyaa Securities & Stock House Pvt. Ltd,Dipshikha Dhitopatra Karobar Co. Pvt Ltd.,12,412.0,4944.0,2025-07-24 14:53:54.615144
2025-07-24,12122,2025072404047597,BARUN,Agrawal Securities (PVT) Ltd.,Dipshikha Dhitopatra Karobar Co. Pvt Ltd.,500,412.0,206000.0,2025-07-24 14:53:54.615250
2025-07-24,12121,2025072404047598,BARUN,Vision Securities Pvt. Ltd,Dipshikha Dhitopatra Karobar Co. Pvt Ltd.,48,412.0,19776.0,2025-07-24 14:53:54.615369
2025-07-24,11979,2025072404047653,BARUN,Vision Securities Pvt. Ltd,Trisul Securities & Invt. Ltd.,252,412.0,103824.0,2025-07-24 14:54:01.902144
2025-07-24,11978,2025072404047654,BARUN,Siprabi Securities Pvt. Ltd.,Trisul Securities & Invt. Ltd.,63,412.0,25956.0,2025-07-24 14:54:01.902450
2025-07-24,11417,2025072404047842,BARUN,Ashutosh Brokerage & Securities (PVT) Ltd.,Thrive Brokerage House Pvt. Ltd,500,413.0,206500.0,2025-07-24 14:54:29.608502
2025-07-24,11237,2025072404047890,BARUN,Secured Securities Ltd.,Ashutosh Brokerage & Securities (PVT) Ltd.,100,414.5,41450.0,2025-07-24 14:54:38.282240
2025-07-24,10284,2025072404048159,BARUN,Shree Krishna Securities Ltd.,Property Wiard Limited,25,413.0,10325.0,2025-07-24 14:55:16.508484
2025-07-24,9160,2025072404048594,BARUN,Shree Krishna Securities Ltd.,Dynamic Money Managers Securities Pvt. Ltd.,60,413.0,24780.0,2025-07-24 14:55:59.237716
2025-07-24,9159,2025072404048595,BARUN,Sani Securities Company Ltd.,Dynamic Money Managers Securities Pvt. Ltd.,20,413.0,8260.0,2025-07-24 14:55:59.238045
2025-07-24,9158,2025072404048596,BARUN,Aryatara Investment & Securities,Dynamic Money Managers Securities Pvt. Ltd.,100,412.5,41250.0,2025-07-24 14:55:59.238171
2025-07-24,9157,2025072404048597,BARUN,K.B.L. Securities Limited ,Dynamic Money Managers Securities Pvt. Ltd.,800,412.3,329840.0,2025-07-24 14:55:59.238286
2025-07-24,9156,2025072404048598,BARUN,Agrawal Securities (PVT) Ltd.,Dynamic Money Managers Securities Pvt. Ltd.,500,412.3,206150.0,2025-07-24 14:55:59.238405
2025-07-24,9155,2025072404048599,BARUN,Cristal Kanchanjanga Securites Pvt. Ltd.,Dynamic Money Managers Securities Pvt. Ltd.,520,412.2,214344.0,2025-07-24 14:55:59.238519
2025-07-24,8596,2025072404048749,BARUN,Sani Securities Company Ltd.,Thrive Brokerage House Pvt. Ltd,500,413.0,206500.0,2025-07-24 14:56:21.610622
2025-07-24,8482,2025072404048787,BARUN,Trisul Securities & Invt. Ltd.,Swarna Laxmi Securities Pvt. Ltd.,10,414.0,4140.0,2025-07-24 14:56:27.537888
2025-07-24,8142,2025072404048891,BARUN,Cristal Kanchanjanga Securites Pvt. Ltd.,APPLE SECURITIES PRIVATE LIMITED,266,412.2,109645.2,2025-07-24 14:56:40.614954
2025-07-24,8141,2025072404048892,BARUN,Primo Securities (PVT) Ltd.,APPLE SECURITIES PRIVATE LIMITED,500,412.2,206100.0,2025-07-24 14:56:40.615273
2025-07-24,8140,2025072404048893,BARUN,Agrawal Securities (PVT) Ltd.,APPLE SECURITIES PRIVATE LIMITED,60,412.1,24726.0,2025-07-24 14:56:40.615407
2025-07-24,8139,2025072404048894,BARUN,Agrawal Securities (PVT) Ltd.,APPLE SECURITIES PRIVATE LIMITED,1000,412.1,412100.0,2025-07-24 14:56:40.615578
2025-07-24,8138,2025072404048895,BARUN,Siprabi Securities Pvt. Ltd.,APPLE SECURITIES PRIVATE LIMITED,239,412.0,98468.0,2025-07-24 14:56:40.615763
2025-07-24,8137,2025072404048896,BARUN,Dipshikha Dhitopatra Karobar Co. Pvt Ltd.,APPLE SECURITIES PRIVATE LIMITED,10,412.0,4120.0,2025-07-24 14:56:40.615952
2025-07-24,8136,2025072404048897,BARUN,Naasa Securities Co. Ltd.,APPLE SECURITIES PRIVATE LIMITED,130,412.0,53560.0,2025-07-24 14:56:40.616120
2025-07-24,8135,2025072404048898,BARUN,Vision Securities Pvt. Ltd,APPLE SECURITIES PRIVATE LIMITED,200,412.0,82400.0,2025-07-24 14:56:40.616318
2025-07-24,8134,2025072404048899,BARUN,Aryatara Investment & Securities,APPLE SECURITIES PRIVATE LIMITED,120,412.0,49440.0,2025-07-24 14:56:40.616458
2025-07-24,8133,2025072404048900,BARUN,Sharepro Securities Private Limited,APPLE SECURITIES PRIVATE LIMITED,89,412.0,36668.0,2025-07-24 14:56:40.616601
2025-07-24,8132,2025072404048901,BARUN,Dipshikha Dhitopatra Karobar Co. Pvt Ltd.,APPLE SECURITIES PRIVATE LIMITED,886,412.0,365032.0,2025-07-24 14:56:40.616742
2025-07-24,7931,2025072404048959,BARUN,Sani Securities Company Ltd.,Trademow Securities Private Limited,150,413.0,61950.0,2025-07-24 14:56:46.534864
2025-07-24,7510,2025072404049092,BARUN,Sani Securities Company Ltd.,Imperial Securities Company Pvt. Ltd.,100,413.0,41300.0,2025-07-24 14:57:00.970750
2025-07-24,6956,2025072404049308,BARUN,Sani Securities Company Ltd.,Vision Securities Pvt. Ltd,100,413.0,41300.0,2025-07-24 14:57:19.289497
2025-07-24,6916,2025072404049320,BARUN,Sani Securities Company Ltd.,Thrive Brokerage House Pvt. Ltd,150,413.0,61950.0,2025-07-24 14:57:20.392859
2025-07-24,6915,2025072404049321,BARUN,Trishakti Securities Public Limited,Thrive Brokerage House Pvt. Ltd,200,413.0,82600.0,2025-07-24 14:57:20.392918
2025-07-24,6914,2025072404049322,BARUN,Sani Securities Company Ltd.,Thrive Brokerage House Pvt. Ltd,100,413.0,41300.0,2025-07-24 14:57:20.392944
2025-07-24,6913,2025072404049323,BARUN,Malla & Malla Stock Broking Company Pvt. Limited,Thrive Brokerage House Pvt. Ltd,195,413.0,80535.0,2025-07-24 14:57:20.392969
2025-07-24,6912,2025072404049324,BARUN,Sani Securities Company Ltd.,Thrive Brokerage House Pvt. Ltd,100,413.0,41300.0,2025-07-24 14:57:20.392994
2025-07-24,6911,2025072404049325,BARUN,Sri Hari Securities Pvt. Ltd.,Thrive Brokerage House Pvt. Ltd,240,412.5,99000.0,2025-07-24 14:57:20.393048
2025-07-24,6910,2025072404049326,BARUN,Hatemalo Financial Services Private Limited,Thrive Brokerage House Pvt. Ltd,50,412.3,20615.0,2025-07-24 14:57:20.393099
2025-07-24,6909,2025072404049327,BARUN,Agrawal Securities (PVT) Ltd.,Thrive Brokerage House Pvt. Ltd,765,412.3,315409.5,2025-07-24 14:57:20.393137
2025-07-24,6793,2025072404049380,BARUN,Siprabi Securities Pvt. Ltd.,Trishakti Securities Public Limited,21,413.0,8673.0,2025-07-24 14:57:24.737380
2025-07-24,6671,2025072404049406,BARUN,Siprabi Securities Pvt. Ltd.,Market Securities & Exchange (PVT) Ltd.,29,413.0,11977.0,2025-07-24 14:57:27.103298
2025-07-24,6127,2025072404049625,BARUN,Trishakti Securities Public Limited,Market Securities & Exchange (PVT) Ltd.,15,413.0,6195.0,2025-07-24 14:57:46.599152
2025-07-24,5845,2025072404049721,BARUN,Agrawal Securities (PVT) Ltd.,Ashutosh Brokerage & Securities (PVT) Ltd.,235,412.3,96890.5,2025-07-24 14:57:57.667166
2025-07-24,5844,2025072404049722,BARUN,Oxford Securities Pvt. Ltd.,Ashutosh Brokerage & Securities (PVT) Ltd.,1000,412.3,412300.0,2025-07-24 14:57:57.667465
2025-07-24,5843,2025072404049723,BARUN,Trisul Securities & Invt. Ltd.,Ashutosh Brokerage & Securities (PVT) Ltd.,200,412.2,82440.0,2025-07-24 14:57:57.667584
2025-07-24,5842,2025072404049724,BARUN,Dipshikha Dhitopatra Karobar Co. Pvt Ltd.,Ashutosh Brokerage & Securities (PVT) Ltd.,114,412.0,46968.0,2025-07-24 14:57:57.667697
2025-07-24,5841,2025072404049725,BARUN,SUN SECURITIES PVT LTD,Ashutosh Brokerage & Securities (PVT) Ltd.,300,412.0,123600.0,2025-07-24 14:57:57.667821
2025-07-24,5840,2025072404049726,BARUN,Linch Stock Market Ltd.,Ashutosh Brokerage & Securities (PVT) Ltd.,100,412.0,41200.0,2025-07-24 14:57:57.667937
2025-07-24,5773,2025072404049755,BARUN,Sewa Securities Pvt. Ltd.,Ashutosh Brokerage & Securities (PVT) Ltd.,200,412.0,82400.0,2025-07-24 14:57:59.928828
2025-07-24,5599,2025072404049832,BARUN,Sani Securities Company Ltd.,Ashutosh Brokerage & Securities (PVT) Ltd.,30,412.0,12360.0,2025-07-24 14:58:06.530721
2025-07-24,5555,2025072404049851,BARUN,Sani Securities Company Ltd.,Ashutosh Brokerage & Securities (PVT) Ltd.,385,412.0,158620.0,2025-07-24 14:58:08.344561
2025-07-24,5225,2025072404049945,BARUN,Linch Stock Market Ltd.,Ashutosh Brokerage & Securities (PVT) Ltd.,312,412.0,128544.0,2025-07-24 14:58:17.177053
2025-07-24,5224,2025072404049946,BARUN,Linch Stock Market Ltd.,Market Securities & Exchange (PVT) Ltd.,56,413.0,23128.0,2025-07-24 14:58:17.177376
2025-07-24,5223,2025072404049947,BARUN,Linch Stock Market Ltd.,Imperial Securities Company Pvt. Ltd.,300,413.0,123900.0,2025-07-24 14:58:17.177499
2025-07-24,5222,2025072404049948,BARUN,Linch Stock Market Ltd.,Agrawal Securities (PVT) Ltd.,1290,413.9,533931.0,2025-07-24 14:58:17.177614
2025-07-24,5221,2025072404049949,BARUN,Linch Stock Market Ltd.,Swarna Laxmi Securities Pvt. Ltd.,42,414.0,17388.0,2025-07-24 14:58:17.177763
2025-07-24,4920,2025072404050053,BARUN,Nagarik Stock Dealer ,Swarna Laxmi Securities Pvt. Ltd.,248,414.0,102672.0,2025-07-24 14:58:27.856380
2025-07-24,4919,2025072404050054,BARUN,Nagarik Stock Dealer ,Imperial Securities Company Pvt. Ltd.,20,414.0,8280.0,2025-07-24 14:58:27.856873
2025-07-24,4918,2025072404050055,BARUN,Nagarik Stock Dealer ,ABC Securities Private Limited,210,414.0,86940.0,2025-07-24 14:58:27.857196
2025-07-24,4917,2025072404050056,BARUN,Nagarik Stock Dealer ,Online Securities Pvt. Ltd.,22,414.0,9108.0,2025-07-24 14:58:27.857522
2025-07-24,4694,2025072404050155,BARUN,Online Securities Pvt. Ltd.,Online Securities Pvt. Ltd.,808,414.0,334512.0,2025-07-24 14:58:34.599204
2025-07-24,4693,2025072404050156,BARUN,Online Securities Pvt. Ltd.,Sani Securities Company Ltd.,192,414.0,79488.0,2025-07-24 14:58:34.599550
2025-07-24,4360,2025072404050278,BARUN,Online Securities Pvt. Ltd.,Ashutosh Brokerage & Securities (PVT) Ltd.,1000,412.0,412000.0,2025-07-24 14:58:44.260382
2025-07-24,4359,2025072404050279,BARUN,Property Wiard Limited,Ashutosh Brokerage & Securities (PVT) Ltd.,300,412.0,123600.0,2025-07-24 14:58:44.260645
2025-07-24,4358,2025072404050280,BARUN,Naasa Securities Co. Ltd.,Ashutosh Brokerage & Securities (PVT) Ltd.,13,412.0,5356.0,2025-07-24 14:58:44.260765
2025-07-24,4162,2025072404050324,BARUN,Imperial Securities Company Pvt. Ltd.,Ashutosh Brokerage & Securities (PVT) Ltd.,587,412.0,241844.0,2025-07-24 14:58:48.843108
2025-07-24,3951,2025072404050410,BARUN,Imperial Securities Company Pvt. Ltd.,Kohinoor Investment & Securities Pvt. Ltd.,413,412.0,170156.0,2025-07-24 14:58:54.087348
2025-07-24,3756,2025072404050461,BARUN,Hatemalo Financial Services Private Limited,Kumari Securities Private Limited,50,411.8,20590.0,2025-07-24 14:58:58.551173
2025-07-24,3755,2025072404050462,BARUN,Sagarmatha Securities Private Limited,Kumari Securities Private Limited,50,411.7,20585.0,2025-07-24 14:58:58.551221
2025-07-24,3754,2025072404050463,BARUN,Agrawal Securities (PVT) Ltd.,Kumari Securities Private Limited,900,411.7,370530.0,2025-07-24 14:58:58.551245
2025-07-24,3748,2025072404050465,BARUN,Nepal Stock House (PVT) Ltd.,Kohinoor Investment & Securities Pvt. Ltd.,150,412.0,61800.0,2025-07-24 14:58:58.726162
2025-07-24,3404,2025072404050580,BARUN,Naasa Securities Co. Ltd.,Kohinoor Investment & Securities Pvt. Ltd.,10,412.0,4120.0,2025-07-24 14:59:07.209410
2025-07-24,3048,2025072404050719,BARUN,Hatemalo Financial Services Private Limited,Kohinoor Investment & Securities Pvt. Ltd.,60,412.0,24720.0,2025-07-24 14:59:15.443684
2025-07-24,2896,2025072404050762,BARUN,Agrawal Securities (PVT) Ltd.,Trishakti Securities Public Limited,50,411.7,20585.0,2025-07-24 14:59:17.817938
2025-07-24,2842,2025072404050795,BARUN,Agrawal Securities (PVT) Ltd.,Imperial Securities Company Pvt. Ltd.,50,411.7,20585.0,2025-07-24 14:59:18.932243
2025-07-24,2776,2025072404050811,BARUN,Vision Securities Pvt. Ltd,Imperial Securities Company Pvt. Ltd.,102,411.7,41993.4,2025-07-24 14:59:19.959986
2025-07-24,2775,2025072404050812,BARUN,Vision Securities Pvt. Ltd,Kohinoor Investment & Securities Pvt. Ltd.,307,412.0,126484.0,2025-07-24 14:59:19.960287
2025-07-24,2774,2025072404050813,BARUN,Vision Securities Pvt. Ltd,Imperial Securities Company Pvt. Ltd.,50,412.0,20600.0,2025-07-24 14:59:19.960424
2025-07-24,2674,2025072404050853,BARUN,Vision Securities Pvt. Ltd,Imperial Securities Company Pvt. Ltd.,100,412.0,41200.0,2025-07-24 14:59:21.644866
2025-07-24,2564,2025072404050903,BARUN,Vision Securities Pvt. Ltd,Naasa Securities Co. Ltd.,700,412.0,288400.0,2025-07-24 14:59:23.202772
2025-07-24,2455,2025072404050925,BARUN,Vision Securities Pvt. Ltd,Linch Stock Market Ltd.,20,412.0,8240.0,2025-07-24 14:59:25.508617
2025-07-24,2288,2025072404050997,BARUN,Vision Securities Pvt. Ltd,Aryatara Investment & Securities,500,412.0,206000.0,2025-07-24 14:59:28.043753
2025-07-24,1508,2025072404051410,BARUN,Vision Securities Pvt. Ltd,Nepal Investment And Securities Trading Private Limited,90,412.0,37080.0,2025-07-24 14:59:37.969219
2025-07-24,1482,2025072404051417,BARUN,Neev Securities Pvt. Ltd.,Aryatara Investment & Securities,85,413.0,35105.0,2025-07-24 14:59:38.538758
2025-07-24,1214,2025072404051501,BARUN,Vision Securities Pvt. Ltd,Aryatara Investment & Securities,131,412.0,53972.0,2025-07-24 14:59:42.706892
2025-07-24,1213,2025072404051502,BARUN,Sani Securities Company Ltd.,Aryatara Investment & Securities,69,412.0,28428.0,2025-07-24 14:59:42.707174
