Date,S.N.,contract_id,symbol,buyer_broker,seller_broker,volume,price,amount,transaction_time
2025-07-24,153128,2025072404000698,CHL,Dakshinkali Investment & Securities Pvt. Ltd.,Premier Securities Company Ltd.,100,335.8,33580.0,2025-07-24 11:03:06.734087
2025-07-24,152923,2025072404000787,CHL,Naasa Securities Co. Ltd.,Premier Securities Company Ltd.,100,335.8,33580.0,2025-07-24 11:03:30.404033
2025-07-24,152922,2025072404000788,CHL,Naasa Securities Co. Ltd.,Primo Securities (PVT) Ltd.,10,335.8,3358.0,2025-07-24 11:03:30.404095
2025-07-24,152921,2025072404000789,CHL,Naasa Securities Co. Ltd.,Dipshikha Dhitopatra Karobar Co. Pvt Ltd.,20,336.0,6720.0,2025-07-24 11:03:30.404126
2025-07-24,152920,2025072404000790,CHL,Naasa Securities Co. Ltd.,Vision Securities Pvt. Ltd,100,336.0,33600.0,2025-07-24 11:03:30.404160
2025-07-24,152919,2025072404000791,CHL,Naasa Securities Co. Ltd.,ABC Securities Private Limited,50,336.0,16800.0,2025-07-24 11:03:30.404192
2025-07-24,152822,2025072404000833,CHL,Shree Krishna Securities Ltd.,Siprabi Securities Pvt. Ltd.,100,336.2,33620.0,2025-07-24 11:03:45.059164
2025-07-24,152821,2025072404000834,CHL,Shree Krishna Securities Ltd.,Himalayan Brokerage Company Limited,100,336.2,33620.0,2025-07-24 11:03:45.059222
2025-07-24,152820,2025072404000835,CHL,Shree Krishna Securities Ltd.,Bhrikuti Stock Broking Co. Pvt. Ltd.,100,336.2,33620.0,2025-07-24 11:03:45.059251
2025-07-24,152819,2025072404000836,CHL,Shree Krishna Securities Ltd.,Midas Stock Broking Company Private Limited,625,336.2,210125.0,2025-07-24 11:03:45.059276
2025-07-24,152818,2025072404000837,CHL,Shree Krishna Securities Ltd.,MILKY WAY SHARE BROKER COMPANY LTD ,100,336.2,33620.0,2025-07-24 11:03:45.059301
2025-07-24,152364,2025072404001042,CHL,Shree Krishna Securities Ltd.,Hatemalo Financial Services Private Limited,75,336.2,25215.0,2025-07-24 11:04:36.363173
2025-07-24,152353,2025072404001045,CHL,Trishakti Securities Public Limited,Dipshikha Dhitopatra Karobar Co. Pvt Ltd.,10,338.9,3389.0,2025-07-24 11:04:38.652557
2025-07-24,152231,2025072404001080,CHL,Trishakti Securities Public Limited,Dipshikha Dhitopatra Karobar Co. Pvt Ltd.,90,339.5,30555.0,2025-07-24 11:04:52.237632
2025-07-24,151142,2025072404001538,CHL,Shree Krishna Securities Ltd.,Sweta Securities Private Limited,50,333.0,16650.0,2025-07-24 11:06:44.743679
2025-07-24,151141,2025072404001539,CHL,ABC Securities Private Limited,Sweta Securities Private Limited,500,332.8,166400.0,2025-07-24 11:06:44.743758
2025-07-24,151140,2025072404001540,CHL,South Asian Bulls Pvt. Ltd.,Sweta Securities Private Limited,300,332.8,99840.0,2025-07-24 11:06:44.743797
2025-07-24,146457,2025072404003003,CHL,Ashutosh Brokerage & Securities (PVT) Ltd.,Hatemalo Financial Services Private Limited,45,331.0,14895.0,2025-07-24 11:14:29.639297
2025-07-24,146090,2025072404003125,CHL,ABC Securities Private Limited,Hatemalo Financial Services Private Limited,50,331.0,16550.0,2025-07-24 11:15:01.528981
2025-07-24,146089,2025072404003126,CHL,Dipshikha Dhitopatra Karobar Co. Pvt Ltd.,Hatemalo Financial Services Private Limited,300,330.2,99060.0,2025-07-24 11:15:01.529090
2025-07-24,146088,2025072404003127,CHL,Aryatara Investment & Securities,Hatemalo Financial Services Private Limited,140,330.1,46214.0,2025-07-24 11:15:01.529131
2025-07-24,145799,2025072404003220,CHL,Aryatara Investment & Securities,Creative Securities Pvt Ltd,160,330.1,52816.0,2025-07-24 11:15:27.768570
2025-07-24,145798,2025072404003221,CHL,Sani Securities Company Ltd.,Creative Securities Pvt Ltd,20,330.1,6602.0,2025-07-24 11:15:27.768673
2025-07-24,145797,2025072404003222,CHL,Cristal Kanchanjanga Securites Pvt. Ltd.,Creative Securities Pvt Ltd,120,330.0,39600.0,2025-07-24 11:15:27.768713
2025-07-24,145627,2025072404003262,CHL,Cristal Kanchanjanga Securites Pvt. Ltd.,Online Securities Pvt. Ltd.,612,330.0,201960.0,2025-07-24 11:15:41.881047
2025-07-24,145352,2025072404003335,CHL,Cristal Kanchanjanga Securites Pvt. Ltd.,SUN SECURITIES PVT LTD,268,330.0,88440.0,2025-07-24 11:16:08.403065
2025-07-24,140186,2025072404004901,CHL,Vision Securities Pvt. Ltd,INDEX SECURITIES LIMITED,200,328.5,65700.0,2025-07-24 11:23:59.638973
2025-07-24,140185,2025072404004902,CHL,Dipshikha Dhitopatra Karobar Co. Pvt Ltd.,INDEX SECURITIES LIMITED,300,328.0,98400.0,2025-07-24 11:23:59.639118
2025-07-24,140184,2025072404004903,CHL,Hatemalo Financial Services Private Limited,INDEX SECURITIES LIMITED,100,328.0,32800.0,2025-07-24 11:23:59.639175
2025-07-24,140183,2025072404004904,CHL,Aryatara Investment & Securities,INDEX SECURITIES LIMITED,200,327.1,65420.0,2025-07-24 11:23:59.639220
2025-07-24,140182,2025072404004905,CHL,Shree Krishna Securities Ltd.,INDEX SECURITIES LIMITED,50,327.0,16350.0,2025-07-24 11:23:59.639263
2025-07-24,140181,2025072404004906,CHL,Sagarmatha Securities Private Limited,INDEX SECURITIES LIMITED,20,327.0,6540.0,2025-07-24 11:23:59.639309
2025-07-24,140180,2025072404004907,CHL,Online Securities Pvt. Ltd.,INDEX SECURITIES LIMITED,130,327.0,42510.0,2025-07-24 11:23:59.639358
2025-07-24,139569,2025072404005102,CHL,Online Securities Pvt. Ltd.,Sundhara Securities Limited,15,327.0,4905.0,2025-07-24 11:24:57.793360
2025-07-24,139021,2025072404005307,CHL,Primo Securities (PVT) Ltd.,Creative Securities Pvt Ltd,69,328.0,22632.0,2025-07-24 11:25:49.632939
2025-07-24,137967,2025072404005685,CHL,Property Wiard Limited,Secured Securities Ltd.,32,329.9,10556.8,2025-07-24 11:27:17.874502
2025-07-24,137805,2025072404005765,CHL,Property Wiard Limited,ABC Securities Private Limited,49,329.9,16165.1,2025-07-24 11:27:27.312873
2025-07-24,136821,2025072404006129,CHL,Arun Securities (PVT) Ltd.,Trisul Securities & Invt. Ltd.,650,331.0,215150.0,2025-07-24 11:28:40.849422
2025-07-24,133566,2025072404007463,CHL,Trisul Securities & Invt. Ltd.,Vision Securities Pvt. Ltd,11,331.0,3641.0,2025-07-24 11:32:58.464968
2025-07-24,133565,2025072404007464,CHL,Trisul Securities & Invt. Ltd.,Premier Securities Company Ltd.,189,332.0,62748.0,2025-07-24 11:32:58.465093
2025-07-24,129203,2025072404009405,CHL,Imperial Securities Company Pvt. Ltd.,Premier Securities Company Ltd.,11,332.0,3652.0,2025-07-24 11:38:59.808511
2025-07-24,129202,2025072404009406,CHL,Imperial Securities Company Pvt. Ltd.,Sri Hari Securities Pvt. Ltd.,19,332.8,6323.2,2025-07-24 11:38:59.808625
2025-07-24,128789,2025072404009539,CHL,Oxford Securities Pvt. Ltd.,Creative Securities Pvt Ltd,124,330.1,40932.4,2025-07-24 11:39:26.883298
2025-07-24,128788,2025072404009540,CHL,Nepal Stock House (PVT) Ltd.,Creative Securities Pvt Ltd,203,330.0,66990.0,2025-07-24 11:39:26.883469
2025-07-24,128787,2025072404009541,CHL,Trishakti Securities Public Limited,Creative Securities Pvt Ltd,323,330.0,106590.0,2025-07-24 11:39:26.883551
2025-07-24,128392,2025072404009677,CHL,Trishakti Securities Public Limited,Imperial Securities Company Pvt. Ltd.,177,330.0,58410.0,2025-07-24 11:40:02.005743
2025-07-24,128391,2025072404009678,CHL,Sani Securities Company Ltd.,Imperial Securities Company Pvt. Ltd.,490,330.0,161700.0,2025-07-24 11:40:02.005964
2025-07-24,128390,2025072404009679,CHL,Sri Hari Securities Pvt. Ltd.,Imperial Securities Company Pvt. Ltd.,100,330.0,33000.0,2025-07-24 11:40:02.006115
2025-07-24,128205,2025072404009752,CHL,Property Wiard Limited,Imperial Securities Company Pvt. Ltd.,219,329.9,72248.1,2025-07-24 11:40:17.977305
2025-07-24,128204,2025072404009753,CHL,Siprabi Securities Pvt. Ltd.,Imperial Securities Company Pvt. Ltd.,464,329.0,152656.0,2025-07-24 11:40:17.977588
2025-07-24,127284,2025072404010096,CHL,Aryatara Investment & Securities,Naasa Securities Co. Ltd.,600,330.0,198000.0,2025-07-24 11:41:35.475111
2025-07-24,127071,2025072404010187,CHL,Aryatara Investment & Securities,Hatemalo Financial Services Private Limited,461,330.0,152130.0,2025-07-24 11:41:55.645024
2025-07-24,127070,2025072404010188,CHL,Bhrikuti Stock Broking Co. Pvt. Ltd.,Hatemalo Financial Services Private Limited,39,330.0,12870.0,2025-07-24 11:41:55.645184
2025-07-24,126789,2025072404010290,CHL,Bhrikuti Stock Broking Co. Pvt. Ltd.,Premier Securities Company Ltd.,900,330.0,297000.0,2025-07-24 11:42:19.690369
2025-07-24,126431,2025072404010406,CHL,Bhrikuti Stock Broking Co. Pvt. Ltd.,Premier Securities Company Ltd.,10,330.0,3300.0,2025-07-24 11:42:49.941529
2025-07-24,124990,2025072404010882,CHL,Bhrikuti Stock Broking Co. Pvt. Ltd.,Sri Hari Securities Pvt. Ltd.,51,330.0,16830.0,2025-07-24 11:45:08.242649
2025-07-24,124989,2025072404010883,CHL,Malla & Malla Stock Broking Company Pvt. Limited,Sri Hari Securities Pvt. Ltd.,249,330.0,82170.0,2025-07-24 11:45:08.242782
2025-07-24,123638,2025072404011433,CHL,Malla & Malla Stock Broking Company Pvt. Limited,Opal Securities Investment (PVT) Ltd.,190,330.0,62700.0,2025-07-24 11:47:21.455695
2025-07-24,123637,2025072404011434,CHL,Primo Securities (PVT) Ltd.,Opal Securities Investment (PVT) Ltd.,1000,330.0,330000.0,2025-07-24 11:47:21.455815
2025-07-24,123636,2025072404011435,CHL,Siprabi Securities Pvt. Ltd.,Opal Securities Investment (PVT) Ltd.,36,329.0,11844.0,2025-07-24 11:47:21.455884
2025-07-24,123635,2025072404011436,CHL,Swarna Laxmi Securities Pvt. Ltd.,Opal Securities Investment (PVT) Ltd.,1000,329.0,329000.0,2025-07-24 11:47:21.455936
2025-07-24,123634,2025072404011437,CHL,Vision Securities Pvt. Ltd,Opal Securities Investment (PVT) Ltd.,50,328.1,16405.0,2025-07-24 11:47:21.455986
2025-07-24,123633,2025072404011438,CHL,Primo Securities (PVT) Ltd.,Opal Securities Investment (PVT) Ltd.,931,328.0,305368.0,2025-07-24 11:47:21.456040
2025-07-24,123632,2025072404011439,CHL,Imperial Securities Company Pvt. Ltd.,Opal Securities Investment (PVT) Ltd.,215,328.0,70520.0,2025-07-24 11:47:21.456086
2025-07-24,123631,2025072404011440,CHL,Sani Securities Company Ltd.,Opal Securities Investment (PVT) Ltd.,150,328.0,49200.0,2025-07-24 11:47:21.456137
2025-07-24,123630,2025072404011441,CHL,Magnet Securities and Investment Company Private Limited,Opal Securities Investment (PVT) Ltd.,500,328.0,164000.0,2025-07-24 11:47:21.456187
2025-07-24,123629,2025072404011442,CHL,Swarna Laxmi Securities Pvt. Ltd.,Opal Securities Investment (PVT) Ltd.,1000,328.0,328000.0,2025-07-24 11:47:21.456232
2025-07-24,123025,2025072404011627,CHL,Dynamic Money Managers Securities Pvt. Ltd.,Opal Securities Investment (PVT) Ltd.,428,328.0,140384.0,2025-07-24 11:48:20.615797
2025-07-24,120719,2025072404012365,CHL,Sani Securities Company Ltd.,Sundhara Securities Limited,20,332.0,6640.0,2025-07-24 11:52:32.039192
2025-07-24,120488,2025072404012462,CHL,Arun Securities (PVT) Ltd.,Sri Hari Securities Pvt. Ltd.,100,332.8,33280.0,2025-07-24 11:52:56.908508
2025-07-24,116410,2025072404014098,CHL,Kohinoor Investment & Securities Pvt. Ltd.,Vision Securities Pvt. Ltd,300,329.0,98700.0,2025-07-24 11:59:26.826355
2025-07-24,113719,2025072404015134,CHL,Aryatara Investment & Securities,Imperial Securities Company Pvt. Ltd.,225,330.0,74250.0,2025-07-24 12:03:58.439597
2025-07-24,113675,2025072404015151,CHL,Aryatara Investment & Securities,Linch Stock Market Ltd.,10,330.0,3300.0,2025-07-24 12:04:01.354775
2025-07-24,112652,2025072404015587,CHL,Creative Securities Pvt Ltd,Imperial Securities Company Pvt. Ltd.,12,330.3,3963.6,2025-07-24 12:05:29.387566
2025-07-24,112651,2025072404015588,CHL,Creative Securities Pvt Ltd,Sri Hari Securities Pvt. Ltd.,181,332.8,60236.8,2025-07-24 12:05:29.387720
2025-07-24,112650,2025072404015589,CHL,Creative Securities Pvt Ltd,Neev Securities Pvt. Ltd.,100,332.8,33280.0,2025-07-24 12:05:29.387795
2025-07-24,112649,2025072404015590,CHL,Creative Securities Pvt Ltd,Citizens Share Broker Limited,250,332.9,83225.0,2025-07-24 12:05:29.387875
2025-07-24,112648,2025072404015591,CHL,Creative Securities Pvt Ltd,Investment Management Nepal Pvt. Ltd.,100,333.0,33300.0,2025-07-24 12:05:29.387953
2025-07-24,112647,2025072404015592,CHL,Creative Securities Pvt Ltd,Sipla Securities Private Limited,50,333.0,16650.0,2025-07-24 12:05:29.388028
2025-07-24,112646,2025072404015593,CHL,Creative Securities Pvt Ltd,ABC Securities Private Limited,307,333.0,102231.0,2025-07-24 12:05:29.388102
2025-07-24,112423,2025072404015735,CHL,Creative Securities Pvt Ltd,ABC Securities Private Limited,150,333.0,49950.0,2025-07-24 12:05:45.346425
2025-07-24,109186,2025072404017204,CHL,Creative Securities Pvt Ltd,Dipshikha Dhitopatra Karobar Co. Pvt Ltd.,500,332.0,166000.0,2025-07-24 12:10:55.322107
2025-07-24,109121,2025072404017228,CHL,Creative Securities Pvt Ltd,Dipshikha Dhitopatra Karobar Co. Pvt Ltd.,100,332.0,33200.0,2025-07-24 12:11:02.980804
2025-07-24,106396,2025072404018347,CHL,K.B.L. Securities Limited ,Dipshikha Dhitopatra Karobar Co. Pvt Ltd.,15,332.0,4980.0,2025-07-24 12:15:58.155361
2025-07-24,106163,2025072404018420,CHL,Swarna Laxmi Securities Pvt. Ltd.,ABC Securities Private Limited,43,333.0,14319.0,2025-07-24 12:16:24.248803
2025-07-24,106162,2025072404018421,CHL,Swarna Laxmi Securities Pvt. Ltd.,Vision Securities Pvt. Ltd,957,333.0,318681.0,2025-07-24 12:16:24.248968
2025-07-24,105245,2025072404018715,CHL,Premier Securities Company Ltd.,Vision Securities Pvt. Ltd,40,333.0,13320.0,2025-07-24 12:17:59.574096
2025-07-24,104579,2025072404018926,CHL,Swarna Laxmi Securities Pvt. Ltd.,Trisul Securities & Invt. Ltd.,200,333.9,66780.0,2025-07-24 12:19:17.356370
2025-07-24,104333,2025072404018990,CHL,Premier Securities Company Ltd.,K.B.L. Securities Limited ,10,334.0,3340.0,2025-07-24 12:19:44.206599
2025-07-24,103233,2025072404019425,CHL,Swarna Laxmi Securities Pvt. Ltd.,Premier Securities Company Ltd.,180,333.9,60102.0,2025-07-24 12:21:40.160162
2025-07-24,103171,2025072404019457,CHL,Swarna Laxmi Securities Pvt. Ltd.,Linch Stock Market Ltd.,15,332.0,4980.0,2025-07-24 12:21:48.612034
2025-07-24,102964,2025072404019625,CHL,K.B.L. Securities Limited ,Kohinoor Investment & Securities Pvt. Ltd.,21,332.1,6974.1,2025-07-24 12:21:57.422113
2025-07-24,102919,2025072404019635,CHL,ABC Securities Private Limited,Premier Securities Company Ltd.,220,333.9,73458.0,2025-07-24 12:22:01.473901
2025-07-24,102677,2025072404019733,CHL,Swarna Laxmi Securities Pvt. Ltd.,K.B.L. Securities Limited ,280,334.0,93520.0,2025-07-24 12:22:32.831952
2025-07-24,102676,2025072404019734,CHL,Swarna Laxmi Securities Pvt. Ltd.,S.P.S.A. Securities Limited,50,334.0,16700.0,2025-07-24 12:22:32.832096
2025-07-24,102675,2025072404019735,CHL,Swarna Laxmi Securities Pvt. Ltd.,Sundhara Securities Limited,11,334.0,3674.0,2025-07-24 12:22:32.832157
2025-07-24,102593,2025072404019777,CHL,Swarna Laxmi Securities Pvt. Ltd.,Aryatara Investment & Securities,144,334.8,48211.2,2025-07-24 12:22:39.988618
2025-07-24,101350,2025072404020184,CHL,ABC Securities Private Limited,Dynamic Money Managers Securities Pvt. Ltd.,80,333.9,26712.0,2025-07-24 12:24:58.186381
2025-07-24,101349,2025072404020185,CHL,K.B.L. Securities Limited ,Dynamic Money Managers Securities Pvt. Ltd.,1420,332.1,471582.0,2025-07-24 12:24:58.186574
2025-07-24,100363,2025072404020448,CHL,Siprabi Securities Pvt. Ltd.,Sagarmatha Securities Private Limited,1000,333.0,333000.0,2025-07-24 12:26:24.533717
2025-07-24,100362,2025072404020449,CHL,Siprabi Securities Pvt. Ltd.,Sagarmatha Securities Private Limited,250,333.0,83250.0,2025-07-24 12:26:24.533887
2025-07-24,99661,2025072404020661,CHL,Dipshikha Dhitopatra Karobar Co. Pvt Ltd.,Imperial Securities Company Pvt. Ltd.,100,333.1,33310.0,2025-07-24 12:27:44.712576
2025-07-24,99660,2025072404020662,CHL,Siprabi Securities Pvt. Ltd.,Imperial Securities Company Pvt. Ltd.,400,333.0,133200.0,2025-07-24 12:27:44.712749
2025-07-24,99101,2025072404020864,CHL,Siprabi Securities Pvt. Ltd.,Online Securities Pvt. Ltd.,30,333.0,9990.0,2025-07-24 12:28:56.636222
2025-07-24,98870,2025072404020971,CHL,Kumari Securities Private Limited,Aryatara Investment & Securities,156,334.8,52228.8,2025-07-24 12:29:20.241660
2025-07-24,98869,2025072404020972,CHL,Kumari Securities Private Limited,Naasa Securities Co. Ltd.,100,334.9,33490.0,2025-07-24 12:29:20.241725
2025-07-24,98868,2025072404020973,CHL,Kumari Securities Private Limited,Investment Management Nepal Pvt. Ltd.,200,334.9,66980.0,2025-07-24 12:29:20.241759
2025-07-24,98867,2025072404020974,CHL,Kumari Securities Private Limited,Agrawal Securities (PVT) Ltd.,200,334.9,66980.0,2025-07-24 12:29:20.241781
2025-07-24,98866,2025072404020975,CHL,Kumari Securities Private Limited,Neev Securities Pvt. Ltd.,100,335.0,33500.0,2025-07-24 12:29:20.241807
2025-07-24,98865,2025072404020976,CHL,Kumari Securities Private Limited,S.P.S.A. Securities Limited,50,335.0,16750.0,2025-07-24 12:29:20.241831
2025-07-24,98864,2025072404020977,CHL,Kumari Securities Private Limited,Sundhara Securities Limited,194,335.0,64990.0,2025-07-24 12:29:20.241859
2025-07-24,96951,2025072404021721,CHL,Siprabi Securities Pvt. Ltd.,Primo Securities (PVT) Ltd.,320,333.0,106560.0,2025-07-24 12:33:14.745111
2025-07-24,96950,2025072404021722,CHL,Trisul Securities & Invt. Ltd.,Primo Securities (PVT) Ltd.,580,333.0,193140.0,2025-07-24 12:33:14.745329
2025-07-24,96532,2025072404021856,CHL,Aryatara Investment & Securities,Sundhara Securities Limited,15,333.1,4996.5,2025-07-24 12:34:01.920728
2025-07-24,96408,2025072404021898,CHL,Aryatara Investment & Securities,BHOLE GANESH SECURITIES LTD,10,333.1,3331.0,2025-07-24 12:34:19.654394
2025-07-24,96406,2025072404021899,CHL,Aryatara Investment & Securities,Neev Securities Pvt. Ltd.,500,333.1,166550.0,2025-07-24 12:34:19.907296
2025-07-24,94049,2025072404022774,CHL,Aryatara Investment & Securities,Sani Securities Company Ltd.,475,333.1,158222.5,2025-07-24 12:38:33.652701
2025-07-24,94048,2025072404022775,CHL,Trisul Securities & Invt. Ltd.,Sani Securities Company Ltd.,20,333.0,6660.0,2025-07-24 12:38:33.652781
2025-07-24,94047,2025072404022776,CHL,Naasa Securities Co. Ltd.,Sani Securities Company Ltd.,500,333.0,166500.0,2025-07-24 12:38:33.652813
2025-07-24,88963,2025072404024341,CHL,J.F. Securites (PVT) Ltd.,Primo Securities (PVT) Ltd.,50,333.0,16650.0,2025-07-24 12:48:29.849721
2025-07-24,88851,2025072404024382,CHL,Cristal Kanchanjanga Securites Pvt. Ltd.,Primo Securities (PVT) Ltd.,150,333.0,49950.0,2025-07-24 12:48:42.261306
2025-07-24,88850,2025072404024383,CHL,Cristal Kanchanjanga Securites Pvt. Ltd.,Sani Securities Company Ltd.,122,333.0,40626.0,2025-07-24 12:48:42.261500
2025-07-24,88707,2025072404024421,CHL,Cristal Kanchanjanga Securites Pvt. Ltd.,Naasa Securities Co. Ltd.,728,333.0,242424.0,2025-07-24 12:48:54.233646
2025-07-24,88295,2025072404024558,CHL,K.B.L. Securities Limited ,Shree Krishna Securities Ltd.,20,332.1,6642.0,2025-07-24 12:49:34.894427
2025-07-24,87362,2025072404024874,CHL,K.B.L. Securities Limited ,Naasa Securities Co. Ltd.,39,332.1,12951.9,2025-07-24 12:51:19.217077
2025-07-24,87093,2025072404024974,CHL,Thrive Brokerage House Pvt. Ltd,Naasa Securities Co. Ltd.,35,331.1,11588.5,2025-07-24 12:51:39.291288
2025-07-24,85756,2025072404025382,CHL,Linch Stock Market Ltd.,Naasa Securities Co. Ltd.,550,332.0,182600.0,2025-07-24 12:54:05.716713
2025-07-24,85273,2025072404025513,CHL,Thrive Brokerage House Pvt. Ltd,Naasa Securities Co. Ltd.,15,331.1,4966.5,2025-07-24 12:55:08.352507
2025-07-24,85272,2025072404025514,CHL,Asian Securities Private Ltd.,Naasa Securities Co. Ltd.,10,331.0,3310.0,2025-07-24 12:55:08.352885
2025-07-24,85271,2025072404025515,CHL,Naasa Securities Co. Ltd.,Naasa Securities Co. Ltd.,100,331.0,33100.0,2025-07-24 12:55:08.353203
2025-07-24,85270,2025072404025516,CHL,Aryatara Investment & Securities,Naasa Securities Co. Ltd.,300,331.0,99300.0,2025-07-24 12:55:08.353500
2025-07-24,85269,2025072404025517,CHL,Vision Securities Pvt. Ltd,Naasa Securities Co. Ltd.,200,331.0,66200.0,2025-07-24 12:55:08.353779
2025-07-24,85268,2025072404025518,CHL,Vision Securities Pvt. Ltd,Naasa Securities Co. Ltd.,200,330.0,66000.0,2025-07-24 12:55:08.354045
2025-07-24,85267,2025072404025519,CHL,Naasa Securities Co. Ltd.,Naasa Securities Co. Ltd.,100,330.0,33000.0,2025-07-24 12:55:08.354298
2025-07-24,85266,2025072404025520,CHL,ABC Securities Private Limited,Naasa Securities Co. Ltd.,200,330.0,66000.0,2025-07-24 12:55:08.354581
2025-07-24,85265,2025072404025521,CHL,Sani Securities Company Ltd.,Naasa Securities Co. Ltd.,1500,330.0,495000.0,2025-07-24 12:55:08.354843
2025-07-24,85264,2025072404025522,CHL,Premier Securities Company Ltd.,Naasa Securities Co. Ltd.,50,330.0,16500.0,2025-07-24 12:55:08.355082
2025-07-24,85263,2025072404025523,CHL,Deevyaa Securities & Stock House Pvt. Ltd,Naasa Securities Co. Ltd.,25,330.0,8250.0,2025-07-24 12:55:08.355388
2025-07-24,84701,2025072404025697,CHL,Deevyaa Securities & Stock House Pvt. Ltd,Naasa Securities Co. Ltd.,75,330.0,24750.0,2025-07-24 12:56:07.703029
2025-07-24,82289,2025072404026386,CHL,Premier Securities Company Ltd.,Asian Securities Private Ltd.,50,329.0,16450.0,2025-07-24 13:00:27.215516
2025-07-24,82288,2025072404026387,CHL,Online Securities Pvt. Ltd.,Asian Securities Private Ltd.,850,329.0,279650.0,2025-07-24 13:00:27.215658
2025-07-24,82287,2025072404026388,CHL,Dipshikha Dhitopatra Karobar Co. Pvt Ltd.,Asian Securities Private Ltd.,155,329.0,50995.0,2025-07-24 13:00:27.215721
2025-07-24,82256,2025072404026399,CHL,Online Securities Pvt. Ltd.,Naasa Securities Co. Ltd.,40,330.0,13200.0,2025-07-24 13:00:32.373919
2025-07-24,80000,2025072404027075,CHL,Online Securities Pvt. Ltd.,Naasa Securities Co. Ltd.,260,330.0,85800.0,2025-07-24 13:04:19.569115
2025-07-24,79999,2025072404027076,CHL,Dipshikha Dhitopatra Karobar Co. Pvt Ltd.,Naasa Securities Co. Ltd.,1000,330.0,330000.0,2025-07-24 13:04:19.569299
2025-07-24,78389,2025072404027497,CHL,Dipshikha Dhitopatra Karobar Co. Pvt Ltd.,Sani Securities Company Ltd.,30,329.0,9870.0,2025-07-24 13:07:12.021363
2025-07-24,77468,2025072404027725,CHL,Dipshikha Dhitopatra Karobar Co. Pvt Ltd.,Kumari Securities Private Limited,14,329.0,4606.0,2025-07-24 13:08:47.316441
2025-07-24,77467,2025072404027726,CHL,Dipshikha Dhitopatra Karobar Co. Pvt Ltd.,Market Securities & Exchange (PVT) Ltd.,1,329.0,329.0,2025-07-24 13:08:47.316553
2025-07-24,76532,2025072404027943,CHL,Sani Securities Company Ltd.,Sewa Securities Pvt. Ltd.,200,329.0,65800.0,2025-07-24 13:10:30.178405
2025-07-24,75988,2025072404028095,CHL,Sani Securities Company Ltd.,Premier Securities Company Ltd.,100,329.0,32900.0,2025-07-24 13:11:23.725750
2025-07-24,74061,2025072404028596,CHL,J.F. Securites (PVT) Ltd.,Siprabi Securities Pvt. Ltd.,150,329.0,49350.0,2025-07-24 13:14:44.495097
2025-07-24,74060,2025072404028597,CHL,Capital Max Securities Ltd,Siprabi Securities Pvt. Ltd.,30,328.7,9861.0,2025-07-24 13:14:44.495173
2025-07-24,74059,2025072404028598,CHL,Kohinoor Investment & Securities Pvt. Ltd.,Siprabi Securities Pvt. Ltd.,224,328.6,73606.4,2025-07-24 13:14:44.495205
2025-07-24,72501,2025072404028970,CHL,Kohinoor Investment & Securities Pvt. Ltd.,Vision Securities Pvt. Ltd,105,328.6,34503.0,2025-07-24 13:17:26.177958
2025-07-24,69734,2025072404029685,CHL,Kohinoor Investment & Securities Pvt. Ltd.,Linch Stock Market Ltd.,49,328.6,16101.4,2025-07-24 13:22:16.762772
2025-07-24,67418,2025072404030365,CHL,Kohinoor Investment & Securities Pvt. Ltd.,Trisul Securities & Invt. Ltd.,48,329.0,15792.0,2025-07-24 13:26:10.920522
2025-07-24,65847,2025072404030829,CHL,Kohinoor Investment & Securities Pvt. Ltd.,Naasa Securities Co. Ltd.,322,328.6,105809.2,2025-07-24 13:28:22.262548
2025-07-24,65846,2025072404030830,CHL,Premier Securities Company Ltd.,Naasa Securities Co. Ltd.,128,328.6,42060.8,2025-07-24 13:28:22.262734
2025-07-24,65680,2025072404030900,CHL,Premier Securities Company Ltd.,Naasa Securities Co. Ltd.,272,328.6,89379.2,2025-07-24 13:28:40.006557
2025-07-24,65679,2025072404030901,CHL,Sri Hari Securities Pvt. Ltd.,Naasa Securities Co. Ltd.,15,328.6,4929.0,2025-07-24 13:28:40.006928
2025-07-24,65678,2025072404030902,CHL,Nepal Stock House (PVT) Ltd.,Naasa Securities Co. Ltd.,500,328.5,164250.0,2025-07-24 13:28:40.007136
2025-07-24,65677,2025072404030903,CHL,Dynamic Money Managers Securities Pvt. Ltd.,Naasa Securities Co. Ltd.,72,328.0,23616.0,2025-07-24 13:28:40.007406
2025-07-24,65676,2025072404030904,CHL,Naasa Securities Co. Ltd.,Naasa Securities Co. Ltd.,141,328.0,46248.0,2025-07-24 13:28:40.007637
2025-07-24,63178,2025072404031637,CHL,Kohinoor Investment & Securities Pvt. Ltd.,Shree Krishna Securities Ltd.,250,329.9,82475.0,2025-07-24 13:33:08.110865
2025-07-24,62018,2025072404031928,CHL,Kohinoor Investment & Securities Pvt. Ltd.,Agrawal Securities (PVT) Ltd.,22,332.0,7304.0,2025-07-24 13:35:27.133764
2025-07-24,59395,2025072404032777,CHL,Vision Securities Pvt. Ltd,INDEX SECURITIES LIMITED,10,332.0,3320.0,2025-07-24 13:40:45.285599
2025-07-24,57897,2025072404033131,CHL,Dipshikha Dhitopatra Karobar Co. Pvt Ltd.,Asian Securities Private Ltd.,12,330.2,3962.4,2025-07-24 13:43:58.763033
2025-07-24,55375,2025072404033824,CHL,Capital Max Securities Ltd,Vision Securities Pvt. Ltd,70,331.0,23170.0,2025-07-24 13:49:03.872870
2025-07-24,55374,2025072404033825,CHL,Capital Max Securities Ltd,Bhrikuti Stock Broking Co. Pvt. Ltd.,100,331.0,33100.0,2025-07-24 13:49:03.873039
2025-07-24,55373,2025072404033826,CHL,Capital Max Securities Ltd,INDEX SECURITIES LIMITED,1590,332.0,527880.0,2025-07-24 13:49:03.873106
2025-07-24,55372,2025072404033827,CHL,Capital Max Securities Ltd,Imperial Securities Company Pvt. Ltd.,240,332.0,79680.0,2025-07-24 13:49:03.873168
2025-07-24,55001,2025072404033935,CHL,KALASH STOCK MARKET PVT. LTD.,Imperial Securities Company Pvt. Ltd.,760,332.0,252320.0,2025-07-24 13:49:56.436153
2025-07-24,55000,2025072404033936,CHL,KALASH STOCK MARKET PVT. LTD.,Sweta Securities Private Limited,240,332.0,79680.0,2025-07-24 13:49:56.436376
2025-07-24,53301,2025072404034351,CHL,Online Securities Pvt. Ltd.,Sweta Securities Private Limited,60,332.0,19920.0,2025-07-24 13:53:46.161513
2025-07-24,53300,2025072404034352,CHL,Online Securities Pvt. Ltd.,Capital Max Securities Ltd,90,332.0,29880.0,2025-07-24 13:53:46.161694
2025-07-24,53299,2025072404034353,CHL,Online Securities Pvt. Ltd.,Primo Securities (PVT) Ltd.,200,332.9,66580.0,2025-07-24 13:53:46.161773
2025-07-24,53298,2025072404034354,CHL,Online Securities Pvt. Ltd.,Sani Securities Company Ltd.,110,333.0,36630.0,2025-07-24 13:53:46.161844
2025-07-24,53297,2025072404034355,CHL,Online Securities Pvt. Ltd.,Hatemalo Financial Services Private Limited,50,333.9,16695.0,2025-07-24 13:53:46.161908
2025-07-24,53296,2025072404034356,CHL,Online Securities Pvt. Ltd.,Siprabi Securities Pvt. Ltd.,20,334.0,6680.0,2025-07-24 13:53:46.161968
2025-07-24,53295,2025072404034357,CHL,Online Securities Pvt. Ltd.,Linch Stock Market Ltd.,15,334.0,5010.0,2025-07-24 13:53:46.162026
2025-07-24,53294,2025072404034358,CHL,Online Securities Pvt. Ltd.,Trishakti Securities Public Limited,100,334.0,33400.0,2025-07-24 13:53:46.162084
2025-07-24,53293,2025072404034359,CHL,Online Securities Pvt. Ltd.,Agrawal Securities (PVT) Ltd.,778,334.0,259852.0,2025-07-24 13:53:46.162167
2025-07-24,53292,2025072404034360,CHL,Online Securities Pvt. Ltd.,Naasa Securities Co. Ltd.,200,334.0,66800.0,2025-07-24 13:53:46.162237
2025-07-24,53170,2025072404034382,CHL,Online Securities Pvt. Ltd.,Naasa Securities Co. Ltd.,2000,334.0,668000.0,2025-07-24 13:54:00.454616
2025-07-24,53125,2025072404034391,CHL,Online Securities Pvt. Ltd.,Naasa Securities Co. Ltd.,897,334.0,299598.0,2025-07-24 13:54:07.179391
2025-07-24,52665,2025072404034476,CHL,Imperial Securities Company Pvt. Ltd.,Naasa Securities Co. Ltd.,500,334.0,167000.0,2025-07-24 13:55:09.763526
2025-07-24,52514,2025072404034514,CHL,Imperial Securities Company Pvt. Ltd.,Naasa Securities Co. Ltd.,479,334.0,159986.0,2025-07-24 13:55:31.865598
2025-07-24,52513,2025072404034515,CHL,Imperial Securities Company Pvt. Ltd.,Beni Securities Pvt.Ltd.,20,334.1,6682.0,2025-07-24 13:55:31.865753
2025-07-24,52512,2025072404034516,CHL,Imperial Securities Company Pvt. Ltd.,Naasa Securities Co. Ltd.,1,335.0,335.0,2025-07-24 13:55:31.865928
2025-07-24,52369,2025072404034548,CHL,Kohinoor Investment & Securities Pvt. Ltd.,Capital Max Securities Ltd,10,334.5,3345.0,2025-07-24 13:55:51.157573
2025-07-24,52368,2025072404034549,CHL,Kohinoor Investment & Securities Pvt. Ltd.,Naasa Securities Co. Ltd.,10,334.5,3345.0,2025-07-24 13:55:51.157878
2025-07-24,52367,2025072404034550,CHL,Kohinoor Investment & Securities Pvt. Ltd.,Sundhara Securities Limited,10,335.0,3350.0,2025-07-24 13:55:51.158067
2025-07-24,52343,2025072404034563,CHL,Imperial Securities Company Pvt. Ltd.,Sundhara Securities Limited,296,335.0,99160.0,2025-07-24 13:55:54.910665
2025-07-24,52342,2025072404034564,CHL,Imperial Securities Company Pvt. Ltd.,Bhrikuti Stock Broking Co. Pvt. Ltd.,200,335.0,67000.0,2025-07-24 13:55:54.910890
2025-07-24,51970,2025072404034659,CHL,Dipshikha Dhitopatra Karobar Co. Pvt Ltd.,Ashutosh Brokerage & Securities (PVT) Ltd.,90,335.0,30150.0,2025-07-24 13:56:47.384349
2025-07-24,51969,2025072404034660,CHL,Dipshikha Dhitopatra Karobar Co. Pvt Ltd.,Sumeru Securities Pvt. Ltd.,415,335.0,139025.0,2025-07-24 13:56:47.384516
2025-07-24,51968,2025072404034661,CHL,Dipshikha Dhitopatra Karobar Co. Pvt Ltd.,Imperial Securities Company Pvt. Ltd.,483,335.0,161805.0,2025-07-24 13:56:47.384582
2025-07-24,50259,2025072404035133,CHL,Dynamic Money Managers Securities Pvt. Ltd.,Imperial Securities Company Pvt. Ltd.,17,335.0,5695.0,2025-07-24 14:01:04.236270
2025-07-24,50258,2025072404035134,CHL,Dynamic Money Managers Securities Pvt. Ltd.,Dipshikha Dhitopatra Karobar Co. Pvt Ltd.,25,335.0,8375.0,2025-07-24 14:01:04.236607
2025-07-24,50257,2025072404035135,CHL,Dynamic Money Managers Securities Pvt. Ltd.,Sewa Securities Pvt. Ltd.,11,335.0,3685.0,2025-07-24 14:01:04.236795
2025-07-24,50256,2025072404035136,CHL,Dynamic Money Managers Securities Pvt. Ltd.,Neev Securities Pvt. Ltd.,15,335.0,5025.0,2025-07-24 14:01:04.236973
2025-07-24,50255,2025072404035137,CHL,Dynamic Money Managers Securities Pvt. Ltd.,Trishakti Securities Public Limited,300,335.0,100500.0,2025-07-24 14:01:04.237145
2025-07-24,50254,2025072404035138,CHL,Dynamic Money Managers Securities Pvt. Ltd.,Market Securities & Exchange (PVT) Ltd.,22,335.0,7370.0,2025-07-24 14:01:04.237346
2025-07-24,50253,2025072404035139,CHL,Dynamic Money Managers Securities Pvt. Ltd.,Siprabi Securities Pvt. Ltd.,90,335.0,30150.0,2025-07-24 14:01:04.237520
2025-07-24,49885,2025072404035242,CHL,Imperial Securities Company Pvt. Ltd.,ABC Securities Private Limited,220,335.6,73832.0,2025-07-24 14:01:53.942137
2025-07-24,49884,2025072404035243,CHL,Imperial Securities Company Pvt. Ltd.,Sumeru Securities Pvt. Ltd.,170,335.8,57086.0,2025-07-24 14:01:53.942335
2025-07-24,49883,2025072404035244,CHL,Imperial Securities Company Pvt. Ltd.,Citizens Share Broker Limited,100,335.9,33590.0,2025-07-24 14:01:53.942400
2025-07-24,49882,2025072404035245,CHL,Imperial Securities Company Pvt. Ltd.,Aryatara Investment & Securities,14,335.9,4702.6,2025-07-24 14:01:53.942459
2025-07-24,49865,2025072404035247,CHL,Imperial Securities Company Pvt. Ltd.,Aryatara Investment & Securities,86,335.9,28887.4,2025-07-24 14:01:57.471376
2025-07-24,49864,2025072404035248,CHL,Imperial Securities Company Pvt. Ltd.,Bhrikuti Stock Broking Co. Pvt. Ltd.,414,336.0,139104.0,2025-07-24 14:01:57.471543
2025-07-24,49827,2025072404035262,CHL,Imperial Securities Company Pvt. Ltd.,Bhrikuti Stock Broking Co. Pvt. Ltd.,500,336.0,168000.0,2025-07-24 14:02:03.284135
2025-07-24,49631,2025072404035310,CHL,Oxford Securities Pvt. Ltd.,Bhrikuti Stock Broking Co. Pvt. Ltd.,586,336.0,196896.0,2025-07-24 14:02:27.085502
2025-07-24,49630,2025072404035311,CHL,Oxford Securities Pvt. Ltd.,Malla & Malla Stock Broking Company Pvt. Limited,101,336.0,33936.0,2025-07-24 14:02:27.085690
2025-07-24,49629,2025072404035312,CHL,Oxford Securities Pvt. Ltd.,Sundhara Securities Limited,150,336.0,50400.0,2025-07-24 14:02:27.085753
2025-07-24,49480,2025072404035364,CHL,Oxford Securities Pvt. Ltd.,J.F. Securites (PVT) Ltd.,100,336.5,33650.0,2025-07-24 14:02:47.197268
2025-07-24,49394,2025072404035390,CHL,Oxford Securities Pvt. Ltd.,Dynamic Money Managers Securities Pvt. Ltd.,63,336.9,21224.7,2025-07-24 14:03:00.592496
2025-07-24,49374,2025072404035393,CHL,Naasa Securities Co. Ltd.,Dynamic Money Managers Securities Pvt. Ltd.,100,336.9,33690.0,2025-07-24 14:03:02.824153
2025-07-24,49362,2025072404035400,CHL,Aryatara Investment & Securities,Arun Securities (PVT) Ltd.,73,336.0,24528.0,2025-07-24 14:03:07.212522
2025-07-24,49281,2025072404035411,CHL,Aryatara Investment & Securities,Premier Securities Company Ltd.,127,336.0,42672.0,2025-07-24 14:03:12.081814
2025-07-24,49174,2025072404035443,CHL,Dynamic Money Managers Securities Pvt. Ltd.,Nepal Stock House (PVT) Ltd.,20,335.0,6700.0,2025-07-24 14:03:25.826546
2025-07-24,49025,2025072404035485,CHL,Deevyaa Securities & Stock House Pvt. Ltd,Linch Stock Market Ltd.,15,334.0,5010.0,2025-07-24 14:03:52.324496
2025-07-24,48588,2025072404035576,CHL,Neev Securities Pvt. Ltd.,Opal Securities Investment (PVT) Ltd.,200,335.0,67000.0,2025-07-24 14:04:44.231573
2025-07-24,48587,2025072404035577,CHL,Deevyaa Securities & Stock House Pvt. Ltd,Opal Securities Investment (PVT) Ltd.,185,334.0,61790.0,2025-07-24 14:04:44.231728
2025-07-24,48586,2025072404035578,CHL,Vision Securities Pvt. Ltd,Opal Securities Investment (PVT) Ltd.,3000,332.1,996300.0,2025-07-24 14:04:44.231801
2025-07-24,48585,2025072404035579,CHL,Deevyaa Securities & Stock House Pvt. Ltd,Opal Securities Investment (PVT) Ltd.,2000,332.0,664000.0,2025-07-24 14:04:44.231869
2025-07-24,48584,2025072404035580,CHL,Kohinoor Investment & Securities Pvt. Ltd.,Opal Securities Investment (PVT) Ltd.,4590,331.1,1519749.0,2025-07-24 14:04:44.231926
2025-07-24,48583,2025072404035581,CHL,SUN SECURITIES PVT LTD,Opal Securities Investment (PVT) Ltd.,2000,331.1,662200.0,2025-07-24 14:04:44.231982
2025-07-24,48582,2025072404035582,CHL,Imperial Securities Company Pvt. Ltd.,Opal Securities Investment (PVT) Ltd.,25,331.0,8275.0,2025-07-24 14:04:44.232042
2025-07-24,48451,2025072404035609,CHL,KALASH STOCK MARKET PVT. LTD.,Naasa Securities Co. Ltd.,80,335.0,26800.0,2025-07-24 14:05:01.830456
2025-07-24,48302,2025072404035638,CHL,Sani Securities Company Ltd.,Premier Securities Company Ltd.,500,336.0,168000.0,2025-07-24 14:05:22.568583
2025-07-24,47960,2025072404035713,CHL,KALASH STOCK MARKET PVT. LTD.,SUN SECURITIES PVT LTD,420,335.0,140700.0,2025-07-24 14:05:56.580520
2025-07-24,46646,2025072404036260,CHL,KALASH STOCK MARKET PVT. LTD.,SUN SECURITIES PVT LTD,500,334.0,167000.0,2025-07-24 14:08:30.569681
2025-07-24,45551,2025072404036580,CHL,Kohinoor Investment & Securities Pvt. Ltd.,Market Securities & Exchange (PVT) Ltd.,10,333.0,3330.0,2025-07-24 14:10:36.017175
2025-07-24,44883,2025072404036758,CHL,Nepal Investment And Securities Trading Private Limited,Market Securities & Exchange (PVT) Ltd.,990,333.0,329670.0,2025-07-24 14:11:49.539415
2025-07-24,44755,2025072404036790,CHL,Imperial Securities Company Pvt. Ltd.,Asian Securities Private Ltd.,49,335.0,16415.0,2025-07-24 14:12:10.295354
2025-07-24,44754,2025072404036791,CHL,Imperial Securities Company Pvt. Ltd.,Sundhara Securities Limited,10,335.0,3350.0,2025-07-24 14:12:10.295443
2025-07-24,44753,2025072404036792,CHL,Imperial Securities Company Pvt. Ltd.,Aryatara Investment & Securities,65,335.8,21827.0,2025-07-24 14:12:10.295476
2025-07-24,44752,2025072404036793,CHL,Imperial Securities Company Pvt. Ltd.,SUN SECURITIES PVT LTD,380,335.9,127642.0,2025-07-24 14:12:10.295506
2025-07-24,44751,2025072404036794,CHL,Imperial Securities Company Pvt. Ltd.,Premier Securities Company Ltd.,73,336.0,24528.0,2025-07-24 14:12:10.295536
2025-07-24,44750,2025072404036795,CHL,Imperial Securities Company Pvt. Ltd.,Naasa Securities Co. Ltd.,200,336.0,67200.0,2025-07-24 14:12:10.295564
2025-07-24,44749,2025072404036796,CHL,Imperial Securities Company Pvt. Ltd.,Capital Hub P. Ltd,223,336.0,74928.0,2025-07-24 14:12:10.295591
2025-07-24,44503,2025072404036881,CHL,Capital Max Securities Ltd,Capital Hub P. Ltd,200,336.0,67200.0,2025-07-24 14:12:41.919063
2025-07-24,44363,2025072404036908,CHL,Creative Securities Pvt Ltd,Capital Hub P. Ltd,77,336.0,25872.0,2025-07-24 14:12:57.737369
2025-07-24,44362,2025072404036909,CHL,Creative Securities Pvt Ltd,South Asian Bulls Pvt. Ltd.,100,336.0,33600.0,2025-07-24 14:12:57.737595
2025-07-24,44212,2025072404036939,CHL,Linch Stock Market Ltd.,Dynamic Money Managers Securities Pvt. Ltd.,600,336.9,202140.0,2025-07-24 14:13:15.785515
2025-07-24,42856,2025072404037310,CHL,Sani Securities Company Ltd.,Dynamic Money Managers Securities Pvt. Ltd.,227,336.9,76476.3,2025-07-24 14:15:12.070870
2025-07-24,42185,2025072404037550,CHL,Sani Securities Company Ltd.,Neev Securities Pvt. Ltd.,100,336.9,33690.0,2025-07-24 14:16:17.421971
2025-07-24,41870,2025072404037630,CHL,Sani Securities Company Ltd.,Siprabi Securities Pvt. Ltd.,10,336.9,3369.0,2025-07-24 14:16:38.385708
2025-07-24,41645,2025072404037672,CHL,Sani Securities Company Ltd.,Dipshikha Dhitopatra Karobar Co. Pvt Ltd.,10,336.9,3369.0,2025-07-24 14:16:59.329511
2025-07-24,40856,2025072404037948,CHL,Sani Securities Company Ltd.,Aryatara Investment & Securities,153,336.9,51545.7,2025-07-24 14:18:11.314267
2025-07-24,38051,2025072404038958,CHL,Nabil Stock Dealer Ltd.,Sagarmatha Securities Private Limited,100,336.0,33600.0,2025-07-24 14:22:13.083365
2025-07-24,38050,2025072404038959,CHL,Nabil Stock Dealer Ltd.,Aryatara Investment & Securities,847,336.5,285015.5,2025-07-24 14:22:13.083524
2025-07-24,38049,2025072404038960,CHL,Nabil Stock Dealer Ltd.,S.P.S.A. Securities Limited,112,336.5,37688.0,2025-07-24 14:22:13.083617
2025-07-24,38048,2025072404038961,CHL,Nabil Stock Dealer Ltd.,Trisul Securities & Invt. Ltd.,50,336.9,16845.0,2025-07-24 14:22:13.083691
2025-07-24,38047,2025072404038962,CHL,Nabil Stock Dealer Ltd.,Siprabi Securities Pvt. Ltd.,10,336.9,3369.0,2025-07-24 14:22:13.083769
2025-07-24,38046,2025072404038963,CHL,Nabil Stock Dealer Ltd.,Online Securities Pvt. Ltd.,10,337.0,3370.0,2025-07-24 14:22:13.083830
2025-07-24,38045,2025072404038964,CHL,Nabil Stock Dealer Ltd.,South Asian Bulls Pvt. Ltd.,20,337.0,6740.0,2025-07-24 14:22:13.083899
2025-07-24,38044,2025072404038965,CHL,Nabil Stock Dealer Ltd.,Naasa Securities Co. Ltd.,100,337.0,33700.0,2025-07-24 14:22:13.083966
2025-07-24,38043,2025072404038966,CHL,Nabil Stock Dealer Ltd.,Dynamic Money Managers Securities Pvt. Ltd.,10,338.0,3380.0,2025-07-24 14:22:13.084031
2025-07-24,38042,2025072404038967,CHL,Nabil Stock Dealer Ltd.,Naasa Securities Co. Ltd.,100,338.0,33800.0,2025-07-24 14:22:13.084088
2025-07-24,38041,2025072404038968,CHL,Nabil Stock Dealer Ltd.,Aryatara Investment & Securities,250,338.0,84500.0,2025-07-24 14:22:13.084155
2025-07-24,38040,2025072404038969,CHL,Nabil Stock Dealer Ltd.,South Asian Bulls Pvt. Ltd.,190,338.0,64220.0,2025-07-24 14:22:13.084219
2025-07-24,38039,2025072404038970,CHL,Nabil Stock Dealer Ltd.,Oxford Securities Pvt. Ltd.,120,338.0,40560.0,2025-07-24 14:22:13.084283
2025-07-24,38038,2025072404038971,CHL,Nabil Stock Dealer Ltd.,Citizens Share Broker Limited,100,338.1,33810.0,2025-07-24 14:22:13.084355
2025-07-24,38037,2025072404038972,CHL,Nabil Stock Dealer Ltd.,Neev Securities Pvt. Ltd.,10,338.6,3386.0,2025-07-24 14:22:13.084417
2025-07-24,38036,2025072404038973,CHL,Nabil Stock Dealer Ltd.,Capital Max Securities Ltd,182,338.9,61679.8,2025-07-24 14:22:13.084482
2025-07-24,38035,2025072404038974,CHL,Nabil Stock Dealer Ltd.,Kumari Securities Private Limited,316,339.0,107124.0,2025-07-24 14:22:13.084549
2025-07-24,38034,2025072404038975,CHL,Nabil Stock Dealer Ltd.,Sani Securities Company Ltd.,100,339.0,33900.0,2025-07-24 14:22:13.084609
2025-07-24,38033,2025072404038976,CHL,Nabil Stock Dealer Ltd.,Naasa Securities Co. Ltd.,315,339.0,106785.0,2025-07-24 14:22:13.084672
2025-07-24,38032,2025072404038977,CHL,Nabil Stock Dealer Ltd.,Opal Securities Investment (PVT) Ltd.,1135,339.0,384765.0,2025-07-24 14:22:13.084723
2025-07-24,38031,2025072404038978,CHL,Nabil Stock Dealer Ltd.,Linch Stock Market Ltd.,100,339.0,33900.0,2025-07-24 14:22:13.084774
2025-07-24,38030,2025072404038979,CHL,Nabil Stock Dealer Ltd.,Asian Securities Private Ltd.,10,339.0,3390.0,2025-07-24 14:22:13.084828
2025-07-24,38029,2025072404038980,CHL,Nabil Stock Dealer Ltd.,Aryatara Investment & Securities,813,339.4,275932.2,2025-07-24 14:22:13.084882
2025-07-24,37925,2025072404039035,CHL,Nabil Stock Dealer Ltd.,Aryatara Investment & Securities,187,339.4,63467.8,2025-07-24 14:22:24.751990
2025-07-24,37924,2025072404039036,CHL,Nabil Stock Dealer Ltd.,Indira securities pvt. ltd,200,339.6,67920.0,2025-07-24 14:22:24.752165
2025-07-24,37923,2025072404039037,CHL,Nabil Stock Dealer Ltd.,Sani Securities Company Ltd.,60,339.6,20376.0,2025-07-24 14:22:24.752284
2025-07-24,37922,2025072404039038,CHL,Nabil Stock Dealer Ltd.,Naasa Securities Co. Ltd.,24,339.6,8150.4,2025-07-24 14:22:24.752365
2025-07-24,37921,2025072404039039,CHL,Nabil Stock Dealer Ltd.,Trishakti Securities Public Limited,500,339.6,169800.0,2025-07-24 14:22:24.752419
2025-07-24,37920,2025072404039040,CHL,Nabil Stock Dealer Ltd.,Dipshikha Dhitopatra Karobar Co. Pvt Ltd.,20,339.8,6796.0,2025-07-24 14:22:24.752492
2025-07-24,37919,2025072404039041,CHL,Nabil Stock Dealer Ltd.,Asian Securities Private Ltd.,500,339.9,169950.0,2025-07-24 14:22:24.752557
2025-07-24,37918,2025072404039042,CHL,Nabil Stock Dealer Ltd.,Nabil Stock Dealer Ltd.,300,339.9,101970.0,2025-07-24 14:22:24.752625
2025-07-24,37917,2025072404039043,CHL,Nabil Stock Dealer Ltd.,Trishakti Securities Public Limited,1000,339.9,339900.0,2025-07-24 14:22:24.752684
2025-07-24,37916,2025072404039044,CHL,Nabil Stock Dealer Ltd.,Thrive Brokerage House Pvt. Ltd,413,340.0,140420.0,2025-07-24 14:22:24.752750
2025-07-24,37915,2025072404039045,CHL,Nabil Stock Dealer Ltd.,Primo Securities (PVT) Ltd.,500,340.0,170000.0,2025-07-24 14:22:24.752809
2025-07-24,37914,2025072404039046,CHL,Nabil Stock Dealer Ltd.,Sani Securities Company Ltd.,1000,340.0,340000.0,2025-07-24 14:22:24.752867
2025-07-24,37913,2025072404039047,CHL,Nabil Stock Dealer Ltd.,Sani Securities Company Ltd.,296,340.0,100640.0,2025-07-24 14:22:24.752920
2025-07-24,37719,2025072404039114,CHL,Nabil Stock Dealer Ltd.,Sani Securities Company Ltd.,204,340.0,69360.0,2025-07-24 14:22:40.809978
2025-07-24,37718,2025072404039115,CHL,Nabil Stock Dealer Ltd.,Online Securities Pvt. Ltd.,478,340.0,162520.0,2025-07-24 14:22:40.810162
2025-07-24,37717,2025072404039116,CHL,Nabil Stock Dealer Ltd.,Dipshikha Dhitopatra Karobar Co. Pvt Ltd.,1311,340.0,445740.0,2025-07-24 14:22:40.810228
2025-07-24,37716,2025072404039117,CHL,Nabil Stock Dealer Ltd.,Online Securities Pvt. Ltd.,200,340.0,68000.0,2025-07-24 14:22:40.810290
2025-07-24,37715,2025072404039118,CHL,Nabil Stock Dealer Ltd.,Naasa Securities Co. Ltd.,350,340.0,119000.0,2025-07-24 14:22:40.810365
2025-07-24,37714,2025072404039119,CHL,Nabil Stock Dealer Ltd.,J.F. Securites (PVT) Ltd.,15,340.0,5100.0,2025-07-24 14:22:40.810415
2025-07-24,37713,2025072404039120,CHL,Nabil Stock Dealer Ltd.,Magnet Securities and Investment Company Private Limited,500,340.0,170000.0,2025-07-24 14:22:40.810464
2025-07-24,37712,2025072404039121,CHL,Nabil Stock Dealer Ltd.,Magnet Securities and Investment Company Private Limited,500,340.0,170000.0,2025-07-24 14:22:40.810516
2025-07-24,37711,2025072404039122,CHL,Nabil Stock Dealer Ltd.,Naasa Securities Co. Ltd.,95,340.0,32300.0,2025-07-24 14:22:40.810565
2025-07-24,36894,2025072404039435,CHL,Nabil Stock Dealer Ltd.,Shree Krishna Securities Ltd.,20,340.0,6800.0,2025-07-24 14:23:52.786011
2025-07-24,36885,2025072404039437,CHL,Nabil Stock Dealer Ltd.,Secured Securities Ltd.,1060,340.0,360400.0,2025-07-24 14:23:54.437926
2025-07-24,36825,2025072404039459,CHL,Secured Securities Ltd.,Imperial Securities Company Pvt. Ltd.,500,340.4,170200.0,2025-07-24 14:24:01.764964
2025-07-24,36674,2025072404039509,CHL,Secured Securities Ltd.,Sri Hari Securities Pvt. Ltd.,200,340.4,68080.0,2025-07-24 14:24:15.153771
2025-07-24,36673,2025072404039510,CHL,Nabil Stock Dealer Ltd.,Sri Hari Securities Pvt. Ltd.,267,340.0,90780.0,2025-07-24 14:24:15.153909
2025-07-24,34762,2025072404040022,CHL,Premier Securities Company Ltd.,Oxford Securities Pvt. Ltd.,500,339.9,169950.0,2025-07-24 14:27:28.200795
2025-07-24,32670,2025072404040656,CHL,SHUBHAKAMANA SECURITIES PVT. LTD,Secured Securities Ltd.,500,339.9,169950.0,2025-07-24 14:30:30.164917
2025-07-24,30951,2025072404041108,CHL,Aryatara Investment & Securities,Neev Securities Pvt. Ltd.,100,339.3,33930.0,2025-07-24 14:33:02.719378
2025-07-24,30950,2025072404041109,CHL,Aryatara Investment & Securities,Imperial Securities Company Pvt. Ltd.,200,339.4,67880.0,2025-07-24 14:33:02.719480
2025-07-24,30949,2025072404041110,CHL,Aryatara Investment & Securities,Sani Securities Company Ltd.,200,339.5,67900.0,2025-07-24 14:33:02.719545
2025-07-24,29787,2025072404041508,CHL,Linch Stock Market Ltd.,Kalika Securities Pvt. Ltd.,50,337.0,16850.0,2025-07-24 14:34:37.204585
2025-07-24,25580,2025072404042905,CHL,Dipshikha Dhitopatra Karobar Co. Pvt Ltd.,J.F. Securites (PVT) Ltd.,200,336.1,67220.0,2025-07-24 14:40:00.005709
2025-07-24,25579,2025072404042906,CHL,Sani Securities Company Ltd.,J.F. Securites (PVT) Ltd.,200,336.0,67200.0,2025-07-24 14:40:00.005770
2025-07-24,25578,2025072404042907,CHL,Sani Securities Company Ltd.,J.F. Securites (PVT) Ltd.,320,335.5,107360.0,2025-07-24 14:40:00.005793
2025-07-24,25577,2025072404042908,CHL,Naasa Securities Co. Ltd.,J.F. Securites (PVT) Ltd.,487,335.5,163388.5,2025-07-24 14:40:00.005815
2025-07-24,25576,2025072404042909,CHL,Infinity Securities Limited,J.F. Securites (PVT) Ltd.,793,335.2,265813.6,2025-07-24 14:40:00.005851
2025-07-24,25013,2025072404043111,CHL,Malla & Malla Stock Broking Company Pvt. Limited,Capital Max Securities Ltd,70,336.9,23583.0,2025-07-24 14:40:45.802434
2025-07-24,24867,2025072404043155,CHL,Sweta Securities Private Limited,Capital Max Securities Ltd,130,336.9,43797.0,2025-07-24 14:40:58.385750
2025-07-24,24866,2025072404043156,CHL,Sweta Securities Private Limited,Agrawal Securities (PVT) Ltd.,70,337.0,23590.0,2025-07-24 14:40:58.386055
2025-07-24,23298,2025072404043612,CHL,Nepal Stock House (PVT) Ltd.,Agrawal Securities (PVT) Ltd.,500,337.0,168500.0,2025-07-24 14:42:58.386211
2025-07-24,22350,2025072404043941,CHL,Nepal Stock House (PVT) Ltd.,Agrawal Securities (PVT) Ltd.,10,337.0,3370.0,2025-07-24 14:44:01.785263
2025-07-24,22061,2025072404044038,CHL,Dipshikha Dhitopatra Karobar Co. Pvt Ltd.,Agrawal Securities (PVT) Ltd.,50,337.0,16850.0,2025-07-24 14:44:21.376580
2025-07-24,20550,2025072404044564,CHL,Swarna Laxmi Securities Pvt. Ltd.,Nepal Stock House (PVT) Ltd.,250,336.0,84000.0,2025-07-24 14:45:58.923980
2025-07-24,20502,2025072404044577,CHL,Naasa Securities Co. Ltd.,Agrawal Securities (PVT) Ltd.,370,337.0,124690.0,2025-07-24 14:46:05.091832
2025-07-24,20429,2025072404044605,CHL,Naasa Securities Co. Ltd.,Nepal Investment And Securities Trading Private Limited,10,337.0,3370.0,2025-07-24 14:46:09.705668
2025-07-24,20210,2025072404044719,CHL,Kohinoor Investment & Securities Pvt. Ltd.,Dipshikha Dhitopatra Karobar Co. Pvt Ltd.,10,338.8,3388.0,2025-07-24 14:46:22.372486
2025-07-24,19816,2025072404044868,CHL,Naasa Securities Co. Ltd.,Nepal Stock House (PVT) Ltd.,120,337.0,40440.0,2025-07-24 14:46:50.565933
2025-07-24,18537,2025072404045334,CHL,Naasa Securities Co. Ltd.,Nepal Stock House (PVT) Ltd.,70,336.0,23520.0,2025-07-24 14:48:09.343999
2025-07-24,18126,2025072404045478,CHL,Imperial Securities Company Pvt. Ltd.,Nabil Stock Dealer Ltd.,565,336.0,189840.0,2025-07-24 14:48:34.312382
2025-07-24,18125,2025072404045479,CHL,Sri Hari Securities Pvt. Ltd.,Nabil Stock Dealer Ltd.,1255,335.4,420927.0,2025-07-24 14:48:34.312567
2025-07-24,18124,2025072404045480,CHL,Sweta Securities Private Limited,Nabil Stock Dealer Ltd.,160,335.3,53648.0,2025-07-24 14:48:34.312641
2025-07-24,18123,2025072404045481,CHL,Infinity Securities Limited,Nabil Stock Dealer Ltd.,4207,335.3,1410607.1,2025-07-24 14:48:34.312738
2025-07-24,18122,2025072404045482,CHL,Vision Securities Pvt. Ltd,Nabil Stock Dealer Ltd.,2813,335.3,943198.9,2025-07-24 14:48:34.312809
2025-07-24,17349,2025072404045764,CHL,Online Securities Pvt. Ltd.,Neev Securities Pvt. Ltd.,100,337.0,33700.0,2025-07-24 14:49:23.515655
2025-07-24,17246,2025072404045831,CHL,Online Securities Pvt. Ltd.,Online Securities Pvt. Ltd.,100,337.0,33700.0,2025-07-24 14:49:27.213700
2025-07-24,16872,2025072404045950,CHL,Opal Securities Investment (PVT) Ltd.,Online Securities Pvt. Ltd.,100,337.0,33700.0,2025-07-24 14:49:50.499267
2025-07-24,16871,2025072404045951,CHL,Opal Securities Investment (PVT) Ltd.,Nepal Stock House (PVT) Ltd.,100,337.0,33700.0,2025-07-24 14:49:50.499442
2025-07-24,15672,2025072404046403,CHL,Sani Securities Company Ltd.,Naasa Securities Co. Ltd.,1000,336.0,336000.0,2025-07-24 14:50:56.091193
2025-07-24,15671,2025072404046404,CHL,Sani Securities Company Ltd.,Vision Securities Pvt. Ltd,500,337.0,168500.0,2025-07-24 14:50:56.091370
2025-07-24,15519,2025072404046466,CHL,Vision Securities Pvt. Ltd,Online Securities Pvt. Ltd.,50,335.3,16765.0,2025-07-24 14:51:04.747373
2025-07-24,14303,2025072404046857,CHL,Neev Securities Pvt. Ltd.,Vision Securities Pvt. Ltd,200,337.0,67400.0,2025-07-24 14:52:05.868301
2025-07-24,14111,2025072404046899,CHL,Sri Hari Securities Pvt. Ltd.,Vision Securities Pvt. Ltd,20,337.0,6740.0,2025-07-24 14:52:15.850337
2025-07-24,12924,2025072404047336,CHL,Naasa Securities Co. Ltd.,Nepal Stock House (PVT) Ltd.,40,336.0,13440.0,2025-07-24 14:53:14.730259
2025-07-24,12923,2025072404047337,CHL,Naasa Securities Co. Ltd.,ABC Securities Private Limited,5,336.0,1680.0,2025-07-24 14:53:14.730463
2025-07-24,12469,2025072404047473,CHL,Sweta Securities Private Limited,Capital Max Securities Ltd,160,335.4,53664.0,2025-07-24 14:53:39.049479
2025-07-24,12468,2025072404047474,CHL,Vision Securities Pvt. Ltd,Capital Max Securities Ltd,40,335.3,13412.0,2025-07-24 14:53:39.049834
2025-07-24,9999,2025072404048287,CHL,Dipshikha Dhitopatra Karobar Co. Pvt Ltd.,Nepal Stock House (PVT) Ltd.,400,335.5,134200.0,2025-07-24 14:55:28.359391
2025-07-24,7527,2025072404049084,CHL,Sweta Securities Private Limited,Vision Securities Pvt. Ltd,1000,336.0,336000.0,2025-07-24 14:57:00.445907
2025-07-24,6665,2025072404049407,CHL,Sundhara Securities Limited,Sagarmatha Securities Private Limited,100,335.5,33550.0,2025-07-24 14:57:27.388139
2025-07-24,5868,2025072404049707,CHL,Sundhara Securities Limited,Vision Securities Pvt. Ltd,10,336.0,3360.0,2025-07-24 14:57:57.029143
2025-07-24,5867,2025072404049708,CHL,Sundhara Securities Limited,Linch Stock Market Ltd.,690,336.0,231840.0,2025-07-24 14:57:57.029493
2025-07-24,5325,2025072404049931,CHL,Opal Securities Investment (PVT) Ltd.,Linch Stock Market Ltd.,200,336.0,67200.0,2025-07-24 14:58:14.312390
2025-07-24,5078,2025072404050006,CHL,ABC Securities Private Limited,Linch Stock Market Ltd.,110,336.0,36960.0,2025-07-24 14:58:21.923555
2025-07-24,5077,2025072404050007,CHL,ABC Securities Private Limited,Sundhara Securities Limited,34,336.0,11424.0,2025-07-24 14:58:21.923751
2025-07-24,4907,2025072404050061,CHL,Nepal Investment And Securities Trading Private Limited,Hatemalo Financial Services Private Limited,10,336.3,3363.0,2025-07-24 14:58:28.120002
2025-07-24,4811,2025072404050107,CHL,ABC Securities Private Limited,Vision Securities Pvt. Ltd,356,336.0,119616.0,2025-07-24 14:58:31.160661
2025-07-24,3419,2025072404050575,CHL,Asian Securities Private Ltd.,Sani Securities Company Ltd.,200,335.5,67100.0,2025-07-24 14:59:06.657126
2025-07-24,961,2025072404051587,CHL,Asian Securities Private Ltd.,Kumari Securities Private Limited,30,335.5,10065.0,2025-07-24 14:59:46.239898
2025-07-24,887,2025072404051611,CHL,Premier Securities Company Ltd.,Vision Securities Pvt. Ltd,424,336.0,142464.0,2025-07-24 14:59:47.534664
2025-07-24,886,2025072404051612,CHL,Premier Securities Company Ltd.,Thrive Brokerage House Pvt. Ltd,400,336.0,134400.0,2025-07-24 14:59:47.534818
2025-07-24,62,2025072404051916,CHL,Premier Securities Company Ltd.,Trishakti Securities Public Limited,176,336.0,59136.0,2025-07-24 14:59:59.374833
2025-07-24,61,2025072404051917,CHL,Asian Securities Private Ltd.,Trishakti Securities Public Limited,670,335.5,224785.0,2025-07-24 14:59:59.374896
2025-07-24,60,2025072404051918,CHL,Vision Securities Pvt. Ltd,Trishakti Securities Public Limited,97,335.3,32524.1,2025-07-24 14:59:59.374923
2025-07-24,59,2025072404051919,CHL,Sumeru Securities Pvt. Ltd.,Trishakti Securities Public Limited,400,335.3,134120.0,2025-07-24 14:59:59.374975
2025-07-24,58,2025072404051920,CHL,Bhrikuti Stock Broking Co. Pvt. Ltd.,Trishakti Securities Public Limited,100,335.3,33530.0,2025-07-24 14:59:59.375009
2025-07-24,57,2025072404051921,CHL,Midas Stock Broking Company Private Limited,Trishakti Securities Public Limited,50,335.3,16765.0,2025-07-24 14:59:59.375040
2025-07-24,56,2025072404051922,CHL,Sweta Securities Private Limited,Trishakti Securities Public Limited,100,335.2,33520.0,2025-07-24 14:59:59.375071
2025-07-24,55,2025072404051923,CHL,Secured Securities Ltd.,Trishakti Securities Public Limited,100,335.0,33500.0,2025-07-24 14:59:59.375096
2025-07-24,54,2025072404051924,CHL,Sani Securities Company Ltd.,Trishakti Securities Public Limited,450,335.0,150750.0,2025-07-24 14:59:59.375127
2025-07-24,53,2025072404051925,CHL,Opal Securities Investment (PVT) Ltd.,Trishakti Securities Public Limited,20,334.0,6680.0,2025-07-24 14:59:59.375163
2025-07-24,52,2025072404051926,CHL,Siprabi Securities Pvt. Ltd.,Trishakti Securities Public Limited,75,334.0,25050.0,2025-07-24 14:59:59.375192
2025-07-24,51,2025072404051927,CHL,Sweta Securities Private Limited,Trishakti Securities Public Limited,100,334.0,33400.0,2025-07-24 14:59:59.375215
2025-07-24,50,2025072404051928,CHL,Trisul Securities & Invt. Ltd.,Trishakti Securities Public Limited,2000,334.0,668000.0,2025-07-24 14:59:59.375258
2025-07-24,49,2025072404051929,CHL,Vision Securities Pvt. Ltd,Trishakti Securities Public Limited,472,333.5,157412.0,2025-07-24 14:59:59.375285
