Date,S.N.,contract_id,symbol,buyer_broker,seller_broker,volume,price,amount,transaction_time
2025-07-24,153994,2025072405000118,CIT,Neev Securities Pvt. Ltd.,Ashutosh Brokerage & Securities (PVT) Ltd.,10,2079.0,20790.0,2025-07-24 11:01:31.781003
2025-07-24,152544,2025072405000375,CIT,Vision Securities Pvt. Ltd,Ashutosh Brokerage & Securities (PVT) Ltd.,10,2060.0,20600.0,2025-07-24 11:04:17.972973
2025-07-24,150966,2025072405000608,CIT,Naasa Securities Co. Ltd.,Ashutosh Brokerage & Securities (PVT) Ltd.,15,2060.0,30900.0,2025-07-24 11:06:59.275375
2025-07-24,150790,2025072405000644,CIT,J.F. Securites (PVT) Ltd.,Ashutosh Brokerage & Securities (PVT) Ltd.,10,2060.0,20600.0,2025-07-24 11:07:14.689140
2025-07-24,150437,2025072405000717,CIT,Naasa Securities Co. Ltd.,Ashutosh Brokerage & Securities (PVT) Ltd.,20,2060.0,41200.0,2025-07-24 11:07:47.996835
2025-07-24,149783,2025072405000860,CIT,J.F. Securites (PVT) Ltd.,Ashutosh Brokerage & Securities (PVT) Ltd.,10,2060.0,20600.0,2025-07-24 11:08:56.282389
2025-07-24,149576,2025072405000933,CIT,Magnet Securities and Investment Company Private Limited,ABC Securities Private Limited,12,2060.0,24720.0,2025-07-24 11:09:17.730363
2025-07-24,149575,2025072405000934,CIT,Magnet Securities and Investment Company Private Limited,Linch Stock Market Ltd.,25,2060.0,51500.0,2025-07-24 11:09:17.730494
2025-07-24,149574,2025072405000935,CIT,Magnet Securities and Investment Company Private Limited,Dynamic Money Managers Securities Pvt. Ltd.,15,2060.0,30900.0,2025-07-24 11:09:17.730545
2025-07-24,149357,2025072405000977,CIT,Indira securities pvt. ltd,Miyo Securities Pvt Ltd,10,2055.0,20550.0,2025-07-24 11:09:40.981049
2025-07-24,149356,2025072405000978,CIT,South Asian Bulls Pvt. Ltd.,Miyo Securities Pvt Ltd,50,2052.0,102600.0,2025-07-24 11:09:40.981096
2025-07-24,149355,2025072405000979,CIT,Nepal Stock House (PVT) Ltd.,Miyo Securities Pvt Ltd,100,2050.0,205000.0,2025-07-24 11:09:40.981128
2025-07-24,149354,2025072405000980,CIT,Vision Securities Pvt. Ltd,Miyo Securities Pvt Ltd,20,2050.0,41000.0,2025-07-24 11:09:40.981154
2025-07-24,149353,2025072405000981,CIT,Aryatara Investment & Securities,Miyo Securities Pvt Ltd,200,2050.0,410000.0,2025-07-24 11:09:40.981177
2025-07-24,149352,2025072405000982,CIT,Aryatara Investment & Securities,Miyo Securities Pvt Ltd,200,2050.0,410000.0,2025-07-24 11:09:40.981200
2025-07-24,149351,2025072405000983,CIT,Deevyaa Securities & Stock House Pvt. Ltd,Miyo Securities Pvt Ltd,50,2050.0,102500.0,2025-07-24 11:09:40.981232
2025-07-24,149350,2025072405000984,CIT,Neev Securities Pvt. Ltd.,Miyo Securities Pvt Ltd,80,2048.0,163840.0,2025-07-24 11:09:40.981274
2025-07-24,149349,2025072405000985,CIT,Magnet Securities and Investment Company Private Limited,Miyo Securities Pvt Ltd,50,2045.0,102250.0,2025-07-24 11:09:40.981297
2025-07-24,149348,2025072405000986,CIT,South Asian Bulls Pvt. Ltd.,Miyo Securities Pvt Ltd,50,2045.0,102250.0,2025-07-24 11:09:40.981339
2025-07-24,149347,2025072405000987,CIT,Naasa Securities Co. Ltd.,Miyo Securities Pvt Ltd,190,2039.0,387410.0,2025-07-24 11:09:40.981361
2025-07-24,144632,2025072405001949,CIT,Cristal Kanchanjanga Securites Pvt. Ltd.,Secured Securities Ltd.,20,2059.0,41180.0,2025-07-24 11:17:11.459942
2025-07-24,144159,2025072405002038,CIT,Citizens Share Broker Limited,Kumari Securities Private Limited,12,2042.0,24504.0,2025-07-24 11:17:56.048993
2025-07-24,143704,2025072405002096,CIT,Citizens Share Broker Limited,Premier Securities Company Ltd.,12,2042.0,24504.0,2025-07-24 11:18:40.553884
2025-07-24,143690,2025072405002102,CIT,Citizens Share Broker Limited,Naasa Securities Co. Ltd.,10,2042.0,20420.0,2025-07-24 11:18:41.675852
2025-07-24,140321,2025072405002736,CIT,Thrive Brokerage House Pvt. Ltd,Kalika Securities Pvt. Ltd.,30,2045.0,61350.0,2025-07-24 11:23:50.434492
2025-07-24,140320,2025072405002737,CIT,Imperial Securities Company Pvt. Ltd.,Kalika Securities Pvt. Ltd.,20,2045.0,40900.0,2025-07-24 11:23:50.434726
2025-07-24,139903,2025072405002847,CIT,Siprabi Securities Pvt. Ltd.,Kalika Securities Pvt. Ltd.,30,2045.0,61350.0,2025-07-24 11:24:29.021490
2025-07-24,139198,2025072405002943,CIT,Trisul Securities & Invt. Ltd.,South Asian Bulls Pvt. Ltd.,10,2043.0,20430.0,2025-07-24 11:25:32.484927
2025-07-24,138861,2025072405003009,CIT,Imperial Securities Company Pvt. Ltd.,Kalika Securities Pvt. Ltd.,100,2045.0,204500.0,2025-07-24 11:26:02.003109
2025-07-24,138274,2025072405003109,CIT,Citizens Share Broker Limited,Sri Hari Securities Pvt. Ltd.,16,2042.0,32672.0,2025-07-24 11:26:53.025412
2025-07-24,138273,2025072405003110,CIT,South Asian Bulls Pvt. Ltd.,Sri Hari Securities Pvt. Ltd.,11,2042.0,22462.0,2025-07-24 11:26:53.025580
2025-07-24,138261,2025072405003111,CIT,South Asian Bulls Pvt. Ltd.,Nepal Investment And Securities Trading Private Limited,20,2042.0,40840.0,2025-07-24 11:26:54.317839
2025-07-24,138071,2025072405003138,CIT,South Asian Bulls Pvt. Ltd.,Kalika Securities Pvt. Ltd.,19,2042.0,38798.0,2025-07-24 11:27:09.105283
2025-07-24,138070,2025072405003139,CIT,Aryatara Investment & Securities,Kalika Securities Pvt. Ltd.,10,2042.0,20420.0,2025-07-24 11:27:09.105463
2025-07-24,136489,2025072405003452,CIT,Primo Securities (PVT) Ltd.,Opal Securities Investment (PVT) Ltd.,100,2045.0,204500.0,2025-07-24 11:29:06.047466
2025-07-24,135950,2025072405003534,CIT,Premier Securities Company Ltd.,Opal Securities Investment (PVT) Ltd.,15,2045.0,30675.0,2025-07-24 11:29:48.645288
2025-07-24,135638,2025072405003594,CIT,Kumari Securities Private Limited,Secured Securities Ltd.,30,2049.9,61497.0,2025-07-24 11:30:17.021487
2025-07-24,134177,2025072405003854,CIT,Premier Securities Company Ltd.,Nepal Investment And Securities Trading Private Limited,100,2045.0,204500.0,2025-07-24 11:32:09.155644
2025-07-24,134018,2025072405003890,CIT,Capital Max Securities Ltd,Sundhara Securities Limited,10,2058.5,20585.0,2025-07-24 11:32:21.625327
2025-07-24,134017,2025072405003891,CIT,Capital Max Securities Ltd,J.F. Securites (PVT) Ltd.,10,2058.9,20589.0,2025-07-24 11:32:21.625364
2025-07-24,134016,2025072405003892,CIT,Capital Max Securities Ltd,Sundhara Securities Limited,20,2059.0,41180.0,2025-07-24 11:32:21.625386
2025-07-24,134015,2025072405003893,CIT,Capital Max Securities Ltd,Capital Max Securities Ltd,10,2059.9,20599.0,2025-07-24 11:32:21.625409
2025-07-24,132125,2025072405004174,CIT,Malla & Malla Stock Broking Company Pvt. Limited,Dynamic Money Managers Securities Pvt. Ltd.,10,2060.0,20600.0,2025-07-24 11:34:55.630464
2025-07-24,131124,2025072405004352,CIT,Premier Securities Company Ltd.,Imperial Securities Company Pvt. Ltd.,20,2050.0,41000.0,2025-07-24 11:36:27.255929
2025-07-24,129326,2025072405004630,CIT,Dipshikha Dhitopatra Karobar Co. Pvt Ltd.,Trisul Securities & Invt. Ltd.,70,2059.9,144193.0,2025-07-24 11:38:53.133285
2025-07-24,129325,2025072405004631,CIT,Dipshikha Dhitopatra Karobar Co. Pvt Ltd.,Dynamic Money Managers Securities Pvt. Ltd.,27,2060.0,55620.0,2025-07-24 11:38:53.133551
2025-07-24,129324,2025072405004632,CIT,Dipshikha Dhitopatra Karobar Co. Pvt Ltd.,Midas Stock Broking Company Private Limited,40,2060.0,82400.0,2025-07-24 11:38:53.133644
2025-07-24,129323,2025072405004633,CIT,Dipshikha Dhitopatra Karobar Co. Pvt Ltd.,ABC Securities Private Limited,63,2060.0,129780.0,2025-07-24 11:38:53.133739
2025-07-24,128280,2025072405004807,CIT,Online Securities Pvt. Ltd.,Nabil Stock Dealer Ltd.,1,2035.0,2035.0,2025-07-24 11:40:10.596530
2025-07-24,128141,2025072405004827,CIT,Midas Stock Broking Company Private Limited,ABC Securities Private Limited,37,2060.0,76220.0,2025-07-24 11:40:25.416556
2025-07-24,128140,2025072405004828,CIT,Midas Stock Broking Company Private Limited,Oxford Securities Pvt. Ltd.,10,2060.0,20600.0,2025-07-24 11:40:25.417015
2025-07-24,128081,2025072405004840,CIT,Primo Securities (PVT) Ltd.,Neev Securities Pvt. Ltd.,100,2060.0,206000.0,2025-07-24 11:40:30.472219
2025-07-24,128080,2025072405004841,CIT,Primo Securities (PVT) Ltd.,Kalika Securities Pvt. Ltd.,45,2060.0,92700.0,2025-07-24 11:40:30.472428
2025-07-24,127890,2025072405004860,CIT,Online Securities Pvt. Ltd.,Naasa Securities Co. Ltd.,1,2039.0,2039.0,2025-07-24 11:40:46.407164
2025-07-24,127072,2025072405005004,CIT,Deevyaa Securities & Stock House Pvt. Ltd,Capital Max Securities Ltd,20,2050.0,41000.0,2025-07-24 11:41:55.197725
2025-07-24,124692,2025072405005476,CIT,Sewa Securities Pvt. Ltd.,J.F. Securites (PVT) Ltd.,10,2051.0,20510.0,2025-07-24 11:45:37.062854
2025-07-24,124691,2025072405005477,CIT,Midas Stock Broking Company Private Limited,J.F. Securites (PVT) Ltd.,100,2050.0,205000.0,2025-07-24 11:45:37.063089
2025-07-24,124690,2025072405005478,CIT,Nepal Stock House (PVT) Ltd.,J.F. Securites (PVT) Ltd.,46,2050.0,94300.0,2025-07-24 11:45:37.063185
2025-07-24,124684,2025072405005481,CIT,Trishakti Securities Public Limited,Siprabi Securities Pvt. Ltd.,4,2020.0,8080.0,2025-07-24 11:45:38.085917
2025-07-24,124019,2025072405005568,CIT,Kohinoor Investment & Securities Pvt. Ltd.,South Asian Bulls Pvt. Ltd.,90,2047.0,184230.0,2025-07-24 11:46:42.894129
2025-07-24,123951,2025072405005573,CIT,Kohinoor Investment & Securities Pvt. Ltd.,Aryatara Investment & Securities,10,2047.0,20470.0,2025-07-24 11:46:48.359696
2025-07-24,123377,2025072405005677,CIT,Midas Stock Broking Company Private Limited,Siprabi Securities Pvt. Ltd.,3,2060.0,6180.0,2025-07-24 11:47:43.399639
2025-07-24,122896,2025072405005755,CIT,Aryatara Investment & Securities,Aryatara Investment & Securities,15,2047.0,30705.0,2025-07-24 11:48:32.360147
2025-07-24,122455,2025072405005831,CIT,Vision Securities Pvt. Ltd,Online Securities Pvt. Ltd.,40,2046.9,81876.0,2025-07-24 11:49:21.197775
2025-07-24,122287,2025072405005866,CIT,Online Securities Pvt. Ltd.,Online Securities Pvt. Ltd.,25,2046.9,51172.5,2025-07-24 11:49:41.120339
2025-07-24,122069,2025072405005901,CIT,Nepal Stock House (PVT) Ltd.,Online Securities Pvt. Ltd.,24,2046.9,49125.6,2025-07-24 11:50:06.403495
2025-07-24,121762,2025072405005967,CIT,Sumeru Securities Pvt. Ltd.,Online Securities Pvt. Ltd.,11,2046.9,22515.9,2025-07-24 11:50:39.962243
2025-07-24,121761,2025072405005968,CIT,Sumeru Securities Pvt. Ltd.,Aryatara Investment & Securities,25,2047.0,51175.0,2025-07-24 11:50:39.962785
2025-07-24,121760,2025072405005969,CIT,Sumeru Securities Pvt. Ltd.,Thrive Brokerage House Pvt. Ltd,50,2049.0,102450.0,2025-07-24 11:50:39.963151
2025-07-24,121759,2025072405005970,CIT,Sumeru Securities Pvt. Ltd.,J.F. Securites (PVT) Ltd.,828,2050.0,1697400.0,2025-07-24 11:50:39.963532
2025-07-24,121758,2025072405005971,CIT,Sumeru Securities Pvt. Ltd.,Secured Securities Ltd.,40,2050.0,82000.0,2025-07-24 11:50:39.963808
2025-07-24,121757,2025072405005972,CIT,Sumeru Securities Pvt. Ltd.,Kohinoor Investment & Securities Pvt. Ltd.,46,2050.0,94300.0,2025-07-24 11:50:39.964163
2025-07-24,121483,2025072405006003,CIT,Imperial Securities Company Pvt. Ltd.,Deevyaa Securities & Stock House Pvt. Ltd,15,2046.0,30690.0,2025-07-24 11:51:09.800276
2025-07-24,120144,2025072405006281,CIT,Kumari Securities Private Limited,Kohinoor Investment & Securities Pvt. Ltd.,20,2050.0,41000.0,2025-07-24 11:53:29.844654
2025-07-24,119151,2025072405006422,CIT,Premier Securities Company Ltd.,Kohinoor Investment & Securities Pvt. Ltd.,84,2050.0,172200.0,2025-07-24 11:55:00.643864
2025-07-24,118531,2025072405006571,CIT,Premier Securities Company Ltd.,Agrawal Securities (PVT) Ltd.,27,2050.0,55350.0,2025-07-24 11:56:05.563112
2025-07-24,118127,2025072405006611,CIT,Premier Securities Company Ltd.,Investment Management Nepal Pvt. Ltd.,42,2050.0,86100.0,2025-07-24 11:56:42.194090
2025-07-24,117610,2025072405006661,CIT,Sundhara Securities Limited,Online Securities Pvt. Ltd.,2,2010.0,4020.0,2025-07-24 11:57:35.641679
2025-07-24,117232,2025072405006709,CIT,Dynamic Money Managers Securities Pvt. Ltd.,Imperial Securities Company Pvt. Ltd.,50,2051.0,102550.0,2025-07-24 11:58:11.699943
2025-07-24,114993,2025072405007088,CIT,South Asian Bulls Pvt. Ltd.,Bhrikuti Stock Broking Co. Pvt. Ltd.,10,2055.0,20550.0,2025-07-24 12:01:46.858424
2025-07-24,114992,2025072405007089,CIT,Trishakti Securities Public Limited,Bhrikuti Stock Broking Co. Pvt. Ltd.,10,2055.0,20550.0,2025-07-24 12:01:46.858623
2025-07-24,114297,2025072405007203,CIT,Capital Max Securities Ltd,Sani Securities Company Ltd.,100,2051.1,205110.0,2025-07-24 12:03:06.688059
2025-07-24,113431,2025072405007350,CIT,Naasa Securities Co. Ltd.,Kalika Securities Pvt. Ltd.,8,2042.0,16336.0,2025-07-24 12:04:25.117649
2025-07-24,111413,2025072405007601,CIT,Sewa Securities Pvt. Ltd.,Asian Securities Private Ltd.,80,2051.0,164080.0,2025-07-24 12:07:10.038359
2025-07-24,110810,2025072405007655,CIT,Kumari Securities Private Limited,Swarna Laxmi Securities Pvt. Ltd.,50,2050.0,102500.0,2025-07-24 12:08:05.957241
2025-07-24,110809,2025072405007656,CIT,Kalika Securities Pvt. Ltd.,Swarna Laxmi Securities Pvt. Ltd.,57,2050.0,116850.0,2025-07-24 12:08:05.957286
2025-07-24,109509,2025072405007882,CIT,Kalika Securities Pvt. Ltd.,Asian Securities Private Ltd.,13,2050.0,26650.0,2025-07-24 12:10:23.612538
2025-07-24,108555,2025072405008095,CIT,Dynamic Money Managers Securities Pvt. Ltd.,Sweta Securities Private Limited,100,2050.0,205000.0,2025-07-24 12:11:48.889076
2025-07-24,105729,2025072405008599,CIT,Siprabi Securities Pvt. Ltd.,Online Securities Pvt. Ltd.,50,2047.1,102355.0,2025-07-24 12:17:06.936132
2025-07-24,105728,2025072405008600,CIT,Oxford Securities Pvt. Ltd.,Online Securities Pvt. Ltd.,10,2047.0,20470.0,2025-07-24 12:17:06.936602
2025-07-24,105727,2025072405008601,CIT,Aryatara Investment & Securities,Online Securities Pvt. Ltd.,27,2047.0,55269.0,2025-07-24 12:17:06.936875
2025-07-24,105726,2025072405008602,CIT,Siprabi Securities Pvt. Ltd.,Online Securities Pvt. Ltd.,10,2046.4,20464.0,2025-07-24 12:17:06.937140
2025-07-24,105642,2025072405008611,CIT,Siprabi Securities Pvt. Ltd.,Online Securities Pvt. Ltd.,30,2046.2,61386.0,2025-07-24 12:17:14.463245
2025-07-24,105641,2025072405008612,CIT,Siprabi Securities Pvt. Ltd.,Online Securities Pvt. Ltd.,10,2046.1,20461.0,2025-07-24 12:17:14.463495
2025-07-24,105640,2025072405008613,CIT,Global IME Securities Limited,Online Securities Pvt. Ltd.,10,2046.0,20460.0,2025-07-24 12:17:14.463590
2025-07-24,105639,2025072405008614,CIT,Online Securities Pvt. Ltd.,Online Securities Pvt. Ltd.,50,2046.0,102300.0,2025-07-24 12:17:14.463683
2025-07-24,103536,2025072405009017,CIT,Nepal Investment And Securities Trading Private Limited,J.F. Securites (PVT) Ltd.,10,2050.0,20500.0,2025-07-24 12:21:09.878267
2025-07-24,103535,2025072405009018,CIT,Nepal Investment And Securities Trading Private Limited,Nepal Investment And Securities Trading Private Limited,15,2050.0,30750.0,2025-07-24 12:21:09.878533
2025-07-24,103534,2025072405009019,CIT,Nepal Investment And Securities Trading Private Limited,Dipshikha Dhitopatra Karobar Co. Pvt Ltd.,75,2050.0,153750.0,2025-07-24 12:21:09.878655
2025-07-24,103533,2025072405009020,CIT,Nepal Investment And Securities Trading Private Limited,Sweta Securities Private Limited,100,2050.0,205000.0,2025-07-24 12:21:09.878776
2025-07-24,99745,2025072405009687,CIT,Premier Securities Company Ltd.,Vision Securities Pvt. Ltd,38,2050.0,77900.0,2025-07-24 12:27:33.127070
2025-07-24,99718,2025072405009691,CIT,Nepal Investment And Securities Trading Private Limited,Imperial Securities Company Pvt. Ltd.,10,2054.0,20540.0,2025-07-24 12:27:36.148172
2025-07-24,99717,2025072405009692,CIT,Nepal Investment And Securities Trading Private Limited,Miyo Securities Pvt Ltd,100,2054.0,205400.0,2025-07-24 12:27:36.148677
2025-07-24,99716,2025072405009693,CIT,Nepal Investment And Securities Trading Private Limited,Agrawal Securities (PVT) Ltd.,15,2055.0,30825.0,2025-07-24 12:27:36.148982
2025-07-24,99613,2025072405009708,CIT,Kohinoor Investment & Securities Pvt. Ltd.,Agrawal Securities (PVT) Ltd.,20,2055.0,41100.0,2025-07-24 12:27:53.576908
2025-07-24,99612,2025072405009709,CIT,Kohinoor Investment & Securities Pvt. Ltd.,Miyo Securities Pvt Ltd,80,2055.0,164400.0,2025-07-24 12:27:53.577190
2025-07-24,99141,2025072405009767,CIT,Naasa Securities Co. Ltd.,Imperial Securities Company Pvt. Ltd.,150,2052.0,307800.0,2025-07-24 12:28:50.523715
2025-07-24,98343,2025072405009868,CIT,Cristal Kanchanjanga Securites Pvt. Ltd.,Miyo Securities Pvt Ltd,12,2055.0,24660.0,2025-07-24 12:30:22.464236
2025-07-24,98157,2025072405009896,CIT,Naasa Securities Co. Ltd.,Imperial Securities Company Pvt. Ltd.,11,2052.0,22572.0,2025-07-24 12:30:42.615960
2025-07-24,97590,2025072405009974,CIT,Market Securities & Exchange (PVT) Ltd.,South Asian Bulls Pvt. Ltd.,1,2040.0,2040.0,2025-07-24 12:31:53.210499
2025-07-24,97406,2025072405009986,CIT,Naasa Securities Co. Ltd.,Sundhara Securities Limited,15,2052.0,30780.0,2025-07-24 12:32:14.978685
2025-07-24,97405,2025072405009987,CIT,Linch Stock Market Ltd.,Sundhara Securities Limited,14,2052.0,28728.0,2025-07-24 12:32:14.979018
2025-07-24,97391,2025072405009989,CIT,Market Securities & Exchange (PVT) Ltd.,Ashutosh Brokerage & Securities (PVT) Ltd.,1,2045.0,2045.0,2025-07-24 12:32:16.371934
2025-07-24,97320,2025072405010010,CIT,Linch Stock Market Ltd.,Sweta Securities Private Limited,10,2052.0,20520.0,2025-07-24 12:32:27.312404
2025-07-24,97125,2025072405010038,CIT,Market Securities & Exchange (PVT) Ltd.,Online Securities Pvt. Ltd.,3,2046.0,6138.0,2025-07-24 12:32:48.459989
2025-07-24,96172,2025072405010219,CIT,Nepal Investment And Securities Trading Private Limited,Sundhara Securities Limited,38,2056.5,78147.0,2025-07-24 12:34:40.749189
2025-07-24,96171,2025072405010220,CIT,Nepal Investment And Securities Trading Private Limited,Bhrikuti Stock Broking Co. Pvt. Ltd.,31,2057.0,63767.0,2025-07-24 12:34:40.749693
2025-07-24,96170,2025072405010221,CIT,Nepal Investment And Securities Trading Private Limited,Miyo Securities Pvt Ltd,100,2057.0,205700.0,2025-07-24 12:34:40.750003
2025-07-24,96169,2025072405010222,CIT,Nepal Investment And Securities Trading Private Limited,Sundhara Securities Limited,12,2057.0,24684.0,2025-07-24 12:34:40.750299
2025-07-24,95683,2025072405010312,CIT,Kohinoor Investment & Securities Pvt. Ltd.,Sani Securities Company Ltd.,200,2053.0,410600.0,2025-07-24 12:35:29.252181
2025-07-24,95682,2025072405010313,CIT,Linch Stock Market Ltd.,Sani Securities Company Ltd.,51,2052.0,104652.0,2025-07-24 12:35:29.252421
2025-07-24,95681,2025072405010314,CIT,Deevyaa Securities & Stock House Pvt. Ltd,Sani Securities Company Ltd.,30,2052.0,61560.0,2025-07-24 12:35:29.252521
2025-07-24,95545,2025072405010350,CIT,Asian Securities Private Ltd.,Miyo Securities Pvt Ltd,50,2050.0,102500.0,2025-07-24 12:35:43.666694
2025-07-24,95544,2025072405010351,CIT,Trishakti Securities Public Limited,Miyo Securities Pvt Ltd,950,2050.0,1947500.0,2025-07-24 12:35:43.666802
2025-07-24,95367,2025072405010388,CIT,Kalika Securities Pvt. Ltd.,Sani Securities Company Ltd.,43,2052.0,88236.0,2025-07-24 12:36:06.480232
2025-07-24,94978,2025072405010457,CIT,Market Securities & Exchange (PVT) Ltd.,Sani Securities Company Ltd.,195,2052.0,400140.0,2025-07-24 12:36:43.621664
2025-07-24,94596,2025072405010512,CIT,Dipshikha Dhitopatra Karobar Co. Pvt Ltd.,Sani Securities Company Ltd.,200,2052.0,410400.0,2025-07-24 12:37:18.478960
2025-07-24,94559,2025072405010517,CIT,Trishakti Securities Public Limited,Sharepro Securities Private Limited,4050,2050.0,8302500.0,2025-07-24 12:37:23.642544
2025-07-24,94558,2025072405010518,CIT,Imperial Securities Company Pvt. Ltd.,Sharepro Securities Private Limited,10,2050.0,20500.0,2025-07-24 12:37:23.642590
2025-07-24,94557,2025072405010519,CIT,Premier Securities Company Ltd.,Sharepro Securities Private Limited,44,2050.0,90200.0,2025-07-24 12:37:23.642638
2025-07-24,92331,2025072405011017,CIT,Property Wiard Limited,Sani Securities Company Ltd.,31,2052.0,63612.0,2025-07-24 12:41:50.158676
2025-07-24,92330,2025072405011018,CIT,Property Wiard Limited,Sweta Securities Private Limited,50,2052.0,102600.0,2025-07-24 12:41:50.158794
2025-07-24,92329,2025072405011019,CIT,Property Wiard Limited,Sweta Securities Private Limited,100,2055.0,205500.0,2025-07-24 12:41:50.158872
2025-07-24,92328,2025072405011020,CIT,Property Wiard Limited,Sundhara Securities Limited,20,2058.5,41170.0,2025-07-24 12:41:50.158949
2025-07-24,92327,2025072405011021,CIT,Property Wiard Limited,Miyo Securities Pvt Ltd,100,2058.5,205850.0,2025-07-24 12:41:50.159057
2025-07-24,92326,2025072405011022,CIT,Property Wiard Limited,Aryatara Investment & Securities,50,2059.0,102950.0,2025-07-24 12:41:50.159176
2025-07-24,92325,2025072405011023,CIT,Property Wiard Limited,Sundhara Securities Limited,30,2059.0,61770.0,2025-07-24 12:41:50.159244
2025-07-24,92324,2025072405011024,CIT,Property Wiard Limited,Naasa Securities Co. Ltd.,50,2059.0,102950.0,2025-07-24 12:41:50.159335
2025-07-24,92323,2025072405011025,CIT,Property Wiard Limited,Sweta Securities Private Limited,100,2059.0,205900.0,2025-07-24 12:41:50.159410
2025-07-24,92322,2025072405011026,CIT,Property Wiard Limited,Miyo Securities Pvt Ltd,469,2060.0,966140.0,2025-07-24 12:41:50.159466
2025-07-24,92146,2025072405011058,CIT,Secured Securities Ltd.,Aryatara Investment & Securities,10,2047.0,20470.0,2025-07-24 12:42:12.092785
2025-07-24,91945,2025072405011112,CIT,Nepal Investment And Securities Trading Private Limited,Linch Stock Market Ltd.,100,2055.0,205500.0,2025-07-24 12:42:38.517714
2025-07-24,91849,2025072405011126,CIT,Property Wiard Limited,Miyo Securities Pvt Ltd,31,2060.0,63860.0,2025-07-24 12:42:48.252436
2025-07-24,91848,2025072405011127,CIT,Property Wiard Limited,Linch Stock Market Ltd.,40,2060.0,82400.0,2025-07-24 12:42:48.252500
2025-07-24,91847,2025072405011128,CIT,Property Wiard Limited,Creative Securities Pvt Ltd,15,2060.0,30900.0,2025-07-24 12:42:48.252530
2025-07-24,91846,2025072405011129,CIT,Property Wiard Limited,Deevyaa Securities & Stock House Pvt. Ltd,10,2060.0,20600.0,2025-07-24 12:42:48.252565
2025-07-24,91845,2025072405011130,CIT,Property Wiard Limited,Sweta Securities Private Limited,100,2060.0,206000.0,2025-07-24 12:42:48.252590
2025-07-24,91844,2025072405011131,CIT,Property Wiard Limited,Sweta Securities Private Limited,30,2060.0,61800.0,2025-07-24 12:42:48.252616
2025-07-24,91843,2025072405011132,CIT,Property Wiard Limited,Siprabi Securities Pvt. Ltd.,50,2060.0,103000.0,2025-07-24 12:42:48.252643
2025-07-24,91842,2025072405011133,CIT,Property Wiard Limited,Neev Securities Pvt. Ltd.,50,2060.0,103000.0,2025-07-24 12:42:48.252666
2025-07-24,91841,2025072405011134,CIT,Property Wiard Limited,Kalika Securities Pvt. Ltd.,24,2060.0,49440.0,2025-07-24 12:42:48.252691
2025-07-24,91751,2025072405011167,CIT,Property Wiard Limited,Arun Securities (PVT) Ltd.,200,2059.0,411800.0,2025-07-24 12:43:01.970125
2025-07-24,90823,2025072405011372,CIT,Nepal Investment And Securities Trading Private Limited,Aryatara Investment & Securities,100,2050.0,205000.0,2025-07-24 12:44:56.921041
2025-07-24,90822,2025072405011373,CIT,Nepal Investment And Securities Trading Private Limited,Linch Stock Market Ltd.,200,2062.8,412560.0,2025-07-24 12:44:56.921354
2025-07-24,90821,2025072405011374,CIT,Nepal Investment And Securities Trading Private Limited,Arun Securities (PVT) Ltd.,100,2062.9,206290.0,2025-07-24 12:44:56.921490
2025-07-24,87749,2025072405011972,CIT,KALASH STOCK MARKET PVT. LTD.,South Asian Bulls Pvt. Ltd.,18,2051.0,36918.0,2025-07-24 12:50:30.853598
2025-07-24,86362,2025072405012195,CIT,KALASH STOCK MARKET PVT. LTD.,Miyo Securities Pvt Ltd,22,2051.0,45122.0,2025-07-24 12:52:56.291973
2025-07-24,86361,2025072405012196,CIT,Malla & Malla Stock Broking Company Pvt. Limited,Miyo Securities Pvt Ltd,100,2050.5,205050.0,2025-07-24 12:52:56.292097
2025-07-24,86360,2025072405012197,CIT,Nepal Investment And Securities Trading Private Limited,Miyo Securities Pvt Ltd,194,2050.1,397719.4,2025-07-24 12:52:56.292158
2025-07-24,86359,2025072405012198,CIT,Kohinoor Investment & Securities Pvt. Ltd.,Miyo Securities Pvt Ltd,184,2050.0,377200.0,2025-07-24 12:52:56.292225
2025-07-24,85234,2025072405012408,CIT,Neev Securities Pvt. Ltd.,Cristal Kanchanjanga Securites Pvt. Ltd.,10,2051.0,20510.0,2025-07-24 12:55:11.610619
2025-07-24,84942,2025072405012508,CIT,Dipshikha Dhitopatra Karobar Co. Pvt Ltd.,Cristal Kanchanjanga Securites Pvt. Ltd.,190,2051.0,389690.0,2025-07-24 12:55:38.317149
2025-07-24,84396,2025072405012606,CIT,Nepal Investment And Securities Trading Private Limited,Sundhara Securities Limited,57,2051.0,116907.0,2025-07-24 12:56:32.742165
2025-07-24,83874,2025072405012719,CIT,Property Wiard Limited,Capital Max Securities Ltd,100,2053.0,205300.0,2025-07-24 12:57:27.296234
2025-07-24,83873,2025072405012720,CIT,Property Wiard Limited,South Asian Bulls Pvt. Ltd.,40,2054.0,82160.0,2025-07-24 12:57:27.296360
2025-07-24,83872,2025072405012721,CIT,Property Wiard Limited,Imperial Securities Company Pvt. Ltd.,121,2054.0,248534.0,2025-07-24 12:57:27.296437
2025-07-24,83871,2025072405012722,CIT,Property Wiard Limited,Secured Securities Ltd.,15,2059.0,30885.0,2025-07-24 12:57:27.296513
2025-07-24,83870,2025072405012723,CIT,Property Wiard Limited,Aryatara Investment & Securities,50,2061.0,103050.0,2025-07-24 12:57:27.296592
2025-07-24,83869,2025072405012724,CIT,Property Wiard Limited,ABC Securities Private Limited,10,2062.0,20620.0,2025-07-24 12:57:27.296671
2025-07-24,83868,2025072405012725,CIT,Property Wiard Limited,Arun Securities (PVT) Ltd.,84,2062.0,173208.0,2025-07-24 12:57:27.296769
2025-07-24,83720,2025072405012760,CIT,Property Wiard Limited,Arun Securities (PVT) Ltd.,16,2062.0,32992.0,2025-07-24 12:57:41.675891
2025-07-24,83546,2025072405012798,CIT,Property Wiard Limited,Thrive Brokerage House Pvt. Ltd,10,2062.0,20620.0,2025-07-24 12:58:04.613327
2025-07-24,81896,2025072405013131,CIT,Sweta Securities Private Limited,Naasa Securities Co. Ltd.,6,2040.0,12240.0,2025-07-24 13:01:12.374394
2025-07-24,80229,2025072405013441,CIT,Kohinoor Investment & Securities Pvt. Ltd.,Aryatara Investment & Securities,12,2050.2,24602.4,2025-07-24 13:03:57.360744
2025-07-24,79980,2025072405013514,CIT,Primo Securities (PVT) Ltd.,ABC Securities Private Limited,20,2050.2,41004.0,2025-07-24 13:04:21.744454
2025-07-24,79615,2025072405013597,CIT,Primo Securities (PVT) Ltd.,Dipshikha Dhitopatra Karobar Co. Pvt Ltd.,10,2050.2,20502.0,2025-07-24 13:04:50.259747
2025-07-24,79614,2025072405013598,CIT,Dipshikha Dhitopatra Karobar Co. Pvt Ltd.,Dipshikha Dhitopatra Karobar Co. Pvt Ltd.,90,2050.2,184518.0,2025-07-24 13:04:50.260051
2025-07-24,79364,2025072405013660,CIT,Nepal Investment And Securities Trading Private Limited,Ashutosh Brokerage & Securities (PVT) Ltd.,15,2050.3,30754.5,2025-07-24 13:05:19.048138
2025-07-24,78427,2025072405013871,CIT,Asian Securities Private Ltd.,ABC Securities Private Limited,4,2021.0,8084.0,2025-07-24 13:07:06.395142
2025-07-24,78344,2025072405013882,CIT,Nepal Investment And Securities Trading Private Limited,Deevyaa Securities & Stock House Pvt. Ltd,100,2053.0,205300.0,2025-07-24 13:07:15.479637
2025-07-24,78343,2025072405013883,CIT,Asian Securities Private Ltd.,Naasa Securities Co. Ltd.,2,2021.0,4042.0,2025-07-24 13:07:15.564600
2025-07-24,78065,2025072405013945,CIT,Asian Securities Private Ltd.,Kalika Securities Pvt. Ltd.,4,2022.0,8088.0,2025-07-24 13:07:42.126671
2025-07-24,77678,2025072405014022,CIT,Nepal Investment And Securities Trading Private Limited,Sundhara Securities Limited,20,2053.0,41060.0,2025-07-24 13:08:19.599577
2025-07-24,76990,2025072405014172,CIT,Naasa Securities Co. Ltd.,Kumari Securities Private Limited,50,2051.0,102550.0,2025-07-24 13:09:38.883979
2025-07-24,76889,2025072405014199,CIT,Naasa Securities Co. Ltd.,J.F. Securites (PVT) Ltd.,10,2051.0,20510.0,2025-07-24 13:09:50.529867
2025-07-24,76507,2025072405014304,CIT,Nepal Investment And Securities Trading Private Limited,J.F. Securites (PVT) Ltd.,20,2051.1,41022.0,2025-07-24 13:10:34.001025
2025-07-24,76465,2025072405014318,CIT,Nepal Investment And Securities Trading Private Limited,Primo Securities (PVT) Ltd.,88,2051.1,180496.8,2025-07-24 13:10:35.558220
2025-07-24,76464,2025072405014319,CIT,Naasa Securities Co. Ltd.,Primo Securities (PVT) Ltd.,110,2051.0,225610.0,2025-07-24 13:10:35.558538
2025-07-24,76463,2025072405014320,CIT,Premier Securities Company Ltd.,Primo Securities (PVT) Ltd.,10,2050.3,20503.0,2025-07-24 13:10:35.558659
2025-07-24,76462,2025072405014321,CIT,Kohinoor Investment & Securities Pvt. Ltd.,Primo Securities (PVT) Ltd.,16,2050.0,32800.0,2025-07-24 13:10:35.558775
2025-07-24,76075,2025072405014411,CIT,Sweta Securities Private Limited,Naasa Securities Co. Ltd.,50,2049.0,102450.0,2025-07-24 13:11:15.884558
2025-07-24,76006,2025072405014418,CIT,Sweta Securities Private Limited,Capital Hub P. Ltd,32,2049.0,65568.0,2025-07-24 13:11:20.548802
2025-07-24,76005,2025072405014419,CIT,Cristal Kanchanjanga Securites Pvt. Ltd.,Capital Hub P. Ltd,10,2047.1,20471.0,2025-07-24 13:11:20.549110
2025-07-24,76004,2025072405014420,CIT,Deevyaa Securities & Stock House Pvt. Ltd,Capital Hub P. Ltd,20,2047.0,40940.0,2025-07-24 13:11:20.549267
2025-07-24,76003,2025072405014421,CIT,Asian Securities Private Ltd.,Capital Hub P. Ltd,138,2047.0,282486.0,2025-07-24 13:11:20.549442
2025-07-24,75936,2025072405014432,CIT,Sani Securities Company Ltd.,Primo Securities (PVT) Ltd.,40,2050.0,82000.0,2025-07-24 13:11:29.934707
2025-07-24,75493,2025072405014513,CIT,Asian Securities Private Ltd.,Aryatara Investment & Securities,103,2047.0,210841.0,2025-07-24 13:12:12.636211
2025-07-24,74030,2025072405014856,CIT,Online Securities Pvt. Ltd.,Naasa Securities Co. Ltd.,50,2046.0,102300.0,2025-07-24 13:14:48.031129
2025-07-24,74029,2025072405014857,CIT,Aryatara Investment & Securities,Naasa Securities Co. Ltd.,30,2045.2,61356.0,2025-07-24 13:14:48.031447
2025-07-24,74028,2025072405014858,CIT,Ashutosh Brokerage & Securities (PVT) Ltd.,Naasa Securities Co. Ltd.,110,2045.1,224961.0,2025-07-24 13:14:48.031564
2025-07-24,74027,2025072405014859,CIT,Deevyaa Securities & Stock House Pvt. Ltd,Naasa Securities Co. Ltd.,10,2045.0,20450.0,2025-07-24 13:14:48.031676
2025-07-24,74026,2025072405014860,CIT,Sani Securities Company Ltd.,Naasa Securities Co. Ltd.,10,2045.0,20450.0,2025-07-24 13:14:48.031787
2025-07-24,74025,2025072405014861,CIT,Deevyaa Securities & Stock House Pvt. Ltd,Naasa Securities Co. Ltd.,25,2045.0,51125.0,2025-07-24 13:14:48.031902
2025-07-24,74024,2025072405014862,CIT,Imperial Securities Company Pvt. Ltd.,Naasa Securities Co. Ltd.,100,2045.0,204500.0,2025-07-24 13:14:48.032013
2025-07-24,74023,2025072405014863,CIT,Neev Securities Pvt. Ltd.,Naasa Securities Co. Ltd.,150,2045.0,306750.0,2025-07-24 13:14:48.032125
2025-07-24,74022,2025072405014864,CIT,Nepal Investment And Securities Trading Private Limited,Naasa Securities Co. Ltd.,15,2045.0,30675.0,2025-07-24 13:14:48.032250
2025-07-24,73722,2025072405014923,CIT,Nepal Investment And Securities Trading Private Limited,Naasa Securities Co. Ltd.,50,2045.0,102250.0,2025-07-24 13:15:19.477296
2025-07-24,72588,2025072405015164,CIT,Asian Securities Private Ltd.,Prabhu Stock Market Limited,9,2047.0,18423.0,2025-07-24 13:17:16.596211
2025-07-24,71748,2025072405015371,CIT,Primo Securities (PVT) Ltd.,Aryatara Investment & Securities,20,2042.1,40842.0,2025-07-24 13:18:36.777324
2025-07-24,71085,2025072405015500,CIT,Primo Securities (PVT) Ltd.,Pragyan Securities (PVT) Ltd.,80,2042.1,163368.0,2025-07-24 13:19:46.446081
2025-07-24,70959,2025072405015537,CIT,Sipla Securities Private Limited,Bhrikuti Stock Broking Co. Pvt. Ltd.,49,2042.0,100058.0,2025-07-24 13:20:03.431274
2025-07-24,70174,2025072405015712,CIT,Kumari Securities Private Limited,Sewa Securities Pvt. Ltd.,14,2041.0,28574.0,2025-07-24 13:21:25.920737
2025-07-24,70008,2025072405015753,CIT,Kumari Securities Private Limited,Premier Securities Company Ltd.,18,2041.0,36738.0,2025-07-24 13:21:46.392365
2025-07-24,69953,2025072405015766,CIT,Nepal Investment And Securities Trading Private Limited,Pragyan Securities (PVT) Ltd.,35,2042.1,71473.5,2025-07-24 13:21:50.655828
2025-07-24,69913,2025072405015772,CIT,Sundhara Securities Limited,Aryatara Investment & Securities,14,2048.6,28680.4,2025-07-24 13:21:55.029679
2025-07-24,69912,2025072405015773,CIT,Sundhara Securities Limited,J.F. Securites (PVT) Ltd.,100,2048.7,204870.0,2025-07-24 13:21:55.030064
2025-07-24,69911,2025072405015774,CIT,Sundhara Securities Limited,Imperial Securities Company Pvt. Ltd.,200,2048.8,409760.0,2025-07-24 13:21:55.030289
2025-07-24,69910,2025072405015775,CIT,Sundhara Securities Limited,Naasa Securities Co. Ltd.,500,2049.0,1024500.0,2025-07-24 13:21:55.030456
2025-07-24,69909,2025072405015776,CIT,Sundhara Securities Limited,Capital Hub P. Ltd,186,2049.9,381281.4,2025-07-24 13:21:55.030610
2025-07-24,67984,2025072405016130,CIT,Kohinoor Investment & Securities Pvt. Ltd.,Secured Securities Ltd.,3,2050.2,6150.6,2025-07-24 13:25:07.968379
2025-07-24,67246,2025072405016271,CIT,Sweta Securities Private Limited,ABC Securities Private Limited,10,2042.0,20420.0,2025-07-24 13:26:26.388486
2025-07-24,67183,2025072405016293,CIT,Asian Securities Private Ltd.,Thrive Brokerage House Pvt. Ltd,8,2002.0,16016.0,2025-07-24 13:26:32.545091
2025-07-24,64736,2025072405016892,CIT,Sipla Securities Private Limited,Secured Securities Ltd.,1,2042.0,2042.0,2025-07-24 13:30:15.439373
2025-07-24,63729,2025072405017143,CIT,Cristal Kanchanjanga Securites Pvt. Ltd.,Trisul Securities & Invt. Ltd.,10,2043.1,20431.0,2025-07-24 13:32:04.564258
2025-07-24,63728,2025072405017144,CIT,Trishakti Securities Public Limited,Trisul Securities & Invt. Ltd.,40,2043.0,81720.0,2025-07-24 13:32:04.564420
2025-07-24,63727,2025072405017145,CIT,Aryatara Investment & Securities,Trisul Securities & Invt. Ltd.,42,2043.0,85806.0,2025-07-24 13:32:04.564511
2025-07-24,62965,2025072405017297,CIT,Investment Management Nepal Pvt. Ltd.,Vision Securities Pvt. Ltd,39,2043.0,79677.0,2025-07-24 13:33:33.421228
2025-07-24,60466,2025072405017768,CIT,Kohinoor Investment & Securities Pvt. Ltd.,Agrawal Securities (PVT) Ltd.,10,2045.0,20450.0,2025-07-24 13:38:35.123735
2025-07-24,60465,2025072405017769,CIT,Kohinoor Investment & Securities Pvt. Ltd.,Agrawal Securities (PVT) Ltd.,10,2048.0,20480.0,2025-07-24 13:38:35.124305
2025-07-24,60464,2025072405017770,CIT,Kohinoor Investment & Securities Pvt. Ltd.,Capital Hub P. Ltd,14,2049.9,28698.6,2025-07-24 13:38:35.124649
2025-07-24,60463,2025072405017771,CIT,Kohinoor Investment & Securities Pvt. Ltd.,Hatemalo Financial Services Private Limited,20,2049.9,40998.0,2025-07-24 13:38:35.124982
2025-07-24,60462,2025072405017772,CIT,Kohinoor Investment & Securities Pvt. Ltd.,Primo Securities (PVT) Ltd.,736,2050.0,1508800.0,2025-07-24 13:38:35.125332
2025-07-24,60461,2025072405017773,CIT,Kohinoor Investment & Securities Pvt. Ltd.,Linch Stock Market Ltd.,100,2050.0,205000.0,2025-07-24 13:38:35.125648
2025-07-24,60460,2025072405017774,CIT,Kohinoor Investment & Securities Pvt. Ltd.,Siprabi Securities Pvt. Ltd.,64,2050.0,131200.0,2025-07-24 13:38:35.125992
2025-07-24,60459,2025072405017775,CIT,Kohinoor Investment & Securities Pvt. Ltd.,Cristal Kanchanjanga Securites Pvt. Ltd.,11,2050.0,22550.0,2025-07-24 13:38:35.126166
2025-07-24,60458,2025072405017776,CIT,Kohinoor Investment & Securities Pvt. Ltd.,Nepal Investment And Securities Trading Private Limited,25,2050.0,51250.0,2025-07-24 13:38:35.126277
2025-07-24,60457,2025072405017777,CIT,Kohinoor Investment & Securities Pvt. Ltd.,Siprabi Securities Pvt. Ltd.,200,2050.0,410000.0,2025-07-24 13:38:35.126392
2025-07-24,60456,2025072405017778,CIT,Kohinoor Investment & Securities Pvt. Ltd.,Siprabi Securities Pvt. Ltd.,150,2050.0,307500.0,2025-07-24 13:38:35.126503
2025-07-24,60455,2025072405017779,CIT,Kohinoor Investment & Securities Pvt. Ltd.,Agrawal Securities (PVT) Ltd.,50,2050.0,102500.0,2025-07-24 13:38:35.126611
2025-07-24,60207,2025072405017826,CIT,Kohinoor Investment & Securities Pvt. Ltd.,Nabil Stock Dealer Ltd.,50,2050.0,102500.0,2025-07-24 13:39:03.900354
2025-07-24,60039,2025072405017860,CIT,Trisul Securities & Invt. Ltd.,J.F. Securites (PVT) Ltd.,100,2052.0,205200.0,2025-07-24 13:39:21.975499
2025-07-24,59835,2025072405017901,CIT,Kohinoor Investment & Securities Pvt. Ltd.,Premier Securities Company Ltd.,32,2050.0,65600.0,2025-07-24 13:39:45.453263
2025-07-24,59466,2025072405017966,CIT,Kohinoor Investment & Securities Pvt. Ltd.,Imperial Securities Company Pvt. Ltd.,13,2050.0,26650.0,2025-07-24 13:40:32.816138
2025-07-24,59204,2025072405018010,CIT,Trisul Securities & Invt. Ltd.,J.F. Securites (PVT) Ltd.,50,2052.0,102600.0,2025-07-24 13:41:07.899156
2025-07-24,59127,2025072405018029,CIT,Kohinoor Investment & Securities Pvt. Ltd.,Sani Securities Company Ltd.,100,2050.0,205000.0,2025-07-24 13:41:16.374362
2025-07-24,59086,2025072405018034,CIT,Asian Securities Private Ltd.,Secured Securities Ltd.,1,2021.0,2021.0,2025-07-24 13:41:21.014537
2025-07-24,58995,2025072405018053,CIT,Midas Stock Broking Company Private Limited,Midas Stock Broking Company Private Limited,1,2040.0,2040.0,2025-07-24 13:41:35.025444
2025-07-24,58689,2025072405018199,CIT,Arun Securities (PVT) Ltd.,Online Securities Pvt. Ltd.,100,2053.0,205300.0,2025-07-24 13:42:06.629309
2025-07-24,58688,2025072405018200,CIT,Arun Securities (PVT) Ltd.,Sundhara Securities Limited,100,2053.0,205300.0,2025-07-24 13:42:06.629842
2025-07-24,58125,2025072405018271,CIT,Naasa Securities Co. Ltd.,Trisul Securities & Invt. Ltd.,50,2053.1,102655.0,2025-07-24 13:43:30.763079
2025-07-24,57733,2025072405018337,CIT,Naasa Securities Co. Ltd.,Sani Securities Company Ltd.,50,2053.1,102655.0,2025-07-24 13:44:20.556022
2025-07-24,57732,2025072405018338,CIT,Arun Securities (PVT) Ltd.,Sani Securities Company Ltd.,300,2053.0,615900.0,2025-07-24 13:44:20.556352
2025-07-24,57731,2025072405018339,CIT,Kohinoor Investment & Securities Pvt. Ltd.,Sani Securities Company Ltd.,139,2050.0,284950.0,2025-07-24 13:44:20.556470
2025-07-24,56797,2025072405018525,CIT,Kohinoor Investment & Securities Pvt. Ltd.,Naasa Securities Co. Ltd.,276,2050.0,565800.0,2025-07-24 13:46:29.812439
2025-07-24,54899,2025072405018794,CIT,South Asian Bulls Pvt. Ltd.,Opal Securities Investment (PVT) Ltd.,50,2045.0,102250.0,2025-07-24 13:50:11.553632
2025-07-24,53836,2025072405019004,CIT,Sumeru Securities Pvt. Ltd.,Naasa Securities Co. Ltd.,500,2050.0,1025000.0,2025-07-24 13:52:29.679485
2025-07-24,53156,2025072405019139,CIT,Kohinoor Investment & Securities Pvt. Ltd.,Arun Securities (PVT) Ltd.,50,2045.1,102255.0,2025-07-24 13:54:02.489275
2025-07-24,53155,2025072405019140,CIT,Sweta Securities Private Limited,Arun Securities (PVT) Ltd.,40,2044.0,81760.0,2025-07-24 13:54:02.490046
2025-07-24,53154,2025072405019141,CIT,Sweta Securities Private Limited,Arun Securities (PVT) Ltd.,10,2043.2,20432.0,2025-07-24 13:54:02.490656
2025-07-24,52732,2025072405019221,CIT,Capital Max Securities Ltd,Sani Securities Company Ltd.,20,2043.1,40862.0,2025-07-24 13:54:57.904190
2025-07-24,52731,2025072405019222,CIT,Investment Management Nepal Pvt. Ltd.,Sani Securities Company Ltd.,111,2043.0,226773.0,2025-07-24 13:54:57.904578
2025-07-24,52339,2025072405019330,CIT,Cristal Kanchanjanga Securites Pvt. Ltd.,Naasa Securities Co. Ltd.,30,2043.0,61290.0,2025-07-24 13:55:56.525028
2025-07-24,52338,2025072405019331,CIT,SUN SECURITIES PVT LTD,Naasa Securities Co. Ltd.,19,2043.0,38817.0,2025-07-24 13:55:56.525378
2025-07-24,51643,2025072405019441,CIT,SUN SECURITIES PVT LTD,Naasa Securities Co. Ltd.,21,2043.0,42903.0,2025-07-24 13:57:46.213157
2025-07-24,51642,2025072405019442,CIT,Nepal Investment And Securities Trading Private Limited,Naasa Securities Co. Ltd.,175,2042.3,357402.5,2025-07-24 13:57:46.213508
2025-07-24,50930,2025072405019564,CIT,Nepal Investment And Securities Trading Private Limited,Siprabi Securities Pvt. Ltd.,225,2042.3,459517.5,2025-07-24 13:59:27.076765
2025-07-24,50929,2025072405019565,CIT,Kohinoor Investment & Securities Pvt. Ltd.,Siprabi Securities Pvt. Ltd.,1000,2042.2,2042200.0,2025-07-24 13:59:27.077071
2025-07-24,50928,2025072405019566,CIT,Naasa Securities Co. Ltd.,Siprabi Securities Pvt. Ltd.,186,2042.0,379812.0,2025-07-24 13:59:27.077187
2025-07-24,50079,2025072405019722,CIT,Naasa Securities Co. Ltd.,Imperial Securities Company Pvt. Ltd.,14,2042.0,28588.0,2025-07-24 14:01:28.623230
2025-07-24,49414,2025072405019847,CIT,Sweta Securities Private Limited,Primo Securities (PVT) Ltd.,70,2043.0,143010.0,2025-07-24 14:02:59.726747
2025-07-24,49243,2025072405019869,CIT,Trishakti Securities Public Limited,Sani Securities Company Ltd.,19,2041.0,38779.0,2025-07-24 14:03:16.503604
2025-07-24,49159,2025072405019882,CIT,Asian Securities Private Ltd.,Pragyan Securities (PVT) Ltd.,6,2024.0,12144.0,2025-07-24 14:03:27.684942
2025-07-24,46260,2025072405020419,CIT,Dipshikha Dhitopatra Karobar Co. Pvt Ltd.,Vision Securities Pvt. Ltd,31,2041.1,63274.1,2025-07-24 14:09:14.627732
2025-07-24,44989,2025072405020696,CIT,SUN SECURITIES PVT LTD,Investment Management Nepal Pvt. Ltd.,30,2041.5,61245.0,2025-07-24 14:11:36.739420
2025-07-24,44988,2025072405020697,CIT,Sweta Securities Private Limited,Investment Management Nepal Pvt. Ltd.,10,2041.2,20412.0,2025-07-24 14:11:36.739795
2025-07-24,43092,2025072405021125,CIT,Vision Securities Pvt. Ltd,Aryatara Investment & Securities,50,2041.4,102070.0,2025-07-24 14:14:47.472821
2025-07-24,42745,2025072405021205,CIT,Online Securities Pvt. Ltd.,Imperial Securities Company Pvt. Ltd.,35,2045.0,71575.0,2025-07-24 14:15:23.873204
2025-07-24,42604,2025072405021218,CIT,Sweta Securities Private Limited,Imperial Securities Company Pvt. Ltd.,10,2045.0,20450.0,2025-07-24 14:15:37.404710
2025-07-24,42215,2025072405021297,CIT,Capital Max Securities Ltd,Trishakti Securities Public Limited,10,2048.0,20480.0,2025-07-24 14:16:14.706913
2025-07-24,41574,2025072405021384,CIT,Naasa Securities Co. Ltd.,Online Securities Pvt. Ltd.,1,2045.0,2045.0,2025-07-24 14:17:05.807647
2025-07-24,41163,2025072405021467,CIT,Property Wiard Limited,Sharepro Securities Private Limited,200,2045.0,409000.0,2025-07-24 14:17:41.674732
2025-07-24,41076,2025072405021489,CIT,Premier Securities Company Ltd.,Naasa Securities Co. Ltd.,20,2047.0,40940.0,2025-07-24 14:17:52.008850
2025-07-24,40495,2025072405021586,CIT,Deevyaa Securities & Stock House Pvt. Ltd,Sharepro Securities Private Limited,20,2044.1,40882.0,2025-07-24 14:18:43.793954
2025-07-24,39980,2025072405021681,CIT,Kohinoor Investment & Securities Pvt. Ltd.,Naasa Securities Co. Ltd.,35,2047.0,71645.0,2025-07-24 14:19:27.706327
2025-07-24,39964,2025072405021684,CIT,Kohinoor Investment & Securities Pvt. Ltd.,Sharepro Securities Private Limited,47,2047.0,96209.0,2025-07-24 14:19:29.837033
2025-07-24,39024,2025072405021897,CIT,Thrive Brokerage House Pvt. Ltd,Trishakti Securities Public Limited,10,2048.0,20480.0,2025-07-24 14:20:55.740540
2025-07-24,38012,2025072405022078,CIT,Nabil Stock Dealer Ltd.,Trishakti Securities Public Limited,15,2048.0,30720.0,2025-07-24 14:22:15.948528
2025-07-24,38011,2025072405022079,CIT,Nabil Stock Dealer Ltd.,Dipshikha Dhitopatra Karobar Co. Pvt Ltd.,31,2049.0,63519.0,2025-07-24 14:22:15.948892
2025-07-24,38010,2025072405022080,CIT,Nabil Stock Dealer Ltd.,Sweta Securities Private Limited,4,2050.0,8200.0,2025-07-24 14:22:15.948976
2025-07-24,37552,2025072405022131,CIT,Dipshikha Dhitopatra Karobar Co. Pvt Ltd.,Neev Securities Pvt. Ltd.,10,2049.0,20490.0,2025-07-24 14:22:57.542042
2025-07-24,37201,2025072405022194,CIT,Dipshikha Dhitopatra Karobar Co. Pvt Ltd.,South Asian Bulls Pvt. Ltd.,40,2049.0,81960.0,2025-07-24 14:23:24.905712
2025-07-24,37200,2025072405022195,CIT,Market Securities & Exchange (PVT) Ltd.,South Asian Bulls Pvt. Ltd.,10,2049.0,20490.0,2025-07-24 14:23:24.905970
2025-07-24,36847,2025072405022239,CIT,Market Securities & Exchange (PVT) Ltd.,Opal Securities Investment (PVT) Ltd.,40,2049.0,81960.0,2025-07-24 14:23:58.034052
2025-07-24,36846,2025072405022240,CIT,Elite Stock House Limited,Opal Securities Investment (PVT) Ltd.,10,2049.0,20490.0,2025-07-24 14:23:58.034643
2025-07-24,36193,2025072405022378,CIT,Malla & Malla Stock Broking Company Pvt. Limited,Linch Stock Market Ltd.,13,2049.8,26647.4,2025-07-24 14:24:56.829277
2025-07-24,36112,2025072405022395,CIT,Ashutosh Brokerage & Securities (PVT) Ltd.,Capital Hub P. Ltd,200,2049.9,409980.0,2025-07-24 14:25:05.712876
2025-07-24,35949,2025072405022442,CIT,Ashutosh Brokerage & Securities (PVT) Ltd.,Aryatara Investment & Securities,155,2050.0,317750.0,2025-07-24 14:25:21.399104
2025-07-24,35948,2025072405022443,CIT,Ashutosh Brokerage & Securities (PVT) Ltd.,Trishakti Securities Public Limited,45,2050.0,92250.0,2025-07-24 14:25:21.399421
2025-07-24,35821,2025072405022467,CIT,Dynamic Money Managers Securities Pvt. Ltd.,Premier Securities Company Ltd.,20,2050.0,41000.0,2025-07-24 14:25:35.611464
2025-07-24,35820,2025072405022468,CIT,Dynamic Money Managers Securities Pvt. Ltd.,Online Securities Pvt. Ltd.,117,2050.0,239850.0,2025-07-24 14:25:35.612141
2025-07-24,35211,2025072405022596,CIT,Malla & Malla Stock Broking Company Pvt. Limited,Cristal Kanchanjanga Securites Pvt. Ltd.,10,2053.0,20530.0,2025-07-24 14:26:43.541807
2025-07-24,34983,2025072405022629,CIT,Opal Securities Investment (PVT) Ltd.,Cristal Kanchanjanga Securites Pvt. Ltd.,90,2053.0,184770.0,2025-07-24 14:27:05.395926
2025-07-24,34960,2025072405022630,CIT,Opal Securities Investment (PVT) Ltd.,Dynamic Money Managers Securities Pvt. Ltd.,10,2053.0,20530.0,2025-07-24 14:27:06.840858
2025-07-24,34959,2025072405022631,CIT,Vision Securities Pvt. Ltd,Dynamic Money Managers Securities Pvt. Ltd.,80,2051.0,164080.0,2025-07-24 14:27:06.841156
2025-07-24,34697,2025072405022664,CIT,Vision Securities Pvt. Ltd,Kalika Securities Pvt. Ltd.,20,2051.0,41020.0,2025-07-24 14:27:34.734019
2025-07-24,34485,2025072405022691,CIT,Online Securities Pvt. Ltd.,Linch Stock Market Ltd.,50,2050.0,102500.0,2025-07-24 14:27:52.349707
2025-07-24,34484,2025072405022692,CIT,Ashutosh Brokerage & Securities (PVT) Ltd.,Linch Stock Market Ltd.,10,2050.0,20500.0,2025-07-24 14:27:52.350420
2025-07-24,33116,2025072405022981,CIT,Sundhara Securities Limited,Kalika Securities Pvt. Ltd.,25,2051.0,51275.0,2025-07-24 14:29:52.316964
2025-07-24,32488,2025072405023090,CIT,Online Securities Pvt. Ltd.,Kalika Securities Pvt. Ltd.,50,2051.0,102550.0,2025-07-24 14:30:48.199577
2025-07-24,31486,2025072405023266,CIT,Kumari Securities Private Limited,Ashutosh Brokerage & Securities (PVT) Ltd.,10,2051.0,20510.0,2025-07-24 14:32:17.073634
2025-07-24,31485,2025072405023267,CIT,Ashutosh Brokerage & Securities (PVT) Ltd.,Ashutosh Brokerage & Securities (PVT) Ltd.,54,2050.0,110700.0,2025-07-24 14:32:17.073781
2025-07-24,30510,2025072405023433,CIT,Ashutosh Brokerage & Securities (PVT) Ltd.,Dynamic Money Managers Securities Pvt. Ltd.,36,2050.0,73800.0,2025-07-24 14:33:41.007693
2025-07-24,30463,2025072405023438,CIT,Premier Securities Company Ltd.,Dynamic Money Managers Securities Pvt. Ltd.,25,2050.0,51250.0,2025-07-24 14:33:43.128106
2025-07-24,26618,2025072405024083,CIT,Kumari Securities Private Limited,Dynamic Money Managers Securities Pvt. Ltd.,10,2048.0,20480.0,2025-07-24 14:38:34.943305
2025-07-24,26617,2025072405024084,CIT,Nepal Stock House (PVT) Ltd.,Dynamic Money Managers Securities Pvt. Ltd.,33,2047.0,67551.0,2025-07-24 14:38:34.943679
2025-07-24,26616,2025072405024085,CIT,Aryatara Investment & Securities,Dynamic Money Managers Securities Pvt. Ltd.,46,2046.0,94116.0,2025-07-24 14:38:34.943803
2025-07-24,25247,2025072405024336,CIT,Online Securities Pvt. Ltd.,Agrawal Securities (PVT) Ltd.,10,2046.0,20460.0,2025-07-24 14:40:28.499846
2025-07-24,24221,2025072405024519,CIT,Dipshikha Dhitopatra Karobar Co. Pvt Ltd.,Cristal Kanchanjanga Securites Pvt. Ltd.,100,2050.0,205000.0,2025-07-24 14:41:52.231636
2025-07-24,24022,2025072405024569,CIT,Secured Securities Ltd.,Neev Securities Pvt. Ltd.,40,2050.0,82000.0,2025-07-24 14:42:08.731404
2025-07-24,20845,2025072405025043,CIT,Naasa Securities Co. Ltd.,Market Securities & Exchange (PVT) Ltd.,50,2050.0,102500.0,2025-07-24 14:45:41.328365
2025-07-24,19038,2025072405025317,CIT,Naasa Securities Co. Ltd.,Siprabi Securities Pvt. Ltd.,100,2050.0,205000.0,2025-07-24 14:47:40.893284
2025-07-24,18030,2025072405025483,CIT,Naasa Securities Co. Ltd.,Agrawal Securities (PVT) Ltd.,10,2050.0,20500.0,2025-07-24 14:48:40.839660
2025-07-24,14222,2025072405026124,CIT,Online Securities Pvt. Ltd.,Neev Securities Pvt. Ltd.,38,2050.1,77903.8,2025-07-24 14:52:11.704454
2025-07-24,14168,2025072405026131,CIT,Online Securities Pvt. Ltd.,Aryatara Investment & Securities,12,2050.1,24601.2,2025-07-24 14:52:13.648308
2025-07-24,14167,2025072405026132,CIT,Aryatara Investment & Securities,Aryatara Investment & Securities,14,2050.1,28701.4,2025-07-24 14:52:13.648633
2025-07-24,14166,2025072405026133,CIT,Naasa Securities Co. Ltd.,Aryatara Investment & Securities,140,2050.0,287000.0,2025-07-24 14:52:13.648785
2025-07-24,14165,2025072405026134,CIT,Aryatara Investment & Securities,Aryatara Investment & Securities,20,2050.0,41000.0,2025-07-24 14:52:13.648954
2025-07-24,14164,2025072405026135,CIT,Thrive Brokerage House Pvt. Ltd,Aryatara Investment & Securities,14,2050.0,28700.0,2025-07-24 14:52:13.649125
2025-07-24,13949,2025072405026167,CIT,Naasa Securities Co. Ltd.,Trishakti Securities Public Limited,1,2010.0,2010.0,2025-07-24 14:52:22.522633
2025-07-24,13709,2025072405026183,CIT,Thrive Brokerage House Pvt. Ltd,SUN SECURITIES PVT LTD,286,2050.0,586300.0,2025-07-24 14:52:32.916965
2025-07-24,12925,2025072405026312,CIT,Sani Securities Company Ltd.,SUN SECURITIES PVT LTD,200,2050.0,410000.0,2025-07-24 14:53:14.666455
2025-07-24,12866,2025072405026332,CIT,Secured Securities Ltd.,SUN SECURITIES PVT LTD,14,2050.0,28700.0,2025-07-24 14:53:18.735899
2025-07-24,12444,2025072405026411,CIT,Secured Securities Ltd.,Dipshikha Dhitopatra Karobar Co. Pvt Ltd.,56,2050.0,114800.0,2025-07-24 14:53:40.074274
2025-07-24,11009,2025072405026673,CIT,Secured Securities Ltd.,Neev Securities Pvt. Ltd.,144,2050.0,295200.0,2025-07-24 14:54:46.992504
2025-07-24,10088,2025072405026844,CIT,Dipshikha Dhitopatra Karobar Co. Pvt Ltd.,Neev Securities Pvt. Ltd.,19,2050.0,38950.0,2025-07-24 14:55:23.256779
2025-07-24,10058,2025072405026848,CIT,Sani Securities Company Ltd.,Neev Securities Pvt. Ltd.,37,2050.0,75850.0,2025-07-24 14:55:24.569943
2025-07-24,10057,2025072405026849,CIT,Sani Securities Company Ltd.,Deevyaa Securities & Stock House Pvt. Ltd,57,2050.0,116850.0,2025-07-24 14:55:24.570238
2025-07-24,9977,2025072405026859,CIT,Online Securities Pvt. Ltd.,Deevyaa Securities & Stock House Pvt. Ltd,43,2050.0,88150.0,2025-07-24 14:55:29.302933
2025-07-24,9976,2025072405026860,CIT,Online Securities Pvt. Ltd.,Sweta Securities Private Limited,57,2050.0,116850.0,2025-07-24 14:55:29.303266
2025-07-24,9964,2025072405026866,CIT,Naasa Securities Co. Ltd.,Sweta Securities Private Limited,43,2050.0,88150.0,2025-07-24 14:55:30.322198
2025-07-24,9963,2025072405026867,CIT,Naasa Securities Co. Ltd.,ABC Securities Private Limited,20,2050.0,41000.0,2025-07-24 14:55:30.322505
2025-07-24,9501,2025072405026963,CIT,Naasa Securities Co. Ltd.,Dipshikha Dhitopatra Karobar Co. Pvt Ltd.,10,2050.0,20500.0,2025-07-24 14:55:45.799703
2025-07-24,9274,2025072405026988,CIT,Naasa Securities Co. Ltd.,Neev Securities Pvt. Ltd.,27,2050.0,55350.0,2025-07-24 14:55:53.258829
2025-07-24,9273,2025072405026989,CIT,Sewa Securities Pvt. Ltd.,Neev Securities Pvt. Ltd.,10,2050.0,20500.0,2025-07-24 14:55:53.259145
2025-07-24,8480,2025072405027112,CIT,Secured Securities Ltd.,Neev Securities Pvt. Ltd.,163,2050.0,334150.0,2025-07-24 14:56:27.646641
2025-07-24,8479,2025072405027113,CIT,Secured Securities Ltd.,Asian Securities Private Ltd.,160,2050.0,328000.0,2025-07-24 14:56:27.646959
2025-07-24,6933,2025072405027338,CIT,Online Securities Pvt. Ltd.,Aryatara Investment & Securities,100,2050.0,205000.0,2025-07-24 14:57:19.800319
2025-07-24,6168,2025072405027458,CIT,Magnet Securities and Investment Company Private Limited,Opal Securities Investment (PVT) Ltd.,20,2050.0,41000.0,2025-07-24 14:57:44.907083
2025-07-24,6110,2025072405027467,CIT,Magnet Securities and Investment Company Private Limited,Neev Securities Pvt. Ltd.,30,2050.0,61500.0,2025-07-24 14:57:47.066639
2025-07-24,6109,2025072405027468,CIT,Naasa Securities Co. Ltd.,Neev Securities Pvt. Ltd.,25,2047.5,51187.5,2025-07-24 14:57:47.066945
2025-07-24,6108,2025072405027469,CIT,Market Securities & Exchange (PVT) Ltd.,Neev Securities Pvt. Ltd.,300,2047.1,614130.0,2025-07-24 14:57:47.067106
2025-07-24,6107,2025072405027470,CIT,Kohinoor Investment & Securities Pvt. Ltd.,Neev Securities Pvt. Ltd.,15,2047.1,30706.5,2025-07-24 14:57:47.067240
2025-07-24,6106,2025072405027471,CIT,Online Securities Pvt. Ltd.,Neev Securities Pvt. Ltd.,47,2046.0,96162.0,2025-07-24 14:57:47.067427
2025-07-24,6105,2025072405027472,CIT,J.F. Securites (PVT) Ltd.,Neev Securities Pvt. Ltd.,50,2046.0,102300.0,2025-07-24 14:57:47.067569
2025-07-24,6104,2025072405027473,CIT,Midas Stock Broking Company Private Limited,Neev Securities Pvt. Ltd.,24,2046.0,49104.0,2025-07-24 14:57:47.067735
2025-07-24,2371,2025072405028191,CIT,Linch Stock Market Ltd.,Neev Securities Pvt. Ltd.,200,2046.1,409220.0,2025-07-24 14:59:26.662452
2025-07-24,2370,2025072405028192,CIT,Indira securities pvt. ltd,Neev Securities Pvt. Ltd.,200,2046.0,409200.0,2025-07-24 14:59:26.662749
2025-07-24,2369,2025072405028193,CIT,Imperial Securities Company Pvt. Ltd.,Neev Securities Pvt. Ltd.,50,2046.0,102300.0,2025-07-24 14:59:26.662904
2025-07-24,2061,2025072405028234,CIT,Secured Securities Ltd.,Neev Securities Pvt. Ltd.,59,2046.0,120714.0,2025-07-24 14:59:30.319030
2025-07-24,2060,2025072405028235,CIT,Secured Securities Ltd.,Nepal Investment And Securities Trading Private Limited,50,2046.1,102305.0,2025-07-24 14:59:30.319338
2025-07-24,2059,2025072405028236,CIT,Secured Securities Ltd.,Opal Securities Investment (PVT) Ltd.,500,2049.0,1024500.0,2025-07-24 14:59:30.319499
2025-07-24,2058,2025072405028237,CIT,Secured Securities Ltd.,Ashutosh Brokerage & Securities (PVT) Ltd.,50,2050.0,102500.0,2025-07-24 14:59:30.319646
2025-07-24,1223,2025072405028377,CIT,Secured Securities Ltd.,Linch Stock Market Ltd.,50,2050.0,102500.0,2025-07-24 14:59:42.608448
2025-07-24,1097,2025072405028393,CIT,Secured Securities Ltd.,ABC Securities Private Limited,10,2050.0,20500.0,2025-07-24 14:59:44.668243
2025-07-24,250,2025072405028563,CIT,Secured Securities Ltd.,Sweta Securities Private Limited,15,2050.0,30750.0,2025-07-24 14:59:56.854886
