Date,S.N.,Contract ID,Symbol,Buyer Broker,Seller Broker,volume,rate,amount,transaction_time
2025-07-24,153453,2025072404000536,HURJA,Online Securities Pvt. Ltd.,Online Securities Pvt. Ltd.,20,269.0,5380.0,2025-07-24 11:02:35.757546
2025-07-24,153256,2025072404000640,HURJA,Aryatara Investment & Securities,Primo Securities (PVT) Ltd.,130,270.0,35100.0,2025-07-24 11:02:53.204627
2025-07-24,153183,2025072404000674,HURJA,Magnet Securities and Investment Company Private Limited,Primo Securities (PVT) Ltd.,200,270.0,54000.0,2025-07-24 11:03:01.208758
2025-07-24,153147,2025072404000693,HURJA,Malla & Malla Stock Broking Company Pvt. Limited,Primo Securities (PVT) Ltd.,500,270.0,135000.0,2025-07-24 11:03:04.908900
2025-07-24,152694,2025072404000909,HURJA,Nepal Stock House (PVT) Ltd.,Primo Securities (PVT) Ltd.,116,270.0,31320.0,2025-07-24 11:03:59.501507
2025-07-24,152641,2025072404000927,HURJA,Naasa Securities Co. Ltd.,Naasa Securities Co. Ltd.,1000,272.0,272000.0,2025-07-24 11:04:06.457181
2025-07-24,152170,2025072404001110,HURJA,Vision Securities Pvt. Ltd,Sumeru Securities Pvt. Ltd.,100,272.0,27200.0,2025-07-24 11:04:59.087502
2025-07-24,152169,2025072404001111,HURJA,Vision Securities Pvt. Ltd,Linch Stock Market Ltd.,30,273.0,8190.0,2025-07-24 11:04:59.087603
2025-07-24,152168,2025072404001112,HURJA,Vision Securities Pvt. Ltd,Capital Max Securities Ltd,100,273.0,27300.0,2025-07-24 11:04:59.087663
2025-07-24,152167,2025072404001113,HURJA,Vision Securities Pvt. Ltd,Sumeru Securities Pvt. Ltd.,50,273.9,13695.0,2025-07-24 11:04:59.087699
2025-07-24,152166,2025072404001114,HURJA,Vision Securities Pvt. Ltd,Stoxkarts Securities Limited,1000,273.9,273900.0,2025-07-24 11:04:59.087736
2025-07-24,152165,2025072404001115,HURJA,Vision Securities Pvt. Ltd,Creative Securities Pvt Ltd,500,273.9,136950.0,2025-07-24 11:04:59.087772
2025-07-24,152164,2025072404001116,HURJA,Vision Securities Pvt. Ltd,Citizens Share Broker Limited,133,274.0,36442.0,2025-07-24 11:04:59.087810
2025-07-24,150854,2025072404001648,HURJA,Capital Max Securities Ltd,Primo Securities (PVT) Ltd.,25,271.0,6775.0,2025-07-24 11:07:09.664205
2025-07-24,150853,2025072404001649,HURJA,Sewa Securities Pvt. Ltd.,Primo Securities (PVT) Ltd.,100,271.0,27100.0,2025-07-24 11:07:09.664361
2025-07-24,150852,2025072404001650,HURJA,Citizens Share Broker Limited,Primo Securities (PVT) Ltd.,500,271.0,135500.0,2025-07-24 11:07:09.664419
2025-07-24,150523,2025072404001770,HURJA,K.B.L. Securities Limited ,Primo Securities (PVT) Ltd.,375,271.0,101625.0,2025-07-24 11:07:38.747762
2025-07-24,150200,2025072404001888,HURJA,Secured Securities Ltd.,Kohinoor Investment & Securities Pvt. Ltd.,500,271.0,135500.0,2025-07-24 11:08:11.475444
2025-07-24,150030,2025072404001948,HURJA,K.B.L. Securities Limited ,Kohinoor Investment & Securities Pvt. Ltd.,500,270.4,135200.0,2025-07-24 11:08:31.366080
2025-07-24,149893,2025072404001981,HURJA,Midas Stock Broking Company Private Limited,Citizens Share Broker Limited,800,270.5,216400.0,2025-07-24 11:08:44.071002
2025-07-24,149892,2025072404001982,HURJA,K.B.L. Securities Limited ,Citizens Share Broker Limited,67,270.4,18116.8,2025-07-24 11:08:44.071306
2025-07-24,149816,2025072404002001,HURJA,Kumari Securities Private Limited,Vision Securities Pvt. Ltd,250,271.0,67750.0,2025-07-24 11:08:53.679949
2025-07-24,149815,2025072404002002,HURJA,Kumari Securities Private Limited,Market Securities & Exchange (PVT) Ltd.,150,271.0,40650.0,2025-07-24 11:08:53.680106
2025-07-24,149814,2025072404002003,HURJA,Kumari Securities Private Limited,Vision Securities Pvt. Ltd,50,271.0,13550.0,2025-07-24 11:08:53.680171
2025-07-24,148982,2025072404002227,HURJA,Naasa Securities Co. Ltd.,Dipshikha Dhitopatra Karobar Co. Pvt Ltd.,20,272.0,5440.0,2025-07-24 11:10:21.232361
2025-07-24,148921,2025072404002243,HURJA,Kumari Securities Private Limited,Linch Stock Market Ltd.,310,271.0,84010.0,2025-07-24 11:10:24.418134
2025-07-24,148496,2025072404002368,HURJA,Kumari Securities Private Limited,Trisul Securities & Invt. Ltd.,40,271.0,10840.0,2025-07-24 11:11:06.296647
2025-07-24,147950,2025072404002549,HURJA,Kumari Securities Private Limited,Sani Securities Company Ltd.,30,271.0,8130.0,2025-07-24 11:11:59.474432
2025-07-24,147947,2025072404002551,HURJA,Kumari Securities Private Limited,Sani Securities Company Ltd.,100,271.0,27100.0,2025-07-24 11:11:59.881088
2025-07-24,147792,2025072404002597,HURJA,Kumari Securities Private Limited,Dipshikha Dhitopatra Karobar Co. Pvt Ltd.,70,271.0,18970.0,2025-07-24 11:12:17.083589
2025-07-24,147791,2025072404002598,HURJA,Sani Securities Company Ltd.,Dipshikha Dhitopatra Karobar Co. Pvt Ltd.,10,271.0,2710.0,2025-07-24 11:12:17.083758
2025-07-24,147729,2025072404002616,HURJA,Sani Securities Company Ltd.,ABC Securities Private Limited,190,271.0,51490.0,2025-07-24 11:12:22.225679
2025-07-24,147728,2025072404002617,HURJA,Naasa Securities Co. Ltd.,ABC Securities Private Limited,210,271.0,56910.0,2025-07-24 11:12:22.225893
2025-07-24,147243,2025072404002777,HURJA,Naasa Securities Co. Ltd.,Dipshikha Dhitopatra Karobar Co. Pvt Ltd.,150,271.0,40650.0,2025-07-24 11:13:10.843510
2025-07-24,146698,2025072404002938,HURJA,K.B.L. Securities Limited ,Sharepro Securities Private Limited,341,271.1,92445.1,2025-07-24 11:14:05.569392
2025-07-24,145777,2025072404003233,HURJA,Imperial Securities Company Pvt. Ltd.,Imperial Securities Company Pvt. Ltd.,70,271.3,18991.0,2025-07-24 11:15:29.467242
2025-07-24,145776,2025072404003234,HURJA,Midas Stock Broking Company Private Limited,Imperial Securities Company Pvt. Ltd.,930,271.2,252216.0,2025-07-24 11:15:29.467449
2025-07-24,145573,2025072404003274,HURJA,Midas Stock Broking Company Private Limited,Imperial Securities Company Pvt. Ltd.,70,271.2,18984.0,2025-07-24 11:15:47.266827
2025-07-24,145447,2025072404003310,HURJA,K.B.L. Securities Limited ,Sani Securities Company Ltd.,3000,271.1,813300.0,2025-07-24 11:16:00.043845
2025-07-24,145330,2025072404003346,HURJA,K.B.L. Securities Limited ,Oxford Securities Pvt. Ltd.,100,271.1,27110.0,2025-07-24 11:16:10.315525
2025-07-24,145257,2025072404003371,HURJA,K.B.L. Securities Limited ,SUN SECURITIES PVT LTD,100,271.1,27110.0,2025-07-24 11:16:16.788477
2025-07-24,145204,2025072404003388,HURJA,K.B.L. Securities Limited ,Cristal Kanchanjanga Securites Pvt. Ltd.,400,271.1,108440.0,2025-07-24 11:16:21.883363
2025-07-24,145133,2025072404003410,HURJA,K.B.L. Securities Limited ,Linch Stock Market Ltd.,117,271.1,31718.7,2025-07-24 11:16:28.687338
2025-07-24,145132,2025072404003411,HURJA,Agrawal Securities (PVT) Ltd.,Linch Stock Market Ltd.,1000,271.0,271000.0,2025-07-24 11:16:28.687514
2025-07-24,145131,2025072404003412,HURJA,Midas Stock Broking Company Private Limited,Linch Stock Market Ltd.,883,271.0,239293.0,2025-07-24 11:16:28.687601
2025-07-24,145105,2025072404003423,HURJA,Midas Stock Broking Company Private Limited,Sani Securities Company Ltd.,3117,271.0,844707.0,2025-07-24 11:16:31.088405
2025-07-24,144917,2025072404003473,HURJA,Midas Stock Broking Company Private Limited,Sani Securities Company Ltd.,883,270.9,239204.7,2025-07-24 11:16:47.640464
2025-07-24,144741,2025072404003530,HURJA,Midas Stock Broking Company Private Limited,Market Securities & Exchange (PVT) Ltd.,117,270.9,31695.3,2025-07-24 11:17:04.346957
2025-07-24,144740,2025072404003531,HURJA,Kohinoor Investment & Securities Pvt. Ltd.,Market Securities & Exchange (PVT) Ltd.,500,270.6,135300.0,2025-07-24 11:17:04.347354
2025-07-24,144739,2025072404003532,HURJA,Kohinoor Investment & Securities Pvt. Ltd.,Market Securities & Exchange (PVT) Ltd.,183,270.5,49501.5,2025-07-24 11:17:04.347590
2025-07-24,144718,2025072404003539,HURJA,Naasa Securities Co. Ltd.,Aryatara Investment & Securities,100,271.1,27110.0,2025-07-24 11:17:06.627609
2025-07-24,144717,2025072404003540,HURJA,Naasa Securities Co. Ltd.,Stoxkarts Securities Limited,150,271.1,40665.0,2025-07-24 11:17:06.627956
2025-07-24,144716,2025072404003541,HURJA,Naasa Securities Co. Ltd.,Imperial Securities Company Pvt. Ltd.,930,271.2,252216.0,2025-07-24 11:17:06.628204
2025-07-24,144540,2025072404003600,HURJA,Naasa Securities Co. Ltd.,Kohinoor Investment & Securities Pvt. Ltd.,400,271.2,108480.0,2025-07-24 11:17:18.973066
2025-07-24,144526,2025072404003606,HURJA,Naasa Securities Co. Ltd.,Midas Stock Broking Company Private Limited,200,271.2,54240.0,2025-07-24 11:17:20.282801
2025-07-24,144438,2025072404003632,HURJA,Naasa Securities Co. Ltd.,Aryatara Investment & Securities,220,271.2,59664.0,2025-07-24 11:17:29.357370
2025-07-24,144249,2025072404003709,HURJA,Opal Securities Investment (PVT) Ltd.,Aryatara Investment & Securities,280,271.0,75880.0,2025-07-24 11:17:47.029394
2025-07-24,144248,2025072404003710,HURJA,Opal Securities Investment (PVT) Ltd.,Sani Securities Company Ltd.,720,271.9,195768.0,2025-07-24 11:17:47.029738
2025-07-24,143872,2025072404003839,HURJA,Kohinoor Investment & Securities Pvt. Ltd.,Market Securities & Exchange (PVT) Ltd.,317,270.5,85748.5,2025-07-24 11:18:24.563899
2025-07-24,143871,2025072404003840,HURJA,Aryatara Investment & Securities,Market Securities & Exchange (PVT) Ltd.,83,270.1,22418.3,2025-07-24 11:18:24.564111
2025-07-24,143741,2025072404003872,HURJA,Agrawal Securities (PVT) Ltd.,ABC Securities Private Limited,300,271.2,81360.0,2025-07-24 11:18:36.600330
2025-07-24,143609,2025072404003912,HURJA,Malla & Malla Stock Broking Company Pvt. Limited,Vision Securities Pvt. Ltd,50,271.1,13555.0,2025-07-24 11:18:47.266776
2025-07-24,143608,2025072404003913,HURJA,Aryatara Investment & Securities,Vision Securities Pvt. Ltd,200,270.1,54020.0,2025-07-24 11:18:47.266972
2025-07-24,143554,2025072404003929,HURJA,Aryatara Investment & Securities,Linch Stock Market Ltd.,717,270.1,193661.7,2025-07-24 11:18:52.528392
2025-07-24,143553,2025072404003930,HURJA,Kohinoor Investment & Securities Pvt. Ltd.,Linch Stock Market Ltd.,116,270.0,31320.0,2025-07-24 11:18:52.528596
2025-07-24,143552,2025072404003931,HURJA,Naasa Securities Co. Ltd.,Linch Stock Market Ltd.,70,270.0,18900.0,2025-07-24 11:18:52.528676
2025-07-24,143551,2025072404003932,HURJA,Kohinoor Investment & Securities Pvt. Ltd.,Linch Stock Market Ltd.,500,270.0,135000.0,2025-07-24 11:18:52.528775
2025-07-24,143550,2025072404003933,HURJA,Ashutosh Brokerage & Securities (PVT) Ltd.,Linch Stock Market Ltd.,1097,270.0,296190.0,2025-07-24 11:18:52.528855
2025-07-24,143443,2025072404003962,HURJA,Ashutosh Brokerage & Securities (PVT) Ltd.,ABC Securities Private Limited,500,270.0,135000.0,2025-07-24 11:19:03.311656
2025-07-24,143397,2025072404003983,HURJA,Ashutosh Brokerage & Securities (PVT) Ltd.,MILKY WAY SHARE BROKER COMPANY LTD ,403,270.0,108810.0,2025-07-24 11:19:06.849228
2025-07-24,142691,2025072404004196,HURJA,Online Securities Pvt. Ltd.,MILKY WAY SHARE BROKER COMPANY LTD ,110,270.0,29700.0,2025-07-24 11:20:20.343354
2025-07-24,142486,2025072404004255,HURJA,Shree Krishna Securities Ltd.,Nepal Stock House (PVT) Ltd.,78,269.2,20997.6,2025-07-24 11:20:43.167059
2025-07-24,142485,2025072404004256,HURJA,Online Securities Pvt. Ltd.,Nepal Stock House (PVT) Ltd.,980,269.0,263620.0,2025-07-24 11:20:43.167309
2025-07-24,142484,2025072404004257,HURJA,Naasa Securities Co. Ltd.,Nepal Stock House (PVT) Ltd.,500,269.0,134500.0,2025-07-24 11:20:43.167412
2025-07-24,142308,2025072404004305,HURJA,Stoxkarts Securities Limited,Kohinoor Investment & Securities Pvt. Ltd.,500,268.0,134000.0,2025-07-24 11:21:00.344668
2025-07-24,142260,2025072404004316,HURJA,Vision Securities Pvt. Ltd,Nepal Stock House (PVT) Ltd.,500,269.0,134500.0,2025-07-24 11:21:03.938363
2025-07-24,141392,2025072404004546,HURJA,Kohinoor Investment & Securities Pvt. Ltd.,Nepal Stock House (PVT) Ltd.,1000,269.0,269000.0,2025-07-24 11:22:13.947346
2025-07-24,141388,2025072404004547,HURJA,Agrawal Securities (PVT) Ltd.,Nepal Stock House (PVT) Ltd.,1000,269.0,269000.0,2025-07-24 11:22:14.209819
2025-07-24,141332,2025072404004570,HURJA,Trishakti Securities Public Limited,Naasa Securities Co. Ltd.,100,268.1,26810.0,2025-07-24 11:22:20.804199
2025-07-24,141331,2025072404004571,HURJA,Kohinoor Investment & Securities Pvt. Ltd.,Naasa Securities Co. Ltd.,900,267.2,240480.0,2025-07-24 11:22:20.804397
2025-07-24,141102,2025072404004643,HURJA,Sweta Securities Private Limited,Nepal Stock House (PVT) Ltd.,10,269.0,2690.0,2025-07-24 11:22:39.225218
2025-07-24,140871,2025072404004716,HURJA,Kohinoor Investment & Securities Pvt. Ltd.,Naasa Securities Co. Ltd.,100,267.2,26720.0,2025-07-24 11:22:59.594420
2025-07-24,140870,2025072404004717,HURJA,Trishakti Securities Public Limited,Naasa Securities Co. Ltd.,100,267.2,26720.0,2025-07-24 11:22:59.594647
2025-07-24,140869,2025072404004718,HURJA,Agrawal Securities (PVT) Ltd.,Naasa Securities Co. Ltd.,800,267.2,213760.0,2025-07-24 11:22:59.594734
2025-07-24,140769,2025072404004743,HURJA,Naasa Securities Co. Ltd.,Nepal Stock House (PVT) Ltd.,103,269.0,27707.0,2025-07-24 11:23:06.786428
2025-07-24,140647,2025072404004771,HURJA,Agrawal Securities (PVT) Ltd.,South Asian Bulls Pvt. Ltd.,10,267.2,2672.0,2025-07-24 11:23:18.979579
2025-07-24,140041,2025072404004951,HURJA,Agrawal Securities (PVT) Ltd.,Nepal Stock House (PVT) Ltd.,100,269.0,26900.0,2025-07-24 11:24:16.690671
2025-07-24,139762,2025072404005029,HURJA,Kumari Securities Private Limited,Sundhara Securities Limited,20,268.0,5360.0,2025-07-24 11:24:40.030491
2025-07-24,139649,2025072404005080,HURJA,Capital Hub P. Ltd,Nepal Stock House (PVT) Ltd.,1129,269.0,303701.0,2025-07-24 11:24:52.086475
2025-07-24,139648,2025072404005081,HURJA,Capital Hub P. Ltd,Investment Management Nepal Pvt. Ltd.,200,269.0,53800.0,2025-07-24 11:24:52.086889
2025-07-24,139502,2025072404005134,HURJA,Naasa Securities Co. Ltd.,MILKY WAY SHARE BROKER COMPANY LTD ,70,270.0,18900.0,2025-07-24 11:25:05.769298
2025-07-24,139489,2025072404005138,HURJA,Trishakti Securities Public Limited,MILKY WAY SHARE BROKER COMPANY LTD ,152,270.0,41040.0,2025-07-24 11:25:07.543024
2025-07-24,139488,2025072404005139,HURJA,Trishakti Securities Public Limited,Global IME Securities Limited,512,270.0,138240.0,2025-07-24 11:25:07.543282
2025-07-24,139487,2025072404005140,HURJA,Trishakti Securities Public Limited,Linch Stock Market Ltd.,60,270.0,16200.0,2025-07-24 11:25:07.543388
2025-07-24,139486,2025072404005141,HURJA,Trishakti Securities Public Limited,Sundhara Securities Limited,276,270.0,74520.0,2025-07-24 11:25:07.543475
2025-07-24,139113,2025072404005287,HURJA,Vision Securities Pvt. Ltd,Sundhara Securities Limited,24,270.0,6480.0,2025-07-24 11:25:39.956657
2025-07-24,139112,2025072404005288,HURJA,Vision Securities Pvt. Ltd,Dakshinkali Investment & Securities Pvt. Ltd.,116,270.0,31320.0,2025-07-24 11:25:39.956863
2025-07-24,138476,2025072404005517,HURJA,K.B.L. Securities Limited ,Dakshinkali Investment & Securities Pvt. Ltd.,884,270.0,238680.0,2025-07-24 11:26:34.755666
2025-07-24,137977,2025072404005679,HURJA,K.B.L. Securities Limited ,Premier Securities Company Ltd.,116,270.0,31320.0,2025-07-24 11:27:17.083706
2025-07-24,137976,2025072404005680,HURJA,Kohinoor Investment & Securities Pvt. Ltd.,Premier Securities Company Ltd.,200,270.0,54000.0,2025-07-24 11:27:17.083955
2025-07-24,137760,2025072404005779,HURJA,Trishakti Securities Public Limited,Premier Securities Company Ltd.,684,270.0,184680.0,2025-07-24 11:27:30.783796
2025-07-24,137759,2025072404005780,HURJA,Trishakti Securities Public Limited,Property Wiard Limited,316,270.4,85446.4,2025-07-24 11:27:30.784257
2025-07-24,137587,2025072404005845,HURJA,INDEX SECURITIES LIMITED,Naasa Securities Co. Ltd.,1000,270.0,270000.0,2025-07-24 11:27:44.887059
2025-07-24,137361,2025072404005910,HURJA,INDEX SECURITIES LIMITED,Aryatara Investment & Securities,200,270.0,54000.0,2025-07-24 11:28:02.895841
2025-07-24,137266,2025072404005954,HURJA,INDEX SECURITIES LIMITED,Kohinoor Investment & Securities Pvt. Ltd.,15,270.1,4051.5,2025-07-24 11:28:09.746244
2025-07-24,136707,2025072404006152,HURJA,Naasa Securities Co. Ltd.,Asian Securities Private Ltd.,500,271.0,135500.0,2025-07-24 11:28:48.539089
2025-07-24,136706,2025072404006153,HURJA,Naasa Securities Co. Ltd.,Bhrikuti Stock Broking Co. Pvt. Ltd.,500,271.0,135500.0,2025-07-24 11:28:48.539341
2025-07-24,136472,2025072404006269,HURJA,Asian Securities Private Ltd.,Agrawal Securities (PVT) Ltd.,100,271.0,27100.0,2025-07-24 11:29:07.694683
2025-07-24,136335,2025072404006321,HURJA,INDEX SECURITIES LIMITED,Agrawal Securities (PVT) Ltd.,85,270.1,22958.5,2025-07-24 11:29:20.171225
2025-07-24,136334,2025072404006322,HURJA,Capital Max Securities Ltd,Agrawal Securities (PVT) Ltd.,100,270.1,27010.0,2025-07-24 11:29:20.171678
2025-07-24,136333,2025072404006323,HURJA,INDEX SECURITIES LIMITED,Agrawal Securities (PVT) Ltd.,315,270.0,85050.0,2025-07-24 11:29:20.171974
2025-07-24,135773,2025072404006584,HURJA,Naasa Securities Co. Ltd.,Investment Management Nepal Pvt. Ltd.,5,271.0,1355.0,2025-07-24 11:30:04.010896
2025-07-24,135762,2025072404006591,HURJA,Trishakti Securities Public Limited,Sweta Securities Private Limited,100,270.1,27010.0,2025-07-24 11:30:05.000001
2025-07-24,135761,2025072404006592,HURJA,INDEX SECURITIES LIMITED,Sweta Securities Private Limited,900,270.0,243000.0,2025-07-24 11:30:05.000426
2025-07-24,135406,2025072404006727,HURJA,South Asian Bulls Pvt. Ltd.,Agrawal Securities (PVT) Ltd.,91,271.0,24661.0,2025-07-24 11:30:33.363967
2025-07-24,135405,2025072404006728,HURJA,South Asian Bulls Pvt. Ltd.,Aryatara Investment & Securities,1000,271.2,271200.0,2025-07-24 11:30:33.364067
2025-07-24,135404,2025072404006729,HURJA,South Asian Bulls Pvt. Ltd.,Linch Stock Market Ltd.,300,271.7,81510.0,2025-07-24 11:30:33.364097
2025-07-24,135403,2025072404006730,HURJA,South Asian Bulls Pvt. Ltd.,Sani Securities Company Ltd.,280,271.9,76132.0,2025-07-24 11:30:33.364134
2025-07-24,135402,2025072404006731,HURJA,South Asian Bulls Pvt. Ltd.,Kohinoor Investment & Securities Pvt. Ltd.,1000,271.9,271900.0,2025-07-24 11:30:33.364163
2025-07-24,135401,2025072404006732,HURJA,South Asian Bulls Pvt. Ltd.,Sumeru Securities Pvt. Ltd.,100,272.0,27200.0,2025-07-24 11:30:33.364217
2025-07-24,135400,2025072404006733,HURJA,South Asian Bulls Pvt. Ltd.,Oxford Securities Pvt. Ltd.,229,272.0,62288.0,2025-07-24 11:30:33.364240
2025-07-24,135315,2025072404006772,HURJA,Opal Securities Investment (PVT) Ltd.,Himalayan Securities Limited,100,270.1,27010.0,2025-07-24 11:30:39.846711
2025-07-24,135314,2025072404006773,HURJA,INDEX SECURITIES LIMITED,Himalayan Securities Limited,100,270.0,27000.0,2025-07-24 11:30:39.847142
2025-07-24,134434,2025072404007159,HURJA,Dynamic Money Managers Securities Pvt. Ltd.,ABC Securities Private Limited,20,270.1,5402.0,2025-07-24 11:31:45.098960
2025-07-24,134052,2025072404007274,HURJA,Capital Hub P. Ltd,Oxford Securities Pvt. Ltd.,1771,272.0,481712.0,2025-07-24 11:32:17.984392
2025-07-24,134051,2025072404007275,HURJA,Capital Hub P. Ltd,Trisul Securities & Invt. Ltd.,50,272.0,13600.0,2025-07-24 11:32:17.984829
2025-07-24,134050,2025072404007276,HURJA,Capital Hub P. Ltd,ABC Securities Private Limited,500,272.0,136000.0,2025-07-24 11:32:17.985127
2025-07-24,134049,2025072404007277,HURJA,Capital Hub P. Ltd,Stoxkarts Securities Limited,1350,272.0,367200.0,2025-07-24 11:32:17.985450
2025-07-24,133322,2025072404007601,HURJA,Premier Securities Company Ltd.,Stoxkarts Securities Limited,100,272.0,27200.0,2025-07-24 11:33:18.425399
2025-07-24,131069,2025072404008576,HURJA,Sani Securities Company Ltd.,Stoxkarts Securities Limited,50,272.0,13600.0,2025-07-24 11:36:32.218096
2025-07-24,131068,2025072404008577,HURJA,Sani Securities Company Ltd.,Shree Krishna Securities Ltd.,450,272.0,122400.0,2025-07-24 11:36:32.218354
2025-07-24,130717,2025072404008715,HURJA,Sumeru Securities Pvt. Ltd.,Shree Krishna Securities Ltd.,50,272.0,13600.0,2025-07-24 11:37:05.296157
2025-07-24,130716,2025072404008716,HURJA,Sumeru Securities Pvt. Ltd.,Kumari Securities Private Limited,150,272.0,40800.0,2025-07-24 11:37:05.296722
2025-07-24,129397,2025072404009305,HURJA,Vision Securities Pvt. Ltd,Kumari Securities Private Limited,350,272.0,95200.0,2025-07-24 11:38:48.373632
2025-07-24,129396,2025072404009306,HURJA,Vision Securities Pvt. Ltd,Trishakti Securities Public Limited,100,272.0,27200.0,2025-07-24 11:38:48.373943
2025-07-24,129395,2025072404009307,HURJA,Vision Securities Pvt. Ltd,Vision Securities Pvt. Ltd,450,272.0,122400.0,2025-07-24 11:38:48.374056
2025-07-24,129394,2025072404009308,HURJA,Vision Securities Pvt. Ltd,Hatemalo Financial Services Private Limited,100,272.0,27200.0,2025-07-24 11:38:48.374169
2025-07-24,128939,2025072404009479,HURJA,Vision Securities Pvt. Ltd,Hatemalo Financial Services Private Limited,52,272.0,14144.0,2025-07-24 11:39:15.299539
2025-07-24,128809,2025072404009532,HURJA,South Asian Bulls Pvt. Ltd.,Sumeru Securities Pvt. Ltd.,40,271.1,10844.0,2025-07-24 11:39:24.455804
2025-07-24,128594,2025072404009598,HURJA,South Asian Bulls Pvt. Ltd.,South Asian Bulls Pvt. Ltd.,100,271.1,27110.0,2025-07-24 11:39:42.873274
2025-07-24,126819,2025072404010277,HURJA,South Asian Bulls Pvt. Ltd.,Hatemalo Financial Services Private Limited,115,272.0,31280.0,2025-07-24 11:42:15.380457
2025-07-24,126807,2025072404010284,HURJA,Malla & Malla Stock Broking Company Pvt. Limited,Stoxkarts Securities Limited,50,271.5,13575.0,2025-07-24 11:42:16.900920
2025-07-24,126654,2025072404010327,HURJA,Malla & Malla Stock Broking Company Pvt. Limited,Vision Securities Pvt. Ltd,150,271.5,40725.0,2025-07-24 11:42:31.225839
2025-07-24,126227,2025072404010491,HURJA,J.F. Securites (PVT) Ltd.,Vision Securities Pvt. Ltd,126,271.1,34158.6,2025-07-24 11:43:10.061534
2025-07-24,126091,2025072404010526,HURJA,Trishakti Securities Public Limited,Hatemalo Financial Services Private Limited,22,272.0,5984.0,2025-07-24 11:43:28.531035
2025-07-24,126090,2025072404010527,HURJA,Trishakti Securities Public Limited,Oxford Securities Pvt. Ltd.,1478,272.0,402016.0,2025-07-24 11:43:28.531606
2025-07-24,125745,2025072404010663,HURJA,Trishakti Securities Public Limited,Imperial Securities Company Pvt. Ltd.,370,271.9,100603.0,2025-07-24 11:44:03.107342
2025-07-24,125744,2025072404010664,HURJA,Trishakti Securities Public Limited,Oxford Securities Pvt. Ltd.,1130,272.0,307360.0,2025-07-24 11:44:03.107684
2025-07-24,125550,2025072404010723,HURJA,J.F. Securites (PVT) Ltd.,Sweta Securities Private Limited,35,271.1,9488.5,2025-07-24 11:44:18.157119
2025-07-24,124815,2025072404010952,HURJA,J.F. Securites (PVT) Ltd.,Sri Hari Securities Pvt. Ltd.,139,271.1,37682.9,2025-07-24 11:45:22.261040
2025-07-24,124814,2025072404010953,HURJA,Kohinoor Investment & Securities Pvt. Ltd.,Sri Hari Securities Pvt. Ltd.,500,271.0,135500.0,2025-07-24 11:45:22.261413
2025-07-24,124813,2025072404010954,HURJA,Naasa Securities Co. Ltd.,Sri Hari Securities Pvt. Ltd.,50,271.0,13550.0,2025-07-24 11:45:22.261538
2025-07-24,124812,2025072404010955,HURJA,Capital Max Securities Ltd,Sri Hari Securities Pvt. Ltd.,100,271.0,27100.0,2025-07-24 11:45:22.261654
2025-07-24,124811,2025072404010956,HURJA,Trishakti Securities Public Limited,Sri Hari Securities Pvt. Ltd.,1000,270.5,270500.0,2025-07-24 11:45:22.261776
2025-07-24,124810,2025072404010957,HURJA,Ashutosh Brokerage & Securities (PVT) Ltd.,Sri Hari Securities Pvt. Ltd.,1851,270.3,500325.3,2025-07-24 11:45:22.261926
2025-07-24,124202,2025072404011234,HURJA,Ashutosh Brokerage & Securities (PVT) Ltd.,Midas Stock Broking Company Private Limited,110,270.3,29733.0,2025-07-24 11:46:22.193700
2025-07-24,123340,2025072404011529,HURJA,Cristal Kanchanjanga Securites Pvt. Ltd.,Primo Securities (PVT) Ltd.,300,271.0,81300.0,2025-07-24 11:47:47.012156
2025-07-24,123339,2025072404011530,HURJA,Ashutosh Brokerage & Securities (PVT) Ltd.,Primo Securities (PVT) Ltd.,39,270.3,10541.7,2025-07-24 11:47:47.012460
2025-07-24,123338,2025072404011531,HURJA,Trishakti Securities Public Limited,Primo Securities (PVT) Ltd.,100,270.3,27030.0,2025-07-24 11:47:47.012591
2025-07-24,123337,2025072404011532,HURJA,Capital Max Securities Ltd,Primo Securities (PVT) Ltd.,50,270.3,13515.0,2025-07-24 11:47:47.012710
2025-07-24,123336,2025072404011533,HURJA,Opal Securities Investment (PVT) Ltd.,Primo Securities (PVT) Ltd.,27,270.2,7295.4,2025-07-24 11:47:47.012839
2025-07-24,123335,2025072404011534,HURJA,Nepal Stock House (PVT) Ltd.,Primo Securities (PVT) Ltd.,200,270.2,54040.0,2025-07-24 11:47:47.012964
2025-07-24,123334,2025072404011535,HURJA,Dynamic Money Managers Securities Pvt. Ltd.,Primo Securities (PVT) Ltd.,284,270.1,76708.4,2025-07-24 11:47:47.013082
2025-07-24,123102,2025072404011603,HURJA,Dynamic Money Managers Securities Pvt. Ltd.,Sri Hari Securities Pvt. Ltd.,696,270.1,187989.6,2025-07-24 11:48:12.914590
2025-07-24,122966,2025072404011641,HURJA,INDEX SECURITIES LIMITED,Trishakti Securities Public Limited,140,270.0,37800.0,2025-07-24 11:48:26.712305
2025-07-24,122918,2025072404011652,HURJA,INDEX SECURITIES LIMITED,Sani Securities Company Ltd.,345,270.0,93150.0,2025-07-24 11:48:30.075233
2025-07-24,122917,2025072404011653,HURJA,Trisul Securities & Invt. Ltd.,Sani Securities Company Ltd.,465,270.0,125550.0,2025-07-24 11:48:30.075555
2025-07-24,122916,2025072404011654,HURJA,Asian Securities Private Ltd.,Sani Securities Company Ltd.,500,270.0,135000.0,2025-07-24 11:48:30.075689
2025-07-24,122915,2025072404011655,HURJA,Linch Stock Market Ltd.,Sani Securities Company Ltd.,1000,270.0,270000.0,2025-07-24 11:48:30.075819
2025-07-24,122914,2025072404011656,HURJA,Online Securities Pvt. Ltd.,Sani Securities Company Ltd.,68,270.0,18360.0,2025-07-24 11:48:30.075944
2025-07-24,122286,2025072404011838,HURJA,Online Securities Pvt. Ltd.,Sani Securities Company Ltd.,32,270.0,8640.0,2025-07-24 11:49:41.156238
2025-07-24,122285,2025072404011839,HURJA,Dipshikha Dhitopatra Karobar Co. Pvt Ltd.,Sani Securities Company Ltd.,58,270.0,15660.0,2025-07-24 11:49:41.156520
2025-07-24,122161,2025072404011873,HURJA,Dipshikha Dhitopatra Karobar Co. Pvt Ltd.,Cristal Kanchanjanga Securites Pvt. Ltd.,62,270.0,16740.0,2025-07-24 11:49:52.530407
2025-07-24,122160,2025072404011874,HURJA,Aryatara Investment & Securities,Cristal Kanchanjanga Securites Pvt. Ltd.,38,270.0,10260.0,2025-07-24 11:49:52.530681
2025-07-24,121579,2025072404012062,HURJA,Aryatara Investment & Securities,Imperial Securities Company Pvt. Ltd.,962,270.0,259740.0,2025-07-24 11:51:01.024800
2025-07-24,121578,2025072404012063,HURJA,Cristal Kanchanjanga Securites Pvt. Ltd.,Imperial Securities Company Pvt. Ltd.,38,270.0,10260.0,2025-07-24 11:51:01.025365
2025-07-24,121301,2025072404012180,HURJA,Cristal Kanchanjanga Securites Pvt. Ltd.,Vision Securities Pvt. Ltd,212,270.0,57240.0,2025-07-24 11:51:31.079754
2025-07-24,120994,2025072404012281,HURJA,Sharepro Securities Private Limited,Vision Securities Pvt. Ltd,288,270.0,77760.0,2025-07-24 11:52:05.988929
2025-07-24,120993,2025072404012282,HURJA,Sharepro Securities Private Limited,Naasa Securities Co. Ltd.,1000,270.0,270000.0,2025-07-24 11:52:05.989562
2025-07-24,120489,2025072404012461,HURJA,Sharepro Securities Private Limited,Opal Securities Investment (PVT) Ltd.,200,270.5,54100.0,2025-07-24 11:52:56.811492
2025-07-24,120213,2025072404012533,HURJA,Himalayan Brokerage Company Limited,Linch Stock Market Ltd.,500,270.0,135000.0,2025-07-24 11:53:23.909320
2025-07-24,119375,2025072404012910,HURJA,Sundhara Securities Limited,J.F. Securites (PVT) Ltd.,370,270.0,99900.0,2025-07-24 11:54:38.798192
2025-07-24,119374,2025072404012911,HURJA,Sundhara Securities Limited,Sewa Securities Pvt. Ltd.,70,270.0,18900.0,2025-07-24 11:54:38.798526
2025-07-24,119285,2025072404012964,HURJA,Sundhara Securities Limited,Trishakti Securities Public Limited,200,270.0,54000.0,2025-07-24 11:54:47.196994
2025-07-24,119259,2025072404012974,HURJA,Sundhara Securities Limited,Dynamic Money Managers Securities Pvt. Ltd.,285,270.0,76950.0,2025-07-24 11:54:52.757805
2025-07-24,119197,2025072404012992,HURJA,Sundhara Securities Limited,Thrive Brokerage House Pvt. Ltd,100,270.0,27000.0,2025-07-24 11:54:57.953840
2025-07-24,119145,2025072404013016,HURJA,Sundhara Securities Limited,Creative Securities Pvt Ltd,475,270.0,128250.0,2025-07-24 11:55:01.022797
2025-07-24,119144,2025072404013017,HURJA,Sani Securities Company Ltd.,Creative Securities Pvt Ltd,25,269.1,6727.5,2025-07-24 11:55:01.022835
2025-07-24,119041,2025072404013050,HURJA,Sani Securities Company Ltd.,Agrawal Securities (PVT) Ltd.,75,269.1,20182.5,2025-07-24 11:55:15.516967
2025-07-24,119040,2025072404013051,HURJA,K.B.L. Securities Limited ,Agrawal Securities (PVT) Ltd.,425,269.0,114325.0,2025-07-24 11:55:15.517064
2025-07-24,118843,2025072404013084,HURJA,Malla & Malla Stock Broking Company Pvt. Limited,Dipshikha Dhitopatra Karobar Co. Pvt Ltd.,50,270.0,13500.0,2025-07-24 11:55:34.766297
2025-07-24,117576,2025072404013635,HURJA,Dynamic Money Managers Securities Pvt. Ltd.,Agrawal Securities (PVT) Ltd.,1000,269.8,269800.0,2025-07-24 11:57:39.392792
2025-07-24,116738,2025072404013960,HURJA,K.B.L. Securities Limited ,Opal Securities Investment (PVT) Ltd.,75,269.0,20175.0,2025-07-24 11:58:57.562351
2025-07-24,116737,2025072404013961,HURJA,Online Securities Pvt. Ltd.,Opal Securities Investment (PVT) Ltd.,925,269.0,248825.0,2025-07-24 11:58:57.562960
2025-07-24,116213,2025072404014186,HURJA,Online Securities Pvt. Ltd.,Trisul Securities & Invt. Ltd.,20,269.0,5380.0,2025-07-24 11:59:40.774499
2025-07-24,114851,2025072404014689,HURJA,Dynamic Money Managers Securities Pvt. Ltd.,Sani Securities Company Ltd.,1000,269.9,269900.0,2025-07-24 12:02:04.370634
2025-07-24,114696,2025072404014746,HURJA,Dynamic Money Managers Securities Pvt. Ltd.,Dipshikha Dhitopatra Karobar Co. Pvt Ltd.,950,270.0,256500.0,2025-07-24 12:02:23.947497
2025-07-24,114695,2025072404014747,HURJA,Dynamic Money Managers Securities Pvt. Ltd.,Bhrikuti Stock Broking Co. Pvt. Ltd.,582,270.0,157140.0,2025-07-24 12:02:23.947831
2025-07-24,114694,2025072404014748,HURJA,Dynamic Money Managers Securities Pvt. Ltd.,Dynamic Money Managers Securities Pvt. Ltd.,1500,270.0,405000.0,2025-07-24 12:02:23.947978
2025-07-24,114693,2025072404014749,HURJA,Dynamic Money Managers Securities Pvt. Ltd.,Linch Stock Market Ltd.,10,270.0,2700.0,2025-07-24 12:02:23.948116
2025-07-24,114692,2025072404014750,HURJA,Dynamic Money Managers Securities Pvt. Ltd.,Imperial Securities Company Pvt. Ltd.,500,270.0,135000.0,2025-07-24 12:02:23.948305
2025-07-24,114691,2025072404014751,HURJA,Dynamic Money Managers Securities Pvt. Ltd.,Trisul Securities & Invt. Ltd.,3080,270.0,831600.0,2025-07-24 12:02:23.948532
2025-07-24,114690,2025072404014752,HURJA,Dynamic Money Managers Securities Pvt. Ltd.,Deevyaa Securities & Stock House Pvt. Ltd,40,270.0,10800.0,2025-07-24 12:02:23.948743
2025-07-24,114689,2025072404014753,HURJA,Dynamic Money Managers Securities Pvt. Ltd.,Aryatara Investment & Securities,10,270.0,2700.0,2025-07-24 12:02:23.948944
2025-07-24,114524,2025072404014823,HURJA,Online Securities Pvt. Ltd.,Imperial Securities Company Pvt. Ltd.,50,269.0,13450.0,2025-07-24 12:02:42.404369
2025-07-24,114157,2025072404014967,HURJA,Magnet Securities and Investment Company Private Limited,Aryatara Investment & Securities,200,268.7,53740.0,2025-07-24 12:03:19.846089
2025-07-24,113444,2025072404015233,HURJA,Midas Stock Broking Company Private Limited,Aryatara Investment & Securities,200,269.5,53900.0,2025-07-24 12:04:23.676961
2025-07-24,113315,2025072404015292,HURJA,Midas Stock Broking Company Private Limited,Naasa Securities Co. Ltd.,20,269.5,5390.0,2025-07-24 12:04:38.444240
2025-07-24,112828,2025072404015526,HURJA,Dynamic Money Managers Securities Pvt. Ltd.,Opal Securities Investment (PVT) Ltd.,300,269.7,80910.0,2025-07-24 12:05:11.787670
2025-07-24,112827,2025072404015527,HURJA,Dynamic Money Managers Securities Pvt. Ltd.,Agrawal Securities (PVT) Ltd.,1100,269.8,296780.0,2025-07-24 12:05:11.788032
2025-07-24,112296,2025072404015784,HURJA,Bhrikuti Stock Broking Co. Pvt. Ltd.,Sundhara Securities Limited,100,270.0,27000.0,2025-07-24 12:05:55.636042
2025-07-24,112228,2025072404015808,HURJA,Imperial Securities Company Pvt. Ltd.,Secured Securities Ltd.,40,270.0,10800.0,2025-07-24 12:05:58.994858
2025-07-24,111938,2025072404015991,HURJA,Imperial Securities Company Pvt. Ltd.,Trisul Securities & Invt. Ltd.,60,270.0,16200.0,2025-07-24 12:06:20.746060
2025-07-24,111937,2025072404015992,HURJA,Dynamic Money Managers Securities Pvt. Ltd.,Trisul Securities & Invt. Ltd.,100,269.8,26980.0,2025-07-24 12:06:20.746439
2025-07-24,111936,2025072404015993,HURJA,Midas Stock Broking Company Private Limited,Trisul Securities & Invt. Ltd.,450,269.5,121275.0,2025-07-24 12:06:20.746591
2025-07-24,111658,2025072404016107,HURJA,Online Securities Pvt. Ltd.,Market Securities & Exchange (PVT) Ltd.,100,270.0,27000.0,2025-07-24 12:06:47.155365
2025-07-24,111446,2025072404016203,HURJA,Dynamic Money Managers Securities Pvt. Ltd.,Thrive Brokerage House Pvt. Ltd,1000,270.4,270400.0,2025-07-24 12:07:06.661045
2025-07-24,111381,2025072404016235,HURJA,Online Securities Pvt. Ltd.,Sweta Securities Private Limited,30,270.0,8100.0,2025-07-24 12:07:13.281544
2025-07-24,110962,2025072404016486,HURJA,Online Securities Pvt. Ltd.,Sunrise Securities Limited,70,270.0,18900.0,2025-07-24 12:07:52.796906
2025-07-24,110310,2025072404016786,HURJA,SUN SECURITIES PVT LTD,Sunrise Securities Limited,500,270.0,135000.0,2025-07-24 12:09:00.454842
2025-07-24,110142,2025072404016876,HURJA,Naasa Securities Co. Ltd.,Sunrise Securities Limited,20,270.0,5400.0,2025-07-24 12:09:17.514877
2025-07-24,109890,2025072404016941,HURJA,Sri Hari Securities Pvt. Ltd.,Sunrise Securities Limited,410,270.0,110700.0,2025-07-24 12:09:45.661732
2025-07-24,109683,2025072404017024,HURJA,Sri Hari Securities Pvt. Ltd.,Sunrise Securities Limited,340,270.0,91800.0,2025-07-24 12:10:07.806402
2025-07-24,109125,2025072404017227,HURJA,Midas Stock Broking Company Private Limited,Sunrise Securities Limited,330,270.0,89100.0,2025-07-24 12:11:02.189806
2025-07-24,108496,2025072404017464,HURJA,Deevyaa Securities & Stock House Pvt. Ltd,Sunrise Securities Limited,50,270.0,13500.0,2025-07-24 12:11:54.714119
2025-07-24,108445,2025072404017482,HURJA,Citizens Share Broker Limited,Property Wiard Limited,1000,269.0,269000.0,2025-07-24 12:12:00.374388
2025-07-24,108442,2025072404017483,HURJA,Vision Securities Pvt. Ltd,Sunrise Securities Limited,200,270.0,54000.0,2025-07-24 12:12:00.788369
2025-07-24,108290,2025072404017549,HURJA,Siprabi Securities Pvt. Ltd.,Sunrise Securities Limited,80,270.0,21600.0,2025-07-24 12:12:20.805607
2025-07-24,108289,2025072404017550,HURJA,Siprabi Securities Pvt. Ltd.,Sani Securities Company Ltd.,920,270.0,248400.0,2025-07-24 12:12:20.805726
2025-07-24,108201,2025072404017605,HURJA,Trisul Securities & Invt. Ltd.,Sani Securities Company Ltd.,1000,270.0,270000.0,2025-07-24 12:12:33.423712
2025-07-24,106994,2025072404018107,HURJA,Agrawal Securities (PVT) Ltd.,Sani Securities Company Ltd.,2572,270.0,694440.0,2025-07-24 12:14:44.086971
2025-07-24,106993,2025072404018108,HURJA,Agrawal Securities (PVT) Ltd.,Aryatara Investment & Securities,100,270.0,27000.0,2025-07-24 12:14:44.087400
2025-07-24,106992,2025072404018109,HURJA,Agrawal Securities (PVT) Ltd.,Secured Securities Ltd.,785,270.0,211950.0,2025-07-24 12:14:44.087645
2025-07-24,106991,2025072404018110,HURJA,Agrawal Securities (PVT) Ltd.,Aryatara Investment & Securities,1000,270.0,270000.0,2025-07-24 12:14:44.087864
2025-07-24,106960,2025072404018117,HURJA,Trishakti Securities Public Limited,Property Wiard Limited,1000,269.0,269000.0,2025-07-24 12:14:50.598892
2025-07-24,106458,2025072404018320,HURJA,Sani Securities Company Ltd.,Dipshikha Dhitopatra Karobar Co. Pvt Ltd.,30,269.5,8085.0,2025-07-24 12:15:51.215444
2025-07-24,106206,2025072404018412,HURJA,Sani Securities Company Ltd.,Online Securities Pvt. Ltd.,200,270.0,54000.0,2025-07-24 12:16:20.624572
2025-07-24,106205,2025072404018413,HURJA,Sani Securities Company Ltd.,Midas Stock Broking Company Private Limited,100,270.0,27000.0,2025-07-24 12:16:20.625299
2025-07-24,106148,2025072404018422,HURJA,Sani Securities Company Ltd.,Investment Management Nepal Pvt. Ltd.,50,270.0,13500.0,2025-07-24 12:16:27.758295
2025-07-24,105225,2025072404018719,HURJA,Sani Securities Company Ltd.,Aryatara Investment & Securities,120,270.0,32400.0,2025-07-24 12:18:05.607643
2025-07-24,105095,2025072404018787,HURJA,Secured Securities Ltd.,Opal Securities Investment (PVT) Ltd.,143,270.5,38681.5,2025-07-24 12:18:15.882870
2025-07-24,104882,2025072404018846,HURJA,South Asian Bulls Pvt. Ltd.,Midas Stock Broking Company Private Limited,15,270.0,4050.0,2025-07-24 12:18:47.509295
2025-07-24,104512,2025072404018946,HURJA,South Asian Bulls Pvt. Ltd.,Imperial Securities Company Pvt. Ltd.,55,270.0,14850.0,2025-07-24 12:19:26.057178
2025-07-24,104310,2025072404018997,HURJA,ABC Securities Private Limited,Imperial Securities Company Pvt. Ltd.,70,270.4,18928.0,2025-07-24 12:19:47.137057
2025-07-24,104309,2025072404018998,HURJA,ABC Securities Private Limited,Opal Securities Investment (PVT) Ltd.,202,270.5,54641.0,2025-07-24 12:19:47.137204
2025-07-24,104308,2025072404018999,HURJA,ABC Securities Private Limited,Oxford Securities Pvt. Ltd.,100,270.8,27080.0,2025-07-24 12:19:47.137294
2025-07-24,104307,2025072404019000,HURJA,ABC Securities Private Limited,Linch Stock Market Ltd.,40,271.0,10840.0,2025-07-24 12:19:47.137406
2025-07-24,104306,2025072404019001,HURJA,ABC Securities Private Limited,Linch Stock Market Ltd.,88,271.0,23848.0,2025-07-24 12:19:47.137487
2025-07-24,104114,2025072404019087,HURJA,Trishakti Securities Public Limited,Linch Stock Market Ltd.,412,271.0,111652.0,2025-07-24 12:20:14.954006
2025-07-24,104113,2025072404019088,HURJA,Trishakti Securities Public Limited,Online Securities Pvt. Ltd.,110,271.0,29810.0,2025-07-24 12:20:14.954403
2025-07-24,104112,2025072404019089,HURJA,Trishakti Securities Public Limited,Online Securities Pvt. Ltd.,250,271.0,67750.0,2025-07-24 12:20:14.954579
2025-07-24,104111,2025072404019090,HURJA,Trishakti Securities Public Limited,Imperial Securities Company Pvt. Ltd.,228,271.0,61788.0,2025-07-24 12:20:14.954760
2025-07-24,104034,2025072404019115,HURJA,Asian Securities Private Ltd.,Imperial Securities Company Pvt. Ltd.,500,271.0,135500.0,2025-07-24 12:20:20.543381
2025-07-24,103473,2025072404019324,HURJA,Sani Securities Company Ltd.,Imperial Securities Company Pvt. Ltd.,272,271.0,73712.0,2025-07-24 12:21:17.721848
2025-07-24,103472,2025072404019325,HURJA,Sani Securities Company Ltd.,Sani Securities Company Ltd.,20,271.0,5420.0,2025-07-24 12:21:17.721910
2025-07-24,103471,2025072404019326,HURJA,Sani Securities Company Ltd.,ABC Securities Private Limited,40,271.1,10844.0,2025-07-24 12:21:17.721944
2025-07-24,103470,2025072404019327,HURJA,Sani Securities Company Ltd.,Linch Stock Market Ltd.,500,271.1,135550.0,2025-07-24 12:21:17.721987
2025-07-24,103469,2025072404019328,HURJA,Sani Securities Company Ltd.,Creative Securities Pvt Ltd,500,271.8,135900.0,2025-07-24 12:21:17.722020
2025-07-24,103468,2025072404019329,HURJA,Sani Securities Company Ltd.,Oxford Securities Pvt. Ltd.,286,272.0,77792.0,2025-07-24 12:21:17.722069
2025-07-24,103467,2025072404019330,HURJA,Sani Securities Company Ltd.,KALASH STOCK MARKET PVT. LTD.,200,272.0,54400.0,2025-07-24 12:21:17.722098
2025-07-24,103466,2025072404019331,HURJA,Sani Securities Company Ltd.,Dakshinkali Investment & Securities Pvt. Ltd.,182,272.0,49504.0,2025-07-24 12:21:17.722128
2025-07-24,103350,2025072404019363,HURJA,ABC Securities Private Limited,Dakshinkali Investment & Securities Pvt. Ltd.,818,272.0,222496.0,2025-07-24 12:21:28.246430
2025-07-24,103349,2025072404019364,HURJA,ABC Securities Private Limited,Imperial Securities Company Pvt. Ltd.,500,272.0,136000.0,2025-07-24 12:21:28.246817
2025-07-24,103348,2025072404019365,HURJA,ABC Securities Private Limited,Imperial Securities Company Pvt. Ltd.,714,272.0,194208.0,2025-07-24 12:21:28.246988
2025-07-24,103347,2025072404019366,HURJA,ABC Securities Private Limited,Premier Securities Company Ltd.,200,272.0,54400.0,2025-07-24 12:21:28.247160
2025-07-24,103346,2025072404019367,HURJA,ABC Securities Private Limited,Malla & Malla Stock Broking Company Pvt. Limited,2000,272.0,544000.0,2025-07-24 12:21:28.247335
2025-07-24,103345,2025072404019368,HURJA,ABC Securities Private Limited,Naasa Securities Co. Ltd.,66,272.0,17952.0,2025-07-24 12:21:28.247504
2025-07-24,103344,2025072404019369,HURJA,ABC Securities Private Limited,Kohinoor Investment & Securities Pvt. Ltd.,1000,272.0,272000.0,2025-07-24 12:21:28.247669
2025-07-24,103343,2025072404019370,HURJA,ABC Securities Private Limited,Kohinoor Investment & Securities Pvt. Ltd.,280,272.0,76160.0,2025-07-24 12:21:28.247840
2025-07-24,103342,2025072404019371,HURJA,ABC Securities Private Limited,Naasa Securities Co. Ltd.,500,272.0,136000.0,2025-07-24 12:21:28.248005
2025-07-24,103341,2025072404019372,HURJA,ABC Securities Private Limited,Sundhara Securities Limited,500,272.0,136000.0,2025-07-24 12:21:28.248171
2025-07-24,103340,2025072404019373,HURJA,ABC Securities Private Limited,Sunrise Securities Limited,1800,272.0,489600.0,2025-07-24 12:21:28.248335
2025-07-24,103339,2025072404019374,HURJA,ABC Securities Private Limited,Vision Securities Pvt. Ltd,500,272.0,136000.0,2025-07-24 12:21:28.248501
2025-07-24,103338,2025072404019375,HURJA,ABC Securities Private Limited,Sundhara Securities Limited,100,272.0,27200.0,2025-07-24 12:21:28.248665
2025-07-24,103265,2025072404019411,HURJA,ABC Securities Private Limited,Thrive Brokerage House Pvt. Ltd,22,272.0,5984.0,2025-07-24 12:21:36.113069
2025-07-24,102673,2025072404019736,HURJA,Trishakti Securities Public Limited,Kohinoor Investment & Securities Pvt. Ltd.,40,270.3,10812.0,2025-07-24 12:22:33.728181
2025-07-24,102517,2025072404019813,HURJA,Nabil Stock Dealer Ltd.,Thrive Brokerage House Pvt. Ltd,78,271.0,21138.0,2025-07-24 12:22:47.618059
2025-07-24,102516,2025072404019814,HURJA,Nabil Stock Dealer Ltd.,Online Securities Pvt. Ltd.,75,271.0,20325.0,2025-07-24 12:22:47.618516
2025-07-24,102447,2025072404019838,HURJA,Online Securities Pvt. Ltd.,Vision Securities Pvt. Ltd,946,272.0,257312.0,2025-07-24 12:22:59.365866
2025-07-24,102446,2025072404019839,HURJA,Online Securities Pvt. Ltd.,Neev Securities Pvt. Ltd.,50,272.0,13600.0,2025-07-24 12:22:59.366303
2025-07-24,102337,2025072404019876,HURJA,Trishakti Securities Public Limited,Sagarmatha Securities Private Limited,100,272.5,27250.0,2025-07-24 12:23:09.044713
2025-07-24,102336,2025072404019877,HURJA,Trishakti Securities Public Limited,Oxford Securities Pvt. Ltd.,200,272.5,54500.0,2025-07-24 12:23:09.045141
2025-07-24,102317,2025072404019882,HURJA,Online Securities Pvt. Ltd.,Nagarik Stock Dealer ,1500,272.0,408000.0,2025-07-24 12:23:11.896518
2025-07-24,102276,2025072404019890,HURJA,Trishakti Securities Public Limited,ABC Securities Private Limited,500,272.9,136450.0,2025-07-24 12:23:18.439775
2025-07-24,102275,2025072404019891,HURJA,Trishakti Securities Public Limited,Creative Securities Pvt Ltd,500,272.9,136450.0,2025-07-24 12:23:18.440180
2025-07-24,102205,2025072404019909,HURJA,Neev Securities Pvt. Ltd.,Imperial Securities Company Pvt. Ltd.,200,272.1,54420.0,2025-07-24 12:23:25.985574
2025-07-24,102204,2025072404019910,HURJA,Online Securities Pvt. Ltd.,Imperial Securities Company Pvt. Ltd.,300,272.0,81600.0,2025-07-24 12:23:25.985957
2025-07-24,102046,2025072404019947,HURJA,Online Securities Pvt. Ltd.,Dipshikha Dhitopatra Karobar Co. Pvt Ltd.,400,272.0,108800.0,2025-07-24 12:23:38.868447
2025-07-24,101900,2025072404019997,HURJA,Online Securities Pvt. Ltd.,Sani Securities Company Ltd.,1000,272.0,272000.0,2025-07-24 12:23:57.575724
2025-07-24,101760,2025072404020021,HURJA,Ashutosh Brokerage & Securities (PVT) Ltd.,Dipshikha Dhitopatra Karobar Co. Pvt Ltd.,500,272.5,136250.0,2025-07-24 12:24:11.206160
2025-07-24,101759,2025072404020022,HURJA,Ashutosh Brokerage & Securities (PVT) Ltd.,Nepal Stock House (PVT) Ltd.,100,272.9,27290.0,2025-07-24 12:24:11.206224
2025-07-24,101758,2025072404020023,HURJA,Ashutosh Brokerage & Securities (PVT) Ltd.,Imperial Securities Company Pvt. Ltd.,1400,272.9,382060.0,2025-07-24 12:24:11.206269
2025-07-24,101576,2025072404020078,HURJA,Trishakti Securities Public Limited,Imperial Securities Company Pvt. Ltd.,600,272.9,163740.0,2025-07-24 12:24:28.037530
2025-07-24,101575,2025072404020079,HURJA,Trishakti Securities Public Limited,Secured Securities Ltd.,400,272.9,109160.0,2025-07-24 12:24:28.037919
2025-07-24,101415,2025072404020146,HURJA,Trishakti Securities Public Limited,Secured Securities Ltd.,600,272.9,163740.0,2025-07-24 12:24:49.701796
2025-07-24,101414,2025072404020147,HURJA,Trishakti Securities Public Limited,S.P.S.A. Securities Limited,500,273.0,136500.0,2025-07-24 12:24:49.702198
2025-07-24,101413,2025072404020148,HURJA,Trishakti Securities Public Limited,Deevyaa Securities & Stock House Pvt. Ltd,90,273.0,24570.0,2025-07-24 12:24:49.702713
2025-07-24,101412,2025072404020149,HURJA,Trishakti Securities Public Limited,Imperial Securities Company Pvt. Ltd.,500,273.0,136500.0,2025-07-24 12:24:49.703198
2025-07-24,101411,2025072404020150,HURJA,Trishakti Securities Public Limited,Bhrikuti Stock Broking Co. Pvt. Ltd.,310,273.0,84630.0,2025-07-24 12:24:49.703684
2025-07-24,100106,2025072404020518,HURJA,Sweta Securities Private Limited,Creative Securities Pvt Ltd,100,272.3,27230.0,2025-07-24 12:26:54.753654
2025-07-24,100049,2025072404020536,HURJA,ABC Securities Private Limited,Nagarik Stock Dealer ,2000,272.8,545600.0,2025-07-24 12:27:00.901473
2025-07-24,99929,2025072404020569,HURJA,Sumeru Securities Pvt. Ltd.,Sundhara Securities Limited,12,272.1,3265.2,2025-07-24 12:27:13.927475
2025-07-24,99798,2025072404020621,HURJA,Sumeru Securities Pvt. Ltd.,Siprabi Securities Pvt. Ltd.,78,272.1,21223.8,2025-07-24 12:27:29.393157
2025-07-24,99797,2025072404020622,HURJA,Trishakti Securities Public Limited,Siprabi Securities Pvt. Ltd.,922,272.1,250876.2,2025-07-24 12:27:29.393909
2025-07-24,99536,2025072404020712,HURJA,Trishakti Securities Public Limited,Sri Hari Securities Pvt. Ltd.,78,272.1,21223.8,2025-07-24 12:28:06.085542
2025-07-24,99535,2025072404020713,HURJA,Citizens Share Broker Limited,Sri Hari Securities Pvt. Ltd.,322,272.1,87616.2,2025-07-24 12:28:06.086339
2025-07-24,98919,2025072404020949,HURJA,Citizens Share Broker Limited,Primo Securities (PVT) Ltd.,478,272.1,130063.8,2025-07-24 12:29:14.386177
2025-07-24,98918,2025072404020950,HURJA,Oxford Securities Pvt. Ltd.,Primo Securities (PVT) Ltd.,368,272.1,100132.8,2025-07-24 12:29:14.386553
2025-07-24,98693,2025072404021033,HURJA,Kumari Securities Private Limited,Creative Securities Pvt Ltd,100,272.0,27200.0,2025-07-24 12:29:39.597556
2025-07-24,98531,2025072404021088,HURJA,Kumari Securities Private Limited,Midas Stock Broking Company Private Limited,500,272.0,136000.0,2025-07-24 12:30:00.803334
2025-07-24,98528,2025072404021089,HURJA,Kumari Securities Private Limited,Nepal Investment And Securities Trading Private Limited,100,272.0,27200.0,2025-07-24 12:30:00.936489
2025-07-24,98500,2025072404021097,HURJA,Kumari Securities Private Limited,Aryatara Investment & Securities,300,272.0,81600.0,2025-07-24 12:30:02.692512
2025-07-24,98393,2025072404021138,HURJA,Neev Securities Pvt. Ltd.,Naasa Securities Co. Ltd.,17,272.0,4624.0,2025-07-24 12:30:15.427488
2025-07-24,98351,2025072404021145,HURJA,Sundhara Securities Limited,Primo Securities (PVT) Ltd.,14,272.1,3809.4,2025-07-24 12:30:21.280369
2025-07-24,98350,2025072404021146,HURJA,Sundhara Securities Limited,Citizens Share Broker Limited,16,272.1,4353.6,2025-07-24 12:30:21.280784
2025-07-24,98246,2025072404021191,HURJA,Neev Securities Pvt. Ltd.,Creative Securities Pvt Ltd,100,272.0,27200.0,2025-07-24 12:30:33.883722
2025-07-24,98131,2025072404021241,HURJA,Neev Securities Pvt. Ltd.,Sri Hari Securities Pvt. Ltd.,83,272.0,22576.0,2025-07-24 12:30:47.402531
2025-07-24,97761,2025072404021396,HURJA,Online Securities Pvt. Ltd.,Sri Hari Securities Pvt. Ltd.,11,272.0,2992.0,2025-07-24 12:31:28.417607
2025-07-24,97661,2025072404021437,HURJA,Sewa Securities Pvt. Ltd.,Naasa Securities Co. Ltd.,10,271.9,2719.0,2025-07-24 12:31:42.682894
2025-07-24,97660,2025072404021438,HURJA,Sewa Securities Pvt. Ltd.,Sri Hari Securities Pvt. Ltd.,10,272.0,2720.0,2025-07-24 12:31:42.683302
2025-07-24,97454,2025072404021529,HURJA,Sri Hari Securities Pvt. Ltd.,Sri Hari Securities Pvt. Ltd.,196,272.0,53312.0,2025-07-24 12:32:08.146863
2025-07-24,97453,2025072404021530,HURJA,Sri Hari Securities Pvt. Ltd.,Citizens Share Broker Limited,774,272.0,210528.0,2025-07-24 12:32:08.146991
2025-07-24,97452,2025072404021531,HURJA,Sri Hari Securities Pvt. Ltd.,Aryatara Investment & Securities,865,272.0,235280.0,2025-07-24 12:32:08.147070
2025-07-24,97451,2025072404021532,HURJA,Sri Hari Securities Pvt. Ltd.,Swarna Laxmi Securities Pvt. Ltd.,720,272.0,195840.0,2025-07-24 12:32:08.147146
2025-07-24,97333,2025072404021572,HURJA,Online Securities Pvt. Ltd.,Bhrikuti Stock Broking Co. Pvt. Ltd.,1000,272.0,272000.0,2025-07-24 12:32:24.904663
2025-07-24,97332,2025072404021573,HURJA,Sundhara Securities Limited,Bhrikuti Stock Broking Co. Pvt. Ltd.,20,271.6,5432.0,2025-07-24 12:32:24.905100
2025-07-24,97331,2025072404021574,HURJA,Naasa Securities Co. Ltd.,Bhrikuti Stock Broking Co. Pvt. Ltd.,800,271.5,217200.0,2025-07-24 12:32:24.905284
2025-07-24,97330,2025072404021575,HURJA,Aryatara Investment & Securities,Bhrikuti Stock Broking Co. Pvt. Ltd.,40,271.4,10856.0,2025-07-24 12:32:24.905472
2025-07-24,97329,2025072404021576,HURJA,Online Securities Pvt. Ltd.,Bhrikuti Stock Broking Co. Pvt. Ltd.,125,271.3,33912.5,2025-07-24 12:32:24.905674
2025-07-24,97328,2025072404021577,HURJA,Online Securities Pvt. Ltd.,Bhrikuti Stock Broking Co. Pvt. Ltd.,2015,271.1,546266.5,2025-07-24 12:32:24.905859
2025-07-24,97087,2025072404021673,HURJA,Creative Securities Pvt Ltd,Imperial Securities Company Pvt. Ltd.,400,272.0,108800.0,2025-07-24 12:32:53.403206
2025-07-24,96682,2025072404021811,HURJA,Online Securities Pvt. Ltd.,Bhrikuti Stock Broking Co. Pvt. Ltd.,985,271.1,267033.5,2025-07-24 12:33:42.302649
2025-07-24,96681,2025072404021812,HURJA,Trishakti Securities Public Limited,Bhrikuti Stock Broking Co. Pvt. Ltd.,410,271.1,111151.0,2025-07-24 12:33:42.303075
2025-07-24,96274,2025072404021947,HURJA,Trishakti Securities Public Limited,Aakashbhairab Securities Ltd.,110,271.1,29821.0,2025-07-24 12:34:33.174063
2025-07-24,95953,2025072404022068,HURJA,Imperial Securities Company Pvt. Ltd.,Property Wiard Limited,500,271.2,135600.0,2025-07-24 12:35:04.366146
2025-07-24,95952,2025072404022069,HURJA,Trishakti Securities Public Limited,Property Wiard Limited,1480,271.1,401228.0,2025-07-24 12:35:04.366637
2025-07-24,95871,2025072404022124,HURJA,Creative Securities Pvt Ltd,Property Wiard Limited,48,271.1,13012.8,2025-07-24 12:35:09.985896
2025-07-24,95738,2025072404022184,HURJA,Nabil Stock Dealer Ltd.,Opal Securities Investment (PVT) Ltd.,1000,271.0,271000.0,2025-07-24 12:35:24.935364
2025-07-24,95595,2025072404022221,HURJA,Nabil Stock Dealer Ltd.,Dipshikha Dhitopatra Karobar Co. Pvt Ltd.,1500,271.0,406500.0,2025-07-24 12:35:38.692580
2025-07-24,95199,2025072404022362,HURJA,Trishakti Securities Public Limited,Property Wiard Limited,872,271.1,236399.2,2025-07-24 12:36:19.481977
2025-07-24,93842,2025072404022827,HURJA,K.B.L. Securities Limited ,Primo Securities (PVT) Ltd.,200,272.0,54400.0,2025-07-24 12:38:59.029570
2025-07-24,93841,2025072404022828,HURJA,K.B.L. Securities Limited ,Naasa Securities Co. Ltd.,300,272.0,81600.0,2025-07-24 12:38:59.030434
2025-07-24,93840,2025072404022829,HURJA,K.B.L. Securities Limited ,Asian Securities Private Ltd.,200,272.0,54400.0,2025-07-24 12:38:59.030998
2025-07-24,93839,2025072404022830,HURJA,K.B.L. Securities Limited ,Cristal Kanchanjanga Securites Pvt. Ltd.,100,272.0,27200.0,2025-07-24 12:38:59.031540
2025-07-24,93541,2025072404022929,HURJA,Nabil Stock Dealer Ltd.,Thrive Brokerage House Pvt. Ltd,1000,272.1,272100.0,2025-07-24 12:39:33.000407
2025-07-24,93503,2025072404022946,HURJA,K.B.L. Securities Limited ,J.F. Securites (PVT) Ltd.,2000,272.0,544000.0,2025-07-24 12:39:37.721180
2025-07-24,93334,2025072404022996,HURJA,K.B.L. Securities Limited ,Vision Securities Pvt. Ltd,700,272.0,190400.0,2025-07-24 12:39:57.065087
2025-07-24,93297,2025072404022999,HURJA,K.B.L. Securities Limited ,ABC Securities Private Limited,1000,272.0,272000.0,2025-07-24 12:40:01.797119
2025-07-24,93258,2025072404023014,HURJA,K.B.L. Securities Limited ,Sharepro Securities Private Limited,500,272.0,136000.0,2025-07-24 12:40:03.927289
2025-07-24,93257,2025072404023015,HURJA,Trishakti Securities Public Limited,Sharepro Securities Private Limited,500,271.3,135650.0,2025-07-24 12:40:03.927419
2025-07-24,92446,2025072404023243,HURJA,Midas Stock Broking Company Private Limited,Imperial Securities Company Pvt. Ltd.,500,271.4,135700.0,2025-07-24 12:41:34.940667
2025-07-24,92339,2025072404023279,HURJA,Trishakti Securities Public Limited,Premier Securities Company Ltd.,80,271.3,21704.0,2025-07-24 12:41:48.583500
2025-07-24,92287,2025072404023287,HURJA,Online Securities Pvt. Ltd.,Imperial Securities Company Pvt. Ltd.,100,271.4,27140.0,2025-07-24 12:41:54.146070
2025-07-24,92208,2025072404023298,HURJA,Trishakti Securities Public Limited,Imperial Securities Company Pvt. Ltd.,420,271.3,113946.0,2025-07-24 12:42:02.720668
2025-07-24,92207,2025072404023299,HURJA,Trisul Securities & Invt. Ltd.,Imperial Securities Company Pvt. Ltd.,1000,271.3,271300.0,2025-07-24 12:42:02.721087
2025-07-24,92074,2025072404023352,HURJA,Trishakti Securities Public Limited,Kumari Securities Private Limited,1128,271.1,305800.8,2025-07-24 12:42:21.063044
2025-07-24,92022,2025072404023361,HURJA,Nabil Stock Dealer Ltd.,Kumari Securities Private Limited,100,271.1,27110.0,2025-07-24 12:42:27.569396
2025-07-24,91950,2025072404023387,HURJA,Nabil Stock Dealer Ltd.,Thrive Brokerage House Pvt. Ltd,1750,271.0,474250.0,2025-07-24 12:42:38.035572
2025-07-24,91637,2025072404023455,HURJA,Nabil Stock Dealer Ltd.,Dipshikha Dhitopatra Karobar Co. Pvt Ltd.,500,271.0,135500.0,2025-07-24 12:43:16.672179
2025-07-24,91617,2025072404023462,HURJA,Trishakti Securities Public Limited,Kumari Securities Private Limited,28,271.1,7590.8,2025-07-24 12:43:19.948505
2025-07-24,91614,2025072404023463,HURJA,Nabil Stock Dealer Ltd.,Sri Hari Securities Pvt. Ltd.,664,271.0,179944.0,2025-07-24 12:43:20.193808
2025-07-24,91560,2025072404023487,HURJA,Sweta Securities Private Limited,Kumari Securities Private Limited,1000,271.1,271100.0,2025-07-24 12:43:24.685020
2025-07-24,91292,2025072404023557,HURJA,Malla & Malla Stock Broking Company Pvt. Limited,Kumari Securities Private Limited,134,271.1,36327.4,2025-07-24 12:44:00.155108
2025-07-24,90895,2025072404023701,HURJA,Malla & Malla Stock Broking Company Pvt. Limited,Linch Stock Market Ltd.,40,271.1,10844.0,2025-07-24 12:44:46.189436
2025-07-24,90860,2025072404023717,HURJA,Online Securities Pvt. Ltd.,Imperial Securities Company Pvt. Ltd.,200,271.3,54260.0,2025-07-24 12:44:52.328478
2025-07-24,90729,2025072404023754,HURJA,Deevyaa Securities & Stock House Pvt. Ltd,Imperial Securities Company Pvt. Ltd.,380,271.3,103094.0,2025-07-24 12:45:11.649481
2025-07-24,90449,2025072404023811,HURJA,Deevyaa Securities & Stock House Pvt. Ltd,Naasa Securities Co. Ltd.,120,271.3,32556.0,2025-07-24 12:45:44.891208
2025-07-24,90448,2025072404023812,HURJA,Nabil Stock Dealer Ltd.,Naasa Securities Co. Ltd.,1015,271.2,275268.0,2025-07-24 12:45:44.891679
2025-07-24,90122,2025072404023915,HURJA,Nabil Stock Dealer Ltd.,Cristal Kanchanjanga Securites Pvt. Ltd.,500,271.2,135600.0,2025-07-24 12:46:19.473474
2025-07-24,90091,2025072404023931,HURJA,Nabil Stock Dealer Ltd.,South Asian Bulls Pvt. Ltd.,30,271.2,8136.0,2025-07-24 12:46:26.360044
2025-07-24,90004,2025072404023951,HURJA,Nabil Stock Dealer Ltd.,Thrive Brokerage House Pvt. Ltd,290,271.2,78648.0,2025-07-24 12:46:35.141069
2025-07-24,89564,2025072404024108,HURJA,Nabil Stock Dealer Ltd.,Neev Securities Pvt. Ltd.,7598,271.2,2060577.6,2025-07-24 12:47:21.670536
2025-07-24,89563,2025072404024109,HURJA,Aryatara Investment & Securities,Neev Securities Pvt. Ltd.,100,271.2,27120.0,2025-07-24 12:47:21.670949
2025-07-24,89562,2025072404024110,HURJA,Malla & Malla Stock Broking Company Pvt. Limited,Neev Securities Pvt. Ltd.,926,271.1,251038.6,2025-07-24 12:47:21.671171
2025-07-24,89561,2025072404024111,HURJA,Trishakti Securities Public Limited,Neev Securities Pvt. Ltd.,472,271.1,127959.2,2025-07-24 12:47:21.671397
2025-07-24,89560,2025072404024112,HURJA,Thrive Brokerage House Pvt. Ltd,Neev Securities Pvt. Ltd.,200,271.0,54200.0,2025-07-24 12:47:21.671620
2025-07-24,89559,2025072404024113,HURJA,Thrive Brokerage House Pvt. Ltd,Neev Securities Pvt. Ltd.,200,271.0,54200.0,2025-07-24 12:47:21.671814
2025-07-24,89558,2025072404024114,HURJA,Kumari Securities Private Limited,Neev Securities Pvt. Ltd.,2504,271.0,678584.0,2025-07-24 12:47:21.672000
2025-07-24,89548,2025072404024118,HURJA,Kumari Securities Private Limited,Bhrikuti Stock Broking Co. Pvt. Ltd.,496,271.0,134416.0,2025-07-24 12:47:23.070080
2025-07-24,89547,2025072404024119,HURJA,Naasa Securities Co. Ltd.,Bhrikuti Stock Broking Co. Pvt. Ltd.,504,270.2,136180.8,2025-07-24 12:47:23.070488
2025-07-24,89364,2025072404024182,HURJA,Naasa Securities Co. Ltd.,ABC Securities Private Limited,10,270.2,2702.0,2025-07-24 12:47:38.739273
2025-07-24,88962,2025072404024342,HURJA,Naasa Securities Co. Ltd.,Dynamic Money Managers Securities Pvt. Ltd.,336,270.2,90787.2,2025-07-24 12:48:29.868177
2025-07-24,88961,2025072404024343,HURJA,Capital Hub P. Ltd,Dynamic Money Managers Securities Pvt. Ltd.,614,270.2,165902.8,2025-07-24 12:48:29.868627
2025-07-24,88765,2025072404024400,HURJA,Capital Hub P. Ltd,Sani Securities Company Ltd.,700,270.2,189140.0,2025-07-24 12:48:47.839607
2025-07-24,88042,2025072404024654,HURJA,Capital Hub P. Ltd,Neev Securities Pvt. Ltd.,3686,270.2,995957.2,2025-07-24 12:50:01.959644
2025-07-24,88041,2025072404024655,HURJA,Aryatara Investment & Securities,Neev Securities Pvt. Ltd.,50,270.2,13510.0,2025-07-24 12:50:01.960096
2025-07-24,88040,2025072404024656,HURJA,South Asian Bulls Pvt. Ltd.,Neev Securities Pvt. Ltd.,30,270.0,8100.0,2025-07-24 12:50:01.960293
2025-07-24,88039,2025072404024657,HURJA,Sri Hari Securities Pvt. Ltd.,Neev Securities Pvt. Ltd.,500,270.0,135000.0,2025-07-24 12:50:01.960498
2025-07-24,88038,2025072404024658,HURJA,Agrawal Securities (PVT) Ltd.,Neev Securities Pvt. Ltd.,100,270.0,27000.0,2025-07-24 12:50:01.960694
2025-07-24,88037,2025072404024659,HURJA,Naasa Securities Co. Ltd.,Neev Securities Pvt. Ltd.,150,270.0,40500.0,2025-07-24 12:50:01.960886
2025-07-24,88036,2025072404024660,HURJA,Malla & Malla Stock Broking Company Pvt. Limited,Neev Securities Pvt. Ltd.,1000,270.0,270000.0,2025-07-24 12:50:01.961075
2025-07-24,88035,2025072404024661,HURJA,Aryatara Investment & Securities,Neev Securities Pvt. Ltd.,609,270.0,164430.0,2025-07-24 12:50:01.961265
2025-07-24,87847,2025072404024708,HURJA,Sri Hari Securities Pvt. Ltd.,Creative Securities Pvt Ltd,400,270.3,108120.0,2025-07-24 12:50:21.388618
2025-07-24,86900,2025072404025027,HURJA,Trishakti Securities Public Limited,Infinity Securities Limited,252,270.0,68040.0,2025-07-24 12:51:58.872957
2025-07-24,86899,2025072404025028,HURJA,Online Securities Pvt. Ltd.,Infinity Securities Limited,20,270.0,5400.0,2025-07-24 12:51:58.873410
2025-07-24,86898,2025072404025029,HURJA,Malla & Malla Stock Broking Company Pvt. Limited,Infinity Securities Limited,200,270.0,54000.0,2025-07-24 12:51:58.873610
2025-07-24,86897,2025072404025030,HURJA,Aryatara Investment & Securities,Infinity Securities Limited,391,269.6,105413.6,2025-07-24 12:51:58.873844
2025-07-24,86896,2025072404025031,HURJA,Aryatara Investment & Securities,Infinity Securities Limited,500,269.5,134750.0,2025-07-24 12:51:58.874051
2025-07-24,86895,2025072404025032,HURJA,Online Securities Pvt. Ltd.,Infinity Securities Limited,150,269.5,40425.0,2025-07-24 12:51:58.874274
2025-07-24,86894,2025072404025033,HURJA,Deevyaa Securities & Stock House Pvt. Ltd,Infinity Securities Limited,50,269.5,13475.0,2025-07-24 12:51:58.874556
2025-07-24,86893,2025072404025034,HURJA,Secured Securities Ltd.,Infinity Securities Limited,437,269.1,117596.7,2025-07-24 12:51:58.874826
2025-07-24,85948,2025072404025310,HURJA,Aryatara Investment & Securities,Aryatara Investment & Securities,100,271.0,27100.0,2025-07-24 12:53:38.459993
2025-07-24,84786,2025072404025646,HURJA,Online Securities Pvt. Ltd.,Naasa Securities Co. Ltd.,40,270.0,10800.0,2025-07-24 12:56:01.467002
2025-07-24,84757,2025072404025672,HURJA,Online Securities Pvt. Ltd.,Imperial Securities Company Pvt. Ltd.,50,270.0,13500.0,2025-07-24 12:56:02.983118
2025-07-24,84180,2025072404025817,HURJA,Online Securities Pvt. Ltd.,Imperial Securities Company Pvt. Ltd.,40,270.0,10800.0,2025-07-24 12:56:57.434430
2025-07-24,83070,2025072404026174,HURJA,Online Securities Pvt. Ltd.,Naasa Securities Co. Ltd.,60,270.0,16200.0,2025-07-24 12:58:57.785484
2025-07-24,83046,2025072404026181,HURJA,Online Securities Pvt. Ltd.,Aakashbhairab Securities Ltd.,300,270.0,81000.0,2025-07-24 12:58:59.957850
2025-07-24,82897,2025072404026218,HURJA,Bhrikuti Stock Broking Co. Pvt. Ltd.,Aryatara Investment & Securities,200,271.0,54200.0,2025-07-24 12:59:18.102078
2025-07-24,82881,2025072404026221,HURJA,Online Securities Pvt. Ltd.,Aryatara Investment & Securities,472,270.0,127440.0,2025-07-24 12:59:19.620938
2025-07-24,82341,2025072404026366,HURJA,Online Securities Pvt. Ltd.,Aryatara Investment & Securities,38,270.0,10260.0,2025-07-24 13:00:18.944619
2025-07-24,82340,2025072404026367,HURJA,Cristal Kanchanjanga Securites Pvt. Ltd.,Aryatara Investment & Securities,62,270.0,16740.0,2025-07-24 13:00:18.945472
2025-07-24,82197,2025072404026421,HURJA,Cristal Kanchanjanga Securites Pvt. Ltd.,Cristal Kanchanjanga Securites Pvt. Ltd.,390,270.0,105300.0,2025-07-24 13:00:39.324348
2025-07-24,82064,2025072404026474,HURJA,Cristal Kanchanjanga Securites Pvt. Ltd.,Naasa Securities Co. Ltd.,300,270.0,81000.0,2025-07-24 13:00:54.458424
2025-07-24,80999,2025072404026824,HURJA,Blue Chip Securities Ltd,Neev Securities Pvt. Ltd.,1000,270.8,270800.0,2025-07-24 13:02:46.209551
2025-07-24,80998,2025072404026825,HURJA,Blue Chip Securities Ltd,Trishakti Securities Public Limited,150,270.9,40635.0,2025-07-24 13:02:46.210061
2025-07-24,80997,2025072404026826,HURJA,Blue Chip Securities Ltd,Aryatara Investment & Securities,700,271.0,189700.0,2025-07-24 13:02:46.210280
2025-07-24,80996,2025072404026827,HURJA,Blue Chip Securities Ltd,Vision Securities Pvt. Ltd,300,271.0,81300.0,2025-07-24 13:02:46.210514
2025-07-24,80995,2025072404026828,HURJA,Blue Chip Securities Ltd,Sani Securities Company Ltd.,850,271.0,230350.0,2025-07-24 13:02:46.210721
2025-07-24,80739,2025072404026884,HURJA,Cristal Kanchanjanga Securites Pvt. Ltd.,Aryatara Investment & Securities,200,270.0,54000.0,2025-07-24 13:03:09.532213
2025-07-24,80697,2025072404026910,HURJA,Blue Chip Securities Ltd,Sani Securities Company Ltd.,150,271.0,40650.0,2025-07-24 13:03:13.700667
2025-07-24,80696,2025072404026911,HURJA,Blue Chip Securities Ltd,Secured Securities Ltd.,250,271.0,67750.0,2025-07-24 13:03:13.701176
2025-07-24,79513,2025072404027192,HURJA,Cristal Kanchanjanga Securites Pvt. Ltd.,Trishakti Securities Public Limited,48,270.0,12960.0,2025-07-24 13:05:02.919264
2025-07-24,79512,2025072404027193,HURJA,Aakashbhairab Securities Ltd.,Trishakti Securities Public Limited,102,269.5,27489.0,2025-07-24 13:05:02.919768
2025-07-24,78586,2025072404027443,HURJA,Kohinoor Investment & Securities Pvt. Ltd.,Sharepro Securities Private Limited,3000,270.5,811500.0,2025-07-24 13:06:48.218410
2025-07-24,77645,2025072404027685,HURJA,Creative Securities Pvt Ltd,Asian Securities Private Ltd.,500,269.8,134900.0,2025-07-24 13:08:23.610711
2025-07-24,77410,2025072404027744,HURJA,Creative Securities Pvt Ltd,Vision Securities Pvt. Ltd,500,269.8,134900.0,2025-07-24 13:08:53.063324
2025-07-24,76773,2025072404027888,HURJA,Trishakti Securities Public Limited,Deevyaa Securities & Stock House Pvt. Ltd,60,269.7,16182.0,2025-07-24 13:10:05.696521
2025-07-24,76772,2025072404027889,HURJA,Kohinoor Investment & Securities Pvt. Ltd.,Deevyaa Securities & Stock House Pvt. Ltd,440,269.6,118624.0,2025-07-24 13:10:05.697021
2025-07-24,76466,2025072404027963,HURJA,Sewa Securities Pvt. Ltd.,Vision Securities Pvt. Ltd,50,269.8,13490.0,2025-07-24 13:10:35.521758
2025-07-24,75448,2025072404028239,HURJA,Kohinoor Investment & Securities Pvt. Ltd.,Oxford Securities Pvt. Ltd.,380,269.6,102448.0,2025-07-24 13:12:17.901107
2025-07-24,74573,2025072404028472,HURJA,Dynamic Money Managers Securities Pvt. Ltd.,SUN SECURITIES PVT LTD,90,269.7,24273.0,2025-07-24 13:13:48.410937
2025-07-24,74085,2025072404028590,HURJA,Dynamic Money Managers Securities Pvt. Ltd.,Sundhara Securities Limited,490,269.7,132153.0,2025-07-24 13:14:40.466015
2025-07-24,74012,2025072404028604,HURJA,Dynamic Money Managers Securities Pvt. Ltd.,Naasa Securities Co. Ltd.,420,269.7,113274.0,2025-07-24 13:14:48.725597
2025-07-24,74011,2025072404028605,HURJA,Kohinoor Investment & Securities Pvt. Ltd.,Naasa Securities Co. Ltd.,1180,269.6,318128.0,2025-07-24 13:14:48.726074
2025-07-24,74010,2025072404028606,HURJA,Aakashbhairab Securities Ltd.,Naasa Securities Co. Ltd.,898,269.5,242011.0,2025-07-24 13:14:48.726305
2025-07-24,74009,2025072404028607,HURJA,Naasa Securities Co. Ltd.,Naasa Securities Co. Ltd.,100,269.5,26950.0,2025-07-24 13:14:48.726533
2025-07-24,74008,2025072404028608,HURJA,SUN SECURITIES PVT LTD,Naasa Securities Co. Ltd.,2000,269.4,538800.0,2025-07-24 13:14:48.726752
2025-07-24,74007,2025072404028609,HURJA,Online Securities Pvt. Ltd.,Naasa Securities Co. Ltd.,1730,269.3,465889.0,2025-07-24 13:14:48.726964
2025-07-24,74006,2025072404028610,HURJA,Secured Securities Ltd.,Naasa Securities Co. Ltd.,563,269.1,151503.3,2025-07-24 13:14:48.727187
2025-07-24,74005,2025072404028611,HURJA,Capital Hub P. Ltd,Naasa Securities Co. Ltd.,1109,269.1,298431.9,2025-07-24 13:14:48.727403
2025-07-24,73839,2025072404028672,HURJA,Capital Hub P. Ltd,ABC Securities Private Limited,200,269.1,53820.0,2025-07-24 13:15:03.125170
2025-07-24,73111,2025072404028842,HURJA,Kohinoor Investment & Securities Pvt. Ltd.,Vision Securities Pvt. Ltd,44,269.8,11871.2,2025-07-24 13:16:22.801893
2025-07-24,73092,2025072404028849,HURJA,Capital Hub P. Ltd,Vision Securities Pvt. Ltd,190,269.1,51129.0,2025-07-24 13:16:25.744608
2025-07-24,72784,2025072404028922,HURJA,Capital Hub P. Ltd,Swarna Laxmi Securities Pvt. Ltd.,800,269.1,215280.0,2025-07-24 13:17:00.123795
2025-07-24,72625,2025072404028939,HURJA,Capital Hub P. Ltd,Premier Securities Company Ltd.,1200,269.1,322920.0,2025-07-24 13:17:13.636545
2025-07-24,72511,2025072404028969,HURJA,Capital Hub P. Ltd,ABC Securities Private Limited,50,269.1,13455.0,2025-07-24 13:17:25.711034
2025-07-24,72294,2025072404029014,HURJA,Capital Hub P. Ltd,Online Securities Pvt. Ltd.,20,269.1,5382.0,2025-07-24 13:17:44.738336
2025-07-24,72137,2025072404029057,HURJA,Capital Hub P. Ltd,Stoxkarts Securities Limited,100,269.1,26910.0,2025-07-24 13:18:04.807752
2025-07-24,72097,2025072404029066,HURJA,Capital Hub P. Ltd,Bhrikuti Stock Broking Co. Pvt. Ltd.,800,269.1,215280.0,2025-07-24 13:18:07.330414
2025-07-24,71646,2025072404029168,HURJA,Capital Hub P. Ltd,Stoxkarts Securities Limited,200,269.1,53820.0,2025-07-24 13:18:46.390880
2025-07-24,71548,2025072404029215,HURJA,Capital Hub P. Ltd,Himalayan Brokerage Company Limited,331,269.1,89072.1,2025-07-24 13:18:56.148550
2025-07-24,71547,2025072404029216,HURJA,Trishakti Securities Public Limited,Himalayan Brokerage Company Limited,169,269.1,45477.9,2025-07-24 13:18:56.149099
2025-07-24,71322,2025072404029287,HURJA,Shree Krishna Securities Ltd.,Premier Securities Company Ltd.,82,269.5,22099.0,2025-07-24 13:19:21.996220
2025-07-24,71091,2025072404029341,HURJA,Trishakti Securities Public Limited,Linch Stock Market Ltd.,40,269.1,10764.0,2025-07-24 13:19:45.751767
2025-07-24,70737,2025072404029421,HURJA,Trishakti Securities Public Limited,Kohinoor Investment & Securities Pvt. Ltd.,181,269.1,48707.1,2025-07-24 13:20:23.544572
2025-07-24,70736,2025072404029422,HURJA,Deevyaa Securities & Stock House Pvt. Ltd,Kohinoor Investment & Securities Pvt. Ltd.,50,269.0,13450.0,2025-07-24 13:20:23.545023
2025-07-24,70735,2025072404029423,HURJA,Trishakti Securities Public Limited,Kohinoor Investment & Securities Pvt. Ltd.,400,269.0,107600.0,2025-07-24 13:20:23.545232
2025-07-24,70734,2025072404029424,HURJA,Sani Securities Company Ltd.,Kohinoor Investment & Securities Pvt. Ltd.,369,269.0,99261.0,2025-07-24 13:20:23.545449
2025-07-24,70554,2025072404029454,HURJA,Sani Securities Company Ltd.,Himalayan Brokerage Company Limited,131,269.0,35239.0,2025-07-24 13:20:47.362205
2025-07-24,70553,2025072404029455,HURJA,Online Securities Pvt. Ltd.,Himalayan Brokerage Company Limited,20,269.0,5380.0,2025-07-24 13:20:47.363169
2025-07-24,70552,2025072404029456,HURJA,Agrawal Securities (PVT) Ltd.,Himalayan Brokerage Company Limited,100,269.0,26900.0,2025-07-24 13:20:47.363868
2025-07-24,70551,2025072404029457,HURJA,Nepal Stock House (PVT) Ltd.,Himalayan Brokerage Company Limited,249,269.0,66981.0,2025-07-24 13:20:47.364485
2025-07-24,70180,2025072404029552,HURJA,Trisul Securities & Invt. Ltd.,Himalayan Brokerage Company Limited,100,268.9,26890.0,2025-07-24 13:21:24.838940
2025-07-24,70077,2025072404029580,HURJA,Trisul Securities & Invt. Ltd.,Cristal Kanchanjanga Securites Pvt. Ltd.,900,268.9,242010.0,2025-07-24 13:21:36.262110
2025-07-24,70076,2025072404029581,HURJA,Imperial Securities Company Pvt. Ltd.,Cristal Kanchanjanga Securites Pvt. Ltd.,100,268.9,26890.0,2025-07-24 13:21:36.262590
2025-07-24,69821,2025072404029649,HURJA,Aryatara Investment & Securities,Cristal Kanchanjanga Securites Pvt. Ltd.,1000,269.4,269400.0,2025-07-24 13:22:04.935578
2025-07-24,69361,2025072404029775,HURJA,Aryatara Investment & Securities,Linch Stock Market Ltd.,700,269.0,188300.0,2025-07-24 13:22:51.880333
2025-07-24,69245,2025072404029806,HURJA,Aryatara Investment & Securities,Creative Securities Pvt Ltd,300,269.0,80700.0,2025-07-24 13:23:02.023902
2025-07-24,68207,2025072404030113,HURJA,Secured Securities Ltd.,KALASH STOCK MARKET PVT. LTD.,1000,269.0,269000.0,2025-07-24 13:24:43.985288
2025-07-24,68206,2025072404030114,HURJA,Secured Securities Ltd.,Agrawal Securities (PVT) Ltd.,200,269.0,53800.0,2025-07-24 13:24:43.986327
2025-07-24,67929,2025072404030187,HURJA,Aakashbhairab Securities Ltd.,Premier Securities Company Ltd.,400,269.0,107600.0,2025-07-24 13:25:12.735754
2025-07-24,67716,2025072404030248,HURJA,Aakashbhairab Securities Ltd.,Pragyan Securities (PVT) Ltd.,300,269.0,80700.0,2025-07-24 13:25:39.730680
2025-07-24,67161,2025072404030443,HURJA,Sewa Securities Pvt. Ltd.,Creative Securities Pvt Ltd,100,269.3,26930.0,2025-07-24 13:26:33.970001
2025-07-24,67071,2025072404030480,HURJA,Nepal Investment And Securities Trading Private Limited,Premier Securities Company Ltd.,118,269.5,31801.0,2025-07-24 13:26:40.863343
2025-07-24,67070,2025072404030481,HURJA,Nepal Investment And Securities Trading Private Limited,Sagarmatha Securities Private Limited,250,269.5,67375.0,2025-07-24 13:26:40.863818
2025-07-24,67069,2025072404030482,HURJA,Nepal Investment And Securities Trading Private Limited,Vision Securities Pvt. Ltd,406,269.8,109538.8,2025-07-24 13:26:40.864036
2025-07-24,67068,2025072404030483,HURJA,Nepal Investment And Securities Trading Private Limited,Trishakti Securities Public Limited,340,270.0,91800.0,2025-07-24 13:26:40.864243
2025-07-24,67067,2025072404030484,HURJA,Nepal Investment And Securities Trading Private Limited,Bhrikuti Stock Broking Co. Pvt. Ltd.,700,270.0,189000.0,2025-07-24 13:26:40.864471
2025-07-24,67066,2025072404030485,HURJA,Nepal Investment And Securities Trading Private Limited,Naasa Securities Co. Ltd.,100,270.0,27000.0,2025-07-24 13:26:40.864683
2025-07-24,67065,2025072404030486,HURJA,Nepal Investment And Securities Trading Private Limited,Elite Stock House Limited,586,270.0,158220.0,2025-07-24 13:26:40.864884
2025-07-24,66309,2025072404030720,HURJA,Sumeru Securities Pvt. Ltd.,Creative Securities Pvt Ltd,100,269.9,26990.0,2025-07-24 13:27:42.522993
2025-07-24,66140,2025072404030764,HURJA,Sumeru Securities Pvt. Ltd.,Creative Securities Pvt Ltd,20,269.9,5398.0,2025-07-24 13:28:01.646616
2025-07-24,64662,2025072404031192,HURJA,Neev Securities Pvt. Ltd.,Creative Securities Pvt Ltd,30,269.9,8097.0,2025-07-24 13:30:24.633600
2025-07-24,64661,2025072404031193,HURJA,Neev Securities Pvt. Ltd.,Elite Stock House Limited,100,270.0,27000.0,2025-07-24 13:30:24.634578
2025-07-24,64397,2025072404031258,HURJA,Naasa Securities Co. Ltd.,Imperial Securities Company Pvt. Ltd.,209,269.4,56304.6,2025-07-24 13:30:54.495653
2025-07-24,64138,2025072404031360,HURJA,Deevyaa Securities & Stock House Pvt. Ltd,Elite Stock House Limited,1000,270.0,270000.0,2025-07-24 13:31:20.413481
2025-07-24,63761,2025072404031420,HURJA,Capital Hub P. Ltd,Deevyaa Securities & Stock House Pvt. Ltd,40,270.0,10800.0,2025-07-24 13:32:01.803491
2025-07-24,63760,2025072404031421,HURJA,Capital Hub P. Ltd,Sweta Securities Private Limited,200,270.0,54000.0,2025-07-24 13:32:01.803979
2025-07-24,63759,2025072404031422,HURJA,Capital Hub P. Ltd,Trisul Securities & Invt. Ltd.,15,270.0,4050.0,2025-07-24 13:32:01.804201
2025-07-24,63758,2025072404031423,HURJA,Capital Hub P. Ltd,Premier Securities Company Ltd.,100,270.0,27000.0,2025-07-24 13:32:01.804418
2025-07-24,63757,2025072404031424,HURJA,Capital Hub P. Ltd,Imperial Securities Company Pvt. Ltd.,500,270.0,135000.0,2025-07-24 13:32:01.804637
2025-07-24,63756,2025072404031425,HURJA,Capital Hub P. Ltd,Market Securities & Exchange (PVT) Ltd.,20,270.0,5400.0,2025-07-24 13:32:01.804855
2025-07-24,63755,2025072404031426,HURJA,Capital Hub P. Ltd,Sri Hari Securities Pvt. Ltd.,160,270.0,43200.0,2025-07-24 13:32:01.805065
2025-07-24,63754,2025072404031427,HURJA,Capital Hub P. Ltd,Linch Stock Market Ltd.,3200,270.0,864000.0,2025-07-24 13:32:01.805272
2025-07-24,63753,2025072404031428,HURJA,Capital Hub P. Ltd,Dipshikha Dhitopatra Karobar Co. Pvt Ltd.,40,270.0,10800.0,2025-07-24 13:32:01.805487
2025-07-24,63752,2025072404031429,HURJA,Capital Hub P. Ltd,Naasa Securities Co. Ltd.,500,270.0,135000.0,2025-07-24 13:32:01.805691
2025-07-24,63751,2025072404031430,HURJA,Capital Hub P. Ltd,Creative Securities Pvt Ltd,225,270.0,60750.0,2025-07-24 13:32:01.805895
2025-07-24,63502,2025072404031508,HURJA,Naasa Securities Co. Ltd.,Creative Securities Pvt Ltd,75,270.0,20250.0,2025-07-24 13:32:28.204383
2025-07-24,63501,2025072404031509,HURJA,Naasa Securities Co. Ltd.,Sani Securities Company Ltd.,20,270.0,5400.0,2025-07-24 13:32:28.205333
2025-07-24,63500,2025072404031510,HURJA,Naasa Securities Co. Ltd.,Online Securities Pvt. Ltd.,196,270.0,52920.0,2025-07-24 13:32:28.206076
2025-07-24,63415,2025072404031567,HURJA,Kumari Securities Private Limited,Online Securities Pvt. Ltd.,804,270.0,217080.0,2025-07-24 13:32:39.265022
2025-07-24,63414,2025072404031568,HURJA,Kumari Securities Private Limited,Agrawal Securities (PVT) Ltd.,196,270.0,52920.0,2025-07-24 13:32:39.265498
2025-07-24,63385,2025072404031578,HURJA,Aakashbhairab Securities Ltd.,Agrawal Securities (PVT) Ltd.,300,270.0,81000.0,2025-07-24 13:32:43.181790
2025-07-24,62643,2025072404031774,HURJA,Sewa Securities Pvt. Ltd.,Sundhara Securities Limited,15,269.9,4048.5,2025-07-24 13:34:18.197270
2025-07-24,62290,2025072404031853,HURJA,Naasa Securities Co. Ltd.,Aryatara Investment & Securities,50,270.1,13505.0,2025-07-24 13:34:53.236829
2025-07-24,61954,2025072404031946,HURJA,Vision Securities Pvt. Ltd,Himalayan Brokerage Company Limited,45,270.5,12172.5,2025-07-24 13:35:35.345772
2025-07-24,61857,2025072404031983,HURJA,Aryatara Investment & Securities,J.F. Securites (PVT) Ltd.,500,270.2,135100.0,2025-07-24 13:35:48.219088
2025-07-24,61856,2025072404031984,HURJA,Naasa Securities Co. Ltd.,J.F. Securites (PVT) Ltd.,450,270.1,121545.0,2025-07-24 13:35:48.220024
2025-07-24,61855,2025072404031985,HURJA,Sewa Securities Pvt. Ltd.,J.F. Securites (PVT) Ltd.,185,270.0,49950.0,2025-07-24 13:35:48.220704
2025-07-24,61676,2025072404032045,HURJA,Trishakti Securities Public Limited,J.F. Securites (PVT) Ltd.,100,269.6,26960.0,2025-07-24 13:36:08.921761
2025-07-24,61675,2025072404032046,HURJA,Imperial Securities Company Pvt. Ltd.,J.F. Securites (PVT) Ltd.,100,269.3,26930.0,2025-07-24 13:36:08.922245
2025-07-24,61674,2025072404032047,HURJA,Naasa Securities Co. Ltd.,J.F. Securites (PVT) Ltd.,95,269.0,25555.0,2025-07-24 13:36:08.922508
2025-07-24,61673,2025072404032048,HURJA,Asian Securities Private Ltd.,J.F. Securites (PVT) Ltd.,20,269.0,5380.0,2025-07-24 13:36:08.922737
2025-07-24,61126,2025072404032238,HURJA,Asian Securities Private Ltd.,Aakashbhairab Securities Ltd.,480,269.0,129120.0,2025-07-24 13:37:18.678496
2025-07-24,61125,2025072404032239,HURJA,Capital Max Securities Ltd,Aakashbhairab Securities Ltd.,230,269.0,61870.0,2025-07-24 13:37:18.679027
2025-07-24,61022,2025072404032266,HURJA,Kalika Securities Pvt. Ltd.,Aakashbhairab Securities Ltd.,50,269.0,13450.0,2025-07-24 13:37:28.020432
2025-07-24,60366,2025072404032486,HURJA,Midas Stock Broking Company Private Limited,Aakashbhairab Securities Ltd.,2240,269.0,602560.0,2025-07-24 13:38:44.015578
2025-07-24,60303,2025072404032498,HURJA,Midas Stock Broking Company Private Limited,Himalayan Brokerage Company Limited,500,269.0,134500.0,2025-07-24 13:38:51.091036
2025-07-24,60247,2025072404032531,HURJA,Midas Stock Broking Company Private Limited,Aakashbhairab Securities Ltd.,2820,269.0,758580.0,2025-07-24 13:38:58.246164
2025-07-24,59988,2025072404032621,HURJA,Imperial Securities Company Pvt. Ltd.,Himalayan Brokerage Company Limited,50,268.9,13445.0,2025-07-24 13:39:27.202251
2025-07-24,59987,2025072404032622,HURJA,Secured Securities Ltd.,Himalayan Brokerage Company Limited,405,268.9,108904.5,2025-07-24 13:39:27.202711
2025-07-24,59892,2025072404032646,HURJA,Secured Securities Ltd.,Stoxkarts Securities Limited,500,268.9,134450.0,2025-07-24 13:39:37.044099
2025-07-24,59855,2025072404032658,HURJA,Dipshikha Dhitopatra Karobar Co. Pvt Ltd.,Aakashbhairab Securities Ltd.,50,269.0,13450.0,2025-07-24 13:39:41.266670
2025-07-24,59762,2025072404032690,HURJA,Secured Securities Ltd.,Himalayan Brokerage Company Limited,300,268.9,80670.0,2025-07-24 13:39:56.082977
2025-07-24,59236,2025072404032807,HURJA,Secured Securities Ltd.,Sagarmatha Securities Private Limited,90,268.9,24201.0,2025-07-24 13:41:03.366795
2025-07-24,59109,2025072404032822,HURJA,Nepal Investment And Securities Trading Private Limited,Aakashbhairab Securities Ltd.,100,269.0,26900.0,2025-07-24 13:41:19.364250
2025-07-24,59054,2025072404032845,HURJA,J.F. Securites (PVT) Ltd.,Himalayan Brokerage Company Limited,100,268.8,26880.0,2025-07-24 13:41:27.929782
2025-07-24,57513,2025072404033259,HURJA,MILKY WAY SHARE BROKER COMPANY LTD ,Kohinoor Investment & Securities Pvt. Ltd.,200,268.9,53780.0,2025-07-24 13:44:56.315891
2025-07-24,57512,2025072404033260,HURJA,Vision Securities Pvt. Ltd,Kohinoor Investment & Securities Pvt. Ltd.,10,268.9,2689.0,2025-07-24 13:44:56.316457
2025-07-24,57042,2025072404033380,HURJA,ABC Securities Private Limited,Kohinoor Investment & Securities Pvt. Ltd.,20,268.9,5378.0,2025-07-24 13:45:58.490662
2025-07-24,56964,2025072404033404,HURJA,J.F. Securites (PVT) Ltd.,ABC Securities Private Limited,50,268.8,13440.0,2025-07-24 13:46:06.938945
2025-07-24,56963,2025072404033405,HURJA,Vision Securities Pvt. Ltd,ABC Securities Private Limited,362,268.8,97305.6,2025-07-24 13:46:06.939437
2025-07-24,56654,2025072404033497,HURJA,Vision Securities Pvt. Ltd,Himalayan Brokerage Company Limited,500,268.8,134400.0,2025-07-24 13:46:50.794790
2025-07-24,55697,2025072404033712,HURJA,Dynamic Money Managers Securities Pvt. Ltd.,Kohinoor Investment & Securities Pvt. Ltd.,530,268.8,142464.0,2025-07-24 13:48:30.304622
2025-07-24,55696,2025072404033713,HURJA,Dynamic Money Managers Securities Pvt. Ltd.,Himalayan Brokerage Company Limited,200,268.9,53780.0,2025-07-24 13:48:30.305161
2025-07-24,55656,2025072404033722,HURJA,Nepal Investment And Securities Trading Private Limited,Aakashbhairab Securities Ltd.,30,269.0,8070.0,2025-07-24 13:48:35.768925
2025-07-24,55655,2025072404033723,HURJA,Nepal Investment And Securities Trading Private Limited,Market Securities & Exchange (PVT) Ltd.,744,269.0,200136.0,2025-07-24 13:48:35.770031
2025-07-24,55331,2025072404033839,HURJA,Nepal Stock House (PVT) Ltd.,Siprabi Securities Pvt. Ltd.,1,269.0,269.0,2025-07-24 13:49:10.542563
2025-07-24,55201,2025072404033885,HURJA,Vision Securities Pvt. Ltd,Naasa Securities Co. Ltd.,40,268.5,10740.0,2025-07-24 13:49:31.605667
2025-07-24,55199,2025072404033886,HURJA,Capital Max Securities Ltd,Siprabi Securities Pvt. Ltd.,6,263.9,1583.4,2025-07-24 13:49:31.900970
2025-07-24,54941,2025072404033945,HURJA,Vision Securities Pvt. Ltd,Agrawal Securities (PVT) Ltd.,98,268.5,26313.0,2025-07-24 13:50:05.228008
2025-07-24,54940,2025072404033946,HURJA,Sri Hari Securities Pvt. Ltd.,Agrawal Securities (PVT) Ltd.,200,268.4,53680.0,2025-07-24 13:50:05.228488
2025-07-24,54939,2025072404033947,HURJA,Aakashbhairab Securities Ltd.,Agrawal Securities (PVT) Ltd.,702,268.4,188416.8,2025-07-24 13:50:05.228709
2025-07-24,54787,2025072404033992,HURJA,Aakashbhairab Securities Ltd.,Himalayan Brokerage Company Limited,300,268.4,80520.0,2025-07-24 13:50:31.104288
2025-07-24,54496,2025072404034067,HURJA,Aakashbhairab Securities Ltd.,Agrawal Securities (PVT) Ltd.,100,268.4,26840.0,2025-07-24 13:51:06.754838
2025-07-24,54366,2025072404034111,HURJA,Capital Hub P. Ltd,Vision Securities Pvt. Ltd,200,268.5,53700.0,2025-07-24 13:51:22.695712
2025-07-24,53870,2025072404034235,HURJA,Aakashbhairab Securities Ltd.,Dipshikha Dhitopatra Karobar Co. Pvt Ltd.,40,268.6,10744.0,2025-07-24 13:52:25.231977
2025-07-24,53590,2025072404034303,HURJA,Aakashbhairab Securities Ltd.,Himalayan Brokerage Company Limited,500,268.6,134300.0,2025-07-24 13:53:03.056722
2025-07-24,53394,2025072404034335,HURJA,Aakashbhairab Securities Ltd.,Arun Securities (PVT) Ltd.,358,268.6,96158.8,2025-07-24 13:53:34.511981
2025-07-24,53393,2025072404034336,HURJA,Midas Stock Broking Company Private Limited,Arun Securities (PVT) Ltd.,442,268.6,118721.2,2025-07-24 13:53:34.512475
2025-07-24,53032,2025072404034408,HURJA,Online Securities Pvt. Ltd.,Himalayan Brokerage Company Limited,60,268.9,16134.0,2025-07-24 13:54:20.138332
2025-07-24,52523,2025072404034512,HURJA,Capital Max Securities Ltd,Sunrise Securities Limited,3,265.0,795.0,2025-07-24 13:55:30.404661
2025-07-24,51910,2025072404034683,HURJA,Midas Stock Broking Company Private Limited,Sani Securities Company Ltd.,20,268.6,5372.0,2025-07-24 13:56:59.476944
2025-07-24,51854,2025072404034704,HURJA,Capital Max Securities Ltd,Naasa Securities Co. Ltd.,6,265.9,1595.4,2025-07-24 13:57:12.445030
2025-07-24,51546,2025072404034783,HURJA,Midas Stock Broking Company Private Limited,Vision Securities Pvt. Ltd,23,268.6,6177.8,2025-07-24 13:57:59.565779
2025-07-24,51545,2025072404034784,HURJA,Capital Hub P. Ltd,Vision Securities Pvt. Ltd,77,268.5,20674.5,2025-07-24 13:57:59.565865
2025-07-24,51003,2025072404034950,HURJA,Online Securities Pvt. Ltd.,Aryatara Investment & Securities,100,268.7,26870.0,2025-07-24 13:59:19.058849
2025-07-24,51002,2025072404034951,HURJA,Vision Securities Pvt. Ltd,Aryatara Investment & Securities,150,268.6,40290.0,2025-07-24 13:59:19.059345
2025-07-24,50376,2025072404035104,HURJA,Dynamic Money Managers Securities Pvt. Ltd.,Himalayan Brokerage Company Limited,440,268.9,118316.0,2025-07-24 14:00:50.012840
2025-07-24,50375,2025072404035105,HURJA,Dynamic Money Managers Securities Pvt. Ltd.,Sundhara Securities Limited,50,268.9,13445.0,2025-07-24 14:00:50.013898
2025-07-24,50116,2025072404035179,HURJA,Kumari Securities Private Limited,Market Securities & Exchange (PVT) Ltd.,10,269.0,2690.0,2025-07-24 14:01:23.926391
2025-07-24,50049,2025072404035198,HURJA,Dynamic Money Managers Securities Pvt. Ltd.,Market Securities & Exchange (PVT) Ltd.,246,269.0,66174.0,2025-07-24 14:01:35.496511
2025-07-24,50048,2025072404035199,HURJA,Dynamic Money Managers Securities Pvt. Ltd.,Vision Securities Pvt. Ltd,230,269.0,61870.0,2025-07-24 14:01:35.497016
2025-07-24,50047,2025072404035200,HURJA,Dynamic Money Managers Securities Pvt. Ltd.,Sani Securities Company Ltd.,80,269.0,21520.0,2025-07-24 14:01:35.497268
2025-07-24,50046,2025072404035201,HURJA,Dynamic Money Managers Securities Pvt. Ltd.,Oxford Securities Pvt. Ltd.,10,269.0,2690.0,2025-07-24 14:01:35.497520
2025-07-24,49691,2025072404035296,HURJA,Vision Securities Pvt. Ltd,Vision Securities Pvt. Ltd,850,269.5,229075.0,2025-07-24 14:02:16.055702
2025-07-24,48808,2025072404035522,HURJA,Online Securities Pvt. Ltd.,Vision Securities Pvt. Ltd,50,269.5,13475.0,2025-07-24 14:04:11.593173
2025-07-24,48343,2025072404035632,HURJA,Kumari Securities Private Limited,Vision Securities Pvt. Ltd,100,269.5,26950.0,2025-07-24 14:05:18.172304
2025-07-24,47922,2025072404035727,HURJA,Naasa Securities Co. Ltd.,Linch Stock Market Ltd.,500,269.8,134900.0,2025-07-24 14:06:02.630712
2025-07-24,47921,2025072404035728,HURJA,Naasa Securities Co. Ltd.,Nepal Stock House (PVT) Ltd.,500,269.9,134950.0,2025-07-24 14:06:02.631256
2025-07-24,47784,2025072404035768,HURJA,South Asian Bulls Pvt. Ltd.,Naasa Securities Co. Ltd.,20,269.9,5398.0,2025-07-24 14:06:20.351405
2025-07-24,47783,2025072404035769,HURJA,South Asian Bulls Pvt. Ltd.,Creative Securities Pvt Ltd,280,269.9,75572.0,2025-07-24 14:06:20.352386
2025-07-24,47553,2025072404035857,HURJA,Kumari Securities Private Limited,Capital Max Securities Ltd,80,269.5,21560.0,2025-07-24 14:06:44.207652
2025-07-24,46839,2025072404036180,HURJA,Kumari Securities Private Limited,Premier Securities Company Ltd.,50,269.5,13475.0,2025-07-24 14:08:06.766648
2025-07-24,46226,2025072404036408,HURJA,Kumari Securities Private Limited,Naasa Securities Co. Ltd.,20,269.5,5390.0,2025-07-24 14:09:19.792426
2025-07-24,46225,2025072404036409,HURJA,Dynamic Money Managers Securities Pvt. Ltd.,Naasa Securities Co. Ltd.,530,269.5,142835.0,2025-07-24 14:09:19.793089
2025-07-24,45960,2025072404036490,HURJA,Aryatara Investment & Securities,Creative Securities Pvt Ltd,220,269.9,59378.0,2025-07-24 14:09:44.847121
2025-07-24,45959,2025072404036491,HURJA,Aryatara Investment & Securities,Kohinoor Investment & Securities Pvt. Ltd.,780,269.9,210522.0,2025-07-24 14:09:44.847625
2025-07-24,45847,2025072404036528,HURJA,Sumeru Securities Pvt. Ltd.,Kohinoor Investment & Securities Pvt. Ltd.,100,269.9,26990.0,2025-07-24 14:09:58.739252
2025-07-24,45270,2025072404036648,HURJA,Online Securities Pvt. Ltd.,Premier Securities Company Ltd.,20,269.6,5392.0,2025-07-24 14:11:09.828948
2025-07-24,45269,2025072404036649,HURJA,Dynamic Money Managers Securities Pvt. Ltd.,Premier Securities Company Ltd.,30,269.5,8085.0,2025-07-24 14:11:09.829494
2025-07-24,45147,2025072404036677,HURJA,Secured Securities Ltd.,Kohinoor Investment & Securities Pvt. Ltd.,1000,269.9,269900.0,2025-07-24 14:11:17.162592
2025-07-24,44850,2025072404036764,HURJA,Capital Max Securities Ltd,SUN SECURITIES PVT LTD,9,268.0,2412.0,2025-07-24 14:11:55.720109
2025-07-24,44082,2025072404036993,HURJA,Investment Management Nepal Pvt. Ltd.,Agrawal Securities (PVT) Ltd.,50,269.6,13480.0,2025-07-24 14:13:29.169538
2025-07-24,43934,2025072404037020,HURJA,Investment Management Nepal Pvt. Ltd.,Deevyaa Securities & Stock House Pvt. Ltd,50,269.6,13480.0,2025-07-24 14:13:41.927999
2025-07-24,43933,2025072404037021,HURJA,Dynamic Money Managers Securities Pvt. Ltd.,Deevyaa Securities & Stock House Pvt. Ltd,550,269.5,148225.0,2025-07-24 14:13:41.928498
2025-07-24,43918,2025072404037026,HURJA,Nepal Stock House (PVT) Ltd.,Kohinoor Investment & Securities Pvt. Ltd.,180,269.9,48582.0,2025-07-24 14:13:45.956354
2025-07-24,43917,2025072404037027,HURJA,Nepal Stock House (PVT) Ltd.,Midas Stock Broking Company Private Limited,160,269.9,43184.0,2025-07-24 14:13:45.956875
2025-07-24,43916,2025072404037028,HURJA,Nepal Stock House (PVT) Ltd.,Bhrikuti Stock Broking Co. Pvt. Ltd.,323,269.9,87177.7,2025-07-24 14:13:45.957147
2025-07-24,43915,2025072404037029,HURJA,Nepal Stock House (PVT) Ltd.,Creative Securities Pvt Ltd,500,269.9,134950.0,2025-07-24 14:13:45.957400
2025-07-24,43748,2025072404037075,HURJA,Nepal Stock House (PVT) Ltd.,Deevyaa Securities & Stock House Pvt. Ltd,337,269.9,90956.3,2025-07-24 14:13:59.446922
2025-07-24,43747,2025072404037076,HURJA,Dynamic Money Managers Securities Pvt. Ltd.,Deevyaa Securities & Stock House Pvt. Ltd,324,269.5,87318.0,2025-07-24 14:13:59.447435
2025-07-24,43725,2025072404037080,HURJA,Cristal Kanchanjanga Securites Pvt. Ltd.,Deevyaa Securities & Stock House Pvt. Ltd,500,269.5,134750.0,2025-07-24 14:14:02.077437
2025-07-24,43434,2025072404037179,HURJA,Online Securities Pvt. Ltd.,Deevyaa Securities & Stock House Pvt. Ltd,200,269.5,53900.0,2025-07-24 14:14:23.366353
2025-07-24,43430,2025072404037181,HURJA,Aryatara Investment & Securities,Deevyaa Securities & Stock House Pvt. Ltd,139,269.5,37460.5,2025-07-24 14:14:26.178796
2025-07-24,43429,2025072404037182,HURJA,Aryatara Investment & Securities,Deevyaa Securities & Stock House Pvt. Ltd,861,269.5,232039.5,2025-07-24 14:14:26.179324
2025-07-24,43206,2025072404037232,HURJA,N.M.B. SECURITIES LIMITED,Deevyaa Securities & Stock House Pvt. Ltd,500,269.5,134750.0,2025-07-24 14:14:41.324185
2025-07-24,42809,2025072404037314,HURJA,Investment Management Nepal Pvt. Ltd.,Online Securities Pvt. Ltd.,50,269.2,13460.0,2025-07-24 14:15:16.498261
2025-07-24,42676,2025072404037369,HURJA,Investment Management Nepal Pvt. Ltd.,Vision Securities Pvt. Ltd,250,269.2,67300.0,2025-07-24 14:15:31.271310
2025-07-24,42675,2025072404037370,HURJA,Imperial Securities Company Pvt. Ltd.,Vision Securities Pvt. Ltd,800,269.2,215360.0,2025-07-24 14:15:31.271849
2025-07-24,42674,2025072404037371,HURJA,Sani Securities Company Ltd.,Vision Securities Pvt. Ltd,320,269.1,86112.0,2025-07-24 14:15:31.272089
2025-07-24,42218,2025072404037537,HURJA,Sani Securities Company Ltd.,Deevyaa Securities & Stock House Pvt. Ltd,139,269.1,37404.9,2025-07-24 14:16:14.520962
2025-07-24,41757,2025072404037653,HURJA,Sani Securities Company Ltd.,Trisul Securities & Invt. Ltd.,800,269.1,215280.0,2025-07-24 14:16:49.355913
2025-07-24,41441,2025072404037747,HURJA,Sani Securities Company Ltd.,Bhrikuti Stock Broking Co. Pvt. Ltd.,100,269.1,26910.0,2025-07-24 14:17:18.286970
2025-07-24,40269,2025072404038137,HURJA,Aryatara Investment & Securities,Kohinoor Investment & Securities Pvt. Ltd.,200,269.2,53840.0,2025-07-24 14:18:55.940446
2025-07-24,40268,2025072404038138,HURJA,Sani Securities Company Ltd.,Kohinoor Investment & Securities Pvt. Ltd.,341,269.1,91763.1,2025-07-24 14:18:55.940931
2025-07-24,40267,2025072404038139,HURJA,Sumeru Securities Pvt. Ltd.,Kohinoor Investment & Securities Pvt. Ltd.,500,269.1,134550.0,2025-07-24 14:18:55.941153
2025-07-24,40266,2025072404038140,HURJA,J.F. Securites (PVT) Ltd.,Kohinoor Investment & Securities Pvt. Ltd.,400,269.1,107640.0,2025-07-24 14:18:55.941381
2025-07-24,40265,2025072404038141,HURJA,Online Securities Pvt. Ltd.,Kohinoor Investment & Securities Pvt. Ltd.,559,269.0,150371.0,2025-07-24 14:18:55.941618
2025-07-24,40211,2025072404038160,HURJA,Agrawal Securities (PVT) Ltd.,Kohinoor Investment & Securities Pvt. Ltd.,1000,269.3,269300.0,2025-07-24 14:19:03.725815
2025-07-24,40180,2025072404038168,HURJA,Sani Securities Company Ltd.,Nepal Investment And Securities Trading Private Limited,200,269.6,53920.0,2025-07-24 14:19:07.758026
2025-07-24,40150,2025072404038180,HURJA,Cristal Kanchanjanga Securites Pvt. Ltd.,Nepal Investment And Securities Trading Private Limited,154,269.6,41518.4,2025-07-24 14:19:11.597109
2025-07-24,39942,2025072404038235,HURJA,Dakshinkali Investment & Securities Pvt. Ltd.,Creative Securities Pvt Ltd,500,269.9,134950.0,2025-07-24 14:19:31.825209
2025-07-24,39941,2025072404038236,HURJA,Dakshinkali Investment & Securities Pvt. Ltd.,Creative Securities Pvt Ltd,500,269.9,134950.0,2025-07-24 14:19:31.825803
2025-07-24,39811,2025072404038268,HURJA,Trishakti Securities Public Limited,Linch Stock Market Ltd.,500,270.0,135000.0,2025-07-24 14:19:41.583261
2025-07-24,39810,2025072404038269,HURJA,Trishakti Securities Public Limited,Online Securities Pvt. Ltd.,615,270.0,166050.0,2025-07-24 14:19:41.583783
2025-07-24,39612,2025072404038343,HURJA,Sharepro Securities Private Limited,Online Securities Pvt. Ltd.,385,270.0,103950.0,2025-07-24 14:20:02.790838
2025-07-24,39611,2025072404038344,HURJA,Sharepro Securities Private Limited,Market Securities & Exchange (PVT) Ltd.,615,270.0,166050.0,2025-07-24 14:20:02.791384
2025-07-24,39542,2025072404038384,HURJA,Sharepro Securities Private Limited,Market Securities & Exchange (PVT) Ltd.,385,270.0,103950.0,2025-07-24 14:20:09.727018
2025-07-24,39541,2025072404038385,HURJA,Sharepro Securities Private Limited,Trisul Securities & Invt. Ltd.,615,270.0,166050.0,2025-07-24 14:20:09.728038
2025-07-24,39425,2025072404038451,HURJA,Trishakti Securities Public Limited,Trisul Securities & Invt. Ltd.,385,270.0,103950.0,2025-07-24 14:20:18.231146
2025-07-24,39424,2025072404038452,HURJA,Trishakti Securities Public Limited,Premier Securities Company Ltd.,50,270.0,13500.0,2025-07-24 14:20:18.231626
2025-07-24,39423,2025072404038453,HURJA,Trishakti Securities Public Limited,Trisul Securities & Invt. Ltd.,500,270.0,135000.0,2025-07-24 14:20:18.231852
2025-07-24,39422,2025072404038454,HURJA,Trishakti Securities Public Limited,Bhrikuti Stock Broking Co. Pvt. Ltd.,250,270.0,67500.0,2025-07-24 14:20:18.232071
2025-07-24,39421,2025072404038455,HURJA,Trishakti Securities Public Limited,Bhrikuti Stock Broking Co. Pvt. Ltd.,615,270.0,166050.0,2025-07-24 14:20:18.232295
2025-07-24,39315,2025072404038484,HURJA,Neev Securities Pvt. Ltd.,Bhrikuti Stock Broking Co. Pvt. Ltd.,1385,270.0,373950.0,2025-07-24 14:20:31.329372
2025-07-24,39314,2025072404038485,HURJA,Neev Securities Pvt. Ltd.,Trisul Securities & Invt. Ltd.,700,270.0,189000.0,2025-07-24 14:20:31.329888
2025-07-24,39313,2025072404038486,HURJA,Neev Securities Pvt. Ltd.,Aryatara Investment & Securities,100,270.0,27000.0,2025-07-24 14:20:31.330142
2025-07-24,39312,2025072404038487,HURJA,Neev Securities Pvt. Ltd.,Vision Securities Pvt. Ltd,70,270.0,18900.0,2025-07-24 14:20:31.330385
2025-07-24,39311,2025072404038488,HURJA,Neev Securities Pvt. Ltd.,KALASH STOCK MARKET PVT. LTD.,200,270.0,54000.0,2025-07-24 14:20:31.330605
2025-07-24,39310,2025072404038489,HURJA,Neev Securities Pvt. Ltd.,Kohinoor Investment & Securities Pvt. Ltd.,100,270.0,27000.0,2025-07-24 14:20:31.330826
2025-07-24,38897,2025072404038588,HURJA,Neev Securities Pvt. Ltd.,Bhrikuti Stock Broking Co. Pvt. Ltd.,190,270.0,51300.0,2025-07-24 14:21:10.941678
2025-07-24,38713,2025072404038651,HURJA,Hatemalo Financial Services Private Limited,Secured Securities Ltd.,100,270.9,27090.0,2025-07-24 14:21:26.160813
2025-07-24,38712,2025072404038652,HURJA,Hatemalo Financial Services Private Limited,Linch Stock Market Ltd.,100,270.9,27090.0,2025-07-24 14:21:26.160898
2025-07-24,38369,2025072404038791,HURJA,Nepal Investment And Securities Trading Private Limited,Linch Stock Market Ltd.,400,270.9,108360.0,2025-07-24 14:21:50.936199
2025-07-24,38201,2025072404038891,HURJA,Nepal Investment And Securities Trading Private Limited,Secured Securities Ltd.,250,271.0,67750.0,2025-07-24 14:22:03.049976
2025-07-24,38200,2025072404038892,HURJA,Nepal Investment And Securities Trading Private Limited,Aryatara Investment & Securities,500,271.0,135500.0,2025-07-24 14:22:03.050561
2025-07-24,38199,2025072404038893,HURJA,Nepal Investment And Securities Trading Private Limited,Deevyaa Securities & Stock House Pvt. Ltd,500,271.0,135500.0,2025-07-24 14:22:03.050981
2025-07-24,38198,2025072404038894,HURJA,Nepal Investment And Securities Trading Private Limited,Sani Securities Company Ltd.,50,271.0,13550.0,2025-07-24 14:22:03.051260
2025-07-24,38197,2025072404038895,HURJA,Nepal Investment And Securities Trading Private Limited,Nepal Stock House (PVT) Ltd.,200,271.0,54200.0,2025-07-24 14:22:03.051538
2025-07-24,37858,2025072404039078,HURJA,Sweta Securities Private Limited,Kohinoor Investment & Securities Pvt. Ltd.,1000,271.0,271000.0,2025-07-24 14:22:29.365076
2025-07-24,37733,2025072404039113,HURJA,Sweta Securities Private Limited,Creative Securities Pvt Ltd,280,271.0,75880.0,2025-07-24 14:22:39.441270
2025-07-24,37185,2025072404039329,HURJA,Shree Krishna Securities Ltd.,Kohinoor Investment & Securities Pvt. Ltd.,500,271.0,135500.0,2025-07-24 14:23:26.932423
2025-07-24,37127,2025072404039350,HURJA,Primo Securities (PVT) Ltd.,Kohinoor Investment & Securities Pvt. Ltd.,50,271.0,13550.0,2025-07-24 14:23:32.681946
2025-07-24,36890,2025072404039436,HURJA,Dakshinkali Investment & Securities Pvt. Ltd.,Kohinoor Investment & Securities Pvt. Ltd.,450,271.0,121950.0,2025-07-24 14:23:54.068725
2025-07-24,36651,2025072404039514,HURJA,Online Securities Pvt. Ltd.,Dynamic Money Managers Securities Pvt. Ltd.,200,270.1,54020.0,2025-07-24 14:24:16.652536
2025-07-24,36650,2025072404039515,HURJA,K.B.L. Securities Limited ,Dynamic Money Managers Securities Pvt. Ltd.,200,270.1,54020.0,2025-07-24 14:24:16.653003
2025-07-24,36103,2025072404039646,HURJA,K.B.L. Securities Limited ,Sri Hari Securities Pvt. Ltd.,300,270.1,81030.0,2025-07-24 14:25:07.025981
2025-07-24,36102,2025072404039647,HURJA,Neev Securities Pvt. Ltd.,Sri Hari Securities Pvt. Ltd.,255,270.0,68850.0,2025-07-24 14:25:07.026593
2025-07-24,36101,2025072404039648,HURJA,Hatemalo Financial Services Private Limited,Sri Hari Securities Pvt. Ltd.,350,270.0,94500.0,2025-07-24 14:25:07.026925
2025-07-24,36100,2025072404039649,HURJA,Kumari Securities Private Limited,Sri Hari Securities Pvt. Ltd.,95,270.0,25650.0,2025-07-24 14:25:07.027213
2025-07-24,35255,2025072404039865,HURJA,Primo Securities (PVT) Ltd.,Sweta Securities Private Limited,15,270.0,4050.0,2025-07-24 14:26:37.716176
2025-07-24,35254,2025072404039866,HURJA,N.M.B. SECURITIES LIMITED,Sweta Securities Private Limited,50,270.0,13500.0,2025-07-24 14:26:37.716700
2025-07-24,35253,2025072404039867,HURJA,Sundhara Securities Limited,Sweta Securities Private Limited,110,270.0,29700.0,2025-07-24 14:26:37.716930
2025-07-24,35189,2025072404039881,HURJA,Sundhara Securities Limited,Linch Stock Market Ltd.,10,270.0,2700.0,2025-07-24 14:26:44.648525
2025-07-24,35124,2025072404039903,HURJA,Sundhara Securities Limited,Creative Securities Pvt Ltd,800,270.0,216000.0,2025-07-24 14:26:50.956188
2025-07-24,34867,2025072404039981,HURJA,Sundhara Securities Limited,Dakshinkali Investment & Securities Pvt. Ltd.,80,270.0,21600.0,2025-07-24 14:27:18.073389
2025-07-24,34824,2025072404039992,HURJA,Capital Max Securities Ltd,Nabil Stock Dealer Ltd.,3,269.0,807.0,2025-07-24 14:27:22.394854
2025-07-24,34822,2025072404039993,HURJA,Cristal Kanchanjanga Securites Pvt. Ltd.,Dakshinkali Investment & Securities Pvt. Ltd.,550,270.0,148500.0,2025-07-24 14:27:22.629256
2025-07-24,34354,2025072404040157,HURJA,Cristal Kanchanjanga Securites Pvt. Ltd.,Dakshinkali Investment & Securities Pvt. Ltd.,200,270.0,54000.0,2025-07-24 14:28:04.317518
2025-07-24,34329,2025072404040171,HURJA,Nepal Stock House (PVT) Ltd.,Online Securities Pvt. Ltd.,10,269.3,2693.0,2025-07-24 14:28:06.105537
2025-07-24,34259,2025072404040184,HURJA,ABC Securities Private Limited,Dakshinkali Investment & Securities Pvt. Ltd.,50,270.0,13500.0,2025-07-24 14:28:14.462644
2025-07-24,33801,2025072404040316,HURJA,Deevyaa Securities & Stock House Pvt. Ltd,Kohinoor Investment & Securities Pvt. Ltd.,10,270.0,2700.0,2025-07-24 14:28:51.994041
2025-07-24,33800,2025072404040317,HURJA,Deevyaa Securities & Stock House Pvt. Ltd,Asian Securities Private Ltd.,100,270.0,27000.0,2025-07-24 14:28:51.994561
2025-07-24,33193,2025072404040467,HURJA,Deevyaa Securities & Stock House Pvt. Ltd,Dakshinkali Investment & Securities Pvt. Ltd.,20,270.2,5404.0,2025-07-24 14:29:41.012320
