Date,S.N.,contract_id,symbol,buyer_broker,seller_broker,volume,price,amount,transaction_time
2025-07-24,152537,2025072403000301,JBBL,Premier Securities Company Ltd.,Capital Max Securities Ltd,10,382.0,3820.0,2025-07-24 11:04:18.962982
2025-07-24,152253,2025072403000360,JBBL,Trisul Securities & Invt. Ltd.,Magnet Securities and Investment Company Private Limited,300,383.0,114900.0,2025-07-24 11:04:49.397047
2025-07-24,151066,2025072403000574,JBBL,Trisul Securities & Invt. Ltd.,Sweta Securities Private Limited,500,384.0,192000.0,2025-07-24 11:06:51.293692
2025-07-24,150864,2025072403000616,JBBL,Trisul Securities & Invt. Ltd.,South Asian Bulls Pvt. Ltd.,200,384.0,76800.0,2025-07-24 11:07:07.964405
2025-07-24,149966,2025072403000812,JBBL,Sani Securities Company Ltd.,Magnet Securities and Investment Company Private Limited,117,383.6,44881.2,2025-07-24 11:08:37.804310
2025-07-24,149556,2025072403000889,JBBL,Nepal Investment And Securities Trading Private Limited,Vision Securities Pvt. Ltd,100,383.6,38360.0,2025-07-24 11:09:19.675990
2025-07-24,149555,2025072403000890,JBBL,Linch Stock Market Ltd.,Vision Securities Pvt. Ltd,145,383.5,55607.5,2025-07-24 11:09:19.676103
2025-07-24,149554,2025072403000891,JBBL,Naasa Securities Co. Ltd.,Vision Securities Pvt. Ltd,10,383.5,3835.0,2025-07-24 11:09:19.676152
2025-07-24,149553,2025072403000892,JBBL,Online Securities Pvt. Ltd.,Vision Securities Pvt. Ltd,500,383.1,191550.0,2025-07-24 11:09:19.676233
2025-07-24,149552,2025072403000893,JBBL,Imperial Securities Company Pvt. Ltd.,Vision Securities Pvt. Ltd,45,383.0,17235.0,2025-07-24 11:09:19.676280
2025-07-24,149504,2025072403000902,JBBL,Imperial Securities Company Pvt. Ltd.,South Asian Bulls Pvt. Ltd.,455,383.0,174265.0,2025-07-24 11:09:26.211241
2025-07-24,149503,2025072403000903,JBBL,Kohinoor Investment & Securities Pvt. Ltd.,South Asian Bulls Pvt. Ltd.,100,383.0,38300.0,2025-07-24 11:09:26.211350
2025-07-24,149502,2025072403000904,JBBL,Premier Securities Company Ltd.,South Asian Bulls Pvt. Ltd.,490,382.0,187180.0,2025-07-24 11:09:26.211427
2025-07-24,149501,2025072403000905,JBBL,Nepal Investment And Securities Trading Private Limited,South Asian Bulls Pvt. Ltd.,755,382.0,288410.0,2025-07-24 11:09:26.211469
2025-07-24,149140,2025072403000979,JBBL,INDEX SECURITIES LIMITED,Sani Securities Company Ltd.,300,382.1,114630.0,2025-07-24 11:10:05.196110
2025-07-24,149002,2025072403001002,JBBL,INDEX SECURITIES LIMITED,Sri Hari Securities Pvt. Ltd.,700,382.1,267470.0,2025-07-24 11:10:19.790517
2025-07-24,149001,2025072403001003,JBBL,Nepal Investment And Securities Trading Private Limited,Sri Hari Securities Pvt. Ltd.,245,382.0,93590.0,2025-07-24 11:10:19.790612
2025-07-24,149000,2025072403001004,JBBL,Nepal Investment And Securities Trading Private Limited,Sri Hari Securities Pvt. Ltd.,317,382.0,121094.0,2025-07-24 11:10:19.790658
2025-07-24,148999,2025072403001005,JBBL,Kumari Securities Private Limited,Aryatara Investment & Securities,20,383.0,7660.0,2025-07-24 11:10:19.930153
2025-07-24,147803,2025072403001265,JBBL,Naasa Securities Co. Ltd.,Aryatara Investment & Securities,30,383.0,11490.0,2025-07-24 11:12:16.161322
2025-07-24,147756,2025072403001270,JBBL,Sweta Securities Private Limited,Imperial Securities Company Pvt. Ltd.,200,382.1,76420.0,2025-07-24 11:12:20.181621
2025-07-24,147755,2025072403001271,JBBL,Nepal Investment And Securities Trading Private Limited,Imperial Securities Company Pvt. Ltd.,683,382.0,260906.0,2025-07-24 11:12:20.181729
2025-07-24,147754,2025072403001272,JBBL,Imperial Securities Company Pvt. Ltd.,Imperial Securities Company Pvt. Ltd.,50,382.0,19100.0,2025-07-24 11:12:20.181802
2025-07-24,147753,2025072403001273,JBBL,Kohinoor Investment & Securities Pvt. Ltd.,Imperial Securities Company Pvt. Ltd.,1000,382.0,382000.0,2025-07-24 11:12:20.181883
2025-07-24,147752,2025072403001274,JBBL,Sweta Securities Private Limited,Imperial Securities Company Pvt. Ltd.,105,381.0,40005.0,2025-07-24 11:12:20.181932
2025-07-24,147751,2025072403001275,JBBL,Naasa Securities Co. Ltd.,Imperial Securities Company Pvt. Ltd.,20,380.5,7610.0,2025-07-24 11:12:20.181976
2025-07-24,147750,2025072403001276,JBBL,Dakshinkali Investment & Securities Pvt. Ltd.,Imperial Securities Company Pvt. Ltd.,250,380.3,95075.0,2025-07-24 11:12:20.182031
2025-07-24,147749,2025072403001277,JBBL,Oxford Securities Pvt. Ltd.,Imperial Securities Company Pvt. Ltd.,692,380.3,263167.6,2025-07-24 11:12:20.182076
2025-07-24,147626,2025072403001310,JBBL,Oxford Securities Pvt. Ltd.,Dipshikha Dhitopatra Karobar Co. Pvt Ltd.,308,380.3,117132.4,2025-07-24 11:12:33.728817
2025-07-24,147625,2025072403001311,JBBL,Indira securities pvt. ltd,Dipshikha Dhitopatra Karobar Co. Pvt Ltd.,282,380.2,107216.4,2025-07-24 11:12:33.729050
2025-07-24,147587,2025072403001324,JBBL,Indira securities pvt. ltd,Sumeru Securities Pvt. Ltd.,718,380.2,272983.6,2025-07-24 11:12:39.351921
2025-07-24,147586,2025072403001325,JBBL,Online Securities Pvt. Ltd.,Sumeru Securities Pvt. Ltd.,282,380.2,107216.4,2025-07-24 11:12:39.352093
2025-07-24,147531,2025072403001337,JBBL,Online Securities Pvt. Ltd.,Dipshikha Dhitopatra Karobar Co. Pvt Ltd.,10,380.2,3802.0,2025-07-24 11:12:44.190542
2025-07-24,146757,2025072403001531,JBBL,K.B.L. Securities Limited ,Sani Securities Company Ltd.,100,381.1,38110.0,2025-07-24 11:14:01.704979
2025-07-24,146590,2025072403001556,JBBL,Dakshinkali Investment & Securities Pvt. Ltd.,Elite Stock House Limited,1000,383.0,383000.0,2025-07-24 11:14:18.184954
2025-07-24,145923,2025072403001717,JBBL,Sweta Securities Private Limited,Premier Securities Company Ltd.,72,382.1,27511.2,2025-07-24 11:15:19.081821
2025-07-24,145922,2025072403001718,JBBL,Trisul Securities & Invt. Ltd.,Premier Securities Company Ltd.,128,382.0,48896.0,2025-07-24 11:15:19.081945
2025-07-24,145510,2025072403001816,JBBL,Trisul Securities & Invt. Ltd.,Sewa Securities Pvt. Ltd.,94,382.0,35908.0,2025-07-24 11:15:53.033940
2025-07-24,145134,2025072403001900,JBBL,Bhrikuti Stock Broking Co. Pvt. Ltd.,Sani Securities Company Ltd.,100,381.3,38130.0,2025-07-24 11:16:28.592541
2025-07-24,145011,2025072403001933,JBBL,Bhrikuti Stock Broking Co. Pvt. Ltd.,Cristal Kanchanjanga Securites Pvt. Ltd.,100,381.3,38130.0,2025-07-24 11:16:40.752451
2025-07-24,145010,2025072403001934,JBBL,Indira securities pvt. ltd,Cristal Kanchanjanga Securites Pvt. Ltd.,1000,381.2,381200.0,2025-07-24 11:16:40.752753
2025-07-24,145009,2025072403001935,JBBL,Online Securities Pvt. Ltd.,Cristal Kanchanjanga Securites Pvt. Ltd.,100,381.2,38120.0,2025-07-24 11:16:40.753000
2025-07-24,145008,2025072403001936,JBBL,Indira securities pvt. ltd,Cristal Kanchanjanga Securites Pvt. Ltd.,800,381.1,304880.0,2025-07-24 11:16:40.753265
2025-07-24,144085,2025072403002108,JBBL,Indira securities pvt. ltd,Vision Securities Pvt. Ltd,200,381.1,76220.0,2025-07-24 11:18:03.351829
2025-07-24,144084,2025072403002109,JBBL,Vision Securities Pvt. Ltd,Vision Securities Pvt. Ltd,100,381.1,38110.0,2025-07-24 11:18:03.352125
2025-07-24,143943,2025072403002136,JBBL,INDEX SECURITIES LIMITED,South Asian Bulls Pvt. Ltd.,1000,381.0,381000.0,2025-07-24 11:18:16.787952
2025-07-24,143378,2025072403002283,JBBL,Sani Securities Company Ltd.,Sewa Securities Pvt. Ltd.,107,381.0,40767.0,2025-07-24 11:19:08.581846
2025-07-24,143377,2025072403002284,JBBL,Sani Securities Company Ltd.,Magnet Securities and Investment Company Private Limited,10,381.0,3810.0,2025-07-24 11:19:09.016842
2025-07-24,143261,2025072403002313,JBBL,K.B.L. Securities Limited ,Vision Securities Pvt. Ltd,200,381.1,76220.0,2025-07-24 11:19:17.083458
2025-07-24,143260,2025072403002314,JBBL,K.B.L. Securities Limited ,Nepal Investment And Securities Trading Private Limited,200,381.1,76220.0,2025-07-24 11:19:17.083597
2025-07-24,143206,2025072403002326,JBBL,Sani Securities Company Ltd.,Imperial Securities Company Pvt. Ltd.,133,381.0,50673.0,2025-07-24 11:19:24.367427
2025-07-24,142968,2025072403002378,JBBL,Trishakti Securities Public Limited,Imperial Securities Company Pvt. Ltd.,907,381.0,345567.0,2025-07-24 11:19:48.563317
2025-07-24,142967,2025072403002379,JBBL,Trishakti Securities Public Limited,Neev Securities Pvt. Ltd.,93,381.0,35433.0,2025-07-24 11:19:48.563560
2025-07-24,142860,2025072403002397,JBBL,Kohinoor Investment & Securities Pvt. Ltd.,Dipshikha Dhitopatra Karobar Co. Pvt Ltd.,100,380.3,38030.0,2025-07-24 11:20:02.280599
2025-07-24,142859,2025072403002398,JBBL,Nepal Investment And Securities Trading Private Limited,Dipshikha Dhitopatra Karobar Co. Pvt Ltd.,101,380.3,38410.3,2025-07-24 11:20:02.280732
2025-07-24,142829,2025072403002410,JBBL,Nepal Investment And Securities Trading Private Limited,SUN SECURITIES PVT LTD,30,380.3,11409.0,2025-07-24 11:20:04.089653
2025-07-24,142740,2025072403002441,JBBL,Nepal Investment And Securities Trading Private Limited,Capital Hub P. Ltd,169,380.3,64270.7,2025-07-24 11:20:15.678188
2025-07-24,142739,2025072403002442,JBBL,Secured Securities Ltd.,Capital Hub P. Ltd,331,380.3,125879.3,2025-07-24 11:20:15.678445
2025-07-24,142625,2025072403002462,JBBL,Swarna Laxmi Securities Pvt. Ltd.,Aryatara Investment & Securities,50,380.4,19020.0,2025-07-24 11:20:27.578365
2025-07-24,142585,2025072403002466,JBBL,Oxford Securities Pvt. Ltd.,Neev Securities Pvt. Ltd.,407,381.0,155067.0,2025-07-24 11:20:31.999834
2025-07-24,142498,2025072403002489,JBBL,Midas Stock Broking Company Private Limited,Machhapuchchhre Securities Limited,280,380.4,106512.0,2025-07-24 11:20:41.693085
2025-07-24,142385,2025072403002502,JBBL,Secured Securities Ltd.,Opal Securities Investment (PVT) Ltd.,669,380.3,254420.7,2025-07-24 11:20:52.201881
2025-07-24,142384,2025072403002503,JBBL,Indira securities pvt. ltd,Opal Securities Investment (PVT) Ltd.,331,380.2,125846.2,2025-07-24 11:20:52.202051
2025-07-24,142382,2025072403002505,JBBL,Indira securities pvt. ltd,Citizens Share Broker Limited,669,380.2,254353.8,2025-07-24 11:20:52.648631
2025-07-24,142381,2025072403002506,JBBL,Linch Stock Market Ltd.,Citizens Share Broker Limited,331,380.1,125813.1,2025-07-24 11:20:52.648766
2025-07-24,142294,2025072403002530,JBBL,Linch Stock Market Ltd.,Linch Stock Market Ltd.,100,380.1,38010.0,2025-07-24 11:21:00.851298
2025-07-24,141893,2025072403002662,JBBL,Shree Krishna Securities Ltd.,Machhapuchchhre Securities Limited,220,380.4,83688.0,2025-07-24 11:21:31.207334
2025-07-24,141877,2025072403002664,JBBL,Shree Krishna Securities Ltd.,Secured Securities Ltd.,261,381.0,99441.0,2025-07-24 11:21:32.497138
2025-07-24,141681,2025072403002710,JBBL,Shree Krishna Securities Ltd.,Naasa Securities Co. Ltd.,96,381.0,36576.0,2025-07-24 11:21:50.777564
2025-07-24,141611,2025072403002717,JBBL,South Asian Bulls Pvt. Ltd.,Nepal Investment And Securities Trading Private Limited,200,381.1,76220.0,2025-07-24 11:21:56.326366
2025-07-24,141454,2025072403002754,JBBL,Shree Krishna Securities Ltd.,Opal Securities Investment (PVT) Ltd.,423,381.0,161163.0,2025-07-24 11:22:10.003294
2025-07-24,141379,2025072403002764,JBBL,Nepal Investment And Securities Trading Private Limited,Opal Securities Investment (PVT) Ltd.,20,381.0,7620.0,2025-07-24 11:22:15.227347
2025-07-24,141319,2025072403002770,JBBL,Dynamic Money Managers Securities Pvt. Ltd.,Opal Securities Investment (PVT) Ltd.,20,380.4,7608.0,2025-07-24 11:22:22.491818
2025-07-24,141069,2025072403002804,JBBL,Sundhara Securities Limited,Online Securities Pvt. Ltd.,44,380.5,16742.0,2025-07-24 11:22:41.602310
2025-07-24,140896,2025072403002849,JBBL,Sundhara Securities Limited,Opal Securities Investment (PVT) Ltd.,57,380.5,21688.5,2025-07-24 11:22:56.032648
2025-07-24,140864,2025072403002858,JBBL,Indira securities pvt. ltd,Online Securities Pvt. Ltd.,150,380.5,57075.0,2025-07-24 11:23:00.399718
2025-07-24,140615,2025072403002894,JBBL,Indira securities pvt. ltd,Opal Securities Investment (PVT) Ltd.,850,380.5,323425.0,2025-07-24 11:23:21.659582
2025-07-24,140614,2025072403002895,JBBL,Sharepro Securities Private Limited,Opal Securities Investment (PVT) Ltd.,100,380.5,38050.0,2025-07-24 11:23:21.659726
2025-07-24,140613,2025072403002896,JBBL,Dynamic Money Managers Securities Pvt. Ltd.,Opal Securities Investment (PVT) Ltd.,50,380.4,19020.0,2025-07-24 11:23:21.659788
2025-07-24,140575,2025072403002911,JBBL,Vision Securities Pvt. Ltd,Sumeru Securities Pvt. Ltd.,100,381.0,38100.0,2025-07-24 11:23:25.701838
2025-07-24,140445,2025072403002940,JBBL,Kalika Securities Pvt. Ltd.,Opal Securities Investment (PVT) Ltd.,500,381.0,190500.0,2025-07-24 11:23:37.272831
2025-07-24,139728,2025072403003126,JBBL,Nepal Stock House (PVT) Ltd.,Nepal Investment And Securities Trading Private Limited,150,381.1,57165.0,2025-07-24 11:24:45.288013
2025-07-24,139521,2025072403003179,JBBL,Dynamic Money Managers Securities Pvt. Ltd.,Nepal Investment And Securities Trading Private Limited,400,381.1,152440.0,2025-07-24 11:25:04.626613
2025-07-24,139421,2025072403003212,JBBL,Trisul Securities & Invt. Ltd.,Nepal Stock House (PVT) Ltd.,30,381.0,11430.0,2025-07-24 11:25:12.319390
2025-07-24,139404,2025072403003214,JBBL,Thrive Brokerage House Pvt. Ltd,Nepal Stock House (PVT) Ltd.,50,380.9,19045.0,2025-07-24 11:25:13.814055
2025-07-24,139387,2025072403003222,JBBL,Hatemalo Financial Services Private Limited,Nepal Stock House (PVT) Ltd.,120,380.9,45708.0,2025-07-24 11:25:16.250772
2025-07-24,139386,2025072403003223,JBBL,Hatemalo Financial Services Private Limited,Nepal Investment And Securities Trading Private Limited,50,381.1,19055.0,2025-07-24 11:25:16.251080
2025-07-24,138560,2025072403003418,JBBL,Dynamic Money Managers Securities Pvt. Ltd.,Sumeru Securities Pvt. Ltd.,199,382.0,76018.0,2025-07-24 11:26:27.553365
2025-07-24,138286,2025072403003468,JBBL,Nepal Investment And Securities Trading Private Limited,J.F. Securites (PVT) Ltd.,50,382.0,19100.0,2025-07-24 11:26:51.888620
2025-07-24,137758,2025072403003576,JBBL,Dynamic Money Managers Securities Pvt. Ltd.,Primo Securities (PVT) Ltd.,200,383.0,76600.0,2025-07-24 11:27:30.823164
2025-07-24,137273,2025072403003667,JBBL,Asian Securities Private Ltd.,Naasa Securities Co. Ltd.,32,383.0,12256.0,2025-07-24 11:28:08.681016
2025-07-24,137272,2025072403003668,JBBL,Asian Securities Private Ltd.,Sani Securities Company Ltd.,27,383.0,10341.0,2025-07-24 11:28:08.681161
2025-07-24,136774,2025072403003775,JBBL,Nepal Investment And Securities Trading Private Limited,Sri Hari Securities Pvt. Ltd.,50,383.4,19170.0,2025-07-24 11:28:43.101863
2025-07-24,136773,2025072403003776,JBBL,Nepal Investment And Securities Trading Private Limited,Sweta Securities Private Limited,300,384.0,115200.0,2025-07-24 11:28:43.102031
2025-07-24,136772,2025072403003777,JBBL,Nepal Investment And Securities Trading Private Limited,Dakshinkali Investment & Securities Pvt. Ltd.,650,384.0,249600.0,2025-07-24 11:28:43.102101
2025-07-24,136086,2025072403003904,JBBL,Premier Securities Company Ltd.,Kalika Securities Pvt. Ltd.,100,383.2,38320.0,2025-07-24 11:29:35.313937
2025-07-24,136085,2025072403003905,JBBL,Oxford Securities Pvt. Ltd.,Dakshinkali Investment & Securities Pvt. Ltd.,350,384.0,134400.0,2025-07-24 11:29:35.314317
2025-07-24,136084,2025072403003906,JBBL,Oxford Securities Pvt. Ltd.,Primo Securities (PVT) Ltd.,80,384.0,30720.0,2025-07-24 11:29:35.314390
2025-07-24,135819,2025072403003947,JBBL,Premier Securities Company Ltd.,Cristal Kanchanjanga Securites Pvt. Ltd.,900,385.0,346500.0,2025-07-24 11:30:00.814891
2025-07-24,134778,2025072403004088,JBBL,Sewa Securities Pvt. Ltd.,Cristal Kanchanjanga Securites Pvt. Ltd.,100,385.0,38500.0,2025-07-24 11:31:21.541983
2025-07-24,134777,2025072403004089,JBBL,Sewa Securities Pvt. Ltd.,Aryatara Investment & Securities,50,385.0,19250.0,2025-07-24 11:31:21.542152
2025-07-24,134776,2025072403004090,JBBL,Sewa Securities Pvt. Ltd.,J.F. Securites (PVT) Ltd.,20,385.0,7700.0,2025-07-24 11:31:21.542222
2025-07-24,134775,2025072403004091,JBBL,Sewa Securities Pvt. Ltd.,Sumeru Securities Pvt. Ltd.,80,385.0,30800.0,2025-07-24 11:31:21.542291
2025-07-24,134714,2025072403004098,JBBL,Sri Hari Securities Pvt. Ltd.,Sumeru Securities Pvt. Ltd.,20,385.0,7700.0,2025-07-24 11:31:25.963012
2025-07-24,134713,2025072403004099,JBBL,Sri Hari Securities Pvt. Ltd.,Creative Securities Pvt Ltd,44,387.0,17028.0,2025-07-24 11:31:25.963211
2025-07-24,134712,2025072403004100,JBBL,Sri Hari Securities Pvt. Ltd.,Sundhara Securities Limited,936,387.0,362232.0,2025-07-24 11:31:25.963347
2025-07-24,134651,2025072403004115,JBBL,Sani Securities Company Ltd.,Creative Securities Pvt Ltd,640,384.0,245760.0,2025-07-24 11:31:29.981199
2025-07-24,134646,2025072403004118,JBBL,SHUBHAKAMANA SECURITIES PVT. LTD,Creative Securities Pvt Ltd,250,384.0,96000.0,2025-07-24 11:31:30.672712
2025-07-24,134128,2025072403004182,JBBL,Asian Securities Private Ltd.,Creative Securities Pvt Ltd,670,384.0,257280.0,2025-07-24 11:32:14.919553
2025-07-24,133533,2025072403004270,JBBL,Secured Securities Ltd.,Sundhara Securities Limited,10,387.0,3870.0,2025-07-24 11:33:00.443781
2025-07-24,133205,2025072403004315,JBBL,Vision Securities Pvt. Ltd,Sundhara Securities Limited,54,387.0,20898.0,2025-07-24 11:33:27.974404
2025-07-24,133166,2025072403004325,JBBL,Vision Securities Pvt. Ltd,Vision Securities Pvt. Ltd,200,387.0,77400.0,2025-07-24 11:33:31.446692
2025-07-24,132706,2025072403004446,JBBL,Sri Hari Securities Pvt. Ltd.,Sweta Securities Private Limited,500,387.4,193700.0,2025-07-24 11:34:05.417789
2025-07-24,132705,2025072403004447,JBBL,Sri Hari Securities Pvt. Ltd.,SUN SECURITIES PVT LTD,100,387.9,38790.0,2025-07-24 11:34:05.417988
2025-07-24,132695,2025072403004450,JBBL,Vision Securities Pvt. Ltd,Naasa Securities Co. Ltd.,10,388.0,3880.0,2025-07-24 11:34:07.206218
2025-07-24,132578,2025072403004475,JBBL,Sri Hari Securities Pvt. Ltd.,Online Securities Pvt. Ltd.,100,387.9,38790.0,2025-07-24 11:34:16.915804
2025-07-24,132486,2025072403004486,JBBL,Oxford Securities Pvt. Ltd.,Naasa Securities Co. Ltd.,36,388.0,13968.0,2025-07-24 11:34:25.974265
2025-07-24,132485,2025072403004487,JBBL,Oxford Securities Pvt. Ltd.,Ashutosh Brokerage & Securities (PVT) Ltd.,684,388.0,265392.0,2025-07-24 11:34:25.974470
2025-07-24,132449,2025072403004490,JBBL,Nepal Investment And Securities Trading Private Limited,Ashutosh Brokerage & Securities (PVT) Ltd.,316,388.0,122608.0,2025-07-24 11:34:31.264540
2025-07-24,132448,2025072403004491,JBBL,Nepal Investment And Securities Trading Private Limited,Dipshikha Dhitopatra Karobar Co. Pvt Ltd.,684,388.0,265392.0,2025-07-24 11:34:31.264869
2025-07-24,132265,2025072403004518,JBBL,Vision Securities Pvt. Ltd,Online Securities Pvt. Ltd.,746,387.0,288702.0,2025-07-24 11:34:43.783625
2025-07-24,132264,2025072403004519,JBBL,Neev Securities Pvt. Ltd.,Online Securities Pvt. Ltd.,20,387.0,7740.0,2025-07-24 11:34:43.783826
2025-07-24,132263,2025072403004520,JBBL,Vision Securities Pvt. Ltd,Online Securities Pvt. Ltd.,1000,387.0,387000.0,2025-07-24 11:34:43.783910
2025-07-24,132064,2025072403004570,JBBL,Asian Securities Private Ltd.,Citizens Share Broker Limited,500,384.0,192000.0,2025-07-24 11:35:04.117907
2025-07-24,131942,2025072403004594,JBBL,Dynamic Money Managers Securities Pvt. Ltd.,Shree Krishna Securities Ltd.,1,382.0,382.0,2025-07-24 11:35:15.812018
2025-07-24,131772,2025072403004636,JBBL,Trisul Securities & Invt. Ltd.,S.P.S.A. Securities Limited,5,380.0,1900.0,2025-07-24 11:35:32.604254
2025-07-24,131206,2025072403004716,JBBL,Trisul Securities & Invt. Ltd.,J.F. Securites (PVT) Ltd.,1,380.0,380.0,2025-07-24 11:36:18.933831
2025-07-24,129874,2025072403004921,JBBL,Trisul Securities & Invt. Ltd.,Midas Stock Broking Company Private Limited,1,377.0,377.0,2025-07-24 11:38:10.282694
2025-07-24,129462,2025072403004977,JBBL,Dynamic Money Managers Securities Pvt. Ltd.,Trishakti Securities Public Limited,1000,386.9,386900.0,2025-07-24 11:38:44.976521
2025-07-24,129149,2025072403005027,JBBL,Dipshikha Dhitopatra Karobar Co. Pvt Ltd.,Nepal Stock House (PVT) Ltd.,100,387.0,38700.0,2025-07-24 11:39:03.030448
2025-07-24,128934,2025072403005046,JBBL,Dipshikha Dhitopatra Karobar Co. Pvt Ltd.,Kalika Securities Pvt. Ltd.,205,387.0,79335.0,2025-07-24 11:39:16.162443
2025-07-24,128545,2025072403005105,JBBL,Dipshikha Dhitopatra Karobar Co. Pvt Ltd.,Neev Securities Pvt. Ltd.,90,387.0,34830.0,2025-07-24 11:39:44.778387
2025-07-24,128487,2025072403005110,JBBL,Dipshikha Dhitopatra Karobar Co. Pvt Ltd.,Sri Hari Securities Pvt. Ltd.,605,387.0,234135.0,2025-07-24 11:39:51.106362
2025-07-24,128486,2025072403005111,JBBL,Bhrikuti Stock Broking Co. Pvt. Ltd.,Sri Hari Securities Pvt. Ltd.,90,385.0,34650.0,2025-07-24 11:39:51.106458
2025-07-24,128475,2025072403005114,JBBL,Hatemalo Financial Services Private Limited,Sani Securities Company Ltd.,20,388.0,7760.0,2025-07-24 11:39:52.757959
2025-07-24,128474,2025072403005115,JBBL,Hatemalo Financial Services Private Limited,Sundhara Securities Limited,10,388.0,3880.0,2025-07-24 11:39:52.758161
2025-07-24,128473,2025072403005116,JBBL,Hatemalo Financial Services Private Limited,Sundhara Securities Limited,300,388.0,116400.0,2025-07-24 11:39:52.758266
2025-07-24,128091,2025072403005205,JBBL,Dipshikha Dhitopatra Karobar Co. Pvt Ltd.,Sundhara Securities Limited,200,388.0,77600.0,2025-07-24 11:40:29.803357
2025-07-24,128090,2025072403005206,JBBL,Dipshikha Dhitopatra Karobar Co. Pvt Ltd.,Thrive Brokerage House Pvt. Ltd,200,388.0,77600.0,2025-07-24 11:40:29.803565
2025-07-24,126194,2025072403005560,JBBL,Capital Max Securities Ltd,Capital Max Securities Ltd,11,386.0,4246.0,2025-07-24 11:43:14.391620
2025-07-24,126147,2025072403005574,JBBL,Capital Max Securities Ltd,Magnet Securities and Investment Company Private Limited,500,386.0,193000.0,2025-07-24 11:43:22.171015
2025-07-24,126105,2025072403005583,JBBL,Capital Max Securities Ltd,Aryatara Investment & Securities,450,386.0,173700.0,2025-07-24 11:43:26.969434
2025-07-24,126092,2025072403005585,JBBL,Kohinoor Investment & Securities Pvt. Ltd.,Capital Max Securities Ltd,800,386.9,309520.0,2025-07-24 11:43:28.267630
2025-07-24,125993,2025072403005598,JBBL,Capital Max Securities Ltd,Capital Max Securities Ltd,39,386.0,15054.0,2025-07-24 11:43:37.950887
2025-07-24,125985,2025072403005599,JBBL,Sajilo Broker Limited,Capital Max Securities Ltd,50,386.0,19300.0,2025-07-24 11:43:38.648134
2025-07-24,125883,2025072403005632,JBBL,Trisul Securities & Invt. Ltd.,Capital Max Securities Ltd,111,386.0,42846.0,2025-07-24 11:43:46.856393
2025-07-24,125882,2025072403005633,JBBL,Trisul Securities & Invt. Ltd.,Cristal Kanchanjanga Securites Pvt. Ltd.,389,387.0,150543.0,2025-07-24 11:43:46.856753
2025-07-24,125822,2025072403005646,JBBL,Naasa Securities Co. Ltd.,Cristal Kanchanjanga Securites Pvt. Ltd.,130,387.0,50310.0,2025-07-24 11:43:56.032416
2025-07-24,125688,2025072403005667,JBBL,Nepal Stock House (PVT) Ltd.,Trisul Securities & Invt. Ltd.,169,386.9,65386.1,2025-07-24 11:44:09.237771
2025-07-24,125687,2025072403005668,JBBL,Ashutosh Brokerage & Securities (PVT) Ltd.,Trisul Securities & Invt. Ltd.,165,385.7,63640.5,2025-07-24 11:44:09.238212
2025-07-24,125686,2025072403005669,JBBL,Aryatara Investment & Securities,Trisul Securities & Invt. Ltd.,1000,385.2,385200.0,2025-07-24 11:44:09.238516
2025-07-24,125685,2025072403005670,JBBL,Pragyan Securities (PVT) Ltd.,Trisul Securities & Invt. Ltd.,500,385.1,192550.0,2025-07-24 11:44:09.238767
2025-07-24,125684,2025072403005671,JBBL,Sweta Securities Private Limited,Trisul Securities & Invt. Ltd.,500,385.1,192550.0,2025-07-24 11:44:09.239000
2025-07-24,125683,2025072403005672,JBBL,Bhrikuti Stock Broking Co. Pvt. Ltd.,Trisul Securities & Invt. Ltd.,910,385.0,350350.0,2025-07-24 11:44:09.239231
2025-07-24,125682,2025072403005673,JBBL,Secured Securities Ltd.,Trisul Securities & Invt. Ltd.,1000,385.0,385000.0,2025-07-24 11:44:09.239551
2025-07-24,125681,2025072403005674,JBBL,SHUBHAKAMANA SECURITIES PVT. LTD,Trisul Securities & Invt. Ltd.,150,385.0,57750.0,2025-07-24 11:44:09.239884
2025-07-24,125680,2025072403005675,JBBL,Imperial Securities Company Pvt. Ltd.,Trisul Securities & Invt. Ltd.,400,385.0,154000.0,2025-07-24 11:44:09.240222
2025-07-24,125679,2025072403005676,JBBL,Trisul Securities & Invt. Ltd.,Trisul Securities & Invt. Ltd.,1000,384.1,384100.0,2025-07-24 11:44:09.240556
2025-07-24,125678,2025072403005677,JBBL,Oxford Securities Pvt. Ltd.,Trisul Securities & Invt. Ltd.,1000,384.1,384100.0,2025-07-24 11:44:09.240859
2025-07-24,125677,2025072403005678,JBBL,South Asian Bulls Pvt. Ltd.,Trisul Securities & Invt. Ltd.,300,384.1,115230.0,2025-07-24 11:44:09.241195
2025-07-24,125676,2025072403005679,JBBL,Asian Securities Private Ltd.,Trisul Securities & Invt. Ltd.,2906,384.0,1115904.0,2025-07-24 11:44:09.241495
2025-07-24,125519,2025072403005715,JBBL,Asian Securities Private Ltd.,Trisul Securities & Invt. Ltd.,865,384.0,332160.0,2025-07-24 11:44:21.566047
2025-07-24,125518,2025072403005716,JBBL,Secured Securities Ltd.,Trisul Securities & Invt. Ltd.,170,384.0,65280.0,2025-07-24 11:44:21.566253
2025-07-24,125517,2025072403005717,JBBL,ABC Securities Private Limited,Trisul Securities & Invt. Ltd.,50,384.0,19200.0,2025-07-24 11:44:21.566323
2025-07-24,125516,2025072403005718,JBBL,Neev Securities Pvt. Ltd.,Trisul Securities & Invt. Ltd.,500,384.0,192000.0,2025-07-24 11:44:21.566396
2025-07-24,125515,2025072403005719,JBBL,Nepal Investment And Securities Trading Private Limited,Trisul Securities & Invt. Ltd.,1000,383.5,383500.0,2025-07-24 11:44:21.566466
2025-07-24,125514,2025072403005720,JBBL,Sewa Securities Pvt. Ltd.,Trisul Securities & Invt. Ltd.,100,383.4,38340.0,2025-07-24 11:44:21.566537
2025-07-24,125513,2025072403005721,JBBL,Sagarmatha Securities Private Limited,Trisul Securities & Invt. Ltd.,1000,383.2,383200.0,2025-07-24 11:44:21.566607
2025-07-24,125512,2025072403005722,JBBL,Capital Max Securities Ltd,Trisul Securities & Invt. Ltd.,100,383.0,38300.0,2025-07-24 11:44:21.566675
2025-07-24,125511,2025072403005723,JBBL,Sumeru Securities Pvt. Ltd.,Trisul Securities & Invt. Ltd.,1000,383.0,383000.0,2025-07-24 11:44:21.566763
2025-07-24,125510,2025072403005724,JBBL,Imperial Securities Company Pvt. Ltd.,Trisul Securities & Invt. Ltd.,1000,382.0,382000.0,2025-07-24 11:44:21.566834
2025-07-24,125509,2025072403005725,JBBL,Dipshikha Dhitopatra Karobar Co. Pvt Ltd.,Trisul Securities & Invt. Ltd.,1000,381.5,381500.0,2025-07-24 11:44:21.566908
2025-07-24,125508,2025072403005726,JBBL,Online Securities Pvt. Ltd.,Trisul Securities & Invt. Ltd.,500,381.3,190650.0,2025-07-24 11:44:21.566984
2025-07-24,125507,2025072403005727,JBBL,Cristal Kanchanjanga Securites Pvt. Ltd.,Trisul Securities & Invt. Ltd.,275,381.3,104857.5,2025-07-24 11:44:21.567056
2025-07-24,125506,2025072403005728,JBBL,Swarna Laxmi Securities Pvt. Ltd.,Trisul Securities & Invt. Ltd.,450,381.2,171540.0,2025-07-24 11:44:21.567138
2025-07-24,125505,2025072403005729,JBBL,Arun Securities (PVT) Ltd.,Trisul Securities & Invt. Ltd.,1000,381.0,381000.0,2025-07-24 11:44:21.567241
2025-07-24,125504,2025072403005730,JBBL,Oxford Securities Pvt. Ltd.,Trisul Securities & Invt. Ltd.,150,381.0,57150.0,2025-07-24 11:44:21.567326
2025-07-24,125503,2025072403005731,JBBL,Dynamic Money Managers Securities Pvt. Ltd.,Trisul Securities & Invt. Ltd.,100,381.0,38100.0,2025-07-24 11:44:21.567401
2025-07-24,125502,2025072403005732,JBBL,Aryatara Investment & Securities,Trisul Securities & Invt. Ltd.,500,381.0,190500.0,2025-07-24 11:44:21.567476
2025-07-24,125501,2025072403005733,JBBL,Pragyan Securities (PVT) Ltd.,Trisul Securities & Invt. Ltd.,240,381.0,91440.0,2025-07-24 11:44:21.567575
2025-07-24,123001,2025072403006232,JBBL,Primo Securities (PVT) Ltd.,Imperial Securities Company Pvt. Ltd.,500,382.2,191100.0,2025-07-24 11:48:22.609096
2025-07-24,122905,2025072403006256,JBBL,Aryatara Investment & Securities,Trisul Securities & Invt. Ltd.,1270,382.1,485267.0,2025-07-24 11:48:31.357493
2025-07-24,122812,2025072403006269,JBBL,Kumari Securities Private Limited,Imperial Securities Company Pvt. Ltd.,150,383.0,57450.0,2025-07-24 11:48:40.158586
2025-07-24,122632,2025072403006311,JBBL,Trisul Securities & Invt. Ltd.,Opal Securities Investment (PVT) Ltd.,150,382.5,57375.0,2025-07-24 11:49:00.939140
2025-07-24,122481,2025072403006343,JBBL,Trisul Securities & Invt. Ltd.,Agrawal Securities (PVT) Ltd.,125,382.5,47812.5,2025-07-24 11:49:17.745882
2025-07-24,122441,2025072403006353,JBBL,Trisul Securities & Invt. Ltd.,Opal Securities Investment (PVT) Ltd.,50,382.5,19125.0,2025-07-24 11:49:23.012312
2025-07-24,122380,2025072403006364,JBBL,Trisul Securities & Invt. Ltd.,Capital Max Securities Ltd,12,382.5,4590.0,2025-07-24 11:49:29.851807
2025-07-24,122263,2025072403006388,JBBL,Trisul Securities & Invt. Ltd.,Vision Securities Pvt. Ltd,163,382.5,62347.5,2025-07-24 11:49:43.171632
2025-07-24,122262,2025072403006389,JBBL,Kumari Securities Private Limited,Vision Securities Pvt. Ltd,350,382.2,133770.0,2025-07-24 11:49:43.171822
2025-07-24,122261,2025072403006390,JBBL,Aryatara Investment & Securities,Vision Securities Pvt. Ltd,730,382.1,278933.0,2025-07-24 11:49:43.171902
2025-07-24,122260,2025072403006391,JBBL,Online Securities Pvt. Ltd.,Vision Securities Pvt. Ltd,250,382.0,95500.0,2025-07-24 11:49:43.171979
2025-07-24,122259,2025072403006392,JBBL,Capital Max Securities Ltd,Vision Securities Pvt. Ltd,1000,382.0,382000.0,2025-07-24 11:49:43.172065
2025-07-24,122258,2025072403006393,JBBL,Imperial Securities Company Pvt. Ltd.,Vision Securities Pvt. Ltd,500,382.0,191000.0,2025-07-24 11:49:43.172142
2025-07-24,121665,2025072403006544,JBBL,Aryatara Investment & Securities,Pragyan Securities (PVT) Ltd.,10,382.0,3820.0,2025-07-24 11:50:49.224660
2025-07-24,121664,2025072403006545,JBBL,Trisul Securities & Invt. Ltd.,Pragyan Securities (PVT) Ltd.,210,381.3,80073.0,2025-07-24 11:50:49.224867
2025-07-24,121317,2025072403006610,JBBL,Himalayan Securities Limited,Imperial Securities Company Pvt. Ltd.,500,381.4,190700.0,2025-07-24 11:51:28.450273
2025-07-24,121300,2025072403006611,JBBL,Himalayan Securities Limited,Vision Securities Pvt. Ltd,500,381.4,190700.0,2025-07-24 11:51:31.308897
2025-07-24,121299,2025072403006612,JBBL,Trisul Securities & Invt. Ltd.,Vision Securities Pvt. Ltd,290,381.3,110577.0,2025-07-24 11:51:31.309131
2025-07-24,121298,2025072403006613,JBBL,Arun Securities (PVT) Ltd.,Vision Securities Pvt. Ltd,1000,381.3,381300.0,2025-07-24 11:51:31.309214
2025-07-24,121297,2025072403006614,JBBL,SHUBHAKAMANA SECURITIES PVT. LTD,Vision Securities Pvt. Ltd,25,381.3,9532.5,2025-07-24 11:51:31.309293
2025-07-24,121296,2025072403006615,JBBL,Opal Securities Investment (PVT) Ltd.,Vision Securities Pvt. Ltd,500,381.2,190600.0,2025-07-24 11:51:31.309372
2025-07-24,121295,2025072403006616,JBBL,Pragyan Securities (PVT) Ltd.,Vision Securities Pvt. Ltd,260,381.0,99060.0,2025-07-24 11:51:31.309455
2025-07-24,121294,2025072403006617,JBBL,Imperial Securities Company Pvt. Ltd.,Vision Securities Pvt. Ltd,500,381.0,190500.0,2025-07-24 11:51:31.309533
2025-07-24,121293,2025072403006618,JBBL,Deevyaa Securities & Stock House Pvt. Ltd,Vision Securities Pvt. Ltd,225,381.0,85725.0,2025-07-24 11:51:31.309610
2025-07-24,121149,2025072403006641,JBBL,Primo Securities (PVT) Ltd.,Citizens Share Broker Limited,200,381.1,76220.0,2025-07-24 11:51:51.027581
2025-07-24,121148,2025072403006642,JBBL,Deevyaa Securities & Stock House Pvt. Ltd,Citizens Share Broker Limited,275,381.0,104775.0,2025-07-24 11:51:51.028102
2025-07-24,121147,2025072403006643,JBBL,Vision Securities Pvt. Ltd,Citizens Share Broker Limited,25,381.0,9525.0,2025-07-24 11:51:51.028441
2025-07-24,120506,2025072403006748,JBBL,Vision Securities Pvt. Ltd,Nepal Stock House (PVT) Ltd.,175,381.0,66675.0,2025-07-24 11:52:54.908226
2025-07-24,120505,2025072403006749,JBBL,Infinity Securities Limited,Nepal Stock House (PVT) Ltd.,200,381.0,76200.0,2025-07-24 11:52:54.908660
2025-07-24,120504,2025072403006750,JBBL,Capital Max Securities Ltd,Nepal Stock House (PVT) Ltd.,100,381.0,38100.0,2025-07-24 11:52:54.908993
2025-07-24,120503,2025072403006751,JBBL,SHUBHAKAMANA SECURITIES PVT. LTD,Nepal Stock House (PVT) Ltd.,20,381.0,7620.0,2025-07-24 11:52:54.909332
2025-07-24,120502,2025072403006752,JBBL,Sweta Securities Private Limited,Nepal Stock House (PVT) Ltd.,5,381.0,1905.0,2025-07-24 11:52:54.909686
2025-07-24,120216,2025072403006800,JBBL,Trishakti Securities Public Limited,ABC Securities Private Limited,150,381.0,57150.0,2025-07-24 11:53:23.827172
2025-07-24,120215,2025072403006801,JBBL,Sewa Securities Pvt. Ltd.,ABC Securities Private Limited,50,381.0,19050.0,2025-07-24 11:53:23.827390
2025-07-24,119455,2025072403006933,JBBL,Primo Securities (PVT) Ltd.,Vision Securities Pvt. Ltd,125,381.2,47650.0,2025-07-24 11:54:31.995312
2025-07-24,119440,2025072403006936,JBBL,Primo Securities (PVT) Ltd.,SHUBHAKAMANA SECURITIES PVT. LTD,50,381.2,19060.0,2025-07-24 11:54:33.442513
2025-07-24,118900,2025072403007044,JBBL,Primo Securities (PVT) Ltd.,Aryatara Investment & Securities,300,381.2,114360.0,2025-07-24 11:55:29.108618
2025-07-24,117414,2025072403007303,JBBL,Nepal Investment And Securities Trading Private Limited,Sweta Securities Private Limited,30,383.8,11514.0,2025-07-24 11:57:57.325270
2025-07-24,117413,2025072403007304,JBBL,Nepal Investment And Securities Trading Private Limited,Trishakti Securities Public Limited,150,383.9,57585.0,2025-07-24 11:57:57.325307
2025-07-24,117412,2025072403007305,JBBL,Nepal Investment And Securities Trading Private Limited,Opal Securities Investment (PVT) Ltd.,31,383.9,11900.9,2025-07-24 11:57:57.325332
2025-07-24,117411,2025072403007306,JBBL,Nepal Investment And Securities Trading Private Limited,Premier Securities Company Ltd.,200,385.0,77000.0,2025-07-24 11:57:57.325355
2025-07-24,117410,2025072403007307,JBBL,Nepal Investment And Securities Trading Private Limited,Imperial Securities Company Pvt. Ltd.,200,386.9,77380.0,2025-07-24 11:57:57.325378
2025-07-24,117409,2025072403007308,JBBL,Nepal Investment And Securities Trading Private Limited,Cristal Kanchanjanga Securites Pvt. Ltd.,389,387.0,150543.0,2025-07-24 11:57:57.325425
2025-07-24,116863,2025072403007393,JBBL,Primo Securities (PVT) Ltd.,Neev Securities Pvt. Ltd.,25,381.2,9530.0,2025-07-24 11:58:44.289638
2025-07-24,116862,2025072403007394,JBBL,Naasa Securities Co. Ltd.,Neev Securities Pvt. Ltd.,10,381.1,3811.0,2025-07-24 11:58:44.289747
2025-07-24,116861,2025072403007395,JBBL,Neev Securities Pvt. Ltd.,Neev Securities Pvt. Ltd.,20,381.0,7620.0,2025-07-24 11:58:44.289809
2025-07-24,116860,2025072403007396,JBBL,ABC Securities Private Limited,Neev Securities Pvt. Ltd.,50,381.0,19050.0,2025-07-24 11:58:44.289871
2025-07-24,116859,2025072403007397,JBBL,South Asian Bulls Pvt. Ltd.,Neev Securities Pvt. Ltd.,289,381.0,110109.0,2025-07-24 11:58:44.289934
2025-07-24,116744,2025072403007419,JBBL,INDEX SECURITIES LIMITED,NIMB Stock Markets Limited,1000,381.1,381100.0,2025-07-24 11:58:57.091276
2025-07-24,116743,2025072403007420,JBBL,South Asian Bulls Pvt. Ltd.,NIMB Stock Markets Limited,211,381.0,80391.0,2025-07-24 11:58:57.091374
2025-07-24,116742,2025072403007421,JBBL,Nepal Investment And Securities Trading Private Limited,NIMB Stock Markets Limited,6690,381.0,2548890.0,2025-07-24 11:58:57.091451
2025-07-24,115495,2025072403007632,JBBL,Bhrikuti Stock Broking Co. Pvt. Ltd.,Deevyaa Securities & Stock House Pvt. Ltd,114,381.2,43456.8,2025-07-24 12:00:48.113335
2025-07-24,115332,2025072403007655,JBBL,Bhrikuti Stock Broking Co. Pvt. Ltd.,Secured Securities Ltd.,114,381.2,43456.8,2025-07-24 12:01:02.897669
2025-07-24,114802,2025072403007752,JBBL,Bhrikuti Stock Broking Co. Pvt. Ltd.,Nepal Investment And Securities Trading Private Limited,1772,381.2,675486.4,2025-07-24 12:02:13.150671
2025-07-24,114801,2025072403007753,JBBL,Investment Management Nepal Pvt. Ltd.,Nepal Investment And Securities Trading Private Limited,300,381.2,114360.0,2025-07-24 12:02:13.151104
2025-07-24,114800,2025072403007754,JBBL,Kumari Securities Private Limited,Nepal Investment And Securities Trading Private Limited,200,381.2,76240.0,2025-07-24 12:02:13.151366
2025-07-24,114799,2025072403007755,JBBL,Cristal Kanchanjanga Securites Pvt. Ltd.,Nepal Investment And Securities Trading Private Limited,700,381.1,266770.0,2025-07-24 12:02:13.151712
2025-07-24,114798,2025072403007756,JBBL,Aryatara Investment & Securities,Nepal Investment And Securities Trading Private Limited,1000,381.1,381100.0,2025-07-24 12:02:13.151968
2025-07-24,114797,2025072403007757,JBBL,KALASH STOCK MARKET PVT. LTD.,Nepal Investment And Securities Trading Private Limited,200,381.1,76220.0,2025-07-24 12:02:13.152231
2025-07-24,114796,2025072403007758,JBBL,Siprabi Securities Pvt. Ltd.,Nepal Investment And Securities Trading Private Limited,828,381.1,315550.8,2025-07-24 12:02:13.152482
2025-07-24,114742,2025072403007770,JBBL,Siprabi Securities Pvt. Ltd.,Nepal Investment And Securities Trading Private Limited,172,381.1,65549.2,2025-07-24 12:02:18.954875
2025-07-24,114741,2025072403007771,JBBL,Cristal Kanchanjanga Securites Pvt. Ltd.,Nepal Investment And Securities Trading Private Limited,70,381.1,26677.0,2025-07-24 12:02:18.955122
2025-07-24,114740,2025072403007772,JBBL,Nepal Investment And Securities Trading Private Limited,Nepal Investment And Securities Trading Private Limited,3310,381.0,1261110.0,2025-07-24 12:02:18.955266
2025-07-24,114739,2025072403007773,JBBL,Sani Securities Company Ltd.,Nepal Investment And Securities Trading Private Limited,847,381.0,322707.0,2025-07-24 12:02:18.955360
2025-07-24,114738,2025072403007774,JBBL,Naasa Securities Co. Ltd.,Nepal Investment And Securities Trading Private Limited,100,381.0,38100.0,2025-07-24 12:02:18.955462
2025-07-24,114737,2025072403007775,JBBL,Nepal Investment And Securities Trading Private Limited,Nepal Investment And Securities Trading Private Limited,100,381.0,38100.0,2025-07-24 12:02:18.955580
2025-07-24,114736,2025072403007776,JBBL,Blue Chip Securities Ltd,Nepal Investment And Securities Trading Private Limited,200,381.0,76200.0,2025-07-24 12:02:18.955683
2025-07-24,114672,2025072403007781,JBBL,Magnet Securities and Investment Company Private Limited,Nepal Investment And Securities Trading Private Limited,500,381.0,190500.0,2025-07-24 12:02:26.432560
2025-07-24,114631,2025072403007788,JBBL,Sundhara Securities Limited,Nepal Investment And Securities Trading Private Limited,10,380.5,3805.0,2025-07-24 12:02:31.493569
2025-07-24,114630,2025072403007789,JBBL,Indira securities pvt. ltd,Nepal Investment And Securities Trading Private Limited,1000,380.5,380500.0,2025-07-24 12:02:31.493778
2025-07-24,114629,2025072403007790,JBBL,Dynamic Money Managers Securities Pvt. Ltd.,Nepal Investment And Securities Trading Private Limited,130,380.4,49452.0,2025-07-24 12:02:31.493870
2025-07-24,114628,2025072403007791,JBBL,Neev Securities Pvt. Ltd.,Nepal Investment And Securities Trading Private Limited,200,380.4,76080.0,2025-07-24 12:02:31.493954
2025-07-24,114627,2025072403007792,JBBL,Premier Securities Company Ltd.,Nepal Investment And Securities Trading Private Limited,10,380.4,3804.0,2025-07-24 12:02:31.494053
2025-07-24,114626,2025072403007793,JBBL,Linch Stock Market Ltd.,Nepal Investment And Securities Trading Private Limited,569,380.1,216276.9,2025-07-24 12:02:31.494167
2025-07-24,114625,2025072403007794,JBBL,Online Securities Pvt. Ltd.,Nepal Investment And Securities Trading Private Limited,300,380.1,114030.0,2025-07-24 12:02:31.494253
2025-07-24,114624,2025072403007795,JBBL,Dakshinkali Investment & Securities Pvt. Ltd.,Nepal Investment And Securities Trading Private Limited,50,380.1,19005.0,2025-07-24 12:02:31.494334
2025-07-24,114623,2025072403007796,JBBL,Arun Securities (PVT) Ltd.,Nepal Investment And Securities Trading Private Limited,2000,380.1,760200.0,2025-07-24 12:02:31.494413
2025-07-24,114622,2025072403007797,JBBL,Naasa Securities Co. Ltd.,Nepal Investment And Securities Trading Private Limited,50,380.0,19000.0,2025-07-24 12:02:31.494495
2025-07-24,114621,2025072403007798,JBBL,Dipshikha Dhitopatra Karobar Co. Pvt Ltd.,Nepal Investment And Securities Trading Private Limited,382,380.0,145160.0,2025-07-24 12:02:31.494579
2025-07-24,114511,2025072403007820,JBBL,Dipshikha Dhitopatra Karobar Co. Pvt Ltd.,Nepal Investment And Securities Trading Private Limited,618,380.0,234840.0,2025-07-24 12:02:44.797518
2025-07-24,114510,2025072403007821,JBBL,South Asian Bulls Pvt. Ltd.,Nepal Investment And Securities Trading Private Limited,51,380.0,19380.0,2025-07-24 12:02:44.797897
2025-07-24,114509,2025072403007822,JBBL,Imperial Securities Company Pvt. Ltd.,Nepal Investment And Securities Trading Private Limited,250,380.0,95000.0,2025-07-24 12:02:44.798163
2025-07-24,114508,2025072403007823,JBBL,Property Wiard Limited,Nepal Investment And Securities Trading Private Limited,200,380.0,76000.0,2025-07-24 12:02:44.798407
2025-07-24,114507,2025072403007824,JBBL,Trishakti Securities Public Limited,Nepal Investment And Securities Trading Private Limited,10,380.0,3800.0,2025-07-24 12:02:44.798644
2025-07-24,114506,2025072403007825,JBBL,Linch Stock Market Ltd.,Nepal Investment And Securities Trading Private Limited,575,380.0,218500.0,2025-07-24 12:02:44.798879
2025-07-24,114505,2025072403007826,JBBL,Opal Securities Investment (PVT) Ltd.,Nepal Investment And Securities Trading Private Limited,500,380.0,190000.0,2025-07-24 12:02:44.799118
2025-07-24,114504,2025072403007827,JBBL,Cristal Kanchanjanga Securites Pvt. Ltd.,Nepal Investment And Securities Trading Private Limited,300,380.0,114000.0,2025-07-24 12:02:44.799391
2025-07-24,114503,2025072403007828,JBBL,Sundhara Securities Limited,Nepal Investment And Securities Trading Private Limited,10,380.0,3800.0,2025-07-24 12:02:44.799610
2025-07-24,114502,2025072403007829,JBBL,Imperial Securities Company Pvt. Ltd.,Nepal Investment And Securities Trading Private Limited,16,380.0,6080.0,2025-07-24 12:02:44.799834
2025-07-24,114501,2025072403007830,JBBL,Oxford Securities Pvt. Ltd.,Nepal Investment And Securities Trading Private Limited,500,380.0,190000.0,2025-07-24 12:02:44.800081
2025-07-24,114500,2025072403007831,JBBL,Sundhara Securities Limited,Nepal Investment And Securities Trading Private Limited,200,380.0,76000.0,2025-07-24 12:02:44.800310
2025-07-24,114499,2025072403007832,JBBL,South Asian Bulls Pvt. Ltd.,Nepal Investment And Securities Trading Private Limited,500,380.0,190000.0,2025-07-24 12:02:44.800551
2025-07-24,114498,2025072403007833,JBBL,Global IME Securities Limited,Nepal Investment And Securities Trading Private Limited,40,380.0,15200.0,2025-07-24 12:02:44.800775
2025-07-24,114497,2025072403007834,JBBL,Vision Securities Pvt. Ltd,Nepal Investment And Securities Trading Private Limited,50,380.0,19000.0,2025-07-24 12:02:44.800991
2025-07-24,114496,2025072403007835,JBBL,S.P.S.A. Securities Limited,Nepal Investment And Securities Trading Private Limited,100,380.0,38000.0,2025-07-24 12:02:44.801219
2025-07-24,114495,2025072403007836,JBBL,South Asian Bulls Pvt. Ltd.,Nepal Investment And Securities Trading Private Limited,50,380.0,19000.0,2025-07-24 12:02:44.801442
2025-07-24,114494,2025072403007837,JBBL,Midas Stock Broking Company Private Limited,Nepal Investment And Securities Trading Private Limited,653,380.0,248140.0,2025-07-24 12:02:44.801662
2025-07-24,114493,2025072403007838,JBBL,Sundhara Securities Limited,Nepal Investment And Securities Trading Private Limited,377,380.0,143260.0,2025-07-24 12:02:44.801880
2025-07-24,114460,2025072403007850,JBBL,Sundhara Securities Limited,Premier Securities Company Ltd.,228,380.0,86640.0,2025-07-24 12:02:48.395469
2025-07-24,114357,2025072403007877,JBBL,Sundhara Securities Limited,Nepal Investment And Securities Trading Private Limited,395,380.0,150100.0,2025-07-24 12:02:57.189214
2025-07-24,114356,2025072403007878,JBBL,Deevyaa Securities & Stock House Pvt. Ltd,Nepal Investment And Securities Trading Private Limited,300,380.0,114000.0,2025-07-24 12:02:57.189406
2025-07-24,114355,2025072403007879,JBBL,KALASH STOCK MARKET PVT. LTD.,Nepal Investment And Securities Trading Private Limited,200,380.0,76000.0,2025-07-24 12:02:57.189485
2025-07-24,114354,2025072403007880,JBBL,Sumeru Securities Pvt. Ltd.,Nepal Investment And Securities Trading Private Limited,105,380.0,39900.0,2025-07-24 12:02:57.189578
2025-07-24,114329,2025072403007885,JBBL,Sumeru Securities Pvt. Ltd.,Nepal Investment And Securities Trading Private Limited,395,380.0,150100.0,2025-07-24 12:03:02.140351
2025-07-24,113969,2025072403007959,JBBL,Sani Securities Company Ltd.,Nepal Investment And Securities Trading Private Limited,100,380.0,38000.0,2025-07-24 12:03:40.716624
2025-07-24,113912,2025072403007970,JBBL,Naasa Securities Co. Ltd.,Nepal Investment And Securities Trading Private Limited,66,380.0,25080.0,2025-07-24 12:03:45.317879
2025-07-24,113904,2025072403007971,JBBL,K.B.L. Securities Limited ,Nepal Investment And Securities Trading Private Limited,50,380.0,19000.0,2025-07-24 12:03:45.707566
2025-07-24,113816,2025072403007996,JBBL,Sewa Securities Pvt. Ltd.,Nepal Investment And Securities Trading Private Limited,100,380.0,38000.0,2025-07-24 12:03:52.583262
2025-07-24,113704,2025072403008013,JBBL,Imperial Securities Company Pvt. Ltd.,Oxford Securities Pvt. Ltd.,123,379.0,46617.0,2025-07-24 12:03:59.865961
2025-07-24,113682,2025072403008014,JBBL,Imperial Securities Company Pvt. Ltd.,Nepal Investment And Securities Trading Private Limited,277,379.0,104983.0,2025-07-24 12:04:01.338546
2025-07-24,113681,2025072403008015,JBBL,Siprabi Securities Pvt. Ltd.,Nepal Investment And Securities Trading Private Limited,1000,378.1,378100.0,2025-07-24 12:04:01.338753
2025-07-24,113680,2025072403008016,JBBL,Indira securities pvt. ltd,Nepal Investment And Securities Trading Private Limited,1000,378.1,378100.0,2025-07-24 12:04:01.338828
2025-07-24,113679,2025072403008017,JBBL,Trishakti Securities Public Limited,Nepal Investment And Securities Trading Private Limited,500,378.1,189050.0,2025-07-24 12:04:01.338899
2025-07-24,113678,2025072403008018,JBBL,Bhrikuti Stock Broking Co. Pvt. Ltd.,Nepal Investment And Securities Trading Private Limited,600,378.1,226860.0,2025-07-24 12:04:01.338982
2025-07-24,113677,2025072403008019,JBBL,Kohinoor Investment & Securities Pvt. Ltd.,Nepal Investment And Securities Trading Private Limited,80,378.0,30240.0,2025-07-24 12:04:01.339078
2025-07-24,113676,2025072403008020,JBBL,Bhrikuti Stock Broking Co. Pvt. Ltd.,Nepal Investment And Securities Trading Private Limited,1543,378.0,583254.0,2025-07-24 12:04:01.339186
2025-07-24,113593,2025072403008035,JBBL,Dipshikha Dhitopatra Karobar Co. Pvt Ltd.,Nepal Investment And Securities Trading Private Limited,289,380.0,109820.0,2025-07-24 12:04:08.376459
2025-07-24,112887,2025072403008122,JBBL,Nepal Stock House (PVT) Ltd.,Kalika Securities Pvt. Ltd.,40,380.1,15204.0,2025-07-24 12:05:08.275789
2025-07-24,112886,2025072403008123,JBBL,Dipshikha Dhitopatra Karobar Co. Pvt Ltd.,Kalika Securities Pvt. Ltd.,60,380.0,22800.0,2025-07-24 12:05:08.275987
2025-07-24,112406,2025072403008178,JBBL,Primo Securities (PVT) Ltd.,Online Securities Pvt. Ltd.,200,380.1,76020.0,2025-07-24 12:05:46.928425
2025-07-24,112405,2025072403008179,JBBL,Dipshikha Dhitopatra Karobar Co. Pvt Ltd.,Online Securities Pvt. Ltd.,600,380.0,228000.0,2025-07-24 12:05:46.928465
2025-07-24,111919,2025072403008243,JBBL,South Asian Bulls Pvt. Ltd.,Kalika Securities Pvt. Ltd.,200,380.1,76020.0,2025-07-24 12:06:22.305264
2025-07-24,111918,2025072403008244,JBBL,Dipshikha Dhitopatra Karobar Co. Pvt Ltd.,Kalika Securities Pvt. Ltd.,51,380.0,19380.0,2025-07-24 12:06:22.305478
2025-07-24,111917,2025072403008245,JBBL,Naasa Securities Co. Ltd.,Kalika Securities Pvt. Ltd.,249,380.0,94620.0,2025-07-24 12:06:22.305582
2025-07-24,110008,2025072403008531,JBBL,Bhrikuti Stock Broking Co. Pvt. Ltd.,Imperial Securities Company Pvt. Ltd.,25,381.0,9525.0,2025-07-24 12:09:32.523020
2025-07-24,109494,2025072403008609,JBBL,Naasa Securities Co. Ltd.,Aryatara Investment & Securities,50,383.0,19150.0,2025-07-24 12:10:25.121137
2025-07-24,108008,2025072403008817,JBBL,Naasa Securities Co. Ltd.,Trisul Securities & Invt. Ltd.,160,383.0,61280.0,2025-07-24 12:12:50.407215
2025-07-24,108007,2025072403008818,JBBL,Bhrikuti Stock Broking Co. Pvt. Ltd.,Trisul Securities & Invt. Ltd.,31,383.0,11873.0,2025-07-24 12:12:50.407450
2025-07-24,107947,2025072403008825,JBBL,Blue Chip Securities Ltd,Deevyaa Securities & Stock House Pvt. Ltd,100,384.2,38420.0,2025-07-24 12:12:53.524297
2025-07-24,107566,2025072403008874,JBBL,Midas Stock Broking Company Private Limited,Trisul Securities & Invt. Ltd.,109,381.1,41539.9,2025-07-24 12:13:35.842722
2025-07-24,107379,2025072403008888,JBBL,Midas Stock Broking Company Private Limited,Online Securities Pvt. Ltd.,20,381.1,7622.0,2025-07-24 12:13:58.281618
2025-07-24,104652,2025072403009411,JBBL,Midas Stock Broking Company Private Limited,Agrawal Securities (PVT) Ltd.,71,381.1,27058.1,2025-07-24 12:19:08.200447
2025-07-24,104651,2025072403009412,JBBL,Sani Securities Company Ltd.,Agrawal Securities (PVT) Ltd.,43,381.1,16387.3,2025-07-24 12:19:08.200710
2025-07-24,104365,2025072403009451,JBBL,Dynamic Money Managers Securities Pvt. Ltd.,Prabhu Stock Market Limited,1000,383.9,383900.0,2025-07-24 12:19:39.937574
2025-07-24,103316,2025072403009619,JBBL,Naasa Securities Co. Ltd.,Nepal Stock House (PVT) Ltd.,89,382.0,33998.0,2025-07-24 12:21:32.202092
2025-07-24,102844,2025072403009681,JBBL,Naasa Securities Co. Ltd.,Naasa Securities Co. Ltd.,20,382.0,7640.0,2025-07-24 12:22:11.160056
2025-07-24,102691,2025072403009706,JBBL,Naasa Securities Co. Ltd.,Vision Securities Pvt. Ltd,26,382.0,9932.0,2025-07-24 12:22:30.460874
2025-07-24,102690,2025072403009707,JBBL,Trisul Securities & Invt. Ltd.,Vision Securities Pvt. Ltd,500,382.0,191000.0,2025-07-24 12:22:30.461140
2025-07-24,102499,2025072403009731,JBBL,Dynamic Money Managers Securities Pvt. Ltd.,Vision Securities Pvt. Ltd,100,382.0,38200.0,2025-07-24 12:22:51.116617
2025-07-24,102067,2025072403009786,JBBL,Malla & Malla Stock Broking Company Pvt. Limited,Vision Securities Pvt. Ltd,74,382.0,28268.0,2025-07-24 12:23:35.255752
2025-07-24,102066,2025072403009787,JBBL,Malla & Malla Stock Broking Company Pvt. Limited,Aryatara Investment & Securities,10,382.0,3820.0,2025-07-24 12:23:35.256058
2025-07-24,101458,2025072403009905,JBBL,Dynamic Money Managers Securities Pvt. Ltd.,Deevyaa Securities & Stock House Pvt. Ltd,400,383.7,153480.0,2025-07-24 12:24:43.310713
2025-07-24,101371,2025072403009912,JBBL,Dynamic Money Managers Securities Pvt. Ltd.,Prabhu Stock Market Limited,1000,383.8,383800.0,2025-07-24 12:24:54.814243
2025-07-24,100422,2025072403010045,JBBL,Trisul Securities & Invt. Ltd.,Siprabi Securities Pvt. Ltd.,50,383.8,19190.0,2025-07-24 12:26:16.821148
2025-07-24,100421,2025072403010046,JBBL,Trisul Securities & Invt. Ltd.,Shree Krishna Securities Ltd.,200,383.9,76780.0,2025-07-24 12:26:16.821637
2025-07-24,99695,2025072403010221,JBBL,Sani Securities Company Ltd.,Shree Krishna Securities Ltd.,300,383.9,115170.0,2025-07-24 12:27:39.368747
2025-07-24,99601,2025072403010252,JBBL,Naasa Securities Co. Ltd.,Shree Krishna Securities Ltd.,351,383.9,134748.9,2025-07-24 12:27:55.801072
2025-07-24,98828,2025072403010394,JBBL,Siprabi Securities Pvt. Ltd.,Sumeru Securities Pvt. Ltd.,50,383.0,19150.0,2025-07-24 12:29:25.145441
2025-07-24,98827,2025072403010395,JBBL,Online Securities Pvt. Ltd.,Sumeru Securities Pvt. Ltd.,250,383.0,95750.0,2025-07-24 12:29:25.145688
2025-07-24,98263,2025072403010479,JBBL,Dynamic Money Managers Securities Pvt. Ltd.,Sumeru Securities Pvt. Ltd.,100,382.0,38200.0,2025-07-24 12:30:31.142937
2025-07-24,97716,2025072403010587,JBBL,Sani Securities Company Ltd.,Shree Krishna Securities Ltd.,15,383.9,5758.5,2025-07-24 12:31:35.018230
2025-07-24,96503,2025072403010781,JBBL,Malla & Malla Stock Broking Company Pvt. Limited,Nepal Stock House (PVT) Ltd.,50,382.0,19100.0,2025-07-24 12:34:05.735262
2025-07-24,96259,2025072403010859,JBBL,Malla & Malla Stock Broking Company Pvt. Limited,Nagarik Stock Dealer ,450,382.0,171900.0,2025-07-24 12:34:34.982478
2025-07-24,95262,2025072403011035,JBBL,Dynamic Money Managers Securities Pvt. Ltd.,Imperial Securities Company Pvt. Ltd.,1000,382.0,382000.0,2025-07-24 12:36:14.517322
2025-07-24,94570,2025072403011126,JBBL,Secured Securities Ltd.,Dipshikha Dhitopatra Karobar Co. Pvt Ltd.,185,382.0,70670.0,2025-07-24 12:37:21.742813
2025-07-24,93976,2025072403011234,JBBL,Thrive Brokerage House Pvt. Ltd,Vision Securities Pvt. Ltd,1000,381.7,381700.0,2025-07-24 12:38:43.676163
2025-07-24,93872,2025072403011259,JBBL,Trisul Securities & Invt. Ltd.,Siprabi Securities Pvt. Ltd.,2,376.0,752.0,2025-07-24 12:38:56.781946
2025-07-24,93689,2025072403011298,JBBL,Thrive Brokerage House Pvt. Ltd,Nepal Investment And Securities Trading Private Limited,50,381.7,19085.0,2025-07-24 12:39:17.380195
2025-07-24,93688,2025072403011299,JBBL,Sani Securities Company Ltd.,Nepal Investment And Securities Trading Private Limited,457,381.6,174391.2,2025-07-24 12:39:17.380450
2025-07-24,93687,2025072403011300,JBBL,Aryatara Investment & Securities,Nepal Investment And Securities Trading Private Limited,50,381.6,19080.0,2025-07-24 12:39:17.380563
2025-07-24,93686,2025072403011301,JBBL,Trishakti Securities Public Limited,Nepal Investment And Securities Trading Private Limited,50,381.5,19075.0,2025-07-24 12:39:17.380671
2025-07-24,93685,2025072403011302,JBBL,Online Securities Pvt. Ltd.,Nepal Investment And Securities Trading Private Limited,25,381.5,9537.5,2025-07-24 12:39:17.380774
2025-07-24,93684,2025072403011303,JBBL,Vision Securities Pvt. Ltd,Nepal Investment And Securities Trading Private Limited,50,381.5,19075.0,2025-07-24 12:39:17.381118
2025-07-24,93683,2025072403011304,JBBL,Sweta Securities Private Limited,Nepal Investment And Securities Trading Private Limited,300,381.2,114360.0,2025-07-24 12:39:17.381434
2025-07-24,93682,2025072403011305,JBBL,Malla & Malla Stock Broking Company Pvt. Limited,Nepal Investment And Securities Trading Private Limited,120,381.2,45744.0,2025-07-24 12:39:17.381771
2025-07-24,93681,2025072403011306,JBBL,J.F. Securites (PVT) Ltd.,Nepal Investment And Securities Trading Private Limited,898,381.0,342138.0,2025-07-24 12:39:17.382121
2025-07-24,93580,2025072403011317,JBBL,J.F. Securites (PVT) Ltd.,ABC Securities Private Limited,102,381.0,38862.0,2025-07-24 12:39:29.745694
2025-07-24,93579,2025072403011318,JBBL,Thrive Brokerage House Pvt. Ltd,ABC Securities Private Limited,398,381.0,151638.0,2025-07-24 12:39:29.746269
2025-07-24,93497,2025072403011333,JBBL,Thrive Brokerage House Pvt. Ltd,Nepal Investment And Securities Trading Private Limited,602,381.0,229362.0,2025-07-24 12:39:38.091359
2025-07-24,93496,2025072403011334,JBBL,Aryatara Investment & Securities,Nepal Investment And Securities Trading Private Limited,398,381.0,151638.0,2025-07-24 12:39:38.091586
2025-07-24,93359,2025072403011361,JBBL,Aryatara Investment & Securities,Cristal Kanchanjanga Securites Pvt. Ltd.,602,381.0,229362.0,2025-07-24 12:39:54.046854
2025-07-24,93358,2025072403011362,JBBL,Secured Securities Ltd.,Cristal Kanchanjanga Securites Pvt. Ltd.,198,381.0,75438.0,2025-07-24 12:39:54.047132
2025-07-24,92288,2025072403011573,JBBL,Secured Securities Ltd.,Linch Stock Market Ltd.,18,381.0,6858.0,2025-07-24 12:41:54.117898
2025-07-24,91677,2025072403011695,JBBL,Secured Securities Ltd.,Sani Securities Company Ltd.,729,381.0,277749.0,2025-07-24 12:43:10.467776
2025-07-24,91676,2025072403011696,JBBL,Midas Stock Broking Company Private Limited,Sani Securities Company Ltd.,250,381.0,95250.0,2025-07-24 12:43:10.468063
2025-07-24,91675,2025072403011697,JBBL,Indira securities pvt. ltd,Sani Securities Company Ltd.,431,381.0,164211.0,2025-07-24 12:43:10.468176
2025-07-24,90288,2025072403011895,JBBL,Indira securities pvt. ltd,Cristal Kanchanjanga Securites Pvt. Ltd.,69,381.0,26289.0,2025-07-24 12:46:02.091545
2025-07-24,90287,2025072403011896,JBBL,Sani Securities Company Ltd.,Cristal Kanchanjanga Securites Pvt. Ltd.,300,381.0,114300.0,2025-07-24 12:46:02.091887
2025-07-24,89987,2025072403011971,JBBL,Arun Securities (PVT) Ltd.,Siprabi Securities Pvt. Ltd.,11,380.5,4185.5,2025-07-24 12:46:38.942556
2025-07-24,89843,2025072403012008,JBBL,Arun Securities (PVT) Ltd.,Pragyan Securities (PVT) Ltd.,69,380.5,26254.5,2025-07-24 12:46:53.257574
2025-07-24,89841,2025072403012009,JBBL,Cristal Kanchanjanga Securites Pvt. Ltd.,Pragyan Securities (PVT) Ltd.,131,380.5,49845.5,2025-07-24 12:46:53.257942
2025-07-24,89137,2025072403012137,JBBL,Cristal Kanchanjanga Securites Pvt. Ltd.,Ashutosh Brokerage & Securities (PVT) Ltd.,46,380.5,17503.0,2025-07-24 12:48:07.320741
2025-07-24,88675,2025072403012205,JBBL,Imperial Securities Company Pvt. Ltd.,Cristal Kanchanjanga Securites Pvt. Ltd.,40,381.0,15240.0,2025-07-24 12:48:58.821044
2025-07-24,88672,2025072403012207,JBBL,Aryatara Investment & Securities,Cristal Kanchanjanga Securites Pvt. Ltd.,86,381.0,32766.0,2025-07-24 12:48:59.549772
2025-07-24,88628,2025072403012210,JBBL,Cristal Kanchanjanga Securites Pvt. Ltd.,Nepal Investment And Securities Trading Private Limited,33,380.5,12556.5,2025-07-24 12:49:03.378908
2025-07-24,88627,2025072403012211,JBBL,Online Securities Pvt. Ltd.,Nepal Investment And Securities Trading Private Limited,500,380.3,190150.0,2025-07-24 12:49:03.379475
2025-07-24,88626,2025072403012212,JBBL,Kumari Securities Private Limited,Nepal Investment And Securities Trading Private Limited,100,380.2,38020.0,2025-07-24 12:49:03.379865
2025-07-24,88625,2025072403012213,JBBL,Sundhara Securities Limited,Nepal Investment And Securities Trading Private Limited,575,380.2,218615.0,2025-07-24 12:49:03.380211
2025-07-24,88624,2025072403012214,JBBL,Bhrikuti Stock Broking Co. Pvt. Ltd.,Nepal Investment And Securities Trading Private Limited,500,380.1,190050.0,2025-07-24 12:49:03.380648
2025-07-24,88623,2025072403012215,JBBL,Indira securities pvt. ltd,Nepal Investment And Securities Trading Private Limited,1000,380.1,380100.0,2025-07-24 12:49:03.380840
2025-07-24,88622,2025072403012216,JBBL,Vision Securities Pvt. Ltd,Nepal Investment And Securities Trading Private Limited,100,380.1,38010.0,2025-07-24 12:49:03.380957
2025-07-24,88621,2025072403012217,JBBL,Nepal Stock House (PVT) Ltd.,Nepal Investment And Securities Trading Private Limited,100,380.0,38000.0,2025-07-24 12:49:03.381077
2025-07-24,88620,2025072403012218,JBBL,Neev Securities Pvt. Ltd.,Nepal Investment And Securities Trading Private Limited,100,380.0,38000.0,2025-07-24 12:49:03.381186
2025-07-24,88619,2025072403012219,JBBL,Cristal Kanchanjanga Securites Pvt. Ltd.,Nepal Investment And Securities Trading Private Limited,1305,380.0,495900.0,2025-07-24 12:49:03.381297
2025-07-24,88618,2025072403012220,JBBL,Cristal Kanchanjanga Securites Pvt. Ltd.,Nepal Investment And Securities Trading Private Limited,687,380.0,261060.0,2025-07-24 12:49:03.381406
2025-07-24,88471,2025072403012258,JBBL,Cristal Kanchanjanga Securites Pvt. Ltd.,Nepal Investment And Securities Trading Private Limited,13,380.0,4940.0,2025-07-24 12:49:18.505177
2025-07-24,88470,2025072403012259,JBBL,Naasa Securities Co. Ltd.,Nepal Investment And Securities Trading Private Limited,678,380.0,257640.0,2025-07-24 12:49:18.505669
2025-07-24,88469,2025072403012260,JBBL,Sundhara Securities Limited,Nepal Investment And Securities Trading Private Limited,250,380.0,95000.0,2025-07-24 12:49:18.505999
2025-07-24,88468,2025072403012261,JBBL,Blue Chip Securities Ltd,Nepal Investment And Securities Trading Private Limited,100,380.0,38000.0,2025-07-24 12:49:18.506327
2025-07-24,88467,2025072403012262,JBBL,Bhrikuti Stock Broking Co. Pvt. Ltd.,Nepal Investment And Securities Trading Private Limited,200,380.0,76000.0,2025-07-24 12:49:18.506629
2025-07-24,88466,2025072403012263,JBBL,Thrive Brokerage House Pvt. Ltd,Nepal Investment And Securities Trading Private Limited,230,380.0,87400.0,2025-07-24 12:49:18.506935
2025-07-24,88465,2025072403012264,JBBL,Thrive Brokerage House Pvt. Ltd,Nepal Investment And Securities Trading Private Limited,500,380.0,190000.0,2025-07-24 12:49:18.507271
2025-07-24,88464,2025072403012265,JBBL,Thrive Brokerage House Pvt. Ltd,Nepal Investment And Securities Trading Private Limited,500,380.0,190000.0,2025-07-24 12:49:18.507602
2025-07-24,88463,2025072403012266,JBBL,Thrive Brokerage House Pvt. Ltd,Nepal Investment And Securities Trading Private Limited,500,380.0,190000.0,2025-07-24 12:49:18.507915
2025-07-24,88462,2025072403012267,JBBL,Sweta Securities Private Limited,Nepal Investment And Securities Trading Private Limited,500,380.0,190000.0,2025-07-24 12:49:18.508144
2025-07-24,88461,2025072403012268,JBBL,Agrawal Securities (PVT) Ltd.,Nepal Investment And Securities Trading Private Limited,35,380.0,13300.0,2025-07-24 12:49:18.508253
2025-07-24,88460,2025072403012269,JBBL,Nepal Investment And Securities Trading Private Limited,Nepal Investment And Securities Trading Private Limited,500,380.0,190000.0,2025-07-24 12:49:18.508363
2025-07-24,88459,2025072403012270,JBBL,Linch Stock Market Ltd.,Nepal Investment And Securities Trading Private Limited,200,380.0,76000.0,2025-07-24 12:49:18.508471
2025-07-24,88458,2025072403012271,JBBL,Sharepro Securities Private Limited,Nepal Investment And Securities Trading Private Limited,100,380.0,38000.0,2025-07-24 12:49:18.508574
2025-07-24,88457,2025072403012272,JBBL,Neev Securities Pvt. Ltd.,Nepal Investment And Securities Trading Private Limited,100,380.0,38000.0,2025-07-24 12:49:18.508673
2025-07-24,88456,2025072403012273,JBBL,Thrive Brokerage House Pvt. Ltd,Nepal Investment And Securities Trading Private Limited,594,380.0,225720.0,2025-07-24 12:49:18.508771
2025-07-24,88320,2025072403012302,JBBL,Capital Max Securities Ltd,Prabhu Stock Market Limited,10,381.0,3810.0,2025-07-24 12:49:33.037092
2025-07-24,88106,2025072403012346,JBBL,Nepal Investment And Securities Trading Private Limited,Ashutosh Brokerage & Securities (PVT) Ltd.,30,380.1,11403.0,2025-07-24 12:49:55.800262
2025-07-24,87998,2025072403012375,JBBL,Nepal Investment And Securities Trading Private Limited,Trishakti Securities Public Limited,20,380.1,7602.0,2025-07-24 12:50:06.668585
2025-07-24,87997,2025072403012376,JBBL,Thrive Brokerage House Pvt. Ltd,Trishakti Securities Public Limited,320,380.0,121600.0,2025-07-24 12:50:06.668857
2025-07-24,87762,2025072403012439,JBBL,Nepal Investment And Securities Trading Private Limited,Miyo Securities Pvt Ltd,50,380.2,19010.0,2025-07-24 12:50:29.505292
2025-07-24,87761,2025072403012440,JBBL,Thrive Brokerage House Pvt. Ltd,Miyo Securities Pvt Ltd,1040,380.0,395200.0,2025-07-24 12:50:29.505403
2025-07-24,87554,2025072403012486,JBBL,Thrive Brokerage House Pvt. Ltd,Trishakti Securities Public Limited,10,380.0,3800.0,2025-07-24 12:50:54.473899
2025-07-24,86870,2025072403012579,JBBL,Thrive Brokerage House Pvt. Ltd,Nagarik Stock Dealer ,36,380.0,13680.0,2025-07-24 12:52:02.276613
2025-07-24,86869,2025072403012580,JBBL,Vision Securities Pvt. Ltd,Nagarik Stock Dealer ,14,380.0,5320.0,2025-07-24 12:52:02.276903
2025-07-24,86136,2025072403012736,JBBL,Vision Securities Pvt. Ltd,SUN SECURITIES PVT LTD,36,380.0,13680.0,2025-07-24 12:53:20.692084
2025-07-24,85402,2025072403012861,JBBL,Dynamic Money Managers Securities Pvt. Ltd.,SUN SECURITIES PVT LTD,400,380.0,152000.0,2025-07-24 12:54:51.827502
2025-07-24,85257,2025072403012883,JBBL,Creative Securities Pvt Ltd,SUN SECURITIES PVT LTD,64,380.0,24320.0,2025-07-24 12:55:09.525906
2025-07-24,84959,2025072403012944,JBBL,Sri Hari Securities Pvt. Ltd.,Prabhu Stock Market Limited,340,381.0,129540.0,2025-07-24 12:55:36.429304
2025-07-24,84958,2025072403012945,JBBL,Sri Hari Securities Pvt. Ltd.,Vision Securities Pvt. Ltd,160,381.9,61104.0,2025-07-24 12:55:36.429878
2025-07-24,84595,2025072403012985,JBBL,Asian Securities Private Ltd.,Imperial Securities Company Pvt. Ltd.,100,379.3,37930.0,2025-07-24 12:56:15.212748
2025-07-24,84594,2025072403012986,JBBL,Thrive Brokerage House Pvt. Ltd,Imperial Securities Company Pvt. Ltd.,200,379.2,75840.0,2025-07-24 12:56:15.212793
2025-07-24,84593,2025072403012987,JBBL,Opal Securities Investment (PVT) Ltd.,Imperial Securities Company Pvt. Ltd.,355,379.0,134545.0,2025-07-24 12:56:15.212847
2025-07-24,84592,2025072403012988,JBBL,Primo Securities (PVT) Ltd.,Imperial Securities Company Pvt. Ltd.,50,379.0,18950.0,2025-07-24 12:56:15.212871
2025-07-24,84591,2025072403012989,JBBL,Online Securities Pvt. Ltd.,Imperial Securities Company Pvt. Ltd.,245,379.0,92855.0,2025-07-24 12:56:15.212893
2025-07-24,84361,2025072403013047,JBBL,Online Securities Pvt. Ltd.,Sumeru Securities Pvt. Ltd.,255,379.0,96645.0,2025-07-24 12:56:37.525375
2025-07-24,84360,2025072403013048,JBBL,Investment Management Nepal Pvt. Ltd.,Sumeru Securities Pvt. Ltd.,45,379.0,17055.0,2025-07-24 12:56:37.525620
2025-07-24,84173,2025072403013090,JBBL,Nepal Investment And Securities Trading Private Limited,Opal Securities Investment (PVT) Ltd.,500,380.0,190000.0,2025-07-24 12:56:58.256270
2025-07-24,84139,2025072403013104,JBBL,Vision Securities Pvt. Ltd,Opal Securities Investment (PVT) Ltd.,132,380.0,50160.0,2025-07-24 12:56:59.990941
2025-07-24,84138,2025072403013105,JBBL,Vision Securities Pvt. Ltd,Vision Securities Pvt. Ltd,500,380.0,190000.0,2025-07-24 12:56:59.991192
2025-07-24,84137,2025072403013106,JBBL,Vision Securities Pvt. Ltd,Sumeru Securities Pvt. Ltd.,100,380.0,38000.0,2025-07-24 12:56:59.991297
2025-07-24,84121,2025072403013108,JBBL,Vision Securities Pvt. Ltd,Secured Securities Ltd.,10,380.0,3800.0,2025-07-24 12:57:00.933036
2025-07-24,84032,2025072403013126,JBBL,Vision Securities Pvt. Ltd,Shree Krishna Securities Ltd.,134,380.0,50920.0,2025-07-24 12:57:11.823895
2025-07-24,83537,2025072403013231,JBBL,Vision Securities Pvt. Ltd,Naasa Securities Co. Ltd.,52,380.0,19760.0,2025-07-24 12:58:05.089941
2025-07-24,83343,2025072403013274,JBBL,Sri Hari Securities Pvt. Ltd.,Sumeru Securities Pvt. Ltd.,200,381.5,76300.0,2025-07-24 12:58:28.143338
2025-07-24,83097,2025072403013314,JBBL,Primo Securities (PVT) Ltd.,Pragyan Securities (PVT) Ltd.,1,378.0,378.0,2025-07-24 12:58:54.484596
2025-07-24,82659,2025072403013387,JBBL,Sri Hari Securities Pvt. Ltd.,Vision Securities Pvt. Ltd,15,381.9,5728.5,2025-07-24 12:59:44.315921
2025-07-24,82633,2025072403013398,JBBL,Asian Securities Private Ltd.,Imperial Securities Company Pvt. Ltd.,400,381.0,152400.0,2025-07-24 12:59:46.597222
2025-07-24,82015,2025072403013549,JBBL,Agrawal Securities (PVT) Ltd.,Creative Securities Pvt Ltd,10,380.0,3800.0,2025-07-24 13:00:58.421813
2025-07-24,82014,2025072403013550,JBBL,Sri Hari Securities Pvt. Ltd.,Creative Securities Pvt Ltd,13,380.0,4940.0,2025-07-24 13:00:58.422077
2025-07-24,81225,2025072403013693,JBBL,Nepal Investment And Securities Trading Private Limited,Sewa Securities Pvt. Ltd.,26,380.0,9880.0,2025-07-24 13:02:25.563758
2025-07-24,81224,2025072403013694,JBBL,Nepal Investment And Securities Trading Private Limited,Creative Securities Pvt Ltd,20,380.0,7600.0,2025-07-24 13:02:25.564337
2025-07-24,80092,2025072403013893,JBBL,Nepal Investment And Securities Trading Private Limited,Primo Securities (PVT) Ltd.,454,380.0,172520.0,2025-07-24 13:04:11.510876
2025-07-24,79984,2025072403013904,JBBL,Dipshikha Dhitopatra Karobar Co. Pvt Ltd.,Primo Securities (PVT) Ltd.,46,379.2,17443.2,2025-07-24 13:04:20.989133
2025-07-24,79330,2025072403014021,JBBL,Dipshikha Dhitopatra Karobar Co. Pvt Ltd.,Imperial Securities Company Pvt. Ltd.,54,379.2,20476.8,2025-07-24 13:05:20.644454
2025-07-24,79329,2025072403014022,JBBL,Capital Hub P. Ltd,Imperial Securities Company Pvt. Ltd.,96,379.2,36403.2,2025-07-24 13:05:20.644748
2025-07-24,79030,2025072403014086,JBBL,Vision Securities Pvt. Ltd,Vision Securities Pvt. Ltd,100,379.1,37910.0,2025-07-24 13:05:48.525150
2025-07-24,78137,2025072403014240,JBBL,Sundhara Securities Limited,Imperial Securities Company Pvt. Ltd.,80,379.1,30328.0,2025-07-24 13:07:31.777480
2025-07-24,78136,2025072403014241,JBBL,Siprabi Securities Pvt. Ltd.,Imperial Securities Company Pvt. Ltd.,80,379.0,30320.0,2025-07-24 13:07:31.777752
2025-07-24,77214,2025072403014493,JBBL,Midas Stock Broking Company Private Limited,Naasa Securities Co. Ltd.,100,378.5,37850.0,2025-07-24 13:09:16.426822
2025-07-24,77213,2025072403014494,JBBL,Cristal Kanchanjanga Securites Pvt. Ltd.,Naasa Securities Co. Ltd.,500,378.3,189150.0,2025-07-24 13:09:16.426939
2025-07-24,77212,2025072403014495,JBBL,Kumari Securities Private Limited,Naasa Securities Co. Ltd.,11,378.2,4160.2,2025-07-24 13:09:16.427012
2025-07-24,76803,2025072403014599,JBBL,Kalika Securities Pvt. Ltd.,Imperial Securities Company Pvt. Ltd.,840,379.0,318360.0,2025-07-24 13:09:59.942852
2025-07-24,76802,2025072403014600,JBBL,Kalika Securities Pvt. Ltd.,Sewa Securities Pvt. Ltd.,160,379.0,60640.0,2025-07-24 13:09:59.943268
2025-07-24,76633,2025072403014630,JBBL,Kumari Securities Private Limited,Nepal Investment And Securities Trading Private Limited,189,378.2,71479.8,2025-07-24 13:10:18.766477
2025-07-24,76632,2025072403014631,JBBL,Aryatara Investment & Securities,Nepal Investment And Securities Trading Private Limited,300,378.2,113460.0,2025-07-24 13:10:18.766739
2025-07-24,76631,2025072403014632,JBBL,Vision Securities Pvt. Ltd,Nepal Investment And Securities Trading Private Limited,100,378.2,37820.0,2025-07-24 13:10:18.766854
2025-07-24,76630,2025072403014633,JBBL,Citizens Share Broker Limited,Nepal Investment And Securities Trading Private Limited,200,378.2,75640.0,2025-07-24 13:10:18.766965
2025-07-24,76629,2025072403014634,JBBL,Secured Securities Ltd.,Nepal Investment And Securities Trading Private Limited,211,378.1,79779.1,2025-07-24 13:10:18.767089
2025-07-24,76581,2025072403014648,JBBL,Secured Securities Ltd.,Primo Securities (PVT) Ltd.,789,378.1,298320.9,2025-07-24 13:10:23.608013
2025-07-24,76580,2025072403014649,JBBL,Siprabi Securities Pvt. Ltd.,Primo Securities (PVT) Ltd.,1000,378.1,378100.0,2025-07-24 13:10:23.608293
2025-07-24,76579,2025072403014650,JBBL,Arun Securities (PVT) Ltd.,Primo Securities (PVT) Ltd.,2000,378.1,756200.0,2025-07-24 13:10:23.608405
2025-07-24,76510,2025072403014675,JBBL,Bhrikuti Stock Broking Co. Pvt. Ltd.,Naasa Securities Co. Ltd.,10,378.0,3780.0,2025-07-24 13:10:33.310192
2025-07-24,76423,2025072403014707,JBBL,Creative Securities Pvt Ltd,Primo Securities (PVT) Ltd.,211,378.1,79779.1,2025-07-24 13:10:39.901057
2025-07-24,76188,2025072403014762,JBBL,South Asian Bulls Pvt. Ltd.,K.B.L. Securities Limited ,20,378.1,7562.0,2025-07-24 13:11:07.211992
2025-07-24,76187,2025072403014763,JBBL,Bhrikuti Stock Broking Co. Pvt. Ltd.,K.B.L. Securities Limited ,30,378.0,11340.0,2025-07-24 13:11:07.212285
2025-07-24,75977,2025072403014787,JBBL,Cristal Kanchanjanga Securites Pvt. Ltd.,Imperial Securities Company Pvt. Ltd.,20,378.1,7562.0,2025-07-24 13:11:25.424586
2025-07-24,75568,2025072403014871,JBBL,Cristal Kanchanjanga Securites Pvt. Ltd.,Dipshikha Dhitopatra Karobar Co. Pvt Ltd.,480,378.1,181488.0,2025-07-24 13:12:07.139090
2025-07-24,75567,2025072403014872,JBBL,Bhrikuti Stock Broking Co. Pvt. Ltd.,Dipshikha Dhitopatra Karobar Co. Pvt Ltd.,1417,378.0,535626.0,2025-07-24 13:12:07.139394
2025-07-24,75566,2025072403014873,JBBL,Nepal Investment And Securities Trading Private Limited,Dipshikha Dhitopatra Karobar Co. Pvt Ltd.,1950,378.0,737100.0,2025-07-24 13:12:07.139510
2025-07-24,75565,2025072403014874,JBBL,Sundhara Securities Limited,Dipshikha Dhitopatra Karobar Co. Pvt Ltd.,500,378.0,189000.0,2025-07-24 13:12:07.139620
2025-07-24,75564,2025072403014875,JBBL,Sewa Securities Pvt. Ltd.,Dipshikha Dhitopatra Karobar Co. Pvt Ltd.,1000,378.0,378000.0,2025-07-24 13:12:07.139728
2025-07-24,75563,2025072403014876,JBBL,Opal Securities Investment (PVT) Ltd.,Dipshikha Dhitopatra Karobar Co. Pvt Ltd.,18,378.0,6804.0,2025-07-24 13:12:07.139843
2025-07-24,75462,2025072403014884,JBBL,Neev Securities Pvt. Ltd.,Imperial Securities Company Pvt. Ltd.,20,378.1,7562.0,2025-07-24 13:12:15.845742
2025-07-24,75234,2025072403014912,JBBL,Neev Securities Pvt. Ltd.,Online Securities Pvt. Ltd.,480,378.1,181488.0,2025-07-24 13:12:38.938841
2025-07-24,75233,2025072403014913,JBBL,Opal Securities Investment (PVT) Ltd.,Online Securities Pvt. Ltd.,113,378.0,42714.0,2025-07-24 13:12:38.939129
2025-07-24,75232,2025072403014914,JBBL,Imperial Securities Company Pvt. Ltd.,Online Securities Pvt. Ltd.,250,378.0,94500.0,2025-07-24 13:12:38.939245
2025-07-24,75231,2025072403014915,JBBL,Swarna Laxmi Securities Pvt. Ltd.,Online Securities Pvt. Ltd.,100,378.0,37800.0,2025-07-24 13:12:38.939352
2025-07-24,75230,2025072403014916,JBBL,Nepal Investment And Securities Trading Private Limited,Online Securities Pvt. Ltd.,116,378.0,43848.0,2025-07-24 13:12:38.939473
2025-07-24,74812,2025072403015030,JBBL,Capital Hub P. Ltd,Kumari Securities Private Limited,200,378.1,75620.0,2025-07-24 13:13:22.614990
2025-07-24,74811,2025072403015031,JBBL,Nepal Investment And Securities Trading Private Limited,Kumari Securities Private Limited,384,378.0,145152.0,2025-07-24 13:13:22.615273
2025-07-24,74810,2025072403015032,JBBL,Premier Securities Company Ltd.,Kumari Securities Private Limited,416,378.0,157248.0,2025-07-24 13:13:22.615388
2025-07-24,74781,2025072403015037,JBBL,Premier Securities Company Ltd.,Premier Securities Company Ltd.,84,378.0,31752.0,2025-07-24 13:13:26.436382
2025-07-24,74780,2025072403015038,JBBL,Kumari Securities Private Limited,Premier Securities Company Ltd.,500,378.0,189000.0,2025-07-24 13:13:26.436648
2025-07-24,74779,2025072403015039,JBBL,Online Securities Pvt. Ltd.,Premier Securities Company Ltd.,500,378.0,189000.0,2025-07-24 13:13:26.436766
2025-07-24,74778,2025072403015040,JBBL,SUN SECURITIES PVT LTD,Premier Securities Company Ltd.,50,378.0,18900.0,2025-07-24 13:13:26.436874
2025-07-24,74777,2025072403015041,JBBL,Nepal Investment And Securities Trading Private Limited,Premier Securities Company Ltd.,366,378.0,138348.0,2025-07-24 13:13:26.437003
2025-07-24,74548,2025072403015085,JBBL,Premier Securities Company Ltd.,Linch Stock Market Ltd.,190,378.1,71839.0,2025-07-24 13:13:50.945512
2025-07-24,73964,2025072403015218,JBBL,Premier Securities Company Ltd.,Nepal Investment And Securities Trading Private Limited,210,378.3,79443.0,2025-07-24 13:14:51.951233
2025-07-24,73963,2025072403015219,JBBL,Premier Securities Company Ltd.,Nepal Investment And Securities Trading Private Limited,50,378.2,18910.0,2025-07-24 13:14:51.951355
2025-07-24,73962,2025072403015220,JBBL,Bhrikuti Stock Broking Co. Pvt. Ltd.,Nepal Investment And Securities Trading Private Limited,100,378.2,37820.0,2025-07-24 13:14:51.951432
2025-07-24,73961,2025072403015221,JBBL,Arun Securities (PVT) Ltd.,Nepal Investment And Securities Trading Private Limited,649,378.1,245386.9,2025-07-24 13:14:51.951507
2025-07-24,73898,2025072403015229,JBBL,Arun Securities (PVT) Ltd.,Linch Stock Market Ltd.,10,378.1,3781.0,2025-07-24 13:15:00.863545
2025-07-24,73748,2025072403015255,JBBL,Arun Securities (PVT) Ltd.,Imperial Securities Company Pvt. Ltd.,341,378.1,128932.1,2025-07-24 13:15:14.310088
2025-07-24,73747,2025072403015256,JBBL,Nepal Investment And Securities Trading Private Limited,Imperial Securities Company Pvt. Ltd.,134,378.0,50652.0,2025-07-24 13:15:14.310363
2025-07-24,73746,2025072403015257,JBBL,Siprabi Securities Pvt. Ltd.,Imperial Securities Company Pvt. Ltd.,100,378.0,37800.0,2025-07-24 13:15:14.310476
2025-07-24,73745,2025072403015258,JBBL,Dakshinkali Investment & Securities Pvt. Ltd.,Imperial Securities Company Pvt. Ltd.,25,378.0,9450.0,2025-07-24 13:15:14.310583
2025-07-24,73607,2025072403015295,JBBL,Dakshinkali Investment & Securities Pvt. Ltd.,Aryatara Investment & Securities,46,378.0,17388.0,2025-07-24 13:15:29.705957
2025-07-24,73606,2025072403015296,JBBL,Linch Stock Market Ltd.,Aryatara Investment & Securities,50,378.0,18900.0,2025-07-24 13:15:29.706013
2025-07-24,73605,2025072403015297,JBBL,Thrive Brokerage House Pvt. Ltd,Aryatara Investment & Securities,50,378.0,18900.0,2025-07-24 13:15:29.706052
2025-07-24,73604,2025072403015298,JBBL,Vision Securities Pvt. Ltd,Aryatara Investment & Securities,50,377.3,18865.0,2025-07-24 13:15:29.706081
2025-07-24,73603,2025072403015299,JBBL,Aryatara Investment & Securities,Aryatara Investment & Securities,150,377.2,56580.0,2025-07-24 13:15:29.706113
2025-07-24,73602,2025072403015300,JBBL,Sumeru Securities Pvt. Ltd.,Aryatara Investment & Securities,100,377.1,37710.0,2025-07-24 13:15:29.706142
2025-07-24,73601,2025072403015301,JBBL,Siprabi Securities Pvt. Ltd.,Aryatara Investment & Securities,554,377.1,208913.4,2025-07-24 13:15:29.706178
2025-07-24,73200,2025072403015357,JBBL,South Asian Bulls Pvt. Ltd.,Nepal Investment And Securities Trading Private Limited,80,377.3,30184.0,2025-07-24 13:16:12.620596
2025-07-24,73199,2025072403015358,JBBL,Siprabi Securities Pvt. Ltd.,Nepal Investment And Securities Trading Private Limited,446,377.1,168186.6,2025-07-24 13:16:12.621183
2025-07-24,73198,2025072403015359,JBBL,South Asian Bulls Pvt. Ltd.,Nepal Investment And Securities Trading Private Limited,10,377.0,3770.0,2025-07-24 13:16:12.621699
2025-07-24,73197,2025072403015360,JBBL,Premier Securities Company Ltd.,Nepal Investment And Securities Trading Private Limited,50,377.0,18850.0,2025-07-24 13:16:12.622138
2025-07-24,73196,2025072403015361,JBBL,ABC Securities Private Limited,Nepal Investment And Securities Trading Private Limited,100,377.0,37700.0,2025-07-24 13:16:12.622589
2025-07-24,73195,2025072403015362,JBBL,ABC Securities Private Limited,Nepal Investment And Securities Trading Private Limited,1000,377.0,377000.0,2025-07-24 13:16:12.623016
2025-07-24,73194,2025072403015363,JBBL,Asian Securities Private Ltd.,Nepal Investment And Securities Trading Private Limited,1314,377.0,495378.0,2025-07-24 13:16:12.623469
2025-07-24,73098,2025072403015380,JBBL,Asian Securities Private Ltd.,Naasa Securities Co. Ltd.,686,377.0,258622.0,2025-07-24 13:16:25.213786
2025-07-24,73097,2025072403015381,JBBL,Aryatara Investment & Securities,Naasa Securities Co. Ltd.,314,377.0,118378.0,2025-07-24 13:16:25.213838
2025-07-24,72727,2025072403015462,JBBL,Aryatara Investment & Securities,Vision Securities Pvt. Ltd,100,377.0,37700.0,2025-07-24 13:17:03.709947
2025-07-24,72330,2025072403015570,JBBL,Vision Securities Pvt. Ltd,Vision Securities Pvt. Ltd,100,377.1,37710.0,2025-07-24 13:17:42.289197
2025-07-24,72329,2025072403015571,JBBL,Aryatara Investment & Securities,Vision Securities Pvt. Ltd,11,377.1,4148.1,2025-07-24 13:17:42.289273
2025-07-24,72328,2025072403015572,JBBL,Aryatara Investment & Securities,Vision Securities Pvt. Ltd,86,377.0,32422.0,2025-07-24 13:17:42.289301
2025-07-24,72327,2025072403015573,JBBL,Investment Management Nepal Pvt. Ltd.,Vision Securities Pvt. Ltd,155,377.0,58435.0,2025-07-24 13:17:42.289326
2025-07-24,72326,2025072403015574,JBBL,Capital Hub P. Ltd,Vision Securities Pvt. Ltd,148,377.0,55796.0,2025-07-24 13:17:42.289363
2025-07-24,70941,2025072403015870,JBBL,Capital Hub P. Ltd,Trishakti Securities Public Limited,20,377.0,7540.0,2025-07-24 13:20:04.904848
2025-07-24,70466,2025072403015977,JBBL,Capital Hub P. Ltd,ABC Securities Private Limited,32,377.0,12064.0,2025-07-24 13:20:54.203984
2025-07-24,70465,2025072403015978,JBBL,Trishakti Securities Public Limited,ABC Securities Private Limited,50,377.0,18850.0,2025-07-24 13:20:54.204283
2025-07-24,70304,2025072403016019,JBBL,Dynamic Money Managers Securities Pvt. Ltd.,ABC Securities Private Limited,900,377.0,339300.0,2025-07-24 13:21:09.914675
2025-07-24,70018,2025072403016067,JBBL,Bhrikuti Stock Broking Co. Pvt. Ltd.,Online Securities Pvt. Ltd.,68,376.5,25602.0,2025-07-24 13:21:45.533433
2025-07-24,69679,2025072403016133,JBBL,Dipshikha Dhitopatra Karobar Co. Pvt Ltd.,Deevyaa Securities & Stock House Pvt. Ltd,100,376.6,37660.0,2025-07-24 13:22:22.237281
2025-07-24,69678,2025072403016134,JBBL,Bhrikuti Stock Broking Co. Pvt. Ltd.,Deevyaa Securities & Stock House Pvt. Ltd,432,376.5,162648.0,2025-07-24 13:22:22.237562
2025-07-24,69337,2025072403016198,JBBL,Dipshikha Dhitopatra Karobar Co. Pvt Ltd.,Deevyaa Securities & Stock House Pvt. Ltd,400,376.5,150600.0,2025-07-24 13:22:53.135678
2025-07-24,68852,2025072403016258,JBBL,Vision Securities Pvt. Ltd,Linch Stock Market Ltd.,100,376.3,37630.0,2025-07-24 13:23:33.876182
2025-07-24,68629,2025072403016302,JBBL,Bhrikuti Stock Broking Co. Pvt. Ltd.,Naasa Securities Co. Ltd.,50,376.2,18810.0,2025-07-24 13:23:53.945986
2025-07-24,68529,2025072403016328,JBBL,Linch Stock Market Ltd.,Deevyaa Securities & Stock House Pvt. Ltd,68,376.5,25602.0,2025-07-24 13:24:02.320993
2025-07-24,67603,2025072403016519,JBBL,Linch Stock Market Ltd.,Dipshikha Dhitopatra Karobar Co. Pvt Ltd.,32,376.5,12048.0,2025-07-24 13:25:51.098497
2025-07-24,67573,2025072403016533,JBBL,Dipshikha Dhitopatra Karobar Co. Pvt Ltd.,Dipshikha Dhitopatra Karobar Co. Pvt Ltd.,100,376.5,37650.0,2025-07-24 13:25:55.224777
2025-07-24,67371,2025072403016562,JBBL,Vision Securities Pvt. Ltd,Dipshikha Dhitopatra Karobar Co. Pvt Ltd.,68,376.5,25602.0,2025-07-24 13:26:17.158747
2025-07-24,66893,2025072403016626,JBBL,Dynamic Money Managers Securities Pvt. Ltd.,ABC Securities Private Limited,18,377.0,6786.0,2025-07-24 13:26:54.881850
2025-07-24,66892,2025072403016627,JBBL,Dynamic Money Managers Securities Pvt. Ltd.,Sajilo Broker Limited,25,377.0,9425.0,2025-07-24 13:26:54.882214
2025-07-24,66727,2025072403016656,JBBL,Dynamic Money Managers Securities Pvt. Ltd.,Sri Hari Securities Pvt. Ltd.,57,377.0,21489.0,2025-07-24 13:27:11.185456
2025-07-24,66726,2025072403016657,JBBL,Vision Securities Pvt. Ltd,Sri Hari Securities Pvt. Ltd.,132,376.5,49698.0,2025-07-24 13:27:11.185494
2025-07-24,66725,2025072403016658,JBBL,Online Securities Pvt. Ltd.,Sri Hari Securities Pvt. Ltd.,200,376.3,75260.0,2025-07-24 13:27:11.185522
2025-07-24,66724,2025072403016659,JBBL,Bhrikuti Stock Broking Co. Pvt. Ltd.,Sri Hari Securities Pvt. Ltd.,50,376.2,18810.0,2025-07-24 13:27:11.185555
2025-07-24,66723,2025072403016660,JBBL,Vision Securities Pvt. Ltd,Sri Hari Securities Pvt. Ltd.,100,376.2,37620.0,2025-07-24 13:27:11.185581
2025-07-24,66722,2025072403016661,JBBL,Vision Securities Pvt. Ltd,Sri Hari Securities Pvt. Ltd.,93,376.1,34977.3,2025-07-24 13:27:11.185605
2025-07-24,66668,2025072403016662,JBBL,Dynamic Money Managers Securities Pvt. Ltd.,Dipshikha Dhitopatra Karobar Co. Pvt Ltd.,100,377.5,37750.0,2025-07-24 13:27:14.056437
2025-07-24,66529,2025072403016685,JBBL,Dynamic Money Managers Securities Pvt. Ltd.,Capital Max Securities Ltd,2000,378.5,757000.0,2025-07-24 13:27:24.452350
2025-07-24,66232,2025072403016740,JBBL,Kohinoor Investment & Securities Pvt. Ltd.,Trishakti Securities Public Limited,30,378.9,11367.0,2025-07-24 13:27:49.161480
2025-07-24,66182,2025072403016749,JBBL,Kohinoor Investment & Securities Pvt. Ltd.,Sri Hari Securities Pvt. Ltd.,200,378.9,75780.0,2025-07-24 13:27:56.646448
2025-07-24,66175,2025072403016751,JBBL,Kohinoor Investment & Securities Pvt. Ltd.,Sri Hari Securities Pvt. Ltd.,518,378.4,196011.2,2025-07-24 13:27:57.918120
2025-07-24,66070,2025072403016771,JBBL,Nepal Stock House (PVT) Ltd.,Sri Hari Securities Pvt. Ltd.,170,378.4,64328.0,2025-07-24 13:28:07.509585
2025-07-24,65929,2025072403016798,JBBL,Aakashbhairab Securities Ltd.,Sri Hari Securities Pvt. Ltd.,112,378.4,42380.8,2025-07-24 13:28:15.988559
2025-07-24,65737,2025072403016834,JBBL,Imperial Securities Company Pvt. Ltd.,Naasa Securities Co. Ltd.,280,379.0,106120.0,2025-07-24 13:28:33.503098
2025-07-24,65730,2025072403016835,JBBL,Kohinoor Investment & Securities Pvt. Ltd.,Naasa Securities Co. Ltd.,220,379.0,83380.0,2025-07-24 13:28:34.193285
2025-07-24,65729,2025072403016836,JBBL,Kohinoor Investment & Securities Pvt. Ltd.,Linch Stock Market Ltd.,18,379.0,6822.0,2025-07-24 13:28:34.193826
2025-07-24,65599,2025072403016850,JBBL,Nepal Investment And Securities Trading Private Limited,Dipshikha Dhitopatra Karobar Co. Pvt Ltd.,150,379.5,56925.0,2025-07-24 13:28:45.218712
2025-07-24,65598,2025072403016851,JBBL,Nepal Investment And Securities Trading Private Limited,Trishakti Securities Public Limited,350,379.9,132965.0,2025-07-24 13:28:45.218837
2025-07-24,65504,2025072403016871,JBBL,Vision Securities Pvt. Ltd,Trishakti Securities Public Limited,17,379.9,6458.3,2025-07-24 13:28:56.212439
2025-07-24,65447,2025072403016890,JBBL,Dipshikha Dhitopatra Karobar Co. Pvt Ltd.,Trishakti Securities Public Limited,50,379.9,18995.0,2025-07-24 13:29:01.505281
2025-07-24,65422,2025072403016894,JBBL,Kohinoor Investment & Securities Pvt. Ltd.,J.F. Securites (PVT) Ltd.,15,379.0,5685.0,2025-07-24 13:29:05.007745
2025-07-24,65410,2025072403016899,JBBL,Agrawal Securities (PVT) Ltd.,Trishakti Securities Public Limited,65,379.9,24693.5,2025-07-24 13:29:06.742677
2025-07-24,64997,2025072403016996,JBBL,Online Securities Pvt. Ltd.,Sri Hari Securities Pvt. Ltd.,100,379.5,37950.0,2025-07-24 13:29:50.342614
2025-07-24,64996,2025072403016997,JBBL,Kohinoor Investment & Securities Pvt. Ltd.,Sri Hari Securities Pvt. Ltd.,265,379.0,100435.0,2025-07-24 13:29:50.342714
2025-07-24,64995,2025072403016998,JBBL,Aakashbhairab Securities Ltd.,Sri Hari Securities Pvt. Ltd.,138,378.4,52219.2,2025-07-24 13:29:50.342790
2025-07-24,64994,2025072403016999,JBBL,Kohinoor Investment & Securities Pvt. Ltd.,Sri Hari Securities Pvt. Ltd.,112,378.4,42380.8,2025-07-24 13:29:50.342864
2025-07-24,64993,2025072403017000,JBBL,Primo Securities (PVT) Ltd.,Sri Hari Securities Pvt. Ltd.,29,376.3,10912.7,2025-07-24 13:29:50.342940
2025-07-24,63362,2025072403017302,JBBL,Dynamic Money Managers Securities Pvt. Ltd.,Secured Securities Ltd.,500,379.0,189500.0,2025-07-24 13:32:45.750471
2025-07-24,62600,2025072403017419,JBBL,Sumeru Securities Pvt. Ltd.,Secured Securities Ltd.,30,379.0,11370.0,2025-07-24 13:34:23.626220
2025-07-24,61861,2025072403017588,JBBL,Sumeru Securities Pvt. Ltd.,Secured Securities Ltd.,50,379.0,18950.0,2025-07-24 13:35:46.550135
2025-07-24,61765,2025072403017603,JBBL,Sumeru Securities Pvt. Ltd.,Imperial Securities Company Pvt. Ltd.,50,379.0,18950.0,2025-07-24 13:36:00.280060
2025-07-24,61764,2025072403017604,JBBL,Vision Securities Pvt. Ltd,Imperial Securities Company Pvt. Ltd.,64,377.4,24153.6,2025-07-24 13:36:00.280101
2025-07-24,61689,2025072403017624,JBBL,Cristal Kanchanjanga Securites Pvt. Ltd.,Primo Securities (PVT) Ltd.,200,379.8,75960.0,2025-07-24 13:36:07.929563
2025-07-24,61688,2025072403017625,JBBL,Cristal Kanchanjanga Securites Pvt. Ltd.,Vision Securities Pvt. Ltd,825,379.8,313335.0,2025-07-24 13:36:07.929895
2025-07-24,61687,2025072403017626,JBBL,Cristal Kanchanjanga Securites Pvt. Ltd.,Trishakti Securities Public Limited,18,379.9,6838.2,2025-07-24 13:36:07.930039
2025-07-24,61686,2025072403017627,JBBL,Cristal Kanchanjanga Securites Pvt. Ltd.,Naasa Securities Co. Ltd.,457,379.9,173614.3,2025-07-24 13:36:07.930157
2025-07-24,60070,2025072403017934,JBBL,Market Securities & Exchange (PVT) Ltd.,Vision Securities Pvt. Ltd,150,378.0,56700.0,2025-07-24 13:39:17.883780
2025-07-24,60069,2025072403017935,JBBL,Dipshikha Dhitopatra Karobar Co. Pvt Ltd.,Vision Securities Pvt. Ltd,500,377.6,188800.0,2025-07-24 13:39:17.884097
2025-07-24,60068,2025072403017936,JBBL,Pragyan Securities (PVT) Ltd.,Vision Securities Pvt. Ltd,500,377.5,188750.0,2025-07-24 13:39:17.884233
2025-07-24,60067,2025072403017937,JBBL,Vision Securities Pvt. Ltd,Vision Securities Pvt. Ltd,336,377.4,126806.4,2025-07-24 13:39:17.884380
2025-07-24,60066,2025072403017938,JBBL,Midas Stock Broking Company Private Limited,Vision Securities Pvt. Ltd,50,377.4,18870.0,2025-07-24 13:39:17.884501
2025-07-24,60065,2025072403017939,JBBL,Aryatara Investment & Securities,Vision Securities Pvt. Ltd,39,377.4,14718.6,2025-07-24 13:39:17.884626
2025-07-24,59562,2025072403018051,JBBL,Sani Securities Company Ltd.,Sweta Securities Private Limited,30,377.3,11319.0,2025-07-24 13:40:21.603049
2025-07-24,59561,2025072403018052,JBBL,Bhrikuti Stock Broking Co. Pvt. Ltd.,Sweta Securities Private Limited,50,377.2,18860.0,2025-07-24 13:40:21.603349
2025-07-24,59560,2025072403018053,JBBL,Trishakti Securities Public Limited,Sweta Securities Private Limited,134,377.1,50531.4,2025-07-24 13:40:21.603489
2025-07-24,59339,2025072403018093,JBBL,Trishakti Securities Public Limited,Opal Securities Investment (PVT) Ltd.,70,377.1,26397.0,2025-07-24 13:40:49.848122
2025-07-24,59019,2025072403018163,JBBL,Trishakti Securities Public Limited,Primo Securities (PVT) Ltd.,24,377.1,9050.4,2025-07-24 13:41:33.199592
2025-07-24,58876,2025072403018184,JBBL,Trishakti Securities Public Limited,Sani Securities Company Ltd.,20,377.1,7542.0,2025-07-24 13:41:44.175455
2025-07-24,58502,2025072403018248,JBBL,Thrive Brokerage House Pvt. Ltd,Dipshikha Dhitopatra Karobar Co. Pvt Ltd.,275,377.4,103785.0,2025-07-24 13:42:35.888773
2025-07-24,58497,2025072403018250,JBBL,Thrive Brokerage House Pvt. Ltd,Primo Securities (PVT) Ltd.,1225,377.4,462315.0,2025-07-24 13:42:36.852686
2025-07-24,58496,2025072403018251,JBBL,Dipshikha Dhitopatra Karobar Co. Pvt Ltd.,Primo Securities (PVT) Ltd.,10,377.4,3774.0,2025-07-24 13:42:36.852999
2025-07-24,58425,2025072403018265,JBBL,Trishakti Securities Public Limited,Primo Securities (PVT) Ltd.,24,377.1,9050.4,2025-07-24 13:42:45.476358
2025-07-24,58276,2025072403018284,JBBL,Sundhara Securities Limited,Primo Securities (PVT) Ltd.,265,377.4,100011.0,2025-07-24 13:43:07.111195
2025-07-24,57770,2025072403018383,JBBL,Sundhara Securities Limited,NIMB Stock Markets Limited,212,377.2,79966.4,2025-07-24 13:44:14.497032
2025-07-24,57057,2025072403018497,JBBL,Dakshinkali Investment & Securities Pvt. Ltd.,N.M.B. SECURITIES LIMITED,2,370.0,740.0,2025-07-24 13:45:55.683494
2025-07-24,56737,2025072403018585,JBBL,Kohinoor Investment & Securities Pvt. Ltd.,Prabhu Stock Market Limited,200,377.3,75460.0,2025-07-24 13:46:39.876981
2025-07-24,56736,2025072403018586,JBBL,Sundhara Securities Limited,Prabhu Stock Market Limited,523,377.2,197275.6,2025-07-24 13:46:39.877680
2025-07-24,56735,2025072403018587,JBBL,Trishakti Securities Public Limited,Prabhu Stock Market Limited,228,377.1,85978.8,2025-07-24 13:46:39.878167
2025-07-24,56734,2025072403018588,JBBL,Dynamic Money Managers Securities Pvt. Ltd.,Prabhu Stock Market Limited,500,377.0,188500.0,2025-07-24 13:46:39.878636
2025-07-24,56733,2025072403018589,JBBL,Aryatara Investment & Securities,Prabhu Stock Market Limited,49,377.0,18473.0,2025-07-24 13:46:39.879051
2025-07-24,56469,2025072403018637,JBBL,Aryatara Investment & Securities,Primo Securities (PVT) Ltd.,470,377.0,177190.0,2025-07-24 13:47:15.302630
2025-07-24,56461,2025072403018641,JBBL,Aryatara Investment & Securities,Naasa Securities Co. Ltd.,1442,377.0,543634.0,2025-07-24 13:47:17.130585
2025-07-24,56460,2025072403018642,JBBL,J.F. Securites (PVT) Ltd.,Naasa Securities Co. Ltd.,100,377.0,37700.0,2025-07-24 13:47:17.131212
2025-07-24,56459,2025072403018643,JBBL,Imperial Securities Company Pvt. Ltd.,Naasa Securities Co. Ltd.,50,377.0,18850.0,2025-07-24 13:47:17.131596
2025-07-24,56458,2025072403018644,JBBL,Agrawal Securities (PVT) Ltd.,Naasa Securities Co. Ltd.,500,376.5,188250.0,2025-07-24 13:47:17.131977
2025-07-24,56457,2025072403018645,JBBL,Kumari Securities Private Limited,Naasa Securities Co. Ltd.,999,376.5,376123.5,2025-07-24 13:47:17.132377
2025-07-24,56048,2025072403018757,JBBL,Dakshinkali Investment & Securities Pvt. Ltd.,Premier Securities Company Ltd.,1,371.6,371.6,2025-07-24 13:47:50.145421
2025-07-24,55837,2025072403018800,JBBL,Oxford Securities Pvt. Ltd.,Opal Securities Investment (PVT) Ltd.,30,376.4,11292.0,2025-07-24 13:48:13.761711
2025-07-24,55649,2025072403018868,JBBL,Oxford Securities Pvt. Ltd.,Kalika Securities Pvt. Ltd.,11,376.4,4140.4,2025-07-24 13:48:36.784199
2025-07-24,53726,2025072403019228,JBBL,Vision Securities Pvt. Ltd,Nepal Stock House (PVT) Ltd.,100,377.0,37700.0,2025-07-24 13:52:45.332978
2025-07-24,53708,2025072403019243,JBBL,Neev Securities Pvt. Ltd.,Nepal Stock House (PVT) Ltd.,25,377.0,9425.0,2025-07-24 13:52:48.007324
2025-07-24,53628,2025072403019268,JBBL,Sri Hari Securities Pvt. Ltd.,Aryatara Investment & Securities,3,380.0,1140.0,2025-07-24 13:52:56.585329
2025-07-24,53280,2025072403019337,JBBL,Kumari Securities Private Limited,Sewa Securities Pvt. Ltd.,303,377.0,114231.0,2025-07-24 13:53:48.656621
2025-07-24,53088,2025072403019381,JBBL,Kumari Securities Private Limited,Primo Securities (PVT) Ltd.,24,377.0,9048.0,2025-07-24 13:54:12.332925
2025-07-24,53027,2025072403019399,JBBL,Kumari Securities Private Limited,Sewa Securities Pvt. Ltd.,300,377.0,113100.0,2025-07-24 13:54:22.195661
2025-07-24,52968,2025072403019406,JBBL,Nepal Investment And Securities Trading Private Limited,Investment Management Nepal Pvt. Ltd.,500,378.0,189000.0,2025-07-24 13:54:30.422886
2025-07-24,52912,2025072403019419,JBBL,Kumari Securities Private Limited,Sewa Securities Pvt. Ltd.,200,377.0,75400.0,2025-07-24 13:54:37.827662
2025-07-24,52910,2025072403019420,JBBL,Kumari Securities Private Limited,Arun Securities (PVT) Ltd.,173,377.0,65221.0,2025-07-24 13:54:38.417157
2025-07-24,52697,2025072403019466,JBBL,Siprabi Securities Pvt. Ltd.,Sewa Securities Pvt. Ltd.,100,376.6,37660.0,2025-07-24 13:55:03.694949
2025-07-24,52696,2025072403019467,JBBL,Secured Securities Ltd.,Sewa Securities Pvt. Ltd.,32,376.5,12048.0,2025-07-24 13:55:03.695297
2025-07-24,52695,2025072403019468,JBBL,Dipshikha Dhitopatra Karobar Co. Pvt Ltd.,Sewa Securities Pvt. Ltd.,218,376.5,82077.0,2025-07-24 13:55:03.695431
2025-07-24,52567,2025072403019500,JBBL,Dipshikha Dhitopatra Karobar Co. Pvt Ltd.,Imperial Securities Company Pvt. Ltd.,10,376.5,3765.0,2025-07-24 13:55:24.062234
2025-07-24,51590,2025072403019740,JBBL,Capital Max Securities Ltd,Shree Krishna Securities Ltd.,23,376.7,8664.1,2025-07-24 13:57:54.261894
2025-07-24,51589,2025072403019741,JBBL,Kumari Securities Private Limited,Shree Krishna Securities Ltd.,1000,376.6,376600.0,2025-07-24 13:57:54.262247
2025-07-24,51588,2025072403019742,JBBL,Dipshikha Dhitopatra Karobar Co. Pvt Ltd.,Shree Krishna Securities Ltd.,372,376.5,140058.0,2025-07-24 13:57:54.262385
2025-07-24,51587,2025072403019743,JBBL,Sundhara Securities Limited,Shree Krishna Securities Ltd.,30,376.5,11295.0,2025-07-24 13:57:54.262515
2025-07-24,51586,2025072403019744,JBBL,Capital Max Securities Ltd,Shree Krishna Securities Ltd.,50,376.5,18825.0,2025-07-24 13:57:54.262645
2025-07-24,51585,2025072403019745,JBBL,Oxford Securities Pvt. Ltd.,Shree Krishna Securities Ltd.,59,376.4,22207.6,2025-07-24 13:57:54.262777
2025-07-24,51584,2025072403019746,JBBL,Oxford Securities Pvt. Ltd.,Shree Krishna Securities Ltd.,70,376.4,26348.0,2025-07-24 13:57:54.262907
2025-07-24,51583,2025072403019747,JBBL,Primo Securities (PVT) Ltd.,Shree Krishna Securities Ltd.,471,376.3,177237.3,2025-07-24 13:57:54.263056
2025-07-24,51582,2025072403019748,JBBL,Naasa Securities Co. Ltd.,Shree Krishna Securities Ltd.,105,376.3,39511.5,2025-07-24 13:57:54.263198
2025-07-24,51581,2025072403019749,JBBL,Online Securities Pvt. Ltd.,Shree Krishna Securities Ltd.,1000,376.3,376300.0,2025-07-24 13:57:54.263333
2025-07-24,51580,2025072403019750,JBBL,Vision Securities Pvt. Ltd,Shree Krishna Securities Ltd.,100,376.2,37620.0,2025-07-24 13:57:54.263460
2025-07-24,51579,2025072403019751,JBBL,Garima Securities Limited,Shree Krishna Securities Ltd.,1678,376.2,631263.6,2025-07-24 13:57:54.263586
2025-07-24,51435,2025072403019777,JBBL,Sani Securities Company Ltd.,Vision Securities Pvt. Ltd,1,368.8,368.8,2025-07-24 13:58:19.805940
2025-07-24,51038,2025072403019900,JBBL,Sani Securities Company Ltd.,Sweta Securities Private Limited,1,369.0,369.0,2025-07-24 13:59:11.650084
2025-07-24,50941,2025072403019924,JBBL,Bhrikuti Stock Broking Co. Pvt. Ltd.,Primo Securities (PVT) Ltd.,44,376.5,16566.0,2025-07-24 13:59:24.651232
2025-07-24,50940,2025072403019925,JBBL,Capital Max Securities Ltd,Primo Securities (PVT) Ltd.,208,376.3,78270.4,2025-07-24 13:59:24.651545
2025-07-24,50169,2025072403020096,JBBL,Sani Securities Company Ltd.,Trisul Securities & Invt. Ltd.,1,372.4,372.4,2025-07-24 14:01:14.366332
2025-07-24,49384,2025072403020315,JBBL,Neev Securities Pvt. Ltd.,Beni Securities Pvt.Ltd.,500,376.4,188200.0,2025-07-24 14:03:02.286630
2025-07-24,49045,2025072403020379,JBBL,ABC Securities Private Limited,Sweta Securities Private Limited,10,377.0,3770.0,2025-07-24 14:03:46.961530
2025-07-24,48809,2025072403020421,JBBL,Imperial Securities Company Pvt. Ltd.,Sweta Securities Private Limited,30,377.0,11310.0,2025-07-24 14:04:11.414851
2025-07-24,48637,2025072403020459,JBBL,Bhrikuti Stock Broking Co. Pvt. Ltd.,Imperial Securities Company Pvt. Ltd.,20,377.5,7550.0,2025-07-24 14:04:34.252280
2025-07-24,48544,2025072403020483,JBBL,Aryatara Investment & Securities,Imperial Securities Company Pvt. Ltd.,10,377.5,3775.0,2025-07-24 14:04:46.846513
2025-07-24,48409,2025072403020527,JBBL,Magnet Securities and Investment Company Private Limited,Naasa Securities Co. Ltd.,65,377.8,24557.0,2025-07-24 14:05:09.276015
2025-07-24,48408,2025072403020528,JBBL,Magnet Securities and Investment Company Private Limited,Arun Securities (PVT) Ltd.,55,377.9,20784.5,2025-07-24 14:05:09.276088
2025-07-24,48379,2025072403020534,JBBL,Sani Securities Company Ltd.,Arun Securities (PVT) Ltd.,772,377.9,291738.8,2025-07-24 14:05:12.971736
2025-07-24,48154,2025072403020606,JBBL,Pragyan Securities (PVT) Ltd.,Investment Management Nepal Pvt. Ltd.,500,378.0,189000.0,2025-07-24 14:05:31.475744
2025-07-24,47523,2025072403020733,JBBL,Sani Securities Company Ltd.,Naasa Securities Co. Ltd.,70,379.0,26530.0,2025-07-24 14:06:48.828241
2025-07-24,47522,2025072403020734,JBBL,Sani Securities Company Ltd.,Primo Securities (PVT) Ltd.,930,379.0,352470.0,2025-07-24 14:06:48.828615
2025-07-24,47384,2025072403020766,JBBL,Naasa Securities Co. Ltd.,Primo Securities (PVT) Ltd.,500,379.0,189500.0,2025-07-24 14:07:12.944766
2025-07-24,47293,2025072403020775,JBBL,Dynamic Money Managers Securities Pvt. Ltd.,Primo Securities (PVT) Ltd.,570,379.0,216030.0,2025-07-24 14:07:24.076427
2025-07-24,47292,2025072403020776,JBBL,Dynamic Money Managers Securities Pvt. Ltd.,Cristal Kanchanjanga Securites Pvt. Ltd.,430,379.0,162970.0,2025-07-24 14:07:24.076760
2025-07-24,47042,2025072403020813,JBBL,Sani Securities Company Ltd.,Cristal Kanchanjanga Securites Pvt. Ltd.,70,379.0,26530.0,2025-07-24 14:07:43.776417
2025-07-24,46812,2025072403020879,JBBL,Magnet Securities and Investment Company Private Limited,Aryatara Investment & Securities,10,379.5,3795.0,2025-07-24 14:08:10.047384
2025-07-24,46747,2025072403020892,JBBL,Trishakti Securities Public Limited,Aryatara Investment & Securities,990,379.5,375705.0,2025-07-24 14:08:17.368290
2025-07-24,46746,2025072403020893,JBBL,Trishakti Securities Public Limited,Naasa Securities Co. Ltd.,1043,379.9,396235.7,2025-07-24 14:08:17.368636
2025-07-24,46745,2025072403020894,JBBL,Trishakti Securities Public Limited,Imperial Securities Company Pvt. Ltd.,20,380.0,7600.0,2025-07-24 14:08:17.368783
2025-07-24,46744,2025072403020895,JBBL,Trishakti Securities Public Limited,Linch Stock Market Ltd.,18,380.0,6840.0,2025-07-24 14:08:17.368919
2025-07-24,46743,2025072403020896,JBBL,Trishakti Securities Public Limited,Deevyaa Securities & Stock House Pvt. Ltd,700,380.0,266000.0,2025-07-24 14:08:17.369065
2025-07-24,46742,2025072403020897,JBBL,Trishakti Securities Public Limited,Market Securities & Exchange (PVT) Ltd.,123,380.0,46740.0,2025-07-24 14:08:17.369206
2025-07-24,46741,2025072403020898,JBBL,Trishakti Securities Public Limited,Sumeru Securities Pvt. Ltd.,100,380.0,38000.0,2025-07-24 14:08:17.369777
2025-07-24,46740,2025072403020899,JBBL,Trishakti Securities Public Limited,Siprabi Securities Pvt. Ltd.,25,380.0,9500.0,2025-07-24 14:08:17.370201
2025-07-24,46739,2025072403020900,JBBL,Trishakti Securities Public Limited,Linch Stock Market Ltd.,350,380.0,133000.0,2025-07-24 14:08:17.370596
2025-07-24,46738,2025072403020901,JBBL,Trishakti Securities Public Limited,Deevyaa Securities & Stock House Pvt. Ltd,50,380.0,19000.0,2025-07-24 14:08:17.371061
2025-07-24,46737,2025072403020902,JBBL,Trishakti Securities Public Limited,Naasa Securities Co. Ltd.,300,380.0,114000.0,2025-07-24 14:08:17.371483
2025-07-24,46736,2025072403020903,JBBL,Trishakti Securities Public Limited,Trishakti Securities Public Limited,240,380.0,91200.0,2025-07-24 14:08:17.371866
