Date,S.N.,contract_id,symbol,buyer_broker,seller_broker,volume,price,amount,transaction_time
2025-07-24,153955,2025072403000096,LICN,Primo Securities (PVT) Ltd.,Online Securities Pvt. Ltd.,100,972.0,97200.0,2025-07-24 11:01:36.808506
2025-07-24,153042,2025072403000228,LICN,Cristal Kanchanjanga Securites Pvt. Ltd.,Online Securities Pvt. Ltd.,15,972.0,14580.0,2025-07-24 11:03:16.695704
2025-07-24,150674,2025072403000658,LICN,Sweta Securities Private Limited,Capital Max Securities Ltd,50,975.0,48750.0,2025-07-24 11:07:25.688335
2025-07-24,150580,2025072403000689,LICN,Sundhara Securities Limited,Sundhara Securities Limited,30,980.0,29400.0,2025-07-24 11:07:33.433691
2025-07-24,150578,2025072403000691,LICN,Sundhara Securities Limited,Secured Securities Ltd.,70,980.0,68600.0,2025-07-24 11:07:33.498575
2025-07-24,150577,2025072403000692,LICN,Trisul Securities & Invt. Ltd.,Secured Securities Ltd.,15,976.0,14640.0,2025-07-24 11:07:33.498667
2025-07-24,150560,2025072403000699,LICN,Trisul Securities & Invt. Ltd.,Naasa Securities Co. Ltd.,100,976.0,97600.0,2025-07-24 11:07:35.544113
2025-07-24,149072,2025072403000986,LICN,Deevyaa Securities & Stock House Pvt. Ltd,Secured Securities Ltd.,200,978.1,195620.0,2025-07-24 11:10:11.964188
2025-07-24,149071,2025072403000987,LICN,Trisul Securities & Invt. Ltd.,Secured Securities Ltd.,24,978.0,23472.0,2025-07-24 11:10:11.964287
2025-07-24,148815,2025072403001051,LICN,Trisul Securities & Invt. Ltd.,Primo Securities (PVT) Ltd.,123,978.0,120294.0,2025-07-24 11:10:34.107196
2025-07-24,148245,2025072403001185,LICN,Premier Securities Company Ltd.,Sundhara Securities Limited,10,980.0,9800.0,2025-07-24 11:11:30.226949
2025-07-24,148244,2025072403001186,LICN,Premier Securities Company Ltd.,Magnet Securities and Investment Company Private Limited,20,980.0,19600.0,2025-07-24 11:11:30.227035
2025-07-24,148200,2025072403001194,LICN,Trisul Securities & Invt. Ltd.,Naasa Securities Co. Ltd.,26,978.0,25428.0,2025-07-24 11:11:34.641443
2025-07-24,148182,2025072403001196,LICN,Trisul Securities & Invt. Ltd.,Secured Securities Ltd.,51,978.0,49878.0,2025-07-24 11:11:35.514065
2025-07-24,148181,2025072403001197,LICN,Sri Hari Securities Pvt. Ltd.,Secured Securities Ltd.,26,978.0,25428.0,2025-07-24 11:11:35.514195
2025-07-24,147998,2025072403001224,LICN,Sri Hari Securities Pvt. Ltd.,Kohinoor Investment & Securities Pvt. Ltd.,174,978.0,170172.0,2025-07-24 11:11:54.399424
2025-07-24,147804,2025072403001264,LICN,Sweta Securities Private Limited,Naasa Securities Co. Ltd.,20,975.0,19500.0,2025-07-24 11:12:16.125406
2025-07-24,147689,2025072403001292,LICN,Sweta Securities Private Limited,Kohinoor Investment & Securities Pvt. Ltd.,26,975.0,25350.0,2025-07-24 11:12:28.348687
2025-07-24,147096,2025072403001433,LICN,Vision Securities Pvt. Ltd,Kohinoor Investment & Securities Pvt. Ltd.,12,975.0,11700.0,2025-07-24 11:13:24.994731
2025-07-24,147095,2025072403001434,LICN,Cristal Kanchanjanga Securites Pvt. Ltd.,Kohinoor Investment & Securities Pvt. Ltd.,13,975.0,12675.0,2025-07-24 11:13:24.994910
2025-07-24,146992,2025072403001466,LICN,Cristal Kanchanjanga Securites Pvt. Ltd.,Kohinoor Investment & Securities Pvt. Ltd.,10,975.0,9750.0,2025-07-24 11:13:38.228110
2025-07-24,145393,2025072403001846,LICN,Cristal Kanchanjanga Securites Pvt. Ltd.,Secured Securities Ltd.,58,975.0,56550.0,2025-07-24 11:16:04.164329
2025-07-24,145196,2025072403001888,LICN,Cristal Kanchanjanga Securites Pvt. Ltd.,Siprabi Securities Pvt. Ltd.,46,975.0,44850.0,2025-07-24 11:16:23.102259
2025-07-24,145066,2025072403001913,LICN,Cristal Kanchanjanga Securites Pvt. Ltd.,Secured Securities Ltd.,73,975.0,71175.0,2025-07-24 11:16:34.870684
2025-07-24,145065,2025072403001914,LICN,Deevyaa Securities & Stock House Pvt. Ltd,Secured Securities Ltd.,100,973.0,97300.0,2025-07-24 11:16:34.870790
2025-07-24,144356,2025072403002038,LICN,Deevyaa Securities & Stock House Pvt. Ltd,ABC Securities Private Limited,20,972.5,19450.0,2025-07-24 11:17:38.355229
2025-07-24,144298,2025072403002056,LICN,Bhrikuti Stock Broking Co. Pvt. Ltd.,Secured Securities Ltd.,26,973.0,25298.0,2025-07-24 11:17:42.708569
2025-07-24,142733,2025072403002443,LICN,Sundhara Securities Limited,Linch Stock Market Ltd.,100,973.0,97300.0,2025-07-24 11:20:16.086784
2025-07-24,142732,2025072403002444,LICN,Deevyaa Securities & Stock House Pvt. Ltd,Linch Stock Market Ltd.,50,972.5,48625.0,2025-07-24 11:20:16.086894
2025-07-24,141503,2025072403002734,LICN,Deevyaa Securities & Stock House Pvt. Ltd,Aryatara Investment & Securities,10,972.5,9725.0,2025-07-24 11:22:05.452159
2025-07-24,140703,2025072403002875,LICN,Deevyaa Securities & Stock House Pvt. Ltd,Online Securities Pvt. Ltd.,20,972.5,19450.0,2025-07-24 11:23:13.643259
2025-07-24,140702,2025072403002876,LICN,Deevyaa Securities & Stock House Pvt. Ltd,Online Securities Pvt. Ltd.,100,972.1,97210.0,2025-07-24 11:23:13.643370
2025-07-24,140527,2025072403002927,LICN,Naasa Securities Co. Ltd.,Linch Stock Market Ltd.,25,972.0,24300.0,2025-07-24 11:23:28.461513
2025-07-24,139523,2025072403003177,LICN,Sweta Securities Private Limited,Imperial Securities Company Pvt. Ltd.,24,973.0,23352.0,2025-07-24 11:25:03.962431
2025-07-24,136078,2025072403003907,LICN,Nepal Stock House (PVT) Ltd.,Imperial Securities Company Pvt. Ltd.,20,973.0,19460.0,2025-07-24 11:29:35.694069
2025-07-24,133624,2025072403004254,LICN,Naasa Securities Co. Ltd.,Naasa Securities Co. Ltd.,37,972.0,35964.0,2025-07-24 11:32:54.339501
2025-07-24,133623,2025072403004255,LICN,Malla & Malla Stock Broking Company Pvt. Limited,Naasa Securities Co. Ltd.,100,972.0,97200.0,2025-07-24 11:32:54.339737
2025-07-24,132471,2025072403004489,LICN,Deevyaa Securities & Stock House Pvt. Ltd,Imperial Securities Company Pvt. Ltd.,156,970.1,151335.6,2025-07-24 11:34:27.702264
2025-07-24,132299,2025072403004512,LICN,Deevyaa Securities & Stock House Pvt. Ltd,Imperial Securities Company Pvt. Ltd.,44,970.1,42684.4,2025-07-24 11:34:42.067603
2025-07-24,132298,2025072403004513,LICN,Naasa Securities Co. Ltd.,Imperial Securities Company Pvt. Ltd.,20,970.0,19400.0,2025-07-24 11:34:42.067837
2025-07-24,132297,2025072403004514,LICN,Capital Max Securities Ltd,Imperial Securities Company Pvt. Ltd.,50,970.0,48500.0,2025-07-24 11:34:42.067984
2025-07-24,132296,2025072403004515,LICN,Bhrikuti Stock Broking Co. Pvt. Ltd.,Imperial Securities Company Pvt. Ltd.,600,970.0,582000.0,2025-07-24 11:34:42.068146
2025-07-24,132295,2025072403004516,LICN,Nepal Stock House (PVT) Ltd.,Imperial Securities Company Pvt. Ltd.,86,970.0,83420.0,2025-07-24 11:34:42.068279
2025-07-24,130462,2025072403004845,LICN,Imperial Securities Company Pvt. Ltd.,Naasa Securities Co. Ltd.,13,972.0,12636.0,2025-07-24 11:37:23.274019
2025-07-24,130461,2025072403004846,LICN,Imperial Securities Company Pvt. Ltd.,Sri Hari Securities Pvt. Ltd.,87,975.0,84825.0,2025-07-24 11:37:23.274299
2025-07-24,129689,2025072403004935,LICN,Deevyaa Securities & Stock House Pvt. Ltd,Sri Hari Securities Pvt. Ltd.,13,975.0,12675.0,2025-07-24 11:38:27.250262
2025-07-24,129688,2025072403004936,LICN,Deevyaa Securities & Stock House Pvt. Ltd,Kohinoor Investment & Securities Pvt. Ltd.,87,975.0,84825.0,2025-07-24 11:38:27.250382
2025-07-24,129383,2025072403005003,LICN,Deevyaa Securities & Stock House Pvt. Ltd,Kohinoor Investment & Securities Pvt. Ltd.,100,975.0,97500.0,2025-07-24 11:38:50.357461
2025-07-24,126182,2025072403005566,LICN,Kohinoor Investment & Securities Pvt. Ltd.,Vision Securities Pvt. Ltd,100,973.0,97300.0,2025-07-24 11:43:17.078481
2025-07-24,126181,2025072403005567,LICN,Market Securities & Exchange (PVT) Ltd.,Vision Securities Pvt. Ltd,20,973.0,19460.0,2025-07-24 11:43:17.078804
2025-07-24,126152,2025072403005571,LICN,Oxford Securities Pvt. Ltd.,Kohinoor Investment & Securities Pvt. Ltd.,11,975.0,10725.0,2025-07-24 11:43:21.444120
2025-07-24,124158,2025072403005997,LICN,Dipshikha Dhitopatra Karobar Co. Pvt Ltd.,Siprabi Securities Pvt. Ltd.,14,973.1,13623.4,2025-07-24 11:46:25.706190
2025-07-24,123385,2025072403006145,LICN,Dipshikha Dhitopatra Karobar Co. Pvt Ltd.,Sweta Securities Private Limited,33,973.1,32112.3,2025-07-24 11:47:42.446059
2025-07-24,122951,2025072403006239,LICN,Global IME Securities Limited,Online Securities Pvt. Ltd.,14,973.0,13622.0,2025-07-24 11:48:28.422688
2025-07-24,122950,2025072403006240,LICN,Market Securities & Exchange (PVT) Ltd.,Online Securities Pvt. Ltd.,10,973.0,9730.0,2025-07-24 11:48:28.422837
2025-07-24,122949,2025072403006241,LICN,Sundhara Securities Limited,Online Securities Pvt. Ltd.,50,973.0,48650.0,2025-07-24 11:48:28.422896
2025-07-24,122948,2025072403006242,LICN,Thrive Brokerage House Pvt. Ltd,Online Securities Pvt. Ltd.,100,973.0,97300.0,2025-07-24 11:48:28.422949
2025-07-24,121636,2025072403006552,LICN,Oxford Securities Pvt. Ltd.,Online Securities Pvt. Ltd.,100,973.0,97300.0,2025-07-24 11:50:51.965586
2025-07-24,121257,2025072403006623,LICN,Naasa Securities Co. Ltd.,Online Securities Pvt. Ltd.,50,972.2,48610.0,2025-07-24 11:51:35.001571
2025-07-24,120678,2025072403006715,LICN,Naasa Securities Co. Ltd.,Vision Securities Pvt. Ltd,50,972.2,48610.0,2025-07-24 11:52:35.145495
2025-07-24,120677,2025072403006716,LICN,Market Securities & Exchange (PVT) Ltd.,Vision Securities Pvt. Ltd,10,972.0,9720.0,2025-07-24 11:52:35.145623
2025-07-24,120676,2025072403006717,LICN,Creative Securities Pvt Ltd,Vision Securities Pvt. Ltd,20,972.0,19440.0,2025-07-24 11:52:35.145679
2025-07-24,120675,2025072403006718,LICN,Kohinoor Investment & Securities Pvt. Ltd.,Vision Securities Pvt. Ltd,75,972.0,72900.0,2025-07-24 11:52:35.145733
2025-07-24,120528,2025072403006741,LICN,Market Securities & Exchange (PVT) Ltd.,Vision Securities Pvt. Ltd,10,971.5,9715.0,2025-07-24 11:52:51.790788
2025-07-24,120527,2025072403006742,LICN,Primo Securities (PVT) Ltd.,Vision Securities Pvt. Ltd,110,971.1,106821.0,2025-07-24 11:52:51.790909
2025-07-24,120526,2025072403006743,LICN,Deevyaa Securities & Stock House Pvt. Ltd,Vision Securities Pvt. Ltd,200,971.1,194220.0,2025-07-24 11:52:51.790966
2025-07-24,120525,2025072403006744,LICN,Sri Hari Securities Pvt. Ltd.,Vision Securities Pvt. Ltd,333,971.0,323343.0,2025-07-24 11:52:51.791019
2025-07-24,120524,2025072403006745,LICN,Dipshikha Dhitopatra Karobar Co. Pvt Ltd.,Vision Securities Pvt. Ltd,200,971.0,194200.0,2025-07-24 11:52:51.791076
2025-07-24,119728,2025072403006880,LICN,Nepal Stock House (PVT) Ltd.,Siprabi Securities Pvt. Ltd.,414,970.0,401580.0,2025-07-24 11:54:05.342263
2025-07-24,119727,2025072403006881,LICN,Market Securities & Exchange (PVT) Ltd.,Siprabi Securities Pvt. Ltd.,10,970.0,9700.0,2025-07-24 11:54:05.342405
2025-07-24,119726,2025072403006882,LICN,Nagarik Stock Dealer ,Siprabi Securities Pvt. Ltd.,76,970.0,73720.0,2025-07-24 11:54:05.342462
2025-07-24,119519,2025072403006918,LICN,Nagarik Stock Dealer ,Siprabi Securities Pvt. Ltd.,224,970.0,217280.0,2025-07-24 11:54:26.380263
2025-07-24,119518,2025072403006919,LICN,Linch Stock Market Ltd.,Siprabi Securities Pvt. Ltd.,20,970.0,19400.0,2025-07-24 11:54:26.380505
2025-07-24,119517,2025072403006920,LICN,Malla & Malla Stock Broking Company Pvt. Limited,Siprabi Securities Pvt. Ltd.,100,970.0,97000.0,2025-07-24 11:54:26.380661
2025-07-24,119516,2025072403006921,LICN,Linch Stock Market Ltd.,Siprabi Securities Pvt. Ltd.,50,970.0,48500.0,2025-07-24 11:54:26.380812
2025-07-24,119515,2025072403006922,LICN,Trisul Securities & Invt. Ltd.,Siprabi Securities Pvt. Ltd.,122,970.0,118340.0,2025-07-24 11:54:26.380962
2025-07-24,118898,2025072403007045,LICN,Trisul Securities & Invt. Ltd.,Naasa Securities Co. Ltd.,78,970.0,75660.0,2025-07-24 11:55:29.271477
2025-07-24,113117,2025072403008106,LICN,Trisul Securities & Invt. Ltd.,Sweta Securities Private Limited,27,969.5,26176.5,2025-07-24 12:04:50.109471
2025-07-24,113116,2025072403008107,LICN,Trisul Securities & Invt. Ltd.,Swarna Laxmi Securities Pvt. Ltd.,73,970.0,70810.0,2025-07-24 12:04:50.109637
2025-07-24,112486,2025072403008168,LICN,Naasa Securities Co. Ltd.,Swarna Laxmi Securities Pvt. Ltd.,20,970.0,19400.0,2025-07-24 12:05:39.594209
2025-07-24,111216,2025072403008344,LICN,Asian Securities Private Ltd.,Swarna Laxmi Securities Pvt. Ltd.,167,970.0,161990.0,2025-07-24 12:07:26.271202
2025-07-24,109826,2025072403008561,LICN,Asian Securities Private Ltd.,Kohinoor Investment & Securities Pvt. Ltd.,833,970.0,808010.0,2025-07-24 12:09:52.859421
2025-07-24,107750,2025072403008848,LICN,Dakshinkali Investment & Securities Pvt. Ltd.,Kohinoor Investment & Securities Pvt. Ltd.,167,970.0,161990.0,2025-07-24 12:13:13.131887
2025-07-24,107749,2025072403008849,LICN,Dakshinkali Investment & Securities Pvt. Ltd.,Trishakti Securities Public Limited,10,970.0,9700.0,2025-07-24 12:13:13.132054
2025-07-24,106635,2025072403009039,LICN,Kumari Securities Private Limited,Dynamic Money Managers Securities Pvt. Ltd.,1,965.0,965.0,2025-07-24 12:15:29.185103
2025-07-24,105771,2025072403009210,LICN,Dakshinkali Investment & Securities Pvt. Ltd.,Naasa Securities Co. Ltd.,700,970.0,679000.0,2025-07-24 12:17:02.285133
2025-07-24,105695,2025072403009228,LICN,Kumari Securities Private Limited,Online Securities Pvt. Ltd.,2,972.0,1944.0,2025-07-24 12:17:11.106581
2025-07-24,105479,2025072403009277,LICN,Dakshinkali Investment & Securities Pvt. Ltd.,Capital Max Securities Ltd,123,970.0,119310.0,2025-07-24 12:17:28.268773
2025-07-24,105478,2025072403009278,LICN,Dipshikha Dhitopatra Karobar Co. Pvt Ltd.,Capital Max Securities Ltd,150,970.0,145500.0,2025-07-24 12:17:28.268939
2025-07-24,105477,2025072403009279,LICN,Malla & Malla Stock Broking Company Pvt. Limited,Capital Max Securities Ltd,99,970.0,96030.0,2025-07-24 12:17:28.269002
2025-07-24,99506,2025072403010263,LICN,Property Wiard Limited,Sweta Securities Private Limited,100,970.0,97000.0,2025-07-24 12:28:09.862390
2025-07-24,98986,2025072403010352,LICN,Market Securities & Exchange (PVT) Ltd.,Capital Max Securities Ltd,20,968.5,19370.0,2025-07-24 12:29:11.219696
2025-07-24,98985,2025072403010353,LICN,Deevyaa Securities & Stock House Pvt. Ltd,Capital Max Securities Ltd,10,968.5,9685.0,2025-07-24 12:29:11.219848
2025-07-24,98821,2025072403010397,LICN,Cristal Kanchanjanga Securites Pvt. Ltd.,Capital Max Securities Ltd,30,968.0,29040.0,2025-07-24 12:29:26.532652
2025-07-24,95558,2025072403010988,LICN,Kohinoor Investment & Securities Pvt. Ltd.,Dakshinkali Investment & Securities Pvt. Ltd.,206,970.0,199820.0,2025-07-24 12:35:41.350324
2025-07-24,94369,2025072403011168,LICN,Kohinoor Investment & Securities Pvt. Ltd.,Naasa Securities Co. Ltd.,25,970.0,24250.0,2025-07-24 12:37:52.014061
2025-07-24,93922,2025072403011250,LICN,Kohinoor Investment & Securities Pvt. Ltd.,Sani Securities Company Ltd.,34,970.0,32980.0,2025-07-24 12:38:48.262671
2025-07-24,93822,2025072403011278,LICN,Deevyaa Securities & Stock House Pvt. Ltd,Sri Hari Securities Pvt. Ltd.,90,968.5,87165.0,2025-07-24 12:39:01.756430
2025-07-24,92556,2025072403011526,LICN,Deevyaa Securities & Stock House Pvt. Ltd,Capital Max Securities Ltd,100,968.2,96820.0,2025-07-24 12:41:18.897238
2025-07-24,92555,2025072403011527,LICN,Sani Securities Company Ltd.,Capital Max Securities Ltd,100,968.1,96810.0,2025-07-24 12:41:18.897451
2025-07-24,92430,2025072403011545,LICN,Dakshinkali Investment & Securities Pvt. Ltd.,Sani Securities Company Ltd.,165,970.0,160050.0,2025-07-24 12:41:37.618687
2025-07-24,90097,2025072403011944,LICN,Trisul Securities & Invt. Ltd.,Imperial Securities Company Pvt. Ltd.,40,970.0,38800.0,2025-07-24 12:46:25.661285
2025-07-24,88589,2025072403012227,LICN,Sani Securities Company Ltd.,Dipshikha Dhitopatra Karobar Co. Pvt Ltd.,10,968.2,9682.0,2025-07-24 12:49:06.764895
2025-07-24,88107,2025072403012345,LICN,Sani Securities Company Ltd.,Aryatara Investment & Securities,100,968.3,96830.0,2025-07-24 12:49:55.629268
2025-07-24,87556,2025072403012484,LICN,Nepal Stock House (PVT) Ltd.,Imperial Securities Company Pvt. Ltd.,10,970.0,9700.0,2025-07-24 12:50:54.302127
2025-07-24,87555,2025072403012485,LICN,Nepal Stock House (PVT) Ltd.,Creative Securities Pvt Ltd,100,970.0,97000.0,2025-07-24 12:50:54.302555
2025-07-24,85070,2025072403012922,LICN,Aryatara Investment & Securities,Naasa Securities Co. Ltd.,21,970.0,20370.0,2025-07-24 12:55:24.917333
2025-07-24,84332,2025072403013053,LICN,Aryatara Investment & Securities,Imperial Securities Company Pvt. Ltd.,13,970.0,12610.0,2025-07-24 12:56:41.085498
2025-07-24,82794,2025072403013369,LICN,Sani Securities Company Ltd.,Investment Management Nepal Pvt. Ltd.,20,968.3,19366.0,2025-07-24 12:59:31.227214
2025-07-24,81373,2025072403013652,LICN,Sani Securities Company Ltd.,Dakshinkali Investment & Securities Pvt. Ltd.,40,968.3,38732.0,2025-07-24 13:02:06.947677
2025-07-24,80805,2025072403013758,LICN,Sani Securities Company Ltd.,Imperial Securities Company Pvt. Ltd.,47,968.3,45510.1,2025-07-24 13:03:04.445684
2025-07-24,78593,2025072403014155,LICN,Sani Securities Company Ltd.,Vision Securities Pvt. Ltd,93,968.3,90051.9,2025-07-24 13:06:47.144163
2025-07-24,78592,2025072403014156,LICN,Sani Securities Company Ltd.,Vision Securities Pvt. Ltd,57,968.2,55187.4,2025-07-24 13:06:47.144325
2025-07-24,78000,2025072403014280,LICN,Sani Securities Company Ltd.,Nepal Stock House (PVT) Ltd.,133,968.2,128770.6,2025-07-24 13:07:45.631970
2025-07-24,77999,2025072403014281,LICN,Sani Securities Company Ltd.,Nepal Stock House (PVT) Ltd.,100,968.1,96810.0,2025-07-24 13:07:45.632336
2025-07-24,77998,2025072403014282,LICN,Cristal Kanchanjanga Securites Pvt. Ltd.,Nepal Stock House (PVT) Ltd.,20,968.0,19360.0,2025-07-24 13:07:45.632531
2025-07-24,77997,2025072403014283,LICN,Secured Securities Ltd.,Nepal Stock House (PVT) Ltd.,30,968.0,29040.0,2025-07-24 13:07:45.632717
2025-07-24,77996,2025072403014284,LICN,Kohinoor Investment & Securities Pvt. Ltd.,Nepal Stock House (PVT) Ltd.,85,968.0,82280.0,2025-07-24 13:07:45.632903
2025-07-24,77835,2025072403014312,LICN,Malla & Malla Stock Broking Company Pvt. Limited,Sri Hari Securities Pvt. Ltd.,10,967.0,9670.0,2025-07-24 13:08:04.076009
2025-07-24,77834,2025072403014313,LICN,Aryatara Investment & Securities,Sri Hari Securities Pvt. Ltd.,290,967.0,280430.0,2025-07-24 13:08:04.076364
2025-07-24,77525,2025072403014411,LICN,Aryatara Investment & Securities,Deevyaa Securities & Stock House Pvt. Ltd,10,967.0,9670.0,2025-07-24 13:08:40.461057
2025-07-24,76301,2025072403014734,LICN,Dipshikha Dhitopatra Karobar Co. Pvt Ltd.,Deevyaa Securities & Stock House Pvt. Ltd,43,967.0,41581.0,2025-07-24 13:10:57.877399
2025-07-24,75225,2025072403014917,LICN,Sani Securities Company Ltd.,Deevyaa Securities & Stock House Pvt. Ltd,50,967.0,48350.0,2025-07-24 13:12:39.630280
2025-07-24,74321,2025072403015125,LICN,Nepal Stock House (PVT) Ltd.,Shree Krishna Securities Ltd.,20,966.0,19320.0,2025-07-24 13:14:18.169979
2025-07-24,74320,2025072403015126,LICN,Sani Securities Company Ltd.,Shree Krishna Securities Ltd.,100,966.0,96600.0,2025-07-24 13:14:18.170150
2025-07-24,74319,2025072403015127,LICN,Aryatara Investment & Securities,Shree Krishna Securities Ltd.,61,965.0,58865.0,2025-07-24 13:14:18.170222
2025-07-24,73916,2025072403015225,LICN,Aryatara Investment & Securities,Sipla Securities Private Limited,70,965.0,67550.0,2025-07-24 13:14:57.401272
2025-07-24,72233,2025072403015594,LICN,Aryatara Investment & Securities,Nepal Stock House (PVT) Ltd.,69,965.0,66585.0,2025-07-24 13:17:53.304958
2025-07-24,72232,2025072403015595,LICN,Miyo Securities Pvt Ltd,Nepal Stock House (PVT) Ltd.,10,965.0,9650.0,2025-07-24 13:17:53.305143
2025-07-24,72231,2025072403015596,LICN,Sani Securities Company Ltd.,Nepal Stock House (PVT) Ltd.,100,965.0,96500.0,2025-07-24 13:17:53.305215
2025-07-24,69485,2025072403016170,LICN,Deevyaa Securities & Stock House Pvt. Ltd,Siprabi Securities Pvt. Ltd.,11,963.5,10598.5,2025-07-24 13:22:39.513975
2025-07-24,68749,2025072403016268,LICN,Deevyaa Securities & Stock House Pvt. Ltd,Midas Stock Broking Company Private Limited,80,963.5,77080.0,2025-07-24 13:23:43.850069
2025-07-24,68428,2025072403016343,LICN,Oxford Securities Pvt. Ltd.,Sri Hari Securities Pvt. Ltd.,10,963.0,9630.0,2025-07-24 13:24:16.236223
2025-07-24,68427,2025072403016344,LICN,Infinity Securities Limited,Sri Hari Securities Pvt. Ltd.,20,963.0,19260.0,2025-07-24 13:24:16.236408
2025-07-24,68426,2025072403016345,LICN,Online Securities Pvt. Ltd.,Sri Hari Securities Pvt. Ltd.,122,963.0,117486.0,2025-07-24 13:24:16.236479
2025-07-24,67494,2025072403016550,LICN,Sweta Securities Private Limited,Roadshow securities limited,40,961.0,38440.0,2025-07-24 13:26:05.408000
2025-07-24,67493,2025072403016551,LICN,Primo Securities (PVT) Ltd.,Roadshow securities limited,50,960.5,48025.0,2025-07-24 13:26:05.408234
2025-07-24,67492,2025072403016552,LICN,Linch Stock Market Ltd.,Roadshow securities limited,10,960.0,9600.0,2025-07-24 13:26:05.408323
2025-07-24,64545,2025072403017088,LICN,Imperial Securities Company Pvt. Ltd.,Cristal Kanchanjanga Securites Pvt. Ltd.,100,960.1,96010.0,2025-07-24 13:30:43.518242
2025-07-24,64544,2025072403017089,LICN,Linch Stock Market Ltd.,Cristal Kanchanjanga Securites Pvt. Ltd.,40,960.0,38400.0,2025-07-24 13:30:43.518453
2025-07-24,64543,2025072403017090,LICN,ABC Securities Private Limited,Cristal Kanchanjanga Securites Pvt. Ltd.,10,960.0,9600.0,2025-07-24 13:30:43.518527
2025-07-24,64542,2025072403017091,LICN,Sani Securities Company Ltd.,Cristal Kanchanjanga Securites Pvt. Ltd.,100,960.0,96000.0,2025-07-24 13:30:43.518595
2025-07-24,64541,2025072403017092,LICN,Sewa Securities Pvt. Ltd.,Cristal Kanchanjanga Securites Pvt. Ltd.,100,960.0,96000.0,2025-07-24 13:30:43.518663
2025-07-24,64540,2025072403017093,LICN,Nepal Stock House (PVT) Ltd.,Cristal Kanchanjanga Securites Pvt. Ltd.,300,960.0,288000.0,2025-07-24 13:30:43.518730
2025-07-24,64539,2025072403017094,LICN,Property Wiard Limited,Cristal Kanchanjanga Securites Pvt. Ltd.,100,960.0,96000.0,2025-07-24 13:30:43.518798
2025-07-24,64538,2025072403017095,LICN,Miyo Securities Pvt Ltd,Cristal Kanchanjanga Securites Pvt. Ltd.,10,960.0,9600.0,2025-07-24 13:30:43.518863
2025-07-24,64537,2025072403017096,LICN,Trishakti Securities Public Limited,Cristal Kanchanjanga Securites Pvt. Ltd.,104,960.0,99840.0,2025-07-24 13:30:43.518938
2025-07-24,64536,2025072403017097,LICN,Naasa Securities Co. Ltd.,Cristal Kanchanjanga Securites Pvt. Ltd.,242,960.0,232320.0,2025-07-24 13:30:43.519005
2025-07-24,64135,2025072403017175,LICN,Sani Securities Company Ltd.,Sri Hari Securities Pvt. Ltd.,248,964.6,239220.8,2025-07-24 13:31:20.687720
2025-07-24,64134,2025072403017176,LICN,Sani Securities Company Ltd.,Vision Securities Pvt. Ltd,55,964.7,53058.5,2025-07-24 13:31:20.687926
2025-07-24,64133,2025072403017177,LICN,Sani Securities Company Ltd.,Sharepro Securities Private Limited,260,964.9,250874.0,2025-07-24 13:31:20.687995
2025-07-24,64132,2025072403017178,LICN,Sani Securities Company Ltd.,Nepal Stock House (PVT) Ltd.,437,965.0,421705.0,2025-07-24 13:31:20.688074
2025-07-24,63247,2025072403017316,LICN,Sani Securities Company Ltd.,Premier Securities Company Ltd.,30,964.9,28947.0,2025-07-24 13:33:00.605476
2025-07-24,63246,2025072403017317,LICN,Sani Securities Company Ltd.,Nepal Stock House (PVT) Ltd.,330,965.0,318450.0,2025-07-24 13:33:00.605826
2025-07-24,62184,2025072403017529,LICN,Deevyaa Securities & Stock House Pvt. Ltd,Nepal Stock House (PVT) Ltd.,13,960.6,12487.8,2025-07-24 13:35:08.861865
2025-07-24,61510,2025072403017667,LICN,Sani Securities Company Ltd.,Agrawal Securities (PVT) Ltd.,100,965.0,96500.0,2025-07-24 13:36:30.263582
2025-07-24,55748,2025072403018837,LICN,Vision Securities Pvt. Ltd,J.F. Securites (PVT) Ltd.,72,962.0,69264.0,2025-07-24 13:48:26.358986
2025-07-24,53201,2025072403019344,LICN,Vision Securities Pvt. Ltd,Deevyaa Securities & Stock House Pvt. Ltd,228,962.0,219336.0,2025-07-24 13:53:57.562761
2025-07-24,53200,2025072403019345,LICN,Imperial Securities Company Pvt. Ltd.,Deevyaa Securities & Stock House Pvt. Ltd,10,962.0,9620.0,2025-07-24 13:53:57.562856
2025-07-24,53199,2025072403019346,LICN,Vision Securities Pvt. Ltd,Deevyaa Securities & Stock House Pvt. Ltd,100,962.0,96200.0,2025-07-24 13:53:57.562961
2025-07-24,53198,2025072403019347,LICN,Sweta Securities Private Limited,Deevyaa Securities & Stock House Pvt. Ltd,10,962.0,9620.0,2025-07-24 13:53:57.563052
2025-07-24,53197,2025072403019348,LICN,Sundhara Securities Limited,Deevyaa Securities & Stock House Pvt. Ltd,100,961.0,96100.0,2025-07-24 13:53:57.563132
2025-07-24,53196,2025072403019349,LICN,Imperial Securities Company Pvt. Ltd.,Deevyaa Securities & Stock House Pvt. Ltd,62,960.5,59551.0,2025-07-24 13:53:57.563209
2025-07-24,50713,2025072403019979,LICN,Market Securities & Exchange (PVT) Ltd.,Nagarik Stock Dealer ,10,961.0,9610.0,2025-07-24 13:59:58.186162
2025-07-24,50712,2025072403019980,LICN,Imperial Securities Company Pvt. Ltd.,Nagarik Stock Dealer ,38,960.5,36499.0,2025-07-24 13:59:58.186408
2025-07-24,50711,2025072403019981,LICN,Imperial Securities Company Pvt. Ltd.,Nagarik Stock Dealer ,10,960.5,9605.0,2025-07-24 13:59:58.186480
2025-07-24,50710,2025072403019982,LICN,Primo Securities (PVT) Ltd.,Nagarik Stock Dealer ,110,960.2,105622.0,2025-07-24 13:59:58.186550
2025-07-24,50709,2025072403019983,LICN,Naasa Securities Co. Ltd.,Nagarik Stock Dealer ,32,960.0,30720.0,2025-07-24 13:59:58.186621
2025-07-24,50040,2025072403020133,LICN,Magnet Securities and Investment Company Private Limited,Aryatara Investment & Securities,20,964.0,19280.0,2025-07-24 14:01:35.940179
2025-07-24,49030,2025072403020387,LICN,Sani Securities Company Ltd.,Aryatara Investment & Securities,110,964.0,106040.0,2025-07-24 14:03:49.291155
2025-07-24,48739,2025072403020444,LICN,Imperial Securities Company Pvt. Ltd.,Secured Securities Ltd.,100,960.4,96040.0,2025-07-24 14:04:20.684011
2025-07-24,48738,2025072403020445,LICN,Linch Stock Market Ltd.,Secured Securities Ltd.,300,960.3,288090.0,2025-07-24 14:04:20.684206
2025-07-24,48501,2025072403020489,LICN,Naasa Securities Co. Ltd.,Shree Krishna Securities Ltd.,126,960.0,120960.0,2025-07-24 14:04:55.682961
2025-07-24,48500,2025072403020490,LICN,Trisul Securities & Invt. Ltd.,Shree Krishna Securities Ltd.,50,960.0,48000.0,2025-07-24 14:04:55.683151
2025-07-24,48499,2025072403020491,LICN,Oxford Securities Pvt. Ltd.,Shree Krishna Securities Ltd.,50,960.0,48000.0,2025-07-24 14:04:55.683218
2025-07-24,48498,2025072403020492,LICN,Naasa Securities Co. Ltd.,Shree Krishna Securities Ltd.,200,960.0,192000.0,2025-07-24 14:04:55.683298
2025-07-24,48497,2025072403020493,LICN,Sipla Securities Private Limited,Shree Krishna Securities Ltd.,100,960.0,96000.0,2025-07-24 14:04:55.683367
2025-07-24,48496,2025072403020494,LICN,Malla & Malla Stock Broking Company Pvt. Limited,Shree Krishna Securities Ltd.,201,960.0,192960.0,2025-07-24 14:04:55.683433
2025-07-24,48495,2025072403020495,LICN,Imperial Securities Company Pvt. Ltd.,Shree Krishna Securities Ltd.,10,960.0,9600.0,2025-07-24 14:04:55.683503
2025-07-24,48494,2025072403020496,LICN,Nepal Stock House (PVT) Ltd.,Shree Krishna Securities Ltd.,10,959.0,9590.0,2025-07-24 14:04:55.683572
2025-07-24,48493,2025072403020497,LICN,Aryatara Investment & Securities,Shree Krishna Securities Ltd.,200,959.0,191800.0,2025-07-24 14:04:55.683640
2025-07-24,48492,2025072403020498,LICN,Aryatara Investment & Securities,Shree Krishna Securities Ltd.,20,959.0,19180.0,2025-07-24 14:04:55.683711
2025-07-24,48491,2025072403020499,LICN,Capital Max Securities Ltd,Shree Krishna Securities Ltd.,30,957.0,28710.0,2025-07-24 14:04:55.683780
2025-07-24,48490,2025072403020500,LICN,Asian Securities Private Ltd.,Shree Krishna Securities Ltd.,100,956.0,95600.0,2025-07-24 14:04:55.683849
2025-07-24,48489,2025072403020501,LICN,Property Wiard Limited,Shree Krishna Securities Ltd.,103,956.0,98468.0,2025-07-24 14:04:55.683919
2025-07-24,47693,2025072403020694,LICN,Primo Securities (PVT) Ltd.,Shree Krishna Securities Ltd.,100,957.0,95700.0,2025-07-24 14:06:30.180051
2025-07-24,47692,2025072403020695,LICN,Property Wiard Limited,Shree Krishna Securities Ltd.,97,956.0,92732.0,2025-07-24 14:06:30.180256
2025-07-24,47691,2025072403020696,LICN,Primo Securities (PVT) Ltd.,Shree Krishna Securities Ltd.,500,956.0,478000.0,2025-07-24 14:06:30.180324
2025-07-24,47690,2025072403020697,LICN,Naasa Securities Co. Ltd.,Shree Krishna Securities Ltd.,150,956.0,143400.0,2025-07-24 14:06:30.180393
2025-07-24,47689,2025072403020698,LICN,Sundhara Securities Limited,Shree Krishna Securities Ltd.,52,955.5,49686.0,2025-07-24 14:06:30.180461
2025-07-24,47688,2025072403020699,LICN,Naasa Securities Co. Ltd.,Shree Krishna Securities Ltd.,380,955.0,362900.0,2025-07-24 14:06:30.180531
2025-07-24,47687,2025072403020700,LICN,Vision Securities Pvt. Ltd,Shree Krishna Securities Ltd.,90,955.0,85950.0,2025-07-24 14:06:30.180596
2025-07-24,47686,2025072403020701,LICN,Infinity Securities Limited,Shree Krishna Securities Ltd.,10,955.0,9550.0,2025-07-24 14:06:30.180664
2025-07-24,47685,2025072403020702,LICN,Vision Securities Pvt. Ltd,Shree Krishna Securities Ltd.,50,955.0,47750.0,2025-07-24 14:06:30.180734
2025-07-24,47684,2025072403020703,LICN,Sani Securities Company Ltd.,Shree Krishna Securities Ltd.,50,955.0,47750.0,2025-07-24 14:06:30.180801
2025-07-24,47683,2025072403020704,LICN,Aryatara Investment & Securities,Shree Krishna Securities Ltd.,821,955.0,784055.0,2025-07-24 14:06:30.180867
2025-07-24,45654,2025072403021132,LICN,ABC Securities Private Limited,Vision Securities Pvt. Ltd,20,957.0,19140.0,2025-07-24 14:10:22.960208
2025-07-24,45653,2025072403021133,LICN,Opal Securities Investment (PVT) Ltd.,Vision Securities Pvt. Ltd,100,957.0,95700.0,2025-07-24 14:10:22.960327
2025-07-24,45652,2025072403021134,LICN,Sani Securities Company Ltd.,Vision Securities Pvt. Ltd,10,956.0,9560.0,2025-07-24 14:10:22.960401
2025-07-24,45651,2025072403021135,LICN,Vision Securities Pvt. Ltd,Vision Securities Pvt. Ltd,100,955.5,95550.0,2025-07-24 14:10:22.960474
2025-07-24,45650,2025072403021136,LICN,Thrive Brokerage House Pvt. Ltd,Vision Securities Pvt. Ltd,15,955.4,14331.0,2025-07-24 14:10:22.960561
2025-07-24,45649,2025072403021137,LICN,Opal Securities Investment (PVT) Ltd.,Vision Securities Pvt. Ltd,500,955.3,477650.0,2025-07-24 14:10:22.960707
2025-07-24,45648,2025072403021138,LICN,Vision Securities Pvt. Ltd,Vision Securities Pvt. Ltd,25,955.2,23880.0,2025-07-24 14:10:22.960821
2025-07-24,45647,2025072403021139,LICN,Dipshikha Dhitopatra Karobar Co. Pvt Ltd.,Vision Securities Pvt. Ltd,30,955.2,28656.0,2025-07-24 14:10:22.960921
2025-07-24,45646,2025072403021140,LICN,Imperial Securities Company Pvt. Ltd.,Vision Securities Pvt. Ltd,15,955.2,14328.0,2025-07-24 14:10:22.961010
2025-07-24,45645,2025072403021141,LICN,Aryatara Investment & Securities,Vision Securities Pvt. Ltd,85,955.0,81175.0,2025-07-24 14:10:22.961110
2025-07-24,44874,2025072403021280,LICN,Trisul Securities & Invt. Ltd.,Shree Krishna Securities Ltd.,55,957.0,52635.0,2025-07-24 14:11:51.508880
2025-07-24,44873,2025072403021281,LICN,Aryatara Investment & Securities,Shree Krishna Securities Ltd.,94,955.0,89770.0,2025-07-24 14:11:51.509075
2025-07-24,44872,2025072403021282,LICN,Naasa Securities Co. Ltd.,Shree Krishna Securities Ltd.,100,955.0,95500.0,2025-07-24 14:11:51.509142
2025-07-24,44871,2025072403021283,LICN,Swarna Laxmi Securities Pvt. Ltd.,Shree Krishna Securities Ltd.,500,955.0,477500.0,2025-07-24 14:11:51.509216
2025-07-24,44870,2025072403021284,LICN,Midas Stock Broking Company Private Limited,Shree Krishna Securities Ltd.,51,955.0,48705.0,2025-07-24 14:11:51.509283
2025-07-24,40859,2025072403022332,LICN,Magnet Securities and Investment Company Private Limited,Arun Securities (PVT) Ltd.,10,960.0,9600.0,2025-07-24 14:18:11.089708
2025-07-24,40632,2025072403022384,LICN,Sipla Securities Private Limited,Secured Securities Ltd.,100,960.1,96010.0,2025-07-24 14:18:32.936309
2025-07-24,39665,2025072403022648,LICN,Primo Securities (PVT) Ltd.,Secured Securities Ltd.,40,960.1,38404.0,2025-07-24 14:19:56.124898
2025-07-24,39445,2025072403022684,LICN,Magnet Securities and Investment Company Private Limited,Aryatara Investment & Securities,10,964.0,9640.0,2025-07-24 14:20:15.936021
2025-07-24,36120,2025072403023336,LICN,Investment Management Nepal Pvt. Ltd.,Premier Securities Company Ltd.,10,963.9,9639.0,2025-07-24 14:25:05.159213
2025-07-24,36119,2025072403023337,LICN,Investment Management Nepal Pvt. Ltd.,Aryatara Investment & Securities,210,964.0,202440.0,2025-07-24 14:25:05.159415
2025-07-24,36118,2025072403023338,LICN,Investment Management Nepal Pvt. Ltd.,Aryatara Investment & Securities,271,964.0,261244.0,2025-07-24 14:25:05.159492
2025-07-24,34894,2025072403023633,LICN,Naasa Securities Co. Ltd.,Naasa Securities Co. Ltd.,20,964.0,19280.0,2025-07-24 14:27:15.377652
2025-07-24,34461,2025072403023721,LICN,Linch Stock Market Ltd.,Online Securities Pvt. Ltd.,50,961.0,48050.0,2025-07-24 14:27:55.752305
2025-07-24,34460,2025072403023722,LICN,Sundhara Securities Limited,Online Securities Pvt. Ltd.,440,960.2,422488.0,2025-07-24 14:27:55.752505
2025-07-24,34459,2025072403023723,LICN,Primo Securities (PVT) Ltd.,Online Securities Pvt. Ltd.,60,960.1,57606.0,2025-07-24 14:27:55.752580
2025-07-24,34458,2025072403023724,LICN,Imperial Securities Company Pvt. Ltd.,Online Securities Pvt. Ltd.,15,960.1,14401.5,2025-07-24 14:27:55.752648
2025-07-24,34457,2025072403023725,LICN,Sani Securities Company Ltd.,Online Securities Pvt. Ltd.,104,960.0,99840.0,2025-07-24 14:27:55.752722
2025-07-24,34456,2025072403023726,LICN,Primo Securities (PVT) Ltd.,Online Securities Pvt. Ltd.,10,960.0,9600.0,2025-07-24 14:27:55.752822
2025-07-24,34455,2025072403023727,LICN,Dipshikha Dhitopatra Karobar Co. Pvt Ltd.,Online Securities Pvt. Ltd.,30,960.0,28800.0,2025-07-24 14:27:55.752902
2025-07-24,34270,2025072403023787,LICN,Sundhara Securities Limited,Online Securities Pvt. Ltd.,20,960.0,19200.0,2025-07-24 14:28:12.413489
2025-07-24,34233,2025072403023791,LICN,Deevyaa Securities & Stock House Pvt. Ltd,Deevyaa Securities & Stock House Pvt. Ltd,10,959.0,9590.0,2025-07-24 14:28:15.753003
2025-07-24,34232,2025072403023792,LICN,Aryatara Investment & Securities,Deevyaa Securities & Stock House Pvt. Ltd,30,959.0,28770.0,2025-07-24 14:28:15.753054
2025-07-24,34231,2025072403023793,LICN,Aryatara Investment & Securities,Deevyaa Securities & Stock House Pvt. Ltd,20,958.1,19162.0,2025-07-24 14:28:15.753078
2025-07-24,34230,2025072403023794,LICN,Investment Management Nepal Pvt. Ltd.,Deevyaa Securities & Stock House Pvt. Ltd,440,958.1,421564.0,2025-07-24 14:28:15.753111
2025-07-24,33995,2025072403023861,LICN,Investment Management Nepal Pvt. Ltd.,Online Securities Pvt. Ltd.,60,958.1,57486.0,2025-07-24 14:28:32.063586
2025-07-24,33994,2025072403023862,LICN,Sundhara Securities Limited,Online Securities Pvt. Ltd.,130,957.0,124410.0,2025-07-24 14:28:32.063918
2025-07-24,33993,2025072403023863,LICN,Creative Securities Pvt Ltd,Online Securities Pvt. Ltd.,50,957.0,47850.0,2025-07-24 14:28:32.064162
2025-07-24,33992,2025072403023864,LICN,Nepal Stock House (PVT) Ltd.,Online Securities Pvt. Ltd.,10,956.0,9560.0,2025-07-24 14:28:32.064371
2025-07-24,33991,2025072403023865,LICN,Secured Securities Ltd.,Online Securities Pvt. Ltd.,21,956.0,20076.0,2025-07-24 14:28:32.064439
2025-07-24,33785,2025072403023910,LICN,Nepal Stock House (PVT) Ltd.,Naasa Securities Co. Ltd.,15,959.0,14385.0,2025-07-24 14:28:53.931268
2025-07-24,33648,2025072403023951,LICN,Naasa Securities Co. Ltd.,Kumari Securities Private Limited,10,965.0,9650.0,2025-07-24 14:29:03.890264
2025-07-24,32398,2025072403024193,LICN,Sundhara Securities Limited,Kumari Securities Private Limited,190,965.0,183350.0,2025-07-24 14:30:56.520969
2025-07-24,32397,2025072403024194,LICN,Sundhara Securities Limited,Online Securities Pvt. Ltd.,100,965.0,96500.0,2025-07-24 14:30:56.521148
2025-07-24,31309,2025072403024506,LICN,Sundhara Securities Limited,Magnet Securities and Investment Company Private Limited,38,967.0,36746.0,2025-07-24 14:32:33.978150
2025-07-24,31098,2025072403024551,LICN,South Asian Bulls Pvt. Ltd.,Siprabi Securities Pvt. Ltd.,10,969.0,9690.0,2025-07-24 14:32:49.795836
2025-07-24,29928,2025072403024793,LICN,Sundhara Securities Limited,Siprabi Securities Pvt. Ltd.,40,969.0,38760.0,2025-07-24 14:34:26.446296
2025-07-24,29927,2025072403024794,LICN,Sundhara Securities Limited,Himalayan Brokerage Company Limited,60,969.0,58140.0,2025-07-24 14:34:26.446483
2025-07-24,27965,2025072403025234,LICN,Imperial Securities Company Pvt. Ltd.,Swarna Laxmi Securities Pvt. Ltd.,15,967.0,14505.0,2025-07-24 14:36:54.400279
2025-07-24,25364,2025072403025800,LICN,Garima Securities Limited,Swarna Laxmi Securities Pvt. Ltd.,33,967.0,31911.0,2025-07-24 14:40:19.498783
2025-07-24,25004,2025072403025883,LICN,Garima Securities Limited,Vision Securities Pvt. Ltd,67,967.0,64789.0,2025-07-24 14:40:46.441674
2025-07-24,17881,2025072403027526,LICN,Imperial Securities Company Pvt. Ltd.,South Asian Bulls Pvt. Ltd.,20,965.9,19318.0,2025-07-24 14:48:51.454407
2025-07-24,16790,2025072403027784,LICN,Sani Securities Company Ltd.,Cristal Kanchanjanga Securites Pvt. Ltd.,200,966.0,193200.0,2025-07-24 14:49:54.901741
2025-07-24,16019,2025072403027904,LICN,Opal Securities Investment (PVT) Ltd.,Naasa Securities Co. Ltd.,15,965.0,14475.0,2025-07-24 14:50:34.111346
2025-07-24,15500,2025072403028035,LICN,Sundhara Securities Limited,Cristal Kanchanjanga Securites Pvt. Ltd.,12,964.0,11568.0,2025-07-24 14:51:06.975074
2025-07-24,15210,2025072403028101,LICN,Ashutosh Brokerage & Securities (PVT) Ltd.,Cristal Kanchanjanga Securites Pvt. Ltd.,10,964.0,9640.0,2025-07-24 14:51:21.717688
2025-07-24,15209,2025072403028102,LICN,Ashutosh Brokerage & Securities (PVT) Ltd.,Aryatara Investment & Securities,31,966.0,29946.0,2025-07-24 14:51:21.717879
2025-07-24,15208,2025072403028103,LICN,Ashutosh Brokerage & Securities (PVT) Ltd.,Swarna Laxmi Securities Pvt. Ltd.,10,967.0,9670.0,2025-07-24 14:51:21.717956
2025-07-24,14664,2025072403028231,LICN,Ashutosh Brokerage & Securities (PVT) Ltd.,Imperial Securities Company Pvt. Ltd.,17,967.0,16439.0,2025-07-24 14:51:49.847344
2025-07-24,14470,2025072403028278,LICN,Imperial Securities Company Pvt. Ltd.,Trishakti Securities Public Limited,29,967.5,28057.5,2025-07-24 14:51:58.344889
2025-07-24,14431,2025072403028309,LICN,Ashutosh Brokerage & Securities (PVT) Ltd.,Trishakti Securities Public Limited,171,967.5,165442.5,2025-07-24 14:51:59.985939
2025-07-24,13398,2025072403028519,LICN,Investment Management Nepal Pvt. Ltd.,Hatemalo Financial Services Private Limited,40,967.7,38708.0,2025-07-24 14:52:48.512683
2025-07-24,12907,2025072403028667,LICN,Ashutosh Brokerage & Securities (PVT) Ltd.,Bhrikuti Stock Broking Co. Pvt. Ltd.,10,967.5,9675.0,2025-07-24 14:53:15.435663
2025-07-24,12606,2025072403028729,LICN,Ashutosh Brokerage & Securities (PVT) Ltd.,Naasa Securities Co. Ltd.,235,967.5,227362.5,2025-07-24 14:53:31.747886
2025-07-24,12099,2025072403028809,LICN,Ashutosh Brokerage & Securities (PVT) Ltd.,Opal Securities Investment (PVT) Ltd.,16,967.5,15480.0,2025-07-24 14:53:55.781706
2025-07-24,11547,2025072403028918,LICN,Opal Securities Investment (PVT) Ltd.,Opal Securities Investment (PVT) Ltd.,50,967.5,48375.0,2025-07-24 14:54:23.693684
2025-07-24,11391,2025072403028943,LICN,Aryatara Investment & Securities,Opal Securities Investment (PVT) Ltd.,134,967.5,129645.0,2025-07-24 14:54:31.070316
2025-07-24,11390,2025072403028944,LICN,Aryatara Investment & Securities,Imperial Securities Company Pvt. Ltd.,66,967.5,63855.0,2025-07-24 14:54:31.070495
2025-07-24,6989,2025072403030076,LICN,Online Securities Pvt. Ltd.,Opal Securities Investment (PVT) Ltd.,160,965.0,154400.0,2025-07-24 14:57:17.932678
2025-07-24,6412,2025072403030161,LICN,Online Securities Pvt. Ltd.,Imperial Securities Company Pvt. Ltd.,24,965.0,23160.0,2025-07-24 14:57:35.012489
2025-07-24,5789,2025072403030299,LICN,Dipshikha Dhitopatra Karobar Co. Pvt Ltd.,Trishakti Securities Public Limited,15,966.0,14490.0,2025-07-24 14:57:59.235977
2025-07-24,5788,2025072403030300,LICN,Sewa Securities Pvt. Ltd.,Trishakti Securities Public Limited,135,966.0,130410.0,2025-07-24 14:57:59.236035
2025-07-24,5057,2025072403030461,LICN,Sewa Securities Pvt. Ltd.,KALASH STOCK MARKET PVT. LTD.,65,966.0,62790.0,2025-07-24 14:58:22.778459
2025-07-24,5056,2025072403030462,LICN,Imperial Securities Company Pvt. Ltd.,KALASH STOCK MARKET PVT. LTD.,15,966.0,14490.0,2025-07-24 14:58:22.778642
2025-07-24,3457,2025072403030762,LICN,Online Securities Pvt. Ltd.,Sipla Securities Private Limited,300,965.0,289500.0,2025-07-24 14:59:05.826461
2025-07-24,3176,2025072403030821,LICN,Secured Securities Ltd.,ABC Securities Private Limited,100,966.0,96600.0,2025-07-24 14:59:13.102940
2025-07-24,2951,2025072403030856,LICN,Secured Securities Ltd.,Dakshinkali Investment & Securities Pvt. Ltd.,100,966.0,96600.0,2025-07-24 14:59:16.753392
2025-07-24,1740,2025072403031049,LICN,Online Securities Pvt. Ltd.,Sani Securities Company Ltd.,16,965.0,15440.0,2025-07-24 14:59:34.990565
2025-07-24,1739,2025072403031050,LICN,Sani Securities Company Ltd.,Sani Securities Company Ltd.,34,965.0,32810.0,2025-07-24 14:59:34.990715
2025-07-24,1519,2025072403031093,LICN,Sani Securities Company Ltd.,Hatemalo Financial Services Private Limited,185,965.0,178525.0,2025-07-24 14:59:37.733680
2025-07-24,1357,2025072403031124,LICN,Sani Securities Company Ltd.,Vision Securities Pvt. Ltd,20,965.0,19300.0,2025-07-24 14:59:40.567842
2025-07-24,930,2025072403031213,LICN,Market Securities & Exchange (PVT) Ltd.,Dakshinkali Investment & Securities Pvt. Ltd.,25,966.0,24150.0,2025-07-24 14:59:47.008395
2025-07-24,536,2025072403031307,LICN,Sani Securities Company Ltd.,Investment Management Nepal Pvt. Ltd.,15,965.0,14475.0,2025-07-24 14:59:53.697947
2025-07-24,488,2025072403031310,LICN,Sani Securities Company Ltd.,Siprabi Securities Pvt. Ltd.,100,965.0,96500.0,2025-07-24 14:59:54.211040
