Date,S.N.,Contract ID,Symbol,Buyer Broker,Seller Broker,quantity,rate,amount,transaction_time
2025-07-24,150248,2025072403000748,MFIL,Neev Securities Pvt. Ltd.,J.F. Securites (PVT) Ltd.,10,681.2,6812.0,2025-07-24 11:08:06.635981
2025-07-24,145732,2025072403001760,MFIL,Agrawal Securities (PVT) Ltd.,Cristal Kanchanjanga Securites Pvt. Ltd.,50,682.2,34110.0,2025-07-24 11:15:33.443749
2025-07-24,145731,2025072403001761,MFIL,Dipshikha Dhitopatra Karobar Co. Pvt Ltd.,Cristal Kanchanjanga Securites Pvt. Ltd.,50,682.1,34105.0,2025-07-24 11:15:33.443836
2025-07-24,145601,2025072403001796,MFIL,Dakshinkali Investment & Securities Pvt. Ltd.,Naasa Securities Co. Ltd.,65,685.0,44525.0,2025-07-24 11:15:43.831758
2025-07-24,145600,2025072403001797,MFIL,Dakshinkali Investment & Securities Pvt. Ltd.,ABC Securities Private Limited,500,687.0,343500.0,2025-07-24 11:15:43.831846
2025-07-24,145599,2025072403001798,MFIL,Dakshinkali Investment & Securities Pvt. Ltd.,Sani Securities Company Ltd.,50,688.0,34400.0,2025-07-24 11:15:43.831895
2025-07-24,145598,2025072403001799,MFIL,Dakshinkali Investment & Securities Pvt. Ltd.,ABC Securities Private Limited,500,690.0,345000.0,2025-07-24 11:15:43.831935
2025-07-24,144995,2025072403001940,MFIL,Dakshinkali Investment & Securities Pvt. Ltd.,Naasa Securities Co. Ltd.,85,690.0,58650.0,2025-07-24 11:16:42.254570
2025-07-24,144185,2025072403002077,MFIL,Dakshinkali Investment & Securities Pvt. Ltd.,ABC Securities Private Limited,500,688.0,344000.0,2025-07-24 11:17:53.246218
2025-07-24,144184,2025072403002078,MFIL,Dakshinkali Investment & Securities Pvt. Ltd.,Naasa Securities Co. Ltd.,165,690.0,113850.0,2025-07-24 11:17:53.246318
2025-07-24,144183,2025072403002079,MFIL,Dakshinkali Investment & Securities Pvt. Ltd.,ABC Securities Private Limited,438,690.0,302220.0,2025-07-24 11:17:53.246383
2025-07-24,144182,2025072403002080,MFIL,Dakshinkali Investment & Securities Pvt. Ltd.,Naasa Securities Co. Ltd.,100,690.0,69000.0,2025-07-24 11:17:53.246445
2025-07-24,142753,2025072403002436,MFIL,Linch Stock Market Ltd.,Vision Securities Pvt. Ltd,10,683.0,6830.0,2025-07-24 11:20:14.265142
2025-07-24,142752,2025072403002437,MFIL,Imperial Securities Company Pvt. Ltd.,Vision Securities Pvt. Ltd,20,683.0,13660.0,2025-07-24 11:20:14.265266
2025-07-24,142751,2025072403002438,MFIL,Aryatara Investment & Securities,Vision Securities Pvt. Ltd,75,682.3,51172.5,2025-07-24 11:20:14.265312
2025-07-24,142750,2025072403002439,MFIL,Linch Stock Market Ltd.,Vision Securities Pvt. Ltd,215,682.2,146673.0,2025-07-24 11:20:14.265351
2025-07-24,142749,2025072403002440,MFIL,Dynamic Money Managers Securities Pvt. Ltd.,Vision Securities Pvt. Ltd,180,682.2,122796.0,2025-07-24 11:20:14.265391
2025-07-24,142689,2025072403002449,MFIL,Dynamic Money Managers Securities Pvt. Ltd.,Primo Securities (PVT) Ltd.,300,682.2,204660.0,2025-07-24 11:20:20.514967
2025-07-24,141522,2025072403002729,MFIL,Opal Securities Investment (PVT) Ltd.,Naasa Securities Co. Ltd.,85,687.0,58395.0,2025-07-24 11:22:02.784846
2025-07-24,141521,2025072403002730,MFIL,Opal Securities Investment (PVT) Ltd.,Siprabi Securities Pvt. Ltd.,415,687.0,285105.0,2025-07-24 11:22:02.784951
2025-07-24,140425,2025072403002946,MFIL,Dakshinkali Investment & Securities Pvt. Ltd.,Siprabi Securities Pvt. Ltd.,185,687.0,127095.0,2025-07-24 11:23:38.877495
2025-07-24,140424,2025072403002947,MFIL,Dakshinkali Investment & Securities Pvt. Ltd.,Linch Stock Market Ltd.,30,687.0,20610.0,2025-07-24 11:23:38.877601
2025-07-24,140423,2025072403002948,MFIL,Dakshinkali Investment & Securities Pvt. Ltd.,Siprabi Securities Pvt. Ltd.,98,688.0,67424.0,2025-07-24 11:23:38.877650
2025-07-24,140422,2025072403002949,MFIL,Dakshinkali Investment & Securities Pvt. Ltd.,Sani Securities Company Ltd.,100,688.9,68890.0,2025-07-24 11:23:38.877696
2025-07-24,140421,2025072403002950,MFIL,Dakshinkali Investment & Securities Pvt. Ltd.,Aryatara Investment & Securities,200,688.9,137780.0,2025-07-24 11:23:38.877743
2025-07-24,140420,2025072403002951,MFIL,Dakshinkali Investment & Securities Pvt. Ltd.,ABC Securities Private Limited,387,689.0,266643.0,2025-07-24 11:23:38.877788
2025-07-24,139938,2025072403003056,MFIL,Elite Stock House Limited,Linch Stock Market Ltd.,22,687.0,15114.0,2025-07-24 11:24:25.195119
2025-07-24,139849,2025072403003081,MFIL,Elite Stock House Limited,ABC Securities Private Limited,104,689.0,71656.0,2025-07-24 11:24:35.722377
2025-07-24,139635,2025072403003142,MFIL,Secured Securities Ltd.,Online Securities Pvt. Ltd.,27,690.0,18630.0,2025-07-24 11:24:53.496412
2025-07-24,139634,2025072403003143,MFIL,Secured Securities Ltd.,Opal Securities Investment (PVT) Ltd.,50,690.0,34500.0,2025-07-24 11:24:53.496533
2025-07-24,139633,2025072403003144,MFIL,Secured Securities Ltd.,ABC Securities Private Limited,423,690.0,291870.0,2025-07-24 11:24:53.496583
2025-07-24,139379,2025072403003224,MFIL,Elite Stock House Limited,Kohinoor Investment & Securities Pvt. Ltd.,211,689.0,145379.0,2025-07-24 11:25:17.336692
2025-07-24,139233,2025072403003259,MFIL,Elite Stock House Limited,Kohinoor Investment & Securities Pvt. Ltd.,430,689.0,296270.0,2025-07-24 11:25:28.663789
2025-07-24,139232,2025072403003260,MFIL,Elite Stock House Limited,Sani Securities Company Ltd.,200,689.0,137800.0,2025-07-24 11:25:28.663822
2025-07-24,139231,2025072403003261,MFIL,Elite Stock House Limited,ABC Securities Private Limited,77,690.0,53130.0,2025-07-24 11:25:28.663844
2025-07-24,139230,2025072403003262,MFIL,Elite Stock House Limited,Online Securities Pvt. Ltd.,90,690.0,62100.0,2025-07-24 11:25:28.663867
2025-07-24,139229,2025072403003263,MFIL,Elite Stock House Limited,Dakshinkali Investment & Securities Pvt. Ltd.,50,690.0,34500.0,2025-07-24 11:25:28.663889
2025-07-24,139228,2025072403003264,MFIL,Elite Stock House Limited,Capital Max Securities Ltd,264,691.0,182424.0,2025-07-24 11:25:28.663919
2025-07-24,139071,2025072403003310,MFIL,Elite Stock House Limited,Capital Max Securities Ltd,236,691.0,163076.0,2025-07-24 11:25:43.568902
2025-07-24,139070,2025072403003311,MFIL,Elite Stock House Limited,Shree Krishna Securities Ltd.,10,691.9,6919.0,2025-07-24 11:25:43.568946
2025-07-24,139069,2025072403003312,MFIL,Elite Stock House Limited,ABC Securities Private Limited,976,692.0,675392.0,2025-07-24 11:25:43.568976
2025-07-24,138941,2025072403003326,MFIL,Elite Stock House Limited,Sani Securities Company Ltd.,91,691.0,62881.0,2025-07-24 11:25:54.232630
2025-07-24,138863,2025072403003357,MFIL,Elite Stock House Limited,Oxford Securities Pvt. Ltd.,775,690.0,534750.0,2025-07-24 11:26:01.800495
2025-07-24,138777,2025072403003376,MFIL,Elite Stock House Limited,ABC Securities Private Limited,41,690.0,28290.0,2025-07-24 11:26:09.007668
2025-07-24,138307,2025072403003466,MFIL,Dipshikha Dhitopatra Karobar Co. Pvt Ltd.,Opal Securities Investment (PVT) Ltd.,124,691.5,85746.0,2025-07-24 11:26:49.722447
2025-07-24,137875,2025072403003557,MFIL,Bhrikuti Stock Broking Co. Pvt. Ltd.,ABC Securities Private Limited,24,692.0,16608.0,2025-07-24 11:27:26.844920
2025-07-24,137874,2025072403003558,MFIL,Bhrikuti Stock Broking Co. Pvt. Ltd.,Online Securities Pvt. Ltd.,100,692.0,69200.0,2025-07-24 11:27:26.844963
2025-07-24,137873,2025072403003559,MFIL,Bhrikuti Stock Broking Co. Pvt. Ltd.,Kohinoor Investment & Securities Pvt. Ltd.,10,692.4,6924.0,2025-07-24 11:27:26.844990
2025-07-24,137872,2025072403003560,MFIL,Bhrikuti Stock Broking Co. Pvt. Ltd.,Sweta Securities Private Limited,50,692.8,34640.0,2025-07-24 11:27:26.845032
2025-07-24,137871,2025072403003561,MFIL,Bhrikuti Stock Broking Co. Pvt. Ltd.,Midas Stock Broking Company Private Limited,816,692.9,565406.4,2025-07-24 11:27:26.845056
2025-07-24,137594,2025072403003601,MFIL,Secured Securities Ltd.,Midas Stock Broking Company Private Limited,302,692.9,209255.8,2025-07-24 11:27:44.648504
2025-07-24,137593,2025072403003602,MFIL,Secured Securities Ltd.,Magnet Securities and Investment Company Private Limited,198,693.0,137214.0,2025-07-24 11:27:44.648759
2025-07-24,137396,2025072403003642,MFIL,Secured Securities Ltd.,Magnet Securities and Investment Company Private Limited,302,693.0,209286.0,2025-07-24 11:27:59.841003
2025-07-24,137364,2025072403003647,MFIL,Neev Securities Pvt. Ltd.,South Asian Bulls Pvt. Ltd.,8,680.0,5440.0,2025-07-24 11:28:02.503760
2025-07-24,137145,2025072403003685,MFIL,Bhrikuti Stock Broking Co. Pvt. Ltd.,Online Securities Pvt. Ltd.,10,693.9,6939.0,2025-07-24 11:28:16.919777
2025-07-24,137144,2025072403003686,MFIL,Bhrikuti Stock Broking Co. Pvt. Ltd.,Capital Max Securities Ltd,50,694.0,34700.0,2025-07-24 11:28:16.919830
2025-07-24,137143,2025072403003687,MFIL,Bhrikuti Stock Broking Co. Pvt. Ltd.,Dakshinkali Investment & Securities Pvt. Ltd.,200,694.0,138800.0,2025-07-24 11:28:16.919855
2025-07-24,137142,2025072403003688,MFIL,Bhrikuti Stock Broking Co. Pvt. Ltd.,Premier Securities Company Ltd.,10,694.6,6946.0,2025-07-24 11:28:16.919877
2025-07-24,137141,2025072403003689,MFIL,Bhrikuti Stock Broking Co. Pvt. Ltd.,Premier Securities Company Ltd.,18,694.7,12504.6,2025-07-24 11:28:16.919901
2025-07-24,137140,2025072403003690,MFIL,Bhrikuti Stock Broking Co. Pvt. Ltd.,Creative Securities Pvt Ltd,60,694.8,41688.0,2025-07-24 11:28:16.919925
2025-07-24,137139,2025072403003691,MFIL,Bhrikuti Stock Broking Co. Pvt. Ltd.,Dynamic Money Managers Securities Pvt. Ltd.,80,694.8,55584.0,2025-07-24 11:28:16.919983
2025-07-24,137138,2025072403003692,MFIL,Bhrikuti Stock Broking Co. Pvt. Ltd.,Magnet Securities and Investment Company Private Limited,572,694.8,397425.6,2025-07-24 11:28:16.920019
2025-07-24,137001,2025072403003721,MFIL,Bhrikuti Stock Broking Co. Pvt. Ltd.,Magnet Securities and Investment Company Private Limited,318,694.8,220946.4,2025-07-24 11:28:28.144503
2025-07-24,137000,2025072403003722,MFIL,Bhrikuti Stock Broking Co. Pvt. Ltd.,ABC Securities Private Limited,982,694.9,682391.8,2025-07-24 11:28:28.144563
2025-07-24,136835,2025072403003748,MFIL,Elite Stock House Limited,ABC Securities Private Limited,10,694.9,6949.0,2025-07-24 11:28:39.149635
2025-07-24,136794,2025072403003761,MFIL,Bhrikuti Stock Broking Co. Pvt. Ltd.,Deevyaa Securities & Stock House Pvt. Ltd,50,695.0,34750.0,2025-07-24 11:28:42.667903
2025-07-24,136793,2025072403003762,MFIL,Bhrikuti Stock Broking Co. Pvt. Ltd.,Sani Securities Company Ltd.,200,695.0,139000.0,2025-07-24 11:28:42.667949
2025-07-24,136792,2025072403003763,MFIL,Bhrikuti Stock Broking Co. Pvt. Ltd.,Dynamic Money Managers Securities Pvt. Ltd.,200,695.0,139000.0,2025-07-24 11:28:42.667974
2025-07-24,136791,2025072403003764,MFIL,Bhrikuti Stock Broking Co. Pvt. Ltd.,Creative Securities Pvt Ltd,500,695.0,347500.0,2025-07-24 11:28:42.667998
2025-07-24,136790,2025072403003765,MFIL,Bhrikuti Stock Broking Co. Pvt. Ltd.,Naasa Securities Co. Ltd.,100,696.0,69600.0,2025-07-24 11:28:42.668045
2025-07-24,136789,2025072403003766,MFIL,Bhrikuti Stock Broking Co. Pvt. Ltd.,Trishakti Securities Public Limited,11,696.0,7656.0,2025-07-24 11:28:42.668068
2025-07-24,136788,2025072403003767,MFIL,Bhrikuti Stock Broking Co. Pvt. Ltd.,Capital Max Securities Ltd,55,697.0,38335.0,2025-07-24 11:28:42.668095
2025-07-24,136787,2025072403003768,MFIL,Bhrikuti Stock Broking Co. Pvt. Ltd.,Ashutosh Brokerage & Securities (PVT) Ltd.,300,697.0,209100.0,2025-07-24 11:28:42.668119
2025-07-24,136786,2025072403003769,MFIL,Bhrikuti Stock Broking Co. Pvt. Ltd.,Sani Securities Company Ltd.,400,697.0,278800.0,2025-07-24 11:28:42.668142
2025-07-24,136785,2025072403003770,MFIL,Bhrikuti Stock Broking Co. Pvt. Ltd.,Investment Management Nepal Pvt. Ltd.,50,697.8,34890.0,2025-07-24 11:28:42.668167
2025-07-24,136784,2025072403003771,MFIL,Bhrikuti Stock Broking Co. Pvt. Ltd.,Aryatara Investment & Securities,300,697.8,209340.0,2025-07-24 11:28:42.668191
2025-07-24,136783,2025072403003772,MFIL,Bhrikuti Stock Broking Co. Pvt. Ltd.,Ashutosh Brokerage & Securities (PVT) Ltd.,100,697.8,69780.0,2025-07-24 11:28:42.668214
2025-07-24,136782,2025072403003773,MFIL,Bhrikuti Stock Broking Co. Pvt. Ltd.,Dakshinkali Investment & Securities Pvt. Ltd.,800,697.8,558240.0,2025-07-24 11:28:42.668236
2025-07-24,136781,2025072403003774,MFIL,Bhrikuti Stock Broking Co. Pvt. Ltd.,Dakshinkali Investment & Securities Pvt. Ltd.,934,697.8,651745.2,2025-07-24 11:28:42.668258
2025-07-24,136248,2025072403003877,MFIL,Opal Securities Investment (PVT) Ltd.,Dakshinkali Investment & Securities Pvt. Ltd.,500,697.8,348900.0,2025-07-24 11:29:25.081229
2025-07-24,135480,2025072403004001,MFIL,Secured Securities Ltd.,ABC Securities Private Limited,198,695.0,137610.0,2025-07-24 11:30:28.879414
2025-07-24,135479,2025072403004002,MFIL,Linch Stock Market Ltd.,ABC Securities Private Limited,100,695.0,69500.0,2025-07-24 11:30:28.879513
2025-07-24,135297,2025072403004019,MFIL,Neev Securities Pvt. Ltd.,ABC Securities Private Limited,10,694.8,6948.0,2025-07-24 11:30:40.516378
2025-07-24,135296,2025072403004020,MFIL,Opal Securities Investment (PVT) Ltd.,ABC Securities Private Limited,300,694.0,208200.0,2025-07-24 11:30:40.516476
2025-07-24,135295,2025072403004021,MFIL,Dipshikha Dhitopatra Karobar Co. Pvt Ltd.,ABC Securities Private Limited,198,693.0,137214.0,2025-07-24 11:30:40.516525
2025-07-24,135163,2025072403004041,MFIL,Agrawal Securities (PVT) Ltd.,ABC Securities Private Limited,50,694.0,34700.0,2025-07-24 11:30:54.274445
2025-07-24,135162,2025072403004042,MFIL,Dipshikha Dhitopatra Karobar Co. Pvt Ltd.,ABC Securities Private Limited,161,693.0,111573.0,2025-07-24 11:30:54.274565
2025-07-24,135079,2025072403004047,MFIL,Neev Securities Pvt. Ltd.,Bhrikuti Stock Broking Co. Pvt. Ltd.,2,682.1,1364.2,2025-07-24 11:30:59.182762
2025-07-24,134509,2025072403004137,MFIL,Kohinoor Investment & Securities Pvt. Ltd.,Nepal Stock House (PVT) Ltd.,500,697.0,348500.0,2025-07-24 11:31:40.094612
2025-07-24,133905,2025072403004212,MFIL,Siprabi Securities Pvt. Ltd.,Hatemalo Financial Services Private Limited,200,696.0,139200.0,2025-07-24 11:32:28.149114
2025-07-24,133904,2025072403004213,MFIL,Siprabi Securities Pvt. Ltd.,Sundhara Securities Limited,160,697.5,111600.0,2025-07-24 11:32:28.149231
2025-07-24,133903,2025072403004214,MFIL,Siprabi Securities Pvt. Ltd.,Dakshinkali Investment & Securities Pvt. Ltd.,66,697.8,46054.8,2025-07-24 11:32:28.149281
2025-07-24,133902,2025072403004215,MFIL,Siprabi Securities Pvt. Ltd.,ABC Securities Private Limited,144,698.0,100512.0,2025-07-24 11:32:28.149326
2025-07-24,133824,2025072403004222,MFIL,Neev Securities Pvt. Ltd.,Malla & Malla Stock Broking Company Pvt. Limited,1,685.0,685.0,2025-07-24 11:32:35.098508
2025-07-24,133621,2025072403004256,MFIL,Asian Securities Private Ltd.,Online Securities Pvt. Ltd.,50,697.5,34875.0,2025-07-24 11:32:54.651124
2025-07-24,133620,2025072403004257,MFIL,Asian Securities Private Ltd.,ABC Securities Private Limited,70,698.0,48860.0,2025-07-24 11:32:54.651245
2025-07-24,133303,2025072403004302,MFIL,Asian Securities Private Ltd.,ABC Securities Private Limited,10,698.0,6980.0,2025-07-24 11:33:19.444559
2025-07-24,133209,2025072403004314,MFIL,Neev Securities Pvt. Ltd.,ABC Securities Private Limited,9,690.0,6210.0,2025-07-24 11:33:27.889091
2025-07-24,133038,2025072403004369,MFIL,Neev Securities Pvt. Ltd.,Sani Securities Company Ltd.,9,691.0,6219.0,2025-07-24 11:33:38.875967
2025-07-24,132608,2025072403004466,MFIL,Bhrikuti Stock Broking Co. Pvt. Ltd.,Hatemalo Financial Services Private Limited,100,697.0,69700.0,2025-07-24 11:34:14.542720
2025-07-24,132607,2025072403004467,MFIL,Bhrikuti Stock Broking Co. Pvt. Ltd.,ABC Securities Private Limited,276,698.0,192648.0,2025-07-24 11:34:14.542765
2025-07-24,132606,2025072403004468,MFIL,Bhrikuti Stock Broking Co. Pvt. Ltd.,Kohinoor Investment & Securities Pvt. Ltd.,77,699.0,53823.0,2025-07-24 11:34:14.542793
2025-07-24,132605,2025072403004469,MFIL,Bhrikuti Stock Broking Co. Pvt. Ltd.,Imperial Securities Company Pvt. Ltd.,250,699.0,174750.0,2025-07-24 11:34:14.542827
2025-07-24,132604,2025072403004470,MFIL,Bhrikuti Stock Broking Co. Pvt. Ltd.,Nepal Stock House (PVT) Ltd.,500,699.0,349500.0,2025-07-24 11:34:14.542850
2025-07-24,132603,2025072403004471,MFIL,Bhrikuti Stock Broking Co. Pvt. Ltd.,Imperial Securities Company Pvt. Ltd.,200,699.8,139960.0,2025-07-24 11:34:14.542874
2025-07-24,132602,2025072403004472,MFIL,Bhrikuti Stock Broking Co. Pvt. Ltd.,ABC Securities Private Limited,97,699.9,67890.3,2025-07-24 11:34:14.542899
2025-07-24,132591,2025072403004473,MFIL,Neev Securities Pvt. Ltd.,Imperial Securities Company Pvt. Ltd.,5,690.0,3450.0,2025-07-24 11:34:15.985785
2025-07-24,132225,2025072403004540,MFIL,Bhrikuti Stock Broking Co. Pvt. Ltd.,ABC Securities Private Limited,300,699.9,209970.0,2025-07-24 11:34:45.965101
2025-07-24,131661,2025072403004653,MFIL,Bhrikuti Stock Broking Co. Pvt. Ltd.,Sweta Securities Private Limited,200,699.0,139800.0,2025-07-24 11:35:44.036727
2025-07-24,131318,2025072403004681,MFIL,Bhrikuti Stock Broking Co. Pvt. Ltd.,Sweta Securities Private Limited,300,699.0,209700.0,2025-07-24 11:36:08.511563
2025-07-24,131317,2025072403004682,MFIL,Bhrikuti Stock Broking Co. Pvt. Ltd.,ABC Securities Private Limited,603,699.9,422039.7,2025-07-24 11:36:08.511659
2025-07-24,131316,2025072403004683,MFIL,Bhrikuti Stock Broking Co. Pvt. Ltd.,ABC Securities Private Limited,100,700.0,70000.0,2025-07-24 11:36:08.511788
2025-07-24,131315,2025072403004684,MFIL,Bhrikuti Stock Broking Co. Pvt. Ltd.,Imperial Securities Company Pvt. Ltd.,100,700.0,70000.0,2025-07-24 11:36:08.511858
2025-07-24,131314,2025072403004685,MFIL,Bhrikuti Stock Broking Co. Pvt. Ltd.,Naasa Securities Co. Ltd.,465,700.0,325500.0,2025-07-24 11:36:08.511925
2025-07-24,131313,2025072403004686,MFIL,Bhrikuti Stock Broking Co. Pvt. Ltd.,Secured Securities Ltd.,40,700.0,28000.0,2025-07-24 11:36:08.511988
2025-07-24,131312,2025072403004687,MFIL,Bhrikuti Stock Broking Co. Pvt. Ltd.,Online Securities Pvt. Ltd.,100,700.0,70000.0,2025-07-24 11:36:08.512079
2025-07-24,131311,2025072403004688,MFIL,Bhrikuti Stock Broking Co. Pvt. Ltd.,Trishakti Securities Public Limited,10,700.0,7000.0,2025-07-24 11:36:08.512163
2025-07-24,131310,2025072403004689,MFIL,Bhrikuti Stock Broking Co. Pvt. Ltd.,Sani Securities Company Ltd.,40,700.0,28000.0,2025-07-24 11:36:08.512227
2025-07-24,131309,2025072403004690,MFIL,Bhrikuti Stock Broking Co. Pvt. Ltd.,ABC Securities Private Limited,500,700.0,350000.0,2025-07-24 11:36:08.512284
2025-07-24,131308,2025072403004691,MFIL,Bhrikuti Stock Broking Co. Pvt. Ltd.,Naasa Securities Co. Ltd.,30,701.0,21030.0,2025-07-24 11:36:08.512348
2025-07-24,131307,2025072403004692,MFIL,Bhrikuti Stock Broking Co. Pvt. Ltd.,Kalika Securities Pvt. Ltd.,12,701.0,8412.0,2025-07-24 11:36:08.512411
2025-07-24,130903,2025072403004742,MFIL,Imperial Securities Company Pvt. Ltd.,Hatemalo Financial Services Private Limited,100,697.0,69700.0,2025-07-24 11:36:49.531138
2025-07-24,130902,2025072403004743,MFIL,Cristal Kanchanjanga Securites Pvt. Ltd.,Hatemalo Financial Services Private Limited,100,696.1,69610.0,2025-07-24 11:36:49.531282
2025-07-24,130732,2025072403004768,MFIL,Dakshinkali Investment & Securities Pvt. Ltd.,Vision Securities Pvt. Ltd,200,700.0,140000.0,2025-07-24 11:37:04.141432
2025-07-24,130731,2025072403004769,MFIL,Dakshinkali Investment & Securities Pvt. Ltd.,Kalika Securities Pvt. Ltd.,138,701.0,96738.0,2025-07-24 11:37:04.141558
2025-07-24,130730,2025072403004770,MFIL,Dakshinkali Investment & Securities Pvt. Ltd.,Dipshikha Dhitopatra Karobar Co. Pvt Ltd.,50,701.0,35050.0,2025-07-24 11:37:04.141613
2025-07-24,130729,2025072403004771,MFIL,Dakshinkali Investment & Securities Pvt. Ltd.,Nepal Stock House (PVT) Ltd.,40,701.0,28040.0,2025-07-24 11:37:04.141678
2025-07-24,130728,2025072403004772,MFIL,Dakshinkali Investment & Securities Pvt. Ltd.,Nepal Investment And Securities Trading Private Limited,1000,702.0,702000.0,2025-07-24 11:37:04.141748
2025-07-24,130727,2025072403004773,MFIL,Dakshinkali Investment & Securities Pvt. Ltd.,ABC Securities Private Limited,500,702.0,351000.0,2025-07-24 11:37:04.141814
2025-07-24,130435,2025072403004848,MFIL,Dakshinkali Investment & Securities Pvt. Ltd.,Sundhara Securities Limited,72,702.0,50544.0,2025-07-24 11:37:24.889814
2025-07-24,129508,2025072403004966,MFIL,Dakshinkali Investment & Securities Pvt. Ltd.,Hatemalo Financial Services Private Limited,100,701.9,70190.0,2025-07-24 11:38:43.604989
2025-07-24,129507,2025072403004967,MFIL,Dakshinkali Investment & Securities Pvt. Ltd.,Sundhara Securities Limited,28,702.0,19656.0,2025-07-24 11:38:43.605175
2025-07-24,129506,2025072403004968,MFIL,Dakshinkali Investment & Securities Pvt. Ltd.,Online Securities Pvt. Ltd.,72,702.0,50544.0,2025-07-24 11:38:43.605258
2025-07-24,129498,2025072403004973,MFIL,Dakshinkali Investment & Securities Pvt. Ltd.,Online Securities Pvt. Ltd.,28,702.0,19656.0,2025-07-24 11:38:44.266451
2025-07-24,129497,2025072403004974,MFIL,Dakshinkali Investment & Securities Pvt. Ltd.,Sani Securities Company Ltd.,100,702.0,70200.0,2025-07-24 11:38:44.266576
2025-07-24,129302,2025072403005008,MFIL,Dakshinkali Investment & Securities Pvt. Ltd.,Siprabi Securities Pvt. Ltd.,65,702.0,45630.0,2025-07-24 11:38:53.887894
2025-07-24,128973,2025072403005043,MFIL,Neev Securities Pvt. Ltd.,Naasa Securities Co. Ltd.,100,702.0,70200.0,2025-07-24 11:39:12.179464
2025-07-24,128801,2025072403005061,MFIL,Secured Securities Ltd.,Aryatara Investment & Securities,80,702.9,56232.0,2025-07-24 11:39:25.322356
2025-07-24,128702,2025072403005085,MFIL,Neev Securities Pvt. Ltd.,Premier Securities Company Ltd.,22,702.0,15444.0,2025-07-24 11:39:32.507860
2025-07-24,128701,2025072403005086,MFIL,Dakshinkali Investment & Securities Pvt. Ltd.,Premier Securities Company Ltd.,178,702.0,124956.0,2025-07-24 11:39:32.508007
2025-07-24,128439,2025072403005135,MFIL,Neev Securities Pvt. Ltd.,Opal Securities Investment (PVT) Ltd.,7,697.0,4879.0,2025-07-24 11:39:56.714502
2025-07-24,128370,2025072403005148,MFIL,Dakshinkali Investment & Securities Pvt. Ltd.,Aryatara Investment & Securities,20,702.9,14058.0,2025-07-24 11:40:03.071629
2025-07-24,128369,2025072403005149,MFIL,Dakshinkali Investment & Securities Pvt. Ltd.,Sweta Securities Private Limited,50,702.9,35145.0,2025-07-24 11:40:03.071747
2025-07-24,128368,2025072403005150,MFIL,Dakshinkali Investment & Securities Pvt. Ltd.,Dipshikha Dhitopatra Karobar Co. Pvt Ltd.,50,703.0,35150.0,2025-07-24 11:40:03.071797
2025-07-24,128367,2025072403005151,MFIL,Dakshinkali Investment & Securities Pvt. Ltd.,Bhrikuti Stock Broking Co. Pvt. Ltd.,80,703.0,56240.0,2025-07-24 11:40:03.071852
2025-07-24,128265,2025072403005169,MFIL,Kumari Securities Private Limited,Bhrikuti Stock Broking Co. Pvt. Ltd.,20,703.0,14060.0,2025-07-24 11:40:11.043238
2025-07-24,128154,2025072403005193,MFIL,Kumari Securities Private Limited,Naasa Securities Co. Ltd.,10,703.0,7030.0,2025-07-24 11:40:22.506859
2025-07-24,127717,2025072403005259,MFIL,Midas Stock Broking Company Private Limited,Naasa Securities Co. Ltd.,90,703.0,63270.0,2025-07-24 11:41:01.479667
2025-07-24,127716,2025072403005260,MFIL,Midas Stock Broking Company Private Limited,Hatemalo Financial Services Private Limited,10,703.0,7030.0,2025-07-24 11:41:01.479808
2025-07-24,127591,2025072403005283,MFIL,Dakshinkali Investment & Securities Pvt. Ltd.,Asian Securities Private Ltd.,22,702.0,15444.0,2025-07-24 11:41:11.386219
2025-07-24,127447,2025072403005311,MFIL,Neev Securities Pvt. Ltd.,Hatemalo Financial Services Private Limited,580,700.0,406000.0,2025-07-24 11:41:20.188965
2025-07-24,127422,2025072403005315,MFIL,Neev Securities Pvt. Ltd.,ABC Securities Private Limited,120,700.0,84000.0,2025-07-24 11:41:23.130929
2025-07-24,126017,2025072403005596,MFIL,Linch Stock Market Ltd.,Hatemalo Financial Services Private Limited,10,698.0,6980.0,2025-07-24 11:43:36.759364
2025-07-24,125897,2025072403005625,MFIL,Imperial Securities Company Pvt. Ltd.,ABC Securities Private Limited,380,700.0,266000.0,2025-07-24 11:43:45.705226
2025-07-24,125896,2025072403005626,MFIL,Imperial Securities Company Pvt. Ltd.,Trishakti Securities Public Limited,10,700.0,7000.0,2025-07-24 11:43:45.705525
2025-07-24,125380,2025072403005741,MFIL,Dakshinkali Investment & Securities Pvt. Ltd.,Premier Securities Company Ltd.,500,700.0,350000.0,2025-07-24 11:44:36.121673
2025-07-24,125121,2025072403005824,MFIL,Dakshinkali Investment & Securities Pvt. Ltd.,Premier Securities Company Ltd.,200,700.0,140000.0,2025-07-24 11:45:00.939872
2025-07-24,125095,2025072403005830,MFIL,Imperial Securities Company Pvt. Ltd.,Asian Securities Private Ltd.,150,702.0,105300.0,2025-07-24 11:45:03.613528
2025-07-24,125094,2025072403005831,MFIL,Imperial Securities Company Pvt. Ltd.,Sani Securities Company Ltd.,200,702.0,140400.0,2025-07-24 11:45:03.613684
2025-07-24,125093,2025072403005832,MFIL,Imperial Securities Company Pvt. Ltd.,Vision Securities Pvt. Ltd,350,702.0,245700.0,2025-07-24 11:45:03.613764
2025-07-24,124787,2025072403005880,MFIL,Dynamic Money Managers Securities Pvt. Ltd.,ABC Securities Private Limited,213,700.0,149100.0,2025-07-24 11:45:25.722000
2025-07-24,124425,2025072403005948,MFIL,Imperial Securities Company Pvt. Ltd.,Sweta Securities Private Limited,10,698.1,6981.0,2025-07-24 11:46:01.523580
2025-07-24,124424,2025072403005949,MFIL,Linch Stock Market Ltd.,Sweta Securities Private Limited,340,698.0,237320.0,2025-07-24 11:46:01.523729
2025-07-24,124423,2025072403005950,MFIL,Linch Stock Market Ltd.,Sweta Securities Private Limited,150,698.0,104700.0,2025-07-24 11:46:01.523788
2025-07-24,124293,2025072403005970,MFIL,Linch Stock Market Ltd.,Premier Securities Company Ltd.,100,698.0,69800.0,2025-07-24 11:46:14.460430
2025-07-24,123870,2025072403006046,MFIL,Imperial Securities Company Pvt. Ltd.,ABC Securities Private Limited,287,700.0,200900.0,2025-07-24 11:46:58.398671
2025-07-24,123869,2025072403006047,MFIL,Imperial Securities Company Pvt. Ltd.,ABC Securities Private Limited,213,700.0,149100.0,2025-07-24 11:46:58.398830
2025-07-24,123742,2025072403006073,MFIL,Imperial Securities Company Pvt. Ltd.,ABC Securities Private Limited,287,700.0,200900.0,2025-07-24 11:47:11.728465
2025-07-24,123741,2025072403006074,MFIL,Imperial Securities Company Pvt. Ltd.,Agrawal Securities (PVT) Ltd.,100,700.0,70000.0,2025-07-24 11:47:11.728608
2025-07-24,123740,2025072403006075,MFIL,Imperial Securities Company Pvt. Ltd.,Midas Stock Broking Company Private Limited,113,700.0,79100.0,2025-07-24 11:47:11.728678
2025-07-24,123103,2025072403006201,MFIL,Imperial Securities Company Pvt. Ltd.,Trishakti Securities Public Limited,10,699.9,6999.0,2025-07-24 11:48:12.830378
2025-07-24,123089,2025072403006208,MFIL,Vision Securities Pvt. Ltd,Trishakti Securities Public Limited,400,699.9,279960.0,2025-07-24 11:48:14.500243
2025-07-24,123088,2025072403006209,MFIL,Vision Securities Pvt. Ltd,Midas Stock Broking Company Private Limited,227,700.0,158900.0,2025-07-24 11:48:14.500382
2025-07-24,123087,2025072403006210,MFIL,Vision Securities Pvt. Ltd,Opal Securities Investment (PVT) Ltd.,300,700.0,210000.0,2025-07-24 11:48:14.500446
2025-07-24,123086,2025072403006211,MFIL,Vision Securities Pvt. Ltd,Naasa Securities Co. Ltd.,26,700.0,18200.0,2025-07-24 11:48:14.500505
2025-07-24,123085,2025072403006212,MFIL,Vision Securities Pvt. Ltd,Asian Securities Private Ltd.,200,700.0,140000.0,2025-07-24 11:48:14.500561
2025-07-24,123084,2025072403006213,MFIL,Vision Securities Pvt. Ltd,Dipshikha Dhitopatra Karobar Co. Pvt Ltd.,50,700.0,35000.0,2025-07-24 11:48:14.500618
2025-07-24,122750,2025072403006279,MFIL,Vision Securities Pvt. Ltd,Dynamic Money Managers Securities Pvt. Ltd.,285,700.0,199500.0,2025-07-24 11:48:48.533709
2025-07-24,122737,2025072403006285,MFIL,Dakshinkali Investment & Securities Pvt. Ltd.,Sani Securities Company Ltd.,1050,701.0,736050.0,2025-07-24 11:48:49.670247
2025-07-24,122149,2025072403006428,MFIL,Capital Max Securities Ltd,Vision Securities Pvt. Ltd,50,702.0,35100.0,2025-07-24 11:49:53.785729
2025-07-24,122148,2025072403006429,MFIL,Capital Max Securities Ltd,Trishakti Securities Public Limited,10,702.0,7020.0,2025-07-24 11:49:53.785868
2025-07-24,122147,2025072403006430,MFIL,Capital Max Securities Ltd,Vision Securities Pvt. Ltd,90,702.0,63180.0,2025-07-24 11:49:53.785928
2025-07-24,121983,2025072403006483,MFIL,Aryatara Investment & Securities,ABC Securities Private Limited,500,701.0,350500.0,2025-07-24 11:50:16.618454
2025-07-24,121707,2025072403006539,MFIL,Aryatara Investment & Securities,ABC Securities Private Limited,550,701.0,385550.0,2025-07-24 11:50:44.265350
2025-07-24,121367,2025072403006605,MFIL,Bhrikuti Stock Broking Co. Pvt. Ltd.,ABC Securities Private Limited,50,700.0,35000.0,2025-07-24 11:51:22.368144
2025-07-24,121103,2025072403006650,MFIL,Investment Management Nepal Pvt. Ltd.,ABC Securities Private Limited,50,700.0,35000.0,2025-07-24 11:51:58.827130
2025-07-24,121045,2025072403006664,MFIL,Siprabi Securities Pvt. Ltd.,Imperial Securities Company Pvt. Ltd.,200,697.0,139400.0,2025-07-24 11:52:03.610756
2025-07-24,120917,2025072403006682,MFIL,Vision Securities Pvt. Ltd,Deevyaa Securities & Stock House Pvt. Ltd,100,699.0,69900.0,2025-07-24 11:52:14.027309
2025-07-24,120916,2025072403006683,MFIL,Vision Securities Pvt. Ltd,ABC Securities Private Limited,142,700.0,99400.0,2025-07-24 11:52:14.027572
2025-07-24,120364,2025072403006768,MFIL,Siprabi Securities Pvt. Ltd.,Agrawal Securities (PVT) Ltd.,300,697.0,209100.0,2025-07-24 11:53:08.216046
2025-07-24,120363,2025072403006769,MFIL,Vision Securities Pvt. Ltd,Agrawal Securities (PVT) Ltd.,100,697.0,69700.0,2025-07-24 11:53:08.216189
2025-07-24,119786,2025072403006866,MFIL,Vision Securities Pvt. Ltd,Online Securities Pvt. Ltd.,420,698.0,293160.0,2025-07-24 11:53:59.418756
2025-07-24,119785,2025072403006867,MFIL,Vision Securities Pvt. Ltd,Neev Securities Pvt. Ltd.,150,698.9,104835.0,2025-07-24 11:53:59.418916
2025-07-24,119784,2025072403006868,MFIL,Vision Securities Pvt. Ltd,Agrawal Securities (PVT) Ltd.,500,699.0,349500.0,2025-07-24 11:53:59.418978
2025-07-24,119337,2025072403006968,MFIL,Vision Securities Pvt. Ltd,Trisul Securities & Invt. Ltd.,1000,699.0,699000.0,2025-07-24 11:54:43.384642
2025-07-24,119147,2025072403006992,MFIL,Vision Securities Pvt. Ltd,ABC Securities Private Limited,1000,699.0,699000.0,2025-07-24 11:55:00.884012
2025-07-24,119108,2025072403006997,MFIL,Vision Securities Pvt. Ltd,ABC Securities Private Limited,208,699.0,145392.0,2025-07-24 11:55:07.745071
2025-07-24,119104,2025072403006999,MFIL,Vision Securities Pvt. Ltd,Kohinoor Investment & Securities Pvt. Ltd.,85,699.0,59415.0,2025-07-24 11:55:08.658109
2025-07-24,119015,2025072403007024,MFIL,Vision Securities Pvt. Ltd,Malla & Malla Stock Broking Company Pvt. Limited,100,699.0,69900.0,2025-07-24 11:55:16.522918
2025-07-24,118993,2025072403007030,MFIL,Vision Securities Pvt. Ltd,Linch Stock Market Ltd.,37,699.0,25863.0,2025-07-24 11:55:20.576970
2025-07-24,118992,2025072403007031,MFIL,Linch Stock Market Ltd.,Linch Stock Market Ltd.,10,699.0,6990.0,2025-07-24 11:55:20.577124
2025-07-24,118876,2025072403007049,MFIL,Vision Securities Pvt. Ltd,ABC Securities Private Limited,40,697.0,27880.0,2025-07-24 11:55:32.780036
2025-07-24,118875,2025072403007050,MFIL,Cristal Kanchanjanga Securites Pvt. Ltd.,ABC Securities Private Limited,100,696.1,69610.0,2025-07-24 11:55:32.780186
2025-07-24,118874,2025072403007051,MFIL,Sani Securities Company Ltd.,ABC Securities Private Limited,700,695.6,486920.0,2025-07-24 11:55:32.780253
2025-07-24,118873,2025072403007052,MFIL,Premier Securities Company Ltd.,ABC Securities Private Limited,96,695.6,66777.6,2025-07-24 11:55:32.780313
2025-07-24,118872,2025072403007053,MFIL,Trishakti Securities Public Limited,Linch Stock Market Ltd.,53,699.0,37047.0,2025-07-24 11:55:32.797537
2025-07-24,118633,2025072403007089,MFIL,Trishakti Securities Public Limited,Vision Securities Pvt. Ltd,10,699.0,6990.0,2025-07-24 11:55:55.927423
2025-07-24,118417,2025072403007128,MFIL,Trishakti Securities Public Limited,Vision Securities Pvt. Ltd,97,699.0,67803.0,2025-07-24 11:56:13.142008
2025-07-24,117482,2025072403007285,MFIL,Bhrikuti Stock Broking Co. Pvt. Ltd.,ABC Securities Private Limited,500,697.0,348500.0,2025-07-24 11:57:47.242803
2025-07-24,117447,2025072403007296,MFIL,Bhrikuti Stock Broking Co. Pvt. Ltd.,ABC Securities Private Limited,500,696.0,348000.0,2025-07-24 11:57:52.005367
2025-07-24,117263,2025072403007323,MFIL,Vision Securities Pvt. Ltd,Deevyaa Securities & Stock House Pvt. Ltd,100,698.9,69890.0,2025-07-24 11:58:10.636449
2025-07-24,117262,2025072403007324,MFIL,Vision Securities Pvt. Ltd,Vision Securities Pvt. Ltd,53,699.0,37047.0,2025-07-24 11:58:10.636606
2025-07-24,117261,2025072403007325,MFIL,Vision Securities Pvt. Ltd,Agrawal Securities (PVT) Ltd.,50,699.0,34950.0,2025-07-24 11:58:10.636697
2025-07-24,117260,2025072403007326,MFIL,Vision Securities Pvt. Ltd,Trishakti Securities Public Limited,50,699.0,34950.0,2025-07-24 11:58:10.636759
2025-07-24,117259,2025072403007327,MFIL,Vision Securities Pvt. Ltd,Creative Securities Pvt Ltd,10,700.0,7000.0,2025-07-24 11:58:10.636821
2025-07-24,117258,2025072403007328,MFIL,Vision Securities Pvt. Ltd,Dipshikha Dhitopatra Karobar Co. Pvt Ltd.,10,700.0,7000.0,2025-07-24 11:58:10.636881
2025-07-24,117257,2025072403007329,MFIL,Vision Securities Pvt. Ltd,Sani Securities Company Ltd.,200,700.0,140000.0,2025-07-24 11:58:10.636941
2025-07-24,117256,2025072403007330,MFIL,Vision Securities Pvt. Ltd,Naasa Securities Co. Ltd.,100,700.0,70000.0,2025-07-24 11:58:10.636999
2025-07-24,117255,2025072403007331,MFIL,Vision Securities Pvt. Ltd,Ashutosh Brokerage & Securities (PVT) Ltd.,50,700.0,35000.0,2025-07-24 11:58:10.637067
2025-07-24,116895,2025072403007387,MFIL,Vision Securities Pvt. Ltd,Dynamic Money Managers Securities Pvt. Ltd.,270,700.0,189000.0,2025-07-24 11:58:40.456955
2025-07-24,116779,2025072403007411,MFIL,Vision Securities Pvt. Ltd,Aryatara Investment & Securities,100,700.0,70000.0,2025-07-24 11:58:53.757190
2025-07-24,116339,2025072403007476,MFIL,Premier Securities Company Ltd.,Online Securities Pvt. Ltd.,100,700.0,70000.0,2025-07-24 11:59:31.730910
2025-07-24,114832,2025072403007748,MFIL,Secured Securities Ltd.,Nepal Stock House (PVT) Ltd.,10,699.0,6990.0,2025-07-24 12:02:07.509295
2025-07-24,113859,2025072403007973,MFIL,Naasa Securities Co. Ltd.,Naasa Securities Co. Ltd.,10,698.0,6980.0,2025-07-24 12:03:51.901163
2025-07-24,112587,2025072403008155,MFIL,Bhrikuti Stock Broking Co. Pvt. Ltd.,Naasa Securities Co. Ltd.,30,696.0,20880.0,2025-07-24 12:05:33.129914
2025-07-24,112126,2025072403008214,MFIL,Nepal Stock House (PVT) Ltd.,Aryatara Investment & Securities,80,696.2,55696.0,2025-07-24 12:06:03.440978
2025-07-24,112125,2025072403008215,MFIL,Bhrikuti Stock Broking Co. Pvt. Ltd.,Aryatara Investment & Securities,320,696.0,222720.0,2025-07-24 12:06:03.441153
2025-07-24,108200,2025072403008781,MFIL,Naasa Securities Co. Ltd.,Sweta Securities Private Limited,600,698.0,418800.0,2025-07-24 12:12:33.609552
2025-07-24,108184,2025072403008782,MFIL,Midas Stock Broking Company Private Limited,Nepal Stock House (PVT) Ltd.,230,699.0,160770.0,2025-07-24 12:12:34.283255
2025-07-24,108183,2025072403008783,MFIL,Midas Stock Broking Company Private Limited,Sweta Securities Private Limited,270,699.0,188730.0,2025-07-24 12:12:34.283451
2025-07-24,105079,2025072403009345,MFIL,Aryatara Investment & Securities,Online Securities Pvt. Ltd.,50,698.6,34930.0,2025-07-24 12:18:17.594430
2025-07-24,104979,2025072403009372,MFIL,Sani Securities Company Ltd.,Sweta Securities Private Limited,10,699.0,6990.0,2025-07-24 12:18:29.832474
2025-07-24,104312,2025072403009459,MFIL,Aryatara Investment & Securities,Neev Securities Pvt. Ltd.,50,698.6,34930.0,2025-07-24 12:19:46.687564
2025-07-24,104311,2025072403009460,MFIL,Vision Securities Pvt. Ltd,Neev Securities Pvt. Ltd.,190,698.5,132715.0,2025-07-24 12:19:46.687936
2025-07-24,104252,2025072403009467,MFIL,Bhrikuti Stock Broking Co. Pvt. Ltd.,Sweta Securities Private Limited,20,699.0,13980.0,2025-07-24 12:19:56.128321
2025-07-24,104251,2025072403009468,MFIL,Bhrikuti Stock Broking Co. Pvt. Ltd.,Kalika Securities Pvt. Ltd.,300,699.0,209700.0,2025-07-24 12:19:56.128364
2025-07-24,104250,2025072403009469,MFIL,Bhrikuti Stock Broking Co. Pvt. Ltd.,Dipshikha Dhitopatra Karobar Co. Pvt Ltd.,15,699.0,10485.0,2025-07-24 12:19:56.128390
2025-07-24,104249,2025072403009470,MFIL,Bhrikuti Stock Broking Co. Pvt. Ltd.,Vision Securities Pvt. Ltd,10,699.2,6992.0,2025-07-24 12:19:56.128415
2025-07-24,104248,2025072403009471,MFIL,Bhrikuti Stock Broking Co. Pvt. Ltd.,Opal Securities Investment (PVT) Ltd.,946,699.3,661537.8,2025-07-24 12:19:56.128442
2025-07-24,104247,2025072403009472,MFIL,Bhrikuti Stock Broking Co. Pvt. Ltd.,Naasa Securities Co. Ltd.,209,699.5,146195.5,2025-07-24 12:19:56.128467
2025-07-24,104245,2025072403009473,MFIL,Vision Securities Pvt. Ltd,Nepal Investment And Securities Trading Private Limited,810,698.5,565785.0,2025-07-24 12:19:56.235452
2025-07-24,104244,2025072403009474,MFIL,Naasa Securities Co. Ltd.,Nepal Investment And Securities Trading Private Limited,400,698.0,279200.0,2025-07-24 12:19:56.235640
2025-07-24,104020,2025072403009499,MFIL,Bhrikuti Stock Broking Co. Pvt. Ltd.,Nepal Investment And Securities Trading Private Limited,90,698.0,62820.0,2025-07-24 12:20:21.125724
2025-07-24,104019,2025072403009500,MFIL,Bhrikuti Stock Broking Co. Pvt. Ltd.,Premier Securities Company Ltd.,200,698.5,139700.0,2025-07-24 12:20:21.125807
2025-07-24,104018,2025072403009501,MFIL,Bhrikuti Stock Broking Co. Pvt. Ltd.,Naasa Securities Co. Ltd.,21,699.5,14689.5,2025-07-24 12:20:21.125832
2025-07-24,104017,2025072403009502,MFIL,Bhrikuti Stock Broking Co. Pvt. Ltd.,Oxford Securities Pvt. Ltd.,189,699.5,132205.5,2025-07-24 12:20:21.125855
2025-07-24,103618,2025072403009562,MFIL,Bhrikuti Stock Broking Co. Pvt. Ltd.,Deevyaa Securities & Stock House Pvt. Ltd,60,698.0,41880.0,2025-07-24 12:21:00.130564
2025-07-24,103617,2025072403009563,MFIL,Bhrikuti Stock Broking Co. Pvt. Ltd.,Sundhara Securities Limited,200,699.0,139800.0,2025-07-24 12:21:00.130615
2025-07-24,103616,2025072403009564,MFIL,Bhrikuti Stock Broking Co. Pvt. Ltd.,Oxford Securities Pvt. Ltd.,740,699.5,517630.0,2025-07-24 12:21:00.130658
2025-07-24,102850,2025072403009678,MFIL,Bhrikuti Stock Broking Co. Pvt. Ltd.,Nepal Stock House (PVT) Ltd.,100,698.0,69800.0,2025-07-24 12:22:10.601097
2025-07-24,102849,2025072403009679,MFIL,Bhrikuti Stock Broking Co. Pvt. Ltd.,Midas Stock Broking Company Private Limited,100,699.0,69900.0,2025-07-24 12:22:10.601200
2025-07-24,102848,2025072403009680,MFIL,Bhrikuti Stock Broking Co. Pvt. Ltd.,Oxford Securities Pvt. Ltd.,800,699.5,559600.0,2025-07-24 12:22:10.601279
2025-07-24,102033,2025072403009796,MFIL,Vision Securities Pvt. Ltd,Sani Securities Company Ltd.,25,696.1,17402.5,2025-07-24 12:23:40.467170
2025-07-24,101946,2025072403009808,MFIL,Vision Securities Pvt. Ltd,Kumari Securities Private Limited,100,696.1,69610.0,2025-07-24 12:23:48.609519
2025-07-24,101622,2025072403009863,MFIL,Bhrikuti Stock Broking Co. Pvt. Ltd.,KALASH STOCK MARKET PVT. LTD.,300,699.0,209700.0,2025-07-24 12:24:20.556687
2025-07-24,101621,2025072403009864,MFIL,Bhrikuti Stock Broking Co. Pvt. Ltd.,Oxford Securities Pvt. Ltd.,171,699.5,119614.5,2025-07-24 12:24:20.556731
2025-07-24,101620,2025072403009865,MFIL,Bhrikuti Stock Broking Co. Pvt. Ltd.,ABC Securities Private Limited,50,699.9,34995.0,2025-07-24 12:24:20.556763
2025-07-24,101619,2025072403009866,MFIL,Bhrikuti Stock Broking Co. Pvt. Ltd.,Naasa Securities Co. Ltd.,50,699.9,34995.0,2025-07-24 12:24:20.556794
2025-07-24,101618,2025072403009867,MFIL,Bhrikuti Stock Broking Co. Pvt. Ltd.,Linch Stock Market Ltd.,100,700.0,70000.0,2025-07-24 12:24:20.556820
2025-07-24,101617,2025072403009868,MFIL,Bhrikuti Stock Broking Co. Pvt. Ltd.,Online Securities Pvt. Ltd.,96,700.0,67200.0,2025-07-24 12:24:20.556852
2025-07-24,101616,2025072403009869,MFIL,Bhrikuti Stock Broking Co. Pvt. Ltd.,Dipshikha Dhitopatra Karobar Co. Pvt Ltd.,50,700.0,35000.0,2025-07-24 12:24:20.556877
2025-07-24,101615,2025072403009870,MFIL,Bhrikuti Stock Broking Co. Pvt. Ltd.,Sumeru Securities Pvt. Ltd.,10,700.0,7000.0,2025-07-24 12:24:20.556905
2025-07-24,101614,2025072403009871,MFIL,Bhrikuti Stock Broking Co. Pvt. Ltd.,Sewa Securities Pvt. Ltd.,50,700.0,35000.0,2025-07-24 12:24:20.556928
2025-07-24,101613,2025072403009872,MFIL,Bhrikuti Stock Broking Co. Pvt. Ltd.,Asian Securities Private Ltd.,123,700.0,86100.0,2025-07-24 12:24:20.556953
2025-07-24,100365,2025072403010052,MFIL,Bhrikuti Stock Broking Co. Pvt. Ltd.,Sajilo Broker Limited,50,699.9,34995.0,2025-07-24 12:26:23.542879
2025-07-24,97713,2025072403010588,MFIL,Neev Securities Pvt. Ltd.,Sundhara Securities Limited,4,690.0,2760.0,2025-07-24 12:31:35.788092
2025-07-24,95666,2025072403010955,MFIL,Linch Stock Market Ltd.,Dynamic Money Managers Securities Pvt. Ltd.,70,697.0,48790.0,2025-07-24 12:35:31.592801
2025-07-24,95580,2025072403010980,MFIL,Vision Securities Pvt. Ltd,Shree Krishna Securities Ltd.,1000,695.1,695100.0,2025-07-24 12:35:39.244655
2025-07-24,95435,2025072403011008,MFIL,Aryatara Investment & Securities,Kohinoor Investment & Securities Pvt. Ltd.,50,695.0,34750.0,2025-07-24 12:35:57.093479
2025-07-24,94812,2025072403011105,MFIL,Secured Securities Ltd.,Shree Krishna Securities Ltd.,75,695.0,52125.0,2025-07-24 12:36:58.470988
2025-07-24,94811,2025072403011106,MFIL,Kohinoor Investment & Securities Pvt. Ltd.,Shree Krishna Securities Ltd.,166,695.0,115370.0,2025-07-24 12:36:58.471047
2025-07-24,94710,2025072403011114,MFIL,Kohinoor Investment & Securities Pvt. Ltd.,Naasa Securities Co. Ltd.,134,695.0,93130.0,2025-07-24 12:37:09.512562
2025-07-24,94709,2025072403011115,MFIL,Linch Stock Market Ltd.,Naasa Securities Co. Ltd.,50,695.0,34750.0,2025-07-24 12:37:09.512806
2025-07-24,94708,2025072403011116,MFIL,Trisul Securities & Invt. Ltd.,Naasa Securities Co. Ltd.,316,694.2,219367.2,2025-07-24 12:37:09.512910
2025-07-24,93234,2025072403011387,MFIL,Trisul Securities & Invt. Ltd.,Online Securities Pvt. Ltd.,184,694.2,127732.8,2025-07-24 12:40:04.728299
2025-07-24,93233,2025072403011388,MFIL,Dakshinkali Investment & Securities Pvt. Ltd.,Online Securities Pvt. Ltd.,144,694.0,99936.0,2025-07-24 12:40:04.728703
2025-07-24,92746,2025072403011494,MFIL,Bhrikuti Stock Broking Co. Pvt. Ltd.,Neev Securities Pvt. Ltd.,10,694.3,6943.0,2025-07-24 12:40:59.985815
2025-07-24,91856,2025072403011660,MFIL,Elite Stock House Limited,Online Securities Pvt. Ltd.,21,695.0,14595.0,2025-07-24 12:42:47.084124
2025-07-24,91787,2025072403011673,MFIL,Elite Stock House Limited,Agrawal Securities (PVT) Ltd.,41,696.7,28564.7,2025-07-24 12:42:54.973472
2025-07-24,91274,2025072403011753,MFIL,Bhrikuti Stock Broking Co. Pvt. Ltd.,Dynamic Money Managers Securities Pvt. Ltd.,30,697.0,20910.0,2025-07-24 12:44:01.323558
2025-07-24,91273,2025072403011754,MFIL,Bhrikuti Stock Broking Co. Pvt. Ltd.,Oxford Securities Pvt. Ltd.,470,697.0,327590.0,2025-07-24 12:44:01.323804
2025-07-24,90169,2025072403011934,MFIL,Vision Securities Pvt. Ltd,Bhrikuti Stock Broking Co. Pvt. Ltd.,167,695.1,116081.7,2025-07-24 12:46:13.602790
2025-07-24,90002,2025072403011965,MFIL,Vision Securities Pvt. Ltd,Sajilo Broker Limited,700,695.1,486570.0,2025-07-24 12:46:35.854503
2025-07-24,89136,2025072403012138,MFIL,Vision Securities Pvt. Ltd,Sani Securities Company Ltd.,33,695.1,22938.3,2025-07-24 12:48:07.327182
2025-07-24,89135,2025072403012139,MFIL,Bhrikuti Stock Broking Co. Pvt. Ltd.,Sani Securities Company Ltd.,467,695.0,324565.0,2025-07-24 12:48:07.327424
2025-07-24,89022,2025072403012156,MFIL,Bhrikuti Stock Broking Co. Pvt. Ltd.,Opal Securities Investment (PVT) Ltd.,33,695.0,22935.0,2025-07-24 12:48:24.583856
2025-07-24,89021,2025072403012157,MFIL,Naasa Securities Co. Ltd.,Opal Securities Investment (PVT) Ltd.,24,695.0,16680.0,2025-07-24 12:48:24.584102
2025-07-24,88610,2025072403012223,MFIL,Sumeru Securities Pvt. Ltd.,Opal Securities Investment (PVT) Ltd.,200,695.0,139000.0,2025-07-24 12:49:04.746907
2025-07-24,87889,2025072403012400,MFIL,Vision Securities Pvt. Ltd,Aryatara Investment & Securities,58,694.5,40281.0,2025-07-24 12:50:16.987945
2025-07-24,87520,2025072403012491,MFIL,Neev Securities Pvt. Ltd.,Sweta Securities Private Limited,1,690.0,690.0,2025-07-24 12:50:58.975242
2025-07-24,87417,2025072403012506,MFIL,Vision Securities Pvt. Ltd,Linch Stock Market Ltd.,90,694.5,62505.0,2025-07-24 12:51:13.027286
2025-07-24,87299,2025072403012523,MFIL,Vision Securities Pvt. Ltd,Online Securities Pvt. Ltd.,300,694.5,208350.0,2025-07-24 12:51:22.134409
2025-07-24,86974,2025072403012557,MFIL,Vision Securities Pvt. Ltd,Naasa Securities Co. Ltd.,500,694.5,347250.0,2025-07-24 12:51:49.225848
2025-07-24,86719,2025072403012605,MFIL,Vision Securities Pvt. Ltd,South Asian Bulls Pvt. Ltd.,52,694.5,36114.0,2025-07-24 12:52:16.172238
2025-07-24,86718,2025072403012606,MFIL,Bhrikuti Stock Broking Co. Pvt. Ltd.,South Asian Bulls Pvt. Ltd.,448,694.3,311046.4,2025-07-24 12:52:16.172454
2025-07-24,85618,2025072403012817,MFIL,Bhrikuti Stock Broking Co. Pvt. Ltd.,Kohinoor Investment & Securities Pvt. Ltd.,100,694.3,69430.0,2025-07-24 12:54:23.696092
2025-07-24,85535,2025072403012833,MFIL,Sumeru Securities Pvt. Ltd.,Opal Securities Investment (PVT) Ltd.,200,695.0,139000.0,2025-07-24 12:54:36.599683
2025-07-24,85048,2025072403012924,MFIL,Bhrikuti Stock Broking Co. Pvt. Ltd.,Sewa Securities Pvt. Ltd.,100,694.3,69430.0,2025-07-24 12:55:27.319626
2025-07-24,85016,2025072403012932,MFIL,Bhrikuti Stock Broking Co. Pvt. Ltd.,ABC Securities Private Limited,500,694.3,347150.0,2025-07-24 12:55:32.066733
2025-07-24,85001,2025072403012934,MFIL,Bhrikuti Stock Broking Co. Pvt. Ltd.,Naasa Securities Co. Ltd.,500,694.3,347150.0,2025-07-24 12:55:33.474852
2025-07-24,84849,2025072403012956,MFIL,Bhrikuti Stock Broking Co. Pvt. Ltd.,South Asian Bulls Pvt. Ltd.,908,694.3,630424.4,2025-07-24 12:55:52.881653
2025-07-24,84782,2025072403012963,MFIL,Bhrikuti Stock Broking Co. Pvt. Ltd.,Thrive Brokerage House Pvt. Ltd,20,694.3,13886.0,2025-07-24 12:56:01.671411
2025-07-24,84557,2025072403012993,MFIL,Bhrikuti Stock Broking Co. Pvt. Ltd.,Kalika Securities Pvt. Ltd.,500,694.3,347150.0,2025-07-24 12:56:17.346130
2025-07-24,84440,2025072403013014,MFIL,Bhrikuti Stock Broking Co. Pvt. Ltd.,Naasa Securities Co. Ltd.,450,694.3,312435.0,2025-07-24 12:56:28.888251
2025-07-24,83987,2025072403013131,MFIL,Bhrikuti Stock Broking Co. Pvt. Ltd.,Cristal Kanchanjanga Securites Pvt. Ltd.,105,694.3,72901.5,2025-07-24 12:57:17.180215
2025-07-24,83986,2025072403013132,MFIL,Bhrikuti Stock Broking Co. Pvt. Ltd.,Dipshikha Dhitopatra Karobar Co. Pvt Ltd.,255,694.3,177046.5,2025-07-24 12:57:17.371737
2025-07-24,83568,2025072403013221,MFIL,Bhrikuti Stock Broking Co. Pvt. Ltd.,Cristal Kanchanjanga Securites Pvt. Ltd.,1000,694.3,694300.0,2025-07-24 12:58:02.090930
2025-07-24,83047,2025072403013331,MFIL,Bhrikuti Stock Broking Co. Pvt. Ltd.,Kohinoor Investment & Securities Pvt. Ltd.,100,694.3,69430.0,2025-07-24 12:58:59.691528
2025-07-24,82711,2025072403013377,MFIL,Dakshinkali Investment & Securities Pvt. Ltd.,Sundhara Securities Limited,56,694.0,38864.0,2025-07-24 12:59:38.937675
2025-07-24,82710,2025072403013378,MFIL,Online Securities Pvt. Ltd.,Sundhara Securities Limited,94,694.0,65236.0,2025-07-24 12:59:38.937942
2025-07-24,82127,2025072403013515,MFIL,Online Securities Pvt. Ltd.,Agrawal Securities (PVT) Ltd.,34,694.0,23596.0,2025-07-24 13:00:48.374571
2025-07-24,81686,2025072403013610,MFIL,Dipshikha Dhitopatra Karobar Co. Pvt Ltd.,J.F. Securites (PVT) Ltd.,100,693.0,69300.0,2025-07-24 13:01:34.185637
2025-07-24,81342,2025072403013657,MFIL,Dipshikha Dhitopatra Karobar Co. Pvt Ltd.,Dakshinkali Investment & Securities Pvt. Ltd.,41,693.0,28413.0,2025-07-24 13:02:10.863990
2025-07-24,80992,2025072403013727,MFIL,Sewa Securities Pvt. Ltd.,Online Securities Pvt. Ltd.,10,691.0,6910.0,2025-07-24 13:02:47.340981
2025-07-24,80991,2025072403013728,MFIL,Ashutosh Brokerage & Securities (PVT) Ltd.,Online Securities Pvt. Ltd.,162,690.0,111780.0,2025-07-24 13:02:47.341240
2025-07-24,80185,2025072403013880,MFIL,Ashutosh Brokerage & Securities (PVT) Ltd.,Vision Securities Pvt. Ltd,303,690.0,209070.0,2025-07-24 13:04:01.211282
2025-07-24,79974,2025072403013907,MFIL,Ashutosh Brokerage & Securities (PVT) Ltd.,Aryatara Investment & Securities,35,690.0,24150.0,2025-07-24 13:04:22.928810
2025-07-24,79973,2025072403013908,MFIL,Vision Securities Pvt. Ltd,Aryatara Investment & Securities,100,690.0,69000.0,2025-07-24 13:04:22.929064
2025-07-24,79972,2025072403013909,MFIL,Linch Stock Market Ltd.,Aryatara Investment & Securities,65,690.0,44850.0,2025-07-24 13:04:22.929171
2025-07-24,78750,2025072403014135,MFIL,Sumeru Securities Pvt. Ltd.,Dakshinkali Investment & Securities Pvt. Ltd.,100,693.0,69300.0,2025-07-24 13:06:26.176975
2025-07-24,78749,2025072403014136,MFIL,Sumeru Securities Pvt. Ltd.,Imperial Securities Company Pvt. Ltd.,100,693.0,69300.0,2025-07-24 13:06:26.177524
2025-07-24,75369,2025072403014901,MFIL,Kalika Securities Pvt. Ltd.,Imperial Securities Company Pvt. Ltd.,40,693.0,27720.0,2025-07-24 13:12:26.786260
2025-07-24,74995,2025072403014975,MFIL,Sani Securities Company Ltd.,Imperial Securities Company Pvt. Ltd.,46,693.0,31878.0,2025-07-24 13:13:06.456010
2025-07-24,74994,2025072403014976,MFIL,Sani Securities Company Ltd.,Nepal Stock House (PVT) Ltd.,50,693.0,34650.0,2025-07-24 13:13:06.456538
2025-07-24,74993,2025072403014977,MFIL,Sani Securities Company Ltd.,Cristal Kanchanjanga Securites Pvt. Ltd.,200,693.0,138600.0,2025-07-24 13:13:06.456961
2025-07-24,74992,2025072403014978,MFIL,Sani Securities Company Ltd.,Aryatara Investment & Securities,150,693.0,103950.0,2025-07-24 13:13:06.457441
2025-07-24,74991,2025072403014979,MFIL,Sani Securities Company Ltd.,Asian Securities Private Ltd.,54,693.0,37422.0,2025-07-24 13:13:06.457802
2025-07-24,73818,2025072403015240,MFIL,Sumeru Securities Pvt. Ltd.,Imperial Securities Company Pvt. Ltd.,70,691.2,48384.0,2025-07-24 13:15:07.617059
2025-07-24,73719,2025072403015266,MFIL,Sumeru Securities Pvt. Ltd.,Investment Management Nepal Pvt. Ltd.,66,691.2,45619.2,2025-07-24 13:15:20.341427
2025-07-24,73228,2025072403015352,MFIL,Opal Securities Investment (PVT) Ltd.,Sani Securities Company Ltd.,100,691.0,69100.0,2025-07-24 13:16:09.932828
2025-07-24,73227,2025072403015353,MFIL,Linch Stock Market Ltd.,Sani Securities Company Ltd.,185,690.0,127650.0,2025-07-24 13:16:09.933106
2025-07-24,73226,2025072403015354,MFIL,Naasa Securities Co. Ltd.,Sani Securities Company Ltd.,415,690.0,286350.0,2025-07-24 13:16:09.933222
2025-07-24,73152,2025072403015369,MFIL,Sumeru Securities Pvt. Ltd.,Investment Management Nepal Pvt. Ltd.,34,691.2,23500.8,2025-07-24 13:16:18.098117
2025-07-24,72887,2025072403015437,MFIL,Sumeru Securities Pvt. Ltd.,Online Securities Pvt. Ltd.,50,691.0,34550.0,2025-07-24 13:16:47.409642
2025-07-24,72791,2025072403015454,MFIL,Naasa Securities Co. Ltd.,Sani Securities Company Ltd.,85,690.0,58650.0,2025-07-24 13:16:59.297444
2025-07-24,72790,2025072403015455,MFIL,Sani Securities Company Ltd.,Sani Securities Company Ltd.,10,690.0,6900.0,2025-07-24 13:16:59.297705
2025-07-24,72789,2025072403015456,MFIL,Primo Securities (PVT) Ltd.,Sani Securities Company Ltd.,405,690.0,279450.0,2025-07-24 13:16:59.297807
2025-07-24,71878,2025072403015695,MFIL,Primo Securities (PVT) Ltd.,Primo Securities (PVT) Ltd.,200,690.0,138000.0,2025-07-24 13:18:26.321388
2025-07-24,71424,2025072403015788,MFIL,Primo Securities (PVT) Ltd.,Linch Stock Market Ltd.,150,690.0,103500.0,2025-07-24 13:19:09.022286
2025-07-24,70924,2025072403015871,MFIL,Primo Securities (PVT) Ltd.,Nepal Stock House (PVT) Ltd.,30,690.0,20700.0,2025-07-24 13:20:05.968420
2025-07-24,70832,2025072403015895,MFIL,Primo Securities (PVT) Ltd.,Sweta Securities Private Limited,215,690.0,148350.0,2025-07-24 13:20:13.002077
2025-07-24,70831,2025072403015896,MFIL,Primo Securities (PVT) Ltd.,Sweta Securities Private Limited,65,690.0,44850.0,2025-07-24 13:20:13.002385
2025-07-24,70351,2025072403016012,MFIL,Naasa Securities Co. Ltd.,Sani Securities Company Ltd.,360,692.0,249120.0,2025-07-24 13:21:03.938215
2025-07-24,69792,2025072403016121,MFIL,Primo Securities (PVT) Ltd.,Naasa Securities Co. Ltd.,286,690.0,197340.0,2025-07-24 13:22:10.129868
2025-07-24,69542,2025072403016148,MFIL,Primo Securities (PVT) Ltd.,Dakshinkali Investment & Securities Pvt. Ltd.,50,690.0,34500.0,2025-07-24 13:22:34.584701
2025-07-24,69244,2025072403016209,MFIL,Primo Securities (PVT) Ltd.,Kohinoor Investment & Securities Pvt. Ltd.,99,690.0,68310.0,2025-07-24 13:23:02.294081
2025-07-24,69243,2025072403016210,MFIL,Vision Securities Pvt. Ltd,Kohinoor Investment & Securities Pvt. Ltd.,13,690.0,8970.0,2025-07-24 13:23:02.294326
2025-07-24,69025,2025072403016236,MFIL,Vision Securities Pvt. Ltd,Kohinoor Investment & Securities Pvt. Ltd.,20,690.0,13800.0,2025-07-24 13:23:20.359935
2025-07-24,68679,2025072403016294,MFIL,Vision Securities Pvt. Ltd,Siprabi Securities Pvt. Ltd.,160,690.0,110400.0,2025-07-24 13:23:50.039887
2025-07-24,68611,2025072403016309,MFIL,Vision Securities Pvt. Ltd,Premier Securities Company Ltd.,40,690.0,27600.0,2025-07-24 13:23:55.414732
2025-07-24,68503,2025072403016333,MFIL,Vision Securities Pvt. Ltd,Aryatara Investment & Securities,67,690.0,46230.0,2025-07-24 13:24:06.217739
2025-07-24,68502,2025072403016334,MFIL,Sani Securities Company Ltd.,Aryatara Investment & Securities,145,690.0,100050.0,2025-07-24 13:24:06.218051
2025-07-24,68501,2025072403016335,MFIL,Sumeru Securities Pvt. Ltd.,Aryatara Investment & Securities,38,690.0,26220.0,2025-07-24 13:24:06.218173
2025-07-24,68360,2025072403016361,MFIL,Aryatara Investment & Securities,Cristal Kanchanjanga Securites Pvt. Ltd.,100,691.0,69100.0,2025-07-24 13:24:26.518427
2025-07-24,68242,2025072403016383,MFIL,Sumeru Securities Pvt. Ltd.,Vision Securities Pvt. Ltd,40,690.0,27600.0,2025-07-24 13:24:38.419411
2025-07-24,67242,2025072403016583,MFIL,Sumeru Securities Pvt. Ltd.,Sewa Securities Pvt. Ltd.,20,690.0,13800.0,2025-07-24 13:26:26.953641
2025-07-24,67053,2025072403016606,MFIL,Nepal Investment And Securities Trading Private Limited,Aryatara Investment & Securities,50,690.0,34500.0,2025-07-24 13:26:41.493009
2025-07-24,66888,2025072403016629,MFIL,Siprabi Securities Pvt. Ltd.,Aryatara Investment & Securities,150,690.0,103500.0,2025-07-24 13:26:55.478192
2025-07-24,66627,2025072403016671,MFIL,Premier Securities Company Ltd.,Cristal Kanchanjanga Securites Pvt. Ltd.,500,691.0,345500.0,2025-07-24 13:27:16.192555
2025-07-24,65358,2025072403016918,MFIL,Sumeru Securities Pvt. Ltd.,Dipshikha Dhitopatra Karobar Co. Pvt Ltd.,2,690.0,1380.0,2025-07-24 13:29:12.330843
2025-07-24,65139,2025072403016974,MFIL,Siprabi Securities Pvt. Ltd.,Naasa Securities Co. Ltd.,20,690.0,13800.0,2025-07-24 13:29:35.680099
2025-07-24,64338,2025072403017124,MFIL,Kalika Securities Pvt. Ltd.,Naasa Securities Co. Ltd.,24,689.2,16540.8,2025-07-24 13:31:02.147128
2025-07-24,64262,2025072403017157,MFIL,Dakshinkali Investment & Securities Pvt. Ltd.,Cristal Kanchanjanga Securites Pvt. Ltd.,400,691.0,276400.0,2025-07-24 13:31:11.566412
2025-07-24,64261,2025072403017158,MFIL,Dakshinkali Investment & Securities Pvt. Ltd.,Nepal Stock House (PVT) Ltd.,50,691.0,34550.0,2025-07-24 13:31:11.566687
2025-07-24,64260,2025072403017159,MFIL,Dakshinkali Investment & Securities Pvt. Ltd.,Asian Securities Private Ltd.,10,691.0,6910.0,2025-07-24 13:31:11.566795
2025-07-24,64259,2025072403017160,MFIL,Dakshinkali Investment & Securities Pvt. Ltd.,Pragyan Securities (PVT) Ltd.,1200,691.0,829200.0,2025-07-24 13:31:11.566891
2025-07-24,63365,2025072403017301,MFIL,Dakshinkali Investment & Securities Pvt. Ltd.,Bhrikuti Stock Broking Co. Pvt. Ltd.,300,689.1,206730.0,2025-07-24 13:32:45.446080
2025-07-24,62884,2025072403017383,MFIL,Oxford Securities Pvt. Ltd.,Shree Krishna Securities Ltd.,100,691.9,69190.0,2025-07-24 13:33:44.614176
2025-07-24,62527,2025072403017435,MFIL,Oxford Securities Pvt. Ltd.,Sani Securities Company Ltd.,100,691.9,69190.0,2025-07-24 13:34:31.703196
2025-07-24,62066,2025072403017557,MFIL,Thrive Brokerage House Pvt. Ltd,ABC Securities Private Limited,200,690.0,138000.0,2025-07-24 13:35:21.571885
2025-07-24,62065,2025072403017558,MFIL,Dakshinkali Investment & Securities Pvt. Ltd.,ABC Securities Private Limited,700,689.1,482370.0,2025-07-24 13:35:21.572369
2025-07-24,60249,2025072403017900,MFIL,Naasa Securities Co. Ltd.,Oxford Securities Pvt. Ltd.,100,689.0,68900.0,2025-07-24 13:38:57.216837
2025-07-24,59907,2025072403017985,MFIL,Oxford Securities Pvt. Ltd.,Vision Securities Pvt. Ltd,78,688.0,53664.0,2025-07-24 13:39:34.618141
2025-07-24,59906,2025072403017986,MFIL,Neev Securities Pvt. Ltd.,Vision Securities Pvt. Ltd,22,688.0,15136.0,2025-07-24 13:39:34.618665
2025-07-24,59612,2025072403018041,MFIL,Dynamic Money Managers Securities Pvt. Ltd.,Siprabi Securities Pvt. Ltd.,10,690.0,6900.0,2025-07-24 13:40:14.467430
2025-07-24,59611,2025072403018042,MFIL,Dynamic Money Managers Securities Pvt. Ltd.,Siprabi Securities Pvt. Ltd.,490,691.0,338590.0,2025-07-24 13:40:14.467674
2025-07-24,59477,2025072403018061,MFIL,Dynamic Money Managers Securities Pvt. Ltd.,Siprabi Securities Pvt. Ltd.,10,691.0,6910.0,2025-07-24 13:40:30.534755
2025-07-24,59476,2025072403018062,MFIL,Dynamic Money Managers Securities Pvt. Ltd.,Aryatara Investment & Securities,80,691.0,55280.0,2025-07-24 13:40:30.535301
2025-07-24,59354,2025072403018088,MFIL,Dynamic Money Managers Securities Pvt. Ltd.,Aryatara Investment & Securities,100,691.9,69190.0,2025-07-24 13:40:48.072594
2025-07-24,59353,2025072403018089,MFIL,Dynamic Money Managers Securities Pvt. Ltd.,Imperial Securities Company Pvt. Ltd.,50,691.9,34595.0,2025-07-24 13:40:48.072875
2025-07-24,59352,2025072403018090,MFIL,Dynamic Money Managers Securities Pvt. Ltd.,Aryatara Investment & Securities,265,691.9,183353.5,2025-07-24 13:40:48.073074
2025-07-24,59263,2025072403018104,MFIL,Bhrikuti Stock Broking Co. Pvt. Ltd.,Sani Securities Company Ltd.,200,692.0,138400.0,2025-07-24 13:40:58.885579
2025-07-24,59262,2025072403018105,MFIL,Bhrikuti Stock Broking Co. Pvt. Ltd.,Sani Securities Company Ltd.,280,692.5,193900.0,2025-07-24 13:40:58.885652
2025-07-24,59261,2025072403018106,MFIL,Bhrikuti Stock Broking Co. Pvt. Ltd.,Naasa Securities Co. Ltd.,250,692.5,173125.0,2025-07-24 13:40:58.885677
2025-07-24,59260,2025072403018107,MFIL,Bhrikuti Stock Broking Co. Pvt. Ltd.,Asian Securities Private Ltd.,270,693.0,187110.0,2025-07-24 13:40:58.885706
2025-07-24,59253,2025072403018109,MFIL,Neev Securities Pvt. Ltd.,Thrive Brokerage House Pvt. Ltd,78,688.0,53664.0,2025-07-24 13:40:59.767737
2025-07-24,59252,2025072403018110,MFIL,Dakshinkali Investment & Securities Pvt. Ltd.,Thrive Brokerage House Pvt. Ltd,922,688.0,634336.0,2025-07-24 13:40:59.767970
2025-07-24,58426,2025072403018264,MFIL,Dakshinkali Investment & Securities Pvt. Ltd.,Naasa Securities Co. Ltd.,49,688.0,33712.0,2025-07-24 13:42:45.405515
2025-07-24,58419,2025072403018268,MFIL,Dakshinkali Investment & Securities Pvt. Ltd.,Asian Securities Private Ltd.,20,688.0,13760.0,2025-07-24 13:42:47.851587
2025-07-24,56892,2025072403018529,MFIL,Sani Securities Company Ltd.,Nepal Stock House (PVT) Ltd.,100,688.1,68810.0,2025-07-24 13:46:19.569693
2025-07-24,56712,2025072403018591,MFIL,Secured Securities Ltd.,Nepal Stock House (PVT) Ltd.,110,687.1,75581.0,2025-07-24 13:46:43.210778
2025-07-24,55236,2025072403018938,MFIL,Secured Securities Ltd.,Sani Securities Company Ltd.,10,687.1,6871.0,2025-07-24 13:49:24.582119
2025-07-24,54981,2025072403018986,MFIL,Secured Securities Ltd.,Dynamic Money Managers Securities Pvt. Ltd.,150,687.1,103065.0,2025-07-24 13:49:58.729775
2025-07-24,54810,2025072403019030,MFIL,Secured Securities Ltd.,Capital Max Securities Ltd,430,687.1,295453.0,2025-07-24 13:50:27.528325
2025-07-24,54809,2025072403019031,MFIL,Bhrikuti Stock Broking Co. Pvt. Ltd.,Capital Max Securities Ltd,70,687.0,48090.0,2025-07-24 13:50:27.528373
2025-07-24,54153,2025072403019146,MFIL,Dynamic Money Managers Securities Pvt. Ltd.,Aryatara Investment & Securities,100,689.9,68990.0,2025-07-24 13:51:46.610584
2025-07-24,52182,2025072403019601,MFIL,Shree Krishna Securities Ltd.,Siprabi Securities Pvt. Ltd.,100,687.1,68710.0,2025-07-24 13:56:15.307228
2025-07-24,52181,2025072403019602,MFIL,Bhrikuti Stock Broking Co. Pvt. Ltd.,Siprabi Securities Pvt. Ltd.,96,687.0,65952.0,2025-07-24 13:56:15.307696
2025-07-24,51508,2025072403019764,MFIL,Shree Krishna Securities Ltd.,Kohinoor Investment & Securities Pvt. Ltd.,1000,687.1,687100.0,2025-07-24 13:58:08.088372
2025-07-24,51456,2025072403019771,MFIL,Opal Securities Investment (PVT) Ltd.,Agrawal Securities (PVT) Ltd.,10,687.2,6872.0,2025-07-24 13:58:14.925452
2025-07-24,51455,2025072403019772,MFIL,Bhrikuti Stock Broking Co. Pvt. Ltd.,Agrawal Securities (PVT) Ltd.,202,687.0,138774.0,2025-07-24 13:58:14.925915
2025-07-24,51422,2025072403019783,MFIL,Bhrikuti Stock Broking Co. Pvt. Ltd.,Deevyaa Securities & Stock House Pvt. Ltd,132,687.0,90684.0,2025-07-24 13:58:22.330238
2025-07-24,51421,2025072403019784,MFIL,Online Securities Pvt. Ltd.,Deevyaa Securities & Stock House Pvt. Ltd,100,687.0,68700.0,2025-07-24 13:58:22.330340
2025-07-24,51420,2025072403019785,MFIL,Deevyaa Securities & Stock House Pvt. Ltd,Deevyaa Securities & Stock House Pvt. Ltd,500,687.0,343500.0,2025-07-24 13:58:22.330419
2025-07-24,51419,2025072403019786,MFIL,Dakshinkali Investment & Securities Pvt. Ltd.,Deevyaa Securities & Stock House Pvt. Ltd,700,686.2,480340.0,2025-07-24 13:58:22.330497
2025-07-24,51418,2025072403019787,MFIL,Vision Securities Pvt. Ltd,Deevyaa Securities & Stock House Pvt. Ltd,69,686.1,47340.9,2025-07-24 13:58:22.330571
2025-07-24,51359,2025072403019802,MFIL,Vision Securities Pvt. Ltd,Kohinoor Investment & Securities Pvt. Ltd.,231,686.1,158489.1,2025-07-24 13:58:32.671253
2025-07-24,51358,2025072403019803,MFIL,Dakshinkali Investment & Securities Pvt. Ltd.,Kohinoor Investment & Securities Pvt. Ltd.,769,686.0,527534.0,2025-07-24 13:58:32.671718
2025-07-24,50835,2025072403019946,MFIL,Opal Securities Investment (PVT) Ltd.,Aryatara Investment & Securities,10,686.2,6862.0,2025-07-24 13:59:39.708985
2025-07-24,50834,2025072403019947,MFIL,Opal Securities Investment (PVT) Ltd.,Aryatara Investment & Securities,90,686.1,61749.0,2025-07-24 13:59:39.709281
2025-07-24,50517,2025072403020015,MFIL,Opal Securities Investment (PVT) Ltd.,Sweta Securities Private Limited,10,686.3,6863.0,2025-07-24 14:00:31.123799
2025-07-24,49801,2025072403020230,MFIL,Opal Securities Investment (PVT) Ltd.,Sweta Securities Private Limited,50,686.3,34315.0,2025-07-24 14:02:05.539632
2025-07-24,49413,2025072403020310,MFIL,Trisul Securities & Invt. Ltd.,Naasa Securities Co. Ltd.,91,686.2,62444.2,2025-07-24 14:02:59.902709
2025-07-24,49412,2025072403020311,MFIL,Shree Krishna Securities Ltd.,Naasa Securities Co. Ltd.,209,686.1,143394.9,2025-07-24 14:02:59.903236
2025-07-24,48995,2025072403020393,MFIL,Creative Securities Pvt Ltd,Sweta Securities Private Limited,200,686.3,137260.0,2025-07-24 14:03:59.561793
2025-07-24,48963,2025072403020402,MFIL,Shree Krishna Securities Ltd.,Asian Securities Private Ltd.,480,686.1,329328.0,2025-07-24 14:04:03.082247
2025-07-24,48616,2025072403020471,MFIL,Vision Securities Pvt. Ltd,Sweta Securities Private Limited,40,686.3,27452.0,2025-07-24 14:04:37.399709
2025-07-24,48467,2025072403020511,MFIL,Vision Securities Pvt. Ltd,Vision Securities Pvt. Ltd,60,687.0,41220.0,2025-07-24 14:04:58.537740
2025-07-24,46784,2025072403020886,MFIL,Premier Securities Company Ltd.,Vision Securities Pvt. Ltd,20,687.0,13740.0,2025-07-24 14:08:12.200050
2025-07-24,46783,2025072403020887,MFIL,Premier Securities Company Ltd.,Siprabi Securities Pvt. Ltd.,160,687.1,109936.0,2025-07-24 14:08:12.200592
2025-07-24,45894,2025072403021058,MFIL,Shree Krishna Securities Ltd.,Online Securities Pvt. Ltd.,100,689.0,68900.0,2025-07-24 14:09:52.030893
2025-07-24,45893,2025072403021059,MFIL,Shree Krishna Securities Ltd.,Asian Securities Private Ltd.,10,689.0,6890.0,2025-07-24 14:09:52.031375
2025-07-24,45892,2025072403021060,MFIL,Shree Krishna Securities Ltd.,Aryatara Investment & Securities,30,689.0,20670.0,2025-07-24 14:09:52.031681
2025-07-24,45891,2025072403021061,MFIL,Shree Krishna Securities Ltd.,Midas Stock Broking Company Private Limited,900,689.5,620550.0,2025-07-24 14:09:52.031996
2025-07-24,45890,2025072403021062,MFIL,Shree Krishna Securities Ltd.,Nepal Stock House (PVT) Ltd.,100,689.8,68980.0,2025-07-24 14:09:52.032306
2025-07-24,45889,2025072403021063,MFIL,Shree Krishna Securities Ltd.,Aryatara Investment & Securities,200,690.0,138000.0,2025-07-24 14:09:52.032629
2025-07-24,45888,2025072403021064,MFIL,Shree Krishna Securities Ltd.,Blue Chip Securities Ltd,160,690.0,110400.0,2025-07-24 14:09:52.032928
2025-07-24,42984,2025072403021784,MFIL,Neev Securities Pvt. Ltd.,Blue Chip Securities Ltd,150,690.0,103500.0,2025-07-24 14:14:58.930703
2025-07-24,41756,2025072403022123,MFIL,Bhrikuti Stock Broking Co. Pvt. Ltd.,Blue Chip Securities Ltd,100,690.0,69000.0,2025-07-24 14:16:49.538517
2025-07-24,41685,2025072403022141,MFIL,Bhrikuti Stock Broking Co. Pvt. Ltd.,Blue Chip Securities Ltd,590,690.0,407100.0,2025-07-24 14:16:54.570005
2025-07-24,41684,2025072403022142,MFIL,Bhrikuti Stock Broking Co. Pvt. Ltd.,Sundhara Securities Limited,200,690.0,138000.0,2025-07-24 14:16:54.570289
2025-07-24,41683,2025072403022143,MFIL,Bhrikuti Stock Broking Co. Pvt. Ltd.,Sani Securities Company Ltd.,450,690.0,310500.0,2025-07-24 14:16:54.570391
2025-07-24,41519,2025072403022179,MFIL,Bhrikuti Stock Broking Co. Pvt. Ltd.,Aryatara Investment & Securities,90,692.0,62280.0,2025-07-24 14:17:10.773115
2025-07-24,41518,2025072403022180,MFIL,Bhrikuti Stock Broking Co. Pvt. Ltd.,Asian Securities Private Ltd.,176,693.0,121968.0,2025-07-24 14:17:10.773349
2025-07-24,41517,2025072403022181,MFIL,Bhrikuti Stock Broking Co. Pvt. Ltd.,Vision Securities Pvt. Ltd,234,693.0,162162.0,2025-07-24 14:17:10.773457
2025-07-24,39290,2025072403022734,MFIL,Secured Securities Ltd.,Vision Securities Pvt. Ltd,16,693.0,11088.0,2025-07-24 14:20:33.617078
2025-07-24,39289,2025072403022735,MFIL,Secured Securities Ltd.,Vision Securities Pvt. Ltd,150,693.0,103950.0,2025-07-24 14:20:33.617574
2025-07-24,37628,2025072403023036,MFIL,Secured Securities Ltd.,Sri Hari Securities Pvt. Ltd.,25,693.0,17325.0,2025-07-24 14:22:50.427754
2025-07-24,37412,2025072403023060,MFIL,Sani Securities Company Ltd.,Agrawal Securities (PVT) Ltd.,25,694.0,17350.0,2025-07-24 14:23:07.194103
2025-07-24,37240,2025072403023095,MFIL,Secured Securities Ltd.,Sweta Securities Private Limited,50,695.0,34750.0,2025-07-24 14:23:21.836603
2025-07-24,37239,2025072403023096,MFIL,Secured Securities Ltd.,Aryatara Investment & Securities,100,695.0,69500.0,2025-07-24 14:23:21.836864
2025-07-24,37238,2025072403023097,MFIL,Secured Securities Ltd.,Neev Securities Pvt. Ltd.,15,695.0,10425.0,2025-07-24 14:23:21.836975
2025-07-24,37237,2025072403023098,MFIL,Secured Securities Ltd.,Sani Securities Company Ltd.,200,695.0,139000.0,2025-07-24 14:23:21.837094
2025-07-24,37236,2025072403023099,MFIL,Secured Securities Ltd.,Malla & Malla Stock Broking Company Pvt. Limited,25,695.0,17375.0,2025-07-24 14:23:21.837202
2025-07-24,37235,2025072403023100,MFIL,Secured Securities Ltd.,Cristal Kanchanjanga Securites Pvt. Ltd.,200,695.0,139000.0,2025-07-24 14:23:21.837304
2025-07-24,37234,2025072403023101,MFIL,Secured Securities Ltd.,Naasa Securities Co. Ltd.,179,695.0,124405.0,2025-07-24 14:23:21.837426
2025-07-24,37233,2025072403023102,MFIL,Secured Securities Ltd.,Sumeru Securities Pvt. Ltd.,100,695.0,69500.0,2025-07-24 14:23:21.837580
2025-07-24,36822,2025072403023196,MFIL,Shree Krishna Securities Ltd.,Dipshikha Dhitopatra Karobar Co. Pvt Ltd.,50,696.9,34845.0,2025-07-24 14:24:02.409715
2025-07-24,36821,2025072403023197,MFIL,Shree Krishna Securities Ltd.,Oxford Securities Pvt. Ltd.,30,697.0,20910.0,2025-07-24 14:24:02.410042
2025-07-24,36820,2025072403023198,MFIL,Shree Krishna Securities Ltd.,Sumeru Securities Pvt. Ltd.,100,697.0,69700.0,2025-07-24 14:24:02.410199
2025-07-24,36591,2025072403023243,MFIL,Sani Securities Company Ltd.,Kumari Securities Private Limited,175,699.0,122325.0,2025-07-24 14:24:24.665977
2025-07-24,35699,2025072403023428,MFIL,Kohinoor Investment & Securities Pvt. Ltd.,Kumari Securities Private Limited,200,699.0,139800.0,2025-07-24 14:25:50.043392
2025-07-24,35097,2025072403023585,MFIL,Shree Krishna Securities Ltd.,Kumari Securities Private Limited,155,699.0,108345.0,2025-07-24 14:26:54.032866
2025-07-24,35096,2025072403023586,MFIL,Shree Krishna Securities Ltd.,Investment Management Nepal Pvt. Ltd.,80,699.0,55920.0,2025-07-24 14:26:54.033143
2025-07-24,35095,2025072403023587,MFIL,Shree Krishna Securities Ltd.,Asian Securities Private Ltd.,20,699.0,13980.0,2025-07-24 14:26:54.033253
2025-07-24,33740,2025072403023919,MFIL,J.F. Securites (PVT) Ltd.,Online Securities Pvt. Ltd.,100,697.5,69750.0,2025-07-24 14:28:56.884546
2025-07-24,33639,2025072403023952,MFIL,J.F. Securites (PVT) Ltd.,Online Securities Pvt. Ltd.,100,697.5,69750.0,2025-07-24 14:29:05.306587
2025-07-24,33540,2025072403023966,MFIL,J.F. Securites (PVT) Ltd.,Dipshikha Dhitopatra Karobar Co. Pvt Ltd.,20,697.5,13950.0,2025-07-24 14:29:12.936012
2025-07-24,33314,2025072403024000,MFIL,J.F. Securites (PVT) Ltd.,Online Securities Pvt. Ltd.,70,697.5,48825.0,2025-07-24 14:29:30.869737
2025-07-24,32904,2025072403024085,MFIL,Secured Securities Ltd.,Imperial Securities Company Pvt. Ltd.,78,695.0,54210.0,2025-07-24 14:30:08.027898
2025-07-24,32024,2025072403024303,MFIL,Secured Securities Ltd.,Magnet Securities and Investment Company Private Limited,50,695.0,34750.0,2025-07-24 14:31:31.491039
2025-07-24,30832,2025072403024606,MFIL,Secured Securities Ltd.,Nepal Investment And Securities Trading Private Limited,200,693.0,138600.0,2025-07-24 14:33:12.717451
2025-07-24,30464,2025072403024673,MFIL,Secured Securities Ltd.,Capital Max Securities Ltd,14,693.0,9702.0,2025-07-24 14:33:43.118033
2025-07-24,30388,2025072403024695,MFIL,Secured Securities Ltd.,Imperial Securities Company Pvt. Ltd.,90,693.0,62370.0,2025-07-24 14:33:52.232777
2025-07-24,28434,2025072403025123,MFIL,Bhrikuti Stock Broking Co. Pvt. Ltd.,Online Securities Pvt. Ltd.,100,696.0,69600.0,2025-07-24 14:36:20.906399
2025-07-24,28433,2025072403025124,MFIL,Bhrikuti Stock Broking Co. Pvt. Ltd.,Cristal Kanchanjanga Securites Pvt. Ltd.,500,697.0,348500.0,2025-07-24 14:36:20.906439
2025-07-24,28432,2025072403025125,MFIL,Bhrikuti Stock Broking Co. Pvt. Ltd.,Sani Securities Company Ltd.,300,697.0,209100.0,2025-07-24 14:36:20.906462
2025-07-24,28431,2025072403025126,MFIL,Bhrikuti Stock Broking Co. Pvt. Ltd.,Linch Stock Market Ltd.,500,697.1,348550.0,2025-07-24 14:36:20.906485
2025-07-24,28430,2025072403025127,MFIL,Bhrikuti Stock Broking Co. Pvt. Ltd.,Online Securities Pvt. Ltd.,30,697.5,20925.0,2025-07-24 14:36:20.906507
2025-07-24,28429,2025072403025128,MFIL,Bhrikuti Stock Broking Co. Pvt. Ltd.,Sundhara Securities Limited,100,697.5,69750.0,2025-07-24 14:36:20.906551
2025-07-24,28428,2025072403025129,MFIL,Bhrikuti Stock Broking Co. Pvt. Ltd.,Deevyaa Securities & Stock House Pvt. Ltd,300,698.9,209670.0,2025-07-24 14:36:20.906576
2025-07-24,28427,2025072403025130,MFIL,Bhrikuti Stock Broking Co. Pvt. Ltd.,Aryatara Investment & Securities,50,699.0,34950.0,2025-07-24 14:36:20.906601
2025-07-24,28426,2025072403025131,MFIL,Bhrikuti Stock Broking Co. Pvt. Ltd.,Dakshinkali Investment & Securities Pvt. Ltd.,110,699.0,76890.0,2025-07-24 14:36:20.906626
2025-07-24,28425,2025072403025132,MFIL,Bhrikuti Stock Broking Co. Pvt. Ltd.,Trisul Securities & Invt. Ltd.,190,699.0,132810.0,2025-07-24 14:36:20.906648
2025-07-24,28424,2025072403025133,MFIL,Bhrikuti Stock Broking Co. Pvt. Ltd.,Neev Securities Pvt. Ltd.,60,699.0,41940.0,2025-07-24 14:36:20.906669
2025-07-24,28423,2025072403025134,MFIL,Bhrikuti Stock Broking Co. Pvt. Ltd.,ABC Securities Private Limited,74,699.5,51763.0,2025-07-24 14:36:20.906695
2025-07-24,26913,2025072403025466,MFIL,Sri Hari Securities Pvt. Ltd.,Sani Securities Company Ltd.,100,692.1,69210.0,2025-07-24 14:38:13.196071
2025-07-24,26830,2025072403025492,MFIL,Cristal Kanchanjanga Securites Pvt. Ltd.,Shree Krishna Securities Ltd.,10,697.9,6979.0,2025-07-24 14:38:19.357610
2025-07-24,26637,2025072403025516,MFIL,Sri Hari Securities Pvt. Ltd.,Online Securities Pvt. Ltd.,400,692.1,276840.0,2025-07-24 14:38:32.987220
2025-07-24,26636,2025072403025517,MFIL,Kohinoor Investment & Securities Pvt. Ltd.,Online Securities Pvt. Ltd.,106,692.0,73352.0,2025-07-24 14:38:32.987469
2025-07-24,26635,2025072403025518,MFIL,Naasa Securities Co. Ltd.,Online Securities Pvt. Ltd.,100,692.0,69200.0,2025-07-24 14:38:32.987565
2025-07-24,26164,2025072403025629,MFIL,Sani Securities Company Ltd.,Linch Stock Market Ltd.,43,691.0,29713.0,2025-07-24 14:39:09.709814
2025-07-24,26163,2025072403025630,MFIL,Secured Securities Ltd.,Linch Stock Market Ltd.,589,691.0,406999.0,2025-07-24 14:39:09.710315
2025-07-24,25818,2025072403025701,MFIL,Secured Securities Ltd.,Kohinoor Investment & Securities Pvt. Ltd.,50,691.0,34550.0,2025-07-24 14:39:35.081836
2025-07-24,25047,2025072403025868,MFIL,Secured Securities Ltd.,Stoxkarts Securities Limited,23,691.0,15893.0,2025-07-24 14:40:42.765902
2025-07-24,23876,2025072403026152,MFIL,Neev Securities Pvt. Ltd.,N.M.B. SECURITIES LIMITED,8,680.0,5440.0,2025-07-24 14:42:23.265609
2025-07-24,22399,2025072403026523,MFIL,Secured Securities Ltd.,Linch Stock Market Ltd.,338,691.0,233558.0,2025-07-24 14:43:57.386955
2025-07-24,22398,2025072403026524,MFIL,Dipshikha Dhitopatra Karobar Co. Pvt Ltd.,Linch Stock Market Ltd.,42,691.0,29022.0,2025-07-24 14:43:57.387211
2025-07-24,22120,2025072403026607,MFIL,Dipshikha Dhitopatra Karobar Co. Pvt Ltd.,Vision Securities Pvt. Ltd,10,691.0,6910.0,2025-07-24 14:44:17.635108
2025-07-24,21234,2025072403026773,MFIL,Sri Hari Securities Pvt. Ltd.,Nepal Investment And Securities Trading Private Limited,200,691.1,138220.0,2025-07-24 14:45:13.490485
2025-07-24,20740,2025072403026897,MFIL,Secured Securities Ltd.,Online Securities Pvt. Ltd.,394,692.0,272648.0,2025-07-24 14:45:48.135061
2025-07-24,20739,2025072403026898,MFIL,Secured Securities Ltd.,Vision Securities Pvt. Ltd,200,692.0,138400.0,2025-07-24 14:45:48.135360
2025-07-24,20370,2025072403026954,MFIL,Secured Securities Ltd.,Online Securities Pvt. Ltd.,5,693.0,3465.0,2025-07-24 14:46:13.137606
2025-07-24,18304,2025072403027428,MFIL,Aryatara Investment & Securities,Midas Stock Broking Company Private Limited,317,695.0,220315.0,2025-07-24 14:48:24.484210
2025-07-24,18303,2025072403027429,MFIL,Aryatara Investment & Securities,Aryatara Investment & Securities,183,695.0,127185.0,2025-07-24 14:48:24.484505
2025-07-24,17730,2025072403027548,MFIL,Deevyaa Securities & Stock House Pvt. Ltd,Imperial Securities Company Pvt. Ltd.,100,691.4,69140.0,2025-07-24 14:48:59.940430
2025-07-24,16198,2025072403027881,MFIL,Sri Hari Securities Pvt. Ltd.,Sani Securities Company Ltd.,450,691.7,311265.0,2025-07-24 14:50:24.826581
2025-07-24,13971,2025072403028429,MFIL,Linch Stock Market Ltd.,Aryatara Investment & Securities,67,695.0,46565.0,2025-07-24 14:52:21.944139
2025-07-24,13970,2025072403028430,MFIL,Linch Stock Market Ltd.,Premier Securities Company Ltd.,50,695.0,34750.0,2025-07-24 14:52:21.944624
2025-07-24,13969,2025072403028431,MFIL,Linch Stock Market Ltd.,Bhrikuti Stock Broking Co. Pvt. Ltd.,83,695.0,57685.0,2025-07-24 14:52:21.944928
2025-07-24,13336,2025072403028542,MFIL,Thrive Brokerage House Pvt. Ltd,Bhrikuti Stock Broking Co. Pvt. Ltd.,67,695.0,46565.0,2025-07-24 14:52:52.736774
2025-07-24,12999,2025072403028653,MFIL,Thrive Brokerage House Pvt. Ltd,Cristal Kanchanjanga Securites Pvt. Ltd.,53,695.1,36840.3,2025-07-24 14:53:12.111072
2025-07-24,12673,2025072403028713,MFIL,Linch Stock Market Ltd.,Cristal Kanchanjanga Securites Pvt. Ltd.,100,695.0,69500.0,2025-07-24 14:53:28.268424
2025-07-24,12009,2025072403028826,MFIL,Sri Hari Securities Pvt. Ltd.,Cristal Kanchanjanga Securites Pvt. Ltd.,47,695.0,32665.0,2025-07-24 14:54:01.010785
2025-07-24,11933,2025072403028835,MFIL,Neev Securities Pvt. Ltd.,Naasa Securities Co. Ltd.,1,690.0,690.0,2025-07-24 14:54:04.665683
2025-07-24,11689,2025072403028887,MFIL,Neev Securities Pvt. Ltd.,Premier Securities Company Ltd.,9,691.0,6219.0,2025-07-24 14:54:17.206703
2025-07-24,11621,2025072403028903,MFIL,Capital Max Securities Ltd,Secured Securities Ltd.,10,695.0,6950.0,2025-07-24 14:54:21.098898
2025-07-24,10614,2025072403029115,MFIL,Capital Max Securities Ltd,Online Securities Pvt. Ltd.,350,695.0,243250.0,2025-07-24 14:55:03.006200
2025-07-24,10431,2025072403029174,MFIL,Secured Securities Ltd.,Online Securities Pvt. Ltd.,500,696.0,348000.0,2025-07-24 14:55:10.186808
2025-07-24,10430,2025072403029175,MFIL,Secured Securities Ltd.,Trishakti Securities Public Limited,100,697.5,69750.0,2025-07-24 14:55:10.187080
2025-07-24,10429,2025072403029176,MFIL,Secured Securities Ltd.,Nabil Stock Dealer Ltd.,100,697.6,69760.0,2025-07-24 14:55:10.187197
2025-07-24,10428,2025072403029177,MFIL,Secured Securities Ltd.,Shree Krishna Securities Ltd.,90,697.9,62811.0,2025-07-24 14:55:10.187307
2025-07-24,10427,2025072403029178,MFIL,Secured Securities Ltd.,Malla & Malla Stock Broking Company Pvt. Limited,75,698.0,52350.0,2025-07-24 14:55:10.187415
2025-07-24,10426,2025072403029179,MFIL,Secured Securities Ltd.,Dipshikha Dhitopatra Karobar Co. Pvt Ltd.,161,698.0,112378.0,2025-07-24 14:55:10.187519
2025-07-24,10425,2025072403029180,MFIL,Secured Securities Ltd.,Naasa Securities Co. Ltd.,790,698.0,551420.0,2025-07-24 14:55:10.187624
2025-07-24,10424,2025072403029181,MFIL,Secured Securities Ltd.,Naasa Securities Co. Ltd.,10,698.8,6988.0,2025-07-24 14:55:10.187729
2025-07-24,10423,2025072403029182,MFIL,Secured Securities Ltd.,Midas Stock Broking Company Private Limited,364,698.8,254363.2,2025-07-24 14:55:10.187841
2025-07-24,10422,2025072403029183,MFIL,Secured Securities Ltd.,Sundhara Securities Limited,200,699.0,139800.0,2025-07-24 14:55:10.187940
2025-07-24,10421,2025072403029184,MFIL,Secured Securities Ltd.,Aryatara Investment & Securities,1000,699.0,699000.0,2025-07-24 14:55:10.188045
2025-07-24,10420,2025072403029185,MFIL,Secured Securities Ltd.,Sweta Securities Private Limited,50,699.0,34950.0,2025-07-24 14:55:10.188141
2025-07-24,10419,2025072403029186,MFIL,Secured Securities Ltd.,ABC Securities Private Limited,426,699.5,297987.0,2025-07-24 14:55:10.188240
2025-07-24,10418,2025072403029187,MFIL,Secured Securities Ltd.,Hatemalo Financial Services Private Limited,300,699.9,209970.0,2025-07-24 14:55:10.188343
2025-07-24,10417,2025072403029188,MFIL,Secured Securities Ltd.,Asian Securities Private Ltd.,377,700.0,263900.0,2025-07-24 14:55:10.188441
2025-07-24,10416,2025072403029189,MFIL,Secured Securities Ltd.,Bhrikuti Stock Broking Co. Pvt. Ltd.,111,700.0,77700.0,2025-07-24 14:55:10.188534
2025-07-24,10415,2025072403029190,MFIL,Secured Securities Ltd.,Capital Max Securities Ltd,300,700.0,210000.0,2025-07-24 14:55:10.188633
2025-07-24,10414,2025072403029191,MFIL,Secured Securities Ltd.,Sundhara Securities Limited,46,700.0,32200.0,2025-07-24 14:55:10.188731
2025-07-24,10329,2025072403029207,MFIL,Capital Max Securities Ltd,Thrive Brokerage House Pvt. Ltd,10,695.0,6950.0,2025-07-24 14:55:14.460632
2025-07-24,9805,2025072403029319,MFIL,Elite Stock House Limited,Sundhara Securities Limited,10,700.0,7000.0,2025-07-24 14:55:36.830673
2025-07-24,9500,2025072403029401,MFIL,Capital Max Securities Ltd,Dipshikha Dhitopatra Karobar Co. Pvt Ltd.,100,695.0,69500.0,2025-07-24 14:55:45.819479
2025-07-24,8164,2025072403029727,MFIL,Kumari Securities Private Limited,Dakshinkali Investment & Securities Pvt. Ltd.,100,695.1,69510.0,2025-07-24 14:56:40.211715
2025-07-24,7511,2025072403029951,MFIL,Capital Max Securities Ltd,Kalika Securities Pvt. Ltd.,20,695.0,13900.0,2025-07-24 14:57:00.961267
2025-07-24,7506,2025072403029952,MFIL,Capital Max Securities Ltd,SHUBHAKAMANA SECURITIES PVT. LTD,10,695.0,6950.0,2025-07-24 14:57:01.065363
2025-07-24,7002,2025072403030072,MFIL,Secured Securities Ltd.,Indira securities pvt. ltd,300,693.0,207900.0,2025-07-24 14:57:17.537902
2025-07-24,7001,2025072403030073,MFIL,Dakshinkali Investment & Securities Pvt. Ltd.,Indira securities pvt. ltd,300,692.1,207630.0,2025-07-24 14:57:17.537946
2025-07-24,6627,2025072403030118,MFIL,Sweta Securities Private Limited,SHUBHAKAMANA SECURITIES PVT. LTD,20,692.0,13840.0,2025-07-24 14:57:28.531833
2025-07-24,6216,2025072403030215,MFIL,Market Securities & Exchange (PVT) Ltd.,Kalika Securities Pvt. Ltd.,100,692.4,69240.0,2025-07-24 14:57:43.092341
2025-07-24,5313,2025072403030394,MFIL,Imperial Securities Company Pvt. Ltd.,ABC Securities Private Limited,10,695.0,6950.0,2025-07-24 14:58:14.548037
2025-07-24,5312,2025072403030395,MFIL,Imperial Securities Company Pvt. Ltd.,ABC Securities Private Limited,90,695.0,62550.0,2025-07-24 14:58:14.548277
2025-07-24,4891,2025072403030498,MFIL,Midas Stock Broking Company Private Limited,ABC Securities Private Limited,400,695.0,278000.0,2025-07-24 14:58:28.956806
