Date,S.N.,contract_id,symbol,buyer_broker,seller_broker,volume,price,amount,transaction_time
2025-07-24,152786,2025072401000396,NMB,J.F. Securites (PVT) Ltd.,Imperial Securities Company Pvt. Ltd.,50,276.0,13800.0,2025-07-24 11:03:49.634055
2025-07-24,151666,2025072401000687,NMB,J.F. Securites (PVT) Ltd.,Siprabi Securities Pvt. Ltd.,700,277.0,193900.0,2025-07-24 11:05:50.686341
2025-07-24,148534,2025072401001495,NMB,Market Securities & Exchange (PVT) Ltd.,Vision Securities Pvt. Ltd,80,276.1,22088.0,2025-07-24 11:11:00.855856
2025-07-24,148533,2025072401001496,NMB,Asian Securities Private Ltd.,Vision Securities Pvt. Ltd,500,276.1,138050.0,2025-07-24 11:11:00.855955
2025-07-24,148532,2025072401001497,NMB,J.F. Securites (PVT) Ltd.,Vision Securities Pvt. Ltd,50,276.0,13800.0,2025-07-24 11:11:00.856000
2025-07-24,148531,2025072401001498,NMB,Creative Securities Pvt Ltd,Vision Securities Pvt. Ltd,100,276.0,27600.0,2025-07-24 11:11:00.856053
2025-07-24,147378,2025072401001746,NMB,Linch Stock Market Ltd.,Vision Securities Pvt. Ltd,1000,276.0,276000.0,2025-07-24 11:12:56.624067
2025-07-24,147275,2025072401001768,NMB,Nepal Stock House (PVT) Ltd.,Vision Securities Pvt. Ltd,200,276.0,55200.0,2025-07-24 11:13:08.827676
2025-07-24,146982,2025072401001842,NMB,Linch Stock Market Ltd.,Deevyaa Securities & Stock House Pvt. Ltd,30,275.5,8265.0,2025-07-24 11:13:39.348833
2025-07-24,146846,2025072401001886,NMB,Nepal Stock House (PVT) Ltd.,ABC Securities Private Limited,500,275.3,137650.0,2025-07-24 11:13:50.817460
2025-07-24,146756,2025072401001908,NMB,Dipshikha Dhitopatra Karobar Co. Pvt Ltd.,Deevyaa Securities & Stock House Pvt. Ltd,500,275.2,137600.0,2025-07-24 11:14:01.807823
2025-07-24,146576,2025072401001956,NMB,Naasa Securities Co. Ltd.,Deevyaa Securities & Stock House Pvt. Ltd,150,275.1,41265.0,2025-07-24 11:14:19.431529
2025-07-24,146575,2025072401001957,NMB,Secured Securities Ltd.,Deevyaa Securities & Stock House Pvt. Ltd,320,275.1,88032.0,2025-07-24 11:14:19.431639
2025-07-24,146055,2025072401002068,NMB,Nepal Stock House (PVT) Ltd.,Vision Securities Pvt. Ltd,70,276.0,19320.0,2025-07-24 11:15:05.692198
2025-07-24,146054,2025072401002069,NMB,Nepal Stock House (PVT) Ltd.,Naasa Securities Co. Ltd.,230,276.0,63480.0,2025-07-24 11:15:05.692351
2025-07-24,145930,2025072401002109,NMB,Nepal Stock House (PVT) Ltd.,Naasa Securities Co. Ltd.,500,275.2,137600.0,2025-07-24 11:15:18.853520
2025-07-24,145929,2025072401002110,NMB,Secured Securities Ltd.,Naasa Securities Co. Ltd.,1180,275.1,324618.0,2025-07-24 11:15:18.853617
2025-07-24,145928,2025072401002111,NMB,Oxford Securities Pvt. Ltd.,Naasa Securities Co. Ltd.,1000,275.1,275100.0,2025-07-24 11:15:18.853663
2025-07-24,145927,2025072401002112,NMB,J.F. Securites (PVT) Ltd.,Naasa Securities Co. Ltd.,1320,275.0,363000.0,2025-07-24 11:15:18.853714
2025-07-24,144804,2025072401002432,NMB,J.F. Securites (PVT) Ltd.,Naasa Securities Co. Ltd.,70,275.0,19250.0,2025-07-24 11:16:58.210079
2025-07-24,144620,2025072401002489,NMB,J.F. Securites (PVT) Ltd.,Sagarmatha Securities Private Limited,100,275.0,27500.0,2025-07-24 11:17:12.359767
2025-07-24,144123,2025072401002632,NMB,Kumari Securities Private Limited,Vision Securities Pvt. Ltd,1000,275.1,275100.0,2025-07-24 11:17:59.553420
2025-07-24,143601,2025072401002786,NMB,Kumari Securities Private Limited,Malla & Malla Stock Broking Company Pvt. Limited,700,275.1,192570.0,2025-07-24 11:18:47.918885
2025-07-24,143600,2025072401002787,NMB,J.F. Securites (PVT) Ltd.,Malla & Malla Stock Broking Company Pvt. Limited,3510,275.0,965250.0,2025-07-24 11:18:47.919008
2025-07-24,143599,2025072401002788,NMB,Kumari Securities Private Limited,Malla & Malla Stock Broking Company Pvt. Limited,790,275.0,217250.0,2025-07-24 11:18:47.919075
2025-07-24,142700,2025072401003044,NMB,Kumari Securities Private Limited,ABC Securities Private Limited,19,275.0,5225.0,2025-07-24 11:20:19.472977
2025-07-24,142000,2025072401003224,NMB,Nepal Stock House (PVT) Ltd.,Dynamic Money Managers Securities Pvt. Ltd.,12,275.1,3301.2,2025-07-24 11:21:21.042980
2025-07-24,141861,2025072401003267,NMB,Nepal Stock House (PVT) Ltd.,Primo Securities (PVT) Ltd.,588,275.1,161758.8,2025-07-24 11:21:33.629493
2025-07-24,141579,2025072401003371,NMB,Kumari Securities Private Limited,Dakshinkali Investment & Securities Pvt. Ltd.,100,275.0,27500.0,2025-07-24 11:21:59.126245
2025-07-24,141510,2025072401003383,NMB,Online Securities Pvt. Ltd.,Primo Securities (PVT) Ltd.,30,275.1,8253.0,2025-07-24 11:22:04.369679
2025-07-24,141243,2025072401003477,NMB,Sri Hari Securities Pvt. Ltd.,Primo Securities (PVT) Ltd.,10,275.1,2751.0,2025-07-24 11:22:29.511325
2025-07-24,140995,2025072401003543,NMB,Kumari Securities Private Limited,Creative Securities Pvt Ltd,91,275.0,25025.0,2025-07-24 11:22:49.284782
2025-07-24,140284,2025072401003757,NMB,Premier Securities Company Ltd.,Imperial Securities Company Pvt. Ltd.,30,274.2,8226.0,2025-07-24 11:23:52.379776
2025-07-24,140283,2025072401003758,NMB,Opal Securities Investment (PVT) Ltd.,Imperial Securities Company Pvt. Ltd.,10,274.0,2740.0,2025-07-24 11:23:52.380090
2025-07-24,140282,2025072401003759,NMB,Kumari Securities Private Limited,Imperial Securities Company Pvt. Ltd.,1960,274.0,537040.0,2025-07-24 11:23:52.380260
2025-07-24,140052,2025072401003801,NMB,Kumari Securities Private Limited,Imperial Securities Company Pvt. Ltd.,40,274.0,10960.0,2025-07-24 11:24:14.977790
2025-07-24,139544,2025072401003906,NMB,Nepal Stock House (PVT) Ltd.,Imperial Securities Company Pvt. Ltd.,200,273.7,54740.0,2025-07-24 11:25:00.632580
2025-07-24,138046,2025072401004268,NMB,Nepal Stock House (PVT) Ltd.,Online Securities Pvt. Ltd.,25,273.7,6842.5,2025-07-24 11:27:12.453562
2025-07-24,137605,2025072401004379,NMB,Dakshinkali Investment & Securities Pvt. Ltd.,Imperial Securities Company Pvt. Ltd.,460,274.0,126040.0,2025-07-24 11:27:44.509920
2025-07-24,137604,2025072401004380,NMB,Dakshinkali Investment & Securities Pvt. Ltd.,Vision Securities Pvt. Ltd,194,274.0,53156.0,2025-07-24 11:27:44.510122
2025-07-24,137603,2025072401004381,NMB,Dakshinkali Investment & Securities Pvt. Ltd.,Creative Securities Pvt Ltd,34,275.0,9350.0,2025-07-24 11:27:44.510186
2025-07-24,137602,2025072401004382,NMB,Dakshinkali Investment & Securities Pvt. Ltd.,Neev Securities Pvt. Ltd.,30,275.0,8250.0,2025-07-24 11:27:44.510246
2025-07-24,137601,2025072401004383,NMB,Dakshinkali Investment & Securities Pvt. Ltd.,Sani Securities Company Ltd.,77,275.0,21175.0,2025-07-24 11:27:44.510303
2025-07-24,137600,2025072401004384,NMB,Dakshinkali Investment & Securities Pvt. Ltd.,Imperial Securities Company Pvt. Ltd.,175,275.0,48125.0,2025-07-24 11:27:44.510363
2025-07-24,137599,2025072401004385,NMB,Dakshinkali Investment & Securities Pvt. Ltd.,Sweta Securities Private Limited,1500,275.0,412500.0,2025-07-24 11:27:44.510434
2025-07-24,137598,2025072401004386,NMB,Dakshinkali Investment & Securities Pvt. Ltd.,Sweta Securities Private Limited,500,275.0,137500.0,2025-07-24 11:27:44.510506
2025-07-24,136139,2025072401004696,NMB,Malla & Malla Stock Broking Company Pvt. Limited,Sewa Securities Pvt. Ltd.,10,275.0,2750.0,2025-07-24 11:29:30.622611
2025-07-24,132399,2025072401005625,NMB,Sri Hari Securities Pvt. Ltd.,Sewa Securities Pvt. Ltd.,10,275.0,2750.0,2025-07-24 11:34:34.521855
2025-07-24,131393,2025072401005826,NMB,Swarna Laxmi Securities Pvt. Ltd.,Sewa Securities Pvt. Ltd.,232,275.0,63800.0,2025-07-24 11:36:02.599459
2025-07-24,130749,2025072401006009,NMB,Secured Securities Ltd.,Vision Securities Pvt. Ltd,194,275.2,53388.8,2025-07-24 11:37:03.575076
2025-07-24,130748,2025072401006010,NMB,Secured Securities Ltd.,Naasa Securities Co. Ltd.,97,275.5,26723.5,2025-07-24 11:37:03.575239
2025-07-24,130747,2025072401006011,NMB,Secured Securities Ltd.,Aryatara Investment & Securities,110,276.0,30360.0,2025-07-24 11:37:03.575313
2025-07-24,130746,2025072401006012,NMB,Secured Securities Ltd.,Imperial Securities Company Pvt. Ltd.,97,276.0,26772.0,2025-07-24 11:37:03.575383
2025-07-24,130745,2025072401006013,NMB,Secured Securities Ltd.,Creative Securities Pvt Ltd,300,276.8,83040.0,2025-07-24 11:37:03.575447
2025-07-24,130744,2025072401006014,NMB,Secured Securities Ltd.,Nepal Stock House (PVT) Ltd.,300,276.9,83070.0,2025-07-24 11:37:03.575516
2025-07-24,130743,2025072401006015,NMB,Secured Securities Ltd.,Dakshinkali Investment & Securities Pvt. Ltd.,3902,277.0,1080854.0,2025-07-24 11:37:03.575583
2025-07-24,126804,2025072401007053,NMB,Market Securities & Exchange (PVT) Ltd.,Trisul Securities & Invt. Ltd.,20,275.2,5504.0,2025-07-24 11:42:17.227762
2025-07-24,126781,2025072401007063,NMB,Nepal Stock House (PVT) Ltd.,Thrive Brokerage House Pvt. Ltd,500,275.1,137550.0,2025-07-24 11:42:20.184243
2025-07-24,126534,2025072401007137,NMB,Nepal Stock House (PVT) Ltd.,Sweta Securities Private Limited,200,275.1,55020.0,2025-07-24 11:42:41.503696
2025-07-24,126533,2025072401007138,NMB,Imperial Securities Company Pvt. Ltd.,Sweta Securities Private Limited,100,275.0,27500.0,2025-07-24 11:42:41.503859
2025-07-24,126532,2025072401007139,NMB,South Asian Bulls Pvt. Ltd.,Sweta Securities Private Limited,104,275.0,28600.0,2025-07-24 11:42:41.503928
2025-07-24,126128,2025072401007230,NMB,South Asian Bulls Pvt. Ltd.,Cristal Kanchanjanga Securites Pvt. Ltd.,470,275.0,129250.0,2025-07-24 11:43:23.982916
2025-07-24,124640,2025072401007590,NMB,Imperial Securities Company Pvt. Ltd.,Premier Securities Company Ltd.,20,275.3,5506.0,2025-07-24 11:45:42.102215
2025-07-24,121849,2025072401008365,NMB,Imperial Securities Company Pvt. Ltd.,Vision Securities Pvt. Ltd,10,275.3,2753.0,2025-07-24 11:50:29.891895
2025-07-24,121848,2025072401008366,NMB,Creative Securities Pvt Ltd,Vision Securities Pvt. Ltd,1000,275.2,275200.0,2025-07-24 11:50:29.892306
2025-07-24,121847,2025072401008367,NMB,Secured Securities Ltd.,Vision Securities Pvt. Ltd,990,275.1,272349.0,2025-07-24 11:50:29.892553
2025-07-24,121816,2025072401008379,NMB,Sweta Securities Private Limited,Nepal Stock House (PVT) Ltd.,36,276.7,9961.2,2025-07-24 11:50:32.867835
2025-07-24,119890,2025072401008890,NMB,Secured Securities Ltd.,Kalika Securities Pvt. Ltd.,10,275.1,2751.0,2025-07-24 11:53:50.969608
2025-07-24,119889,2025072401008891,NMB,Midas Stock Broking Company Private Limited,Kalika Securities Pvt. Ltd.,500,275.1,137550.0,2025-07-24 11:53:50.969980
2025-07-24,119888,2025072401008892,NMB,South Asian Bulls Pvt. Ltd.,Kalika Securities Pvt. Ltd.,426,275.0,117150.0,2025-07-24 11:53:50.970247
2025-07-24,119887,2025072401008893,NMB,Naasa Securities Co. Ltd.,Kalika Securities Pvt. Ltd.,100,275.0,27500.0,2025-07-24 11:53:50.970468
2025-07-24,119886,2025072401008894,NMB,Opal Securities Investment (PVT) Ltd.,Kalika Securities Pvt. Ltd.,575,275.0,158125.0,2025-07-24 11:53:50.970699
2025-07-24,119885,2025072401008895,NMB,Imperial Securities Company Pvt. Ltd.,Kalika Securities Pvt. Ltd.,189,275.0,51975.0,2025-07-24 11:53:50.970927
2025-07-24,119124,2025072401009068,NMB,Imperial Securities Company Pvt. Ltd.,Sundhara Securities Limited,11,275.0,3025.0,2025-07-24 11:55:04.774220
2025-07-24,119123,2025072401009069,NMB,Linch Stock Market Ltd.,Sundhara Securities Limited,214,275.0,58850.0,2025-07-24 11:55:04.774432
2025-07-24,118821,2025072401009177,NMB,Naasa Securities Co. Ltd.,Secured Securities Ltd.,127,275.3,34963.1,2025-07-24 11:55:37.374296
2025-07-24,117335,2025072401009560,NMB,Naasa Securities Co. Ltd.,Kalika Securities Pvt. Ltd.,58,275.3,15967.4,2025-07-24 11:58:03.321917
2025-07-24,115997,2025072401009937,NMB,Linch Stock Market Ltd.,Sani Securities Company Ltd.,20,275.0,5500.0,2025-07-24 12:00:02.386938
2025-07-24,114064,2025072401010405,NMB,Online Securities Pvt. Ltd.,Pragyan Securities (PVT) Ltd.,100,275.1,27510.0,2025-07-24 12:03:30.245153
2025-07-24,114063,2025072401010406,NMB,Linch Stock Market Ltd.,Pragyan Securities (PVT) Ltd.,200,275.0,55000.0,2025-07-24 12:03:30.245446
2025-07-24,112422,2025072401010829,NMB,Kohinoor Investment & Securities Pvt. Ltd.,Sani Securities Company Ltd.,15,276.0,4140.0,2025-07-24 12:05:45.592859
2025-07-24,109853,2025072401011439,NMB,Linch Stock Market Ltd.,Kumari Securities Private Limited,66,275.0,18150.0,2025-07-24 12:09:51.092994
2025-07-24,109852,2025072401011440,NMB,Capital Max Securities Ltd,Kumari Securities Private Limited,434,274.6,119176.4,2025-07-24 12:09:51.093284
2025-07-24,109036,2025072401011664,NMB,Nepal Stock House (PVT) Ltd.,Imperial Securities Company Pvt. Ltd.,55,275.0,15125.0,2025-07-24 12:11:13.178606
2025-07-24,108756,2025072401011726,NMB,Nepal Stock House (PVT) Ltd.,South Asian Bulls Pvt. Ltd.,200,275.0,55000.0,2025-07-24 12:11:33.904778
2025-07-24,107834,2025072401012007,NMB,Nepal Stock House (PVT) Ltd.,Sani Securities Company Ltd.,200,275.0,55000.0,2025-07-24 12:13:02.667962
2025-07-24,107092,2025072401012206,NMB,Nepal Stock House (PVT) Ltd.,Cristal Kanchanjanga Securites Pvt. Ltd.,128,275.0,35200.0,2025-07-24 12:14:34.262985
2025-07-24,106202,2025072401012428,NMB,Nepal Stock House (PVT) Ltd.,Nepal Stock House (PVT) Ltd.,22,275.0,6050.0,2025-07-24 12:16:20.990585
2025-07-24,105402,2025072401012622,NMB,Nepal Stock House (PVT) Ltd.,Linch Stock Market Ltd.,800,275.5,220400.0,2025-07-24 12:17:36.556724
2025-07-24,105092,2025072401012709,NMB,Pragyan Securities (PVT) Ltd.,Trishakti Securities Public Limited,19,275.0,5225.0,2025-07-24 12:18:16.003253
2025-07-24,104905,2025072401012786,NMB,Pragyan Securities (PVT) Ltd.,ABC Securities Private Limited,50,275.0,13750.0,2025-07-24 12:18:45.098129
2025-07-24,104738,2025072401012886,NMB,Primo Securities (PVT) Ltd.,Agrawal Securities (PVT) Ltd.,1,269.5,269.5,2025-07-24 12:19:00.107978
2025-07-24,104682,2025072401012901,NMB,Pragyan Securities (PVT) Ltd.,Kumari Securities Private Limited,125,275.0,34375.0,2025-07-24 12:19:05.241916
2025-07-24,104603,2025072401012924,NMB,Primo Securities (PVT) Ltd.,Vision Securities Pvt. Ltd,2,270.0,540.0,2025-07-24 12:19:14.987430
2025-07-24,104554,2025072401012939,NMB,Primo Securities (PVT) Ltd.,Linch Stock Market Ltd.,1,270.0,270.0,2025-07-24 12:19:21.359846
2025-07-24,104038,2025072401013077,NMB,Primo Securities (PVT) Ltd.,Deevyaa Securities & Stock House Pvt. Ltd,1,270.0,270.0,2025-07-24 12:20:19.017908
2025-07-24,103898,2025072401013105,NMB,Primo Securities (PVT) Ltd.,Sumeru Securities Pvt. Ltd.,2,271.0,542.0,2025-07-24 12:20:29.361795
2025-07-24,103819,2025072401013129,NMB,Primo Securities (PVT) Ltd.,Aryatara Investment & Securities,2,272.0,544.0,2025-07-24 12:20:37.181575
2025-07-24,103574,2025072401013208,NMB,Primo Securities (PVT) Ltd.,Vision Securities Pvt. Ltd,1,270.0,270.0,2025-07-24 12:21:05.234524
2025-07-24,103403,2025072401013241,NMB,Primo Securities (PVT) Ltd.,Deevyaa Securities & Stock House Pvt. Ltd,4,270.0,1080.0,2025-07-24 12:21:23.469999
2025-07-24,102785,2025072401013365,NMB,Primo Securities (PVT) Ltd.,Naasa Securities Co. Ltd.,1,273.0,273.0,2025-07-24 12:22:19.009428
2025-07-24,102684,2025072401013389,NMB,Primo Securities (PVT) Ltd.,Malla & Malla Stock Broking Company Pvt. Limited,3,273.0,819.0,2025-07-24 12:22:31.465282
2025-07-24,102493,2025072401013426,NMB,Primo Securities (PVT) Ltd.,Aryatara Investment & Securities,2,273.7,547.4,2025-07-24 12:22:52.113955
2025-07-24,98911,2025072401014609,NMB,Pragyan Securities (PVT) Ltd.,Ashutosh Brokerage & Securities (PVT) Ltd.,306,275.0,84150.0,2025-07-24 12:29:15.757918
2025-07-24,98910,2025072401014610,NMB,Aryatara Investment & Securities,Ashutosh Brokerage & Securities (PVT) Ltd.,94,275.0,25850.0,2025-07-24 12:29:15.758183
2025-07-24,98909,2025072401014611,NMB,Aryatara Investment & Securities,Imperial Securities Company Pvt. Ltd.,6,275.0,1650.0,2025-07-24 12:29:15.758300
2025-07-24,98815,2025072401014626,NMB,Vision Securities Pvt. Ltd,Capital Max Securities Ltd,90,275.4,24786.0,2025-07-24 12:29:27.291586
2025-07-24,98814,2025072401014627,NMB,Vision Securities Pvt. Ltd,Linch Stock Market Ltd.,10,275.5,2755.0,2025-07-24 12:29:27.291857
2025-07-24,98211,2025072401014852,NMB,Vision Securities Pvt. Ltd,Linch Stock Market Ltd.,23,275.5,6336.5,2025-07-24 12:30:36.445364
2025-07-24,98210,2025072401014853,NMB,Vision Securities Pvt. Ltd,Aryatara Investment & Securities,60,275.5,16530.0,2025-07-24 12:30:36.445866
2025-07-24,98209,2025072401014854,NMB,Vision Securities Pvt. Ltd,Linch Stock Market Ltd.,17,276.0,4692.0,2025-07-24 12:30:36.446202
2025-07-24,97722,2025072401014976,NMB,Sri Hari Securities Pvt. Ltd.,Shree Krishna Securities Ltd.,1000,275.0,275000.0,2025-07-24 12:31:34.002673
2025-07-24,96455,2025072401015318,NMB,Primo Securities (PVT) Ltd.,Linch Stock Market Ltd.,1,270.0,270.0,2025-07-24 12:34:11.090489
2025-07-24,95632,2025072401015507,NMB,Primo Securities (PVT) Ltd.,Linch Stock Market Ltd.,1,270.0,270.0,2025-07-24 12:35:35.412202
2025-07-24,93183,2025072401016203,NMB,Creative Securities Pvt Ltd,Linch Stock Market Ltd.,200,275.1,55020.0,2025-07-24 12:40:13.587048
2025-07-24,92687,2025072401016346,NMB,Creative Securities Pvt Ltd,Siprabi Securities Pvt. Ltd.,300,275.1,82530.0,2025-07-24 12:41:03.426171
2025-07-24,92599,2025072401016374,NMB,Primo Securities (PVT) Ltd.,Kumari Securities Private Limited,1,269.9,269.9,2025-07-24 12:41:11.959873
2025-07-24,92245,2025072401016478,NMB,Sri Hari Securities Pvt. Ltd.,SHUBHAKAMANA SECURITIES PVT. LTD,100,275.0,27500.0,2025-07-24 12:41:56.803425
2025-07-24,92244,2025072401016479,NMB,Trisul Securities & Invt. Ltd.,SHUBHAKAMANA SECURITIES PVT. LTD,100,275.0,27500.0,2025-07-24 12:41:56.803545
2025-07-24,92151,2025072401016509,NMB,Trisul Securities & Invt. Ltd.,Nepal Stock House (PVT) Ltd.,200,275.0,55000.0,2025-07-24 12:42:10.696173
2025-07-24,92150,2025072401016510,NMB,Aakashbhairab Securities Ltd.,Nepal Stock House (PVT) Ltd.,300,275.0,82500.0,2025-07-24 12:42:10.696677
2025-07-24,91659,2025072401016648,NMB,Primo Securities (PVT) Ltd.,Vision Securities Pvt. Ltd,1,270.0,270.0,2025-07-24 12:43:12.201962
2025-07-24,91594,2025072401016666,NMB,Primo Securities (PVT) Ltd.,Siprabi Securities Pvt. Ltd.,6,270.0,1620.0,2025-07-24 12:43:21.551500
2025-07-24,91520,2025072401016679,NMB,Aakashbhairab Securities Ltd.,Dakshinkali Investment & Securities Pvt. Ltd.,50,275.0,13750.0,2025-07-24 12:43:30.758587
2025-07-24,91519,2025072401016680,NMB,Naasa Securities Co. Ltd.,Dakshinkali Investment & Securities Pvt. Ltd.,130,275.0,35750.0,2025-07-24 12:43:30.758894
2025-07-24,91403,2025072401016724,NMB,Naasa Securities Co. Ltd.,Neev Securities Pvt. Ltd.,15,275.0,4125.0,2025-07-24 12:43:44.818311
2025-07-24,91211,2025072401016786,NMB,Primo Securities (PVT) Ltd.,Malla & Malla Stock Broking Company Pvt. Limited,3,271.0,813.0,2025-07-24 12:44:07.103321
2025-07-24,90645,2025072401016961,NMB,Sani Securities Company Ltd.,Shree Krishna Securities Ltd.,20,275.1,5502.0,2025-07-24 12:45:22.984437
2025-07-24,90644,2025072401016962,NMB,Sri Hari Securities Pvt. Ltd.,Shree Krishna Securities Ltd.,480,275.0,132000.0,2025-07-24 12:45:22.984687
2025-07-24,90438,2025072401017071,NMB,Primo Securities (PVT) Ltd.,Sunrise Securities Limited,1,269.5,269.5,2025-07-24 12:45:47.623376
2025-07-24,90217,2025072401017125,NMB,Primo Securities (PVT) Ltd.,J.F. Securites (PVT) Ltd.,6,269.6,1617.6,2025-07-24 12:46:06.376836
2025-07-24,90031,2025072401017167,NMB,Primo Securities (PVT) Ltd.,Sunrise Securities Limited,2,269.5,539.0,2025-07-24 12:46:31.003174
2025-07-24,89278,2025072401017349,NMB,Sri Hari Securities Pvt. Ltd.,Primo Securities (PVT) Ltd.,10,275.0,2750.0,2025-07-24 12:47:49.156357
2025-07-24,88939,2025072401017421,NMB,J.F. Securites (PVT) Ltd.,Siprabi Securities Pvt. Ltd.,90,275.1,24759.0,2025-07-24 12:48:31.951544
2025-07-24,88549,2025072401017529,NMB,J.F. Securites (PVT) Ltd.,Bhrikuti Stock Broking Co. Pvt. Ltd.,16,275.1,4401.6,2025-07-24 12:49:11.194044
2025-07-24,88226,2025072401017613,NMB,Sumeru Securities Pvt. Ltd.,Midas Stock Broking Company Private Limited,500,275.2,137600.0,2025-07-24 12:49:40.890374
2025-07-24,88225,2025072401017614,NMB,J.F. Securites (PVT) Ltd.,Midas Stock Broking Company Private Limited,25,275.1,6877.5,2025-07-24 12:49:40.890681
2025-07-24,87805,2025072401017724,NMB,Asian Securities Private Ltd.,Creative Securities Pvt Ltd,300,275.9,82770.0,2025-07-24 12:50:26.476075
2025-07-24,87804,2025072401017725,NMB,Asian Securities Private Ltd.,Dipshikha Dhitopatra Karobar Co. Pvt Ltd.,100,275.9,27590.0,2025-07-24 12:50:26.476686
2025-07-24,86281,2025072401018230,NMB,J.F. Securites (PVT) Ltd.,Malla & Malla Stock Broking Company Pvt. Limited,4069,275.1,1119381.9,2025-07-24 12:53:04.939574
2025-07-24,86280,2025072401018231,NMB,Sri Hari Securities Pvt. Ltd.,Malla & Malla Stock Broking Company Pvt. Limited,10,275.0,2750.0,2025-07-24 12:53:04.940114
2025-07-24,86279,2025072401018232,NMB,Sri Hari Securities Pvt. Ltd.,Malla & Malla Stock Broking Company Pvt. Limited,300,275.0,82500.0,2025-07-24 12:53:04.940462
2025-07-24,86278,2025072401018233,NMB,Naasa Securities Co. Ltd.,Malla & Malla Stock Broking Company Pvt. Limited,100,275.0,27500.0,2025-07-24 12:53:04.940819
2025-07-24,85832,2025072401018385,NMB,Sumeru Securities Pvt. Ltd.,Linch Stock Market Ltd.,83,274.9,22816.7,2025-07-24 12:53:54.031254
2025-07-24,84723,2025072401018715,NMB,Sumeru Securities Pvt. Ltd.,Online Securities Pvt. Ltd.,517,274.9,142123.3,2025-07-24 12:56:06.089619
2025-07-24,84722,2025072401018716,NMB,Thrive Brokerage House Pvt. Ltd,Online Securities Pvt. Ltd.,45,274.7,12361.5,2025-07-24 12:56:06.090142
2025-07-24,83949,2025072401018982,NMB,Online Securities Pvt. Ltd.,Thrive Brokerage House Pvt. Ltd,20,274.8,5496.0,2025-07-24 12:57:21.590508
2025-07-24,83605,2025072401019056,NMB,Thrive Brokerage House Pvt. Ltd,Trisul Securities & Invt. Ltd.,303,274.7,83234.1,2025-07-24 12:57:59.053355
2025-07-24,83604,2025072401019057,NMB,J.F. Securites (PVT) Ltd.,Trisul Securities & Invt. Ltd.,197,274.7,54115.9,2025-07-24 12:57:59.053658
2025-07-24,82904,2025072401019258,NMB,Capital Max Securities Ltd,Dakshinkali Investment & Securities Pvt. Ltd.,1566,274.6,430023.6,2025-07-24 12:59:17.701509
2025-07-24,82801,2025072401019284,NMB,Primo Securities (PVT) Ltd.,Shree Krishna Securities Ltd.,7,270.0,1890.0,2025-07-24 12:59:30.755231
2025-07-24,82727,2025072401019297,NMB,Dakshinkali Investment & Securities Pvt. Ltd.,Ashutosh Brokerage & Securities (PVT) Ltd.,152,274.5,41724.0,2025-07-24 12:59:36.328930
2025-07-24,82637,2025072401019330,NMB,Dakshinkali Investment & Securities Pvt. Ltd.,Linch Stock Market Ltd.,100,274.5,27450.0,2025-07-24 12:59:45.941978
2025-07-24,82436,2025072401019375,NMB,Dakshinkali Investment & Securities Pvt. Ltd.,Nepal Stock House (PVT) Ltd.,500,274.5,137250.0,2025-07-24 13:00:07.346539
2025-07-24,82389,2025072401019404,NMB,Dakshinkali Investment & Securities Pvt. Ltd.,Nagarik Stock Dealer ,248,274.5,68076.0,2025-07-24 13:00:13.350105
2025-07-24,82388,2025072401019405,NMB,Sundhara Securities Limited,Nagarik Stock Dealer ,20,274.5,5490.0,2025-07-24 13:00:13.350655
2025-07-24,82387,2025072401019406,NMB,Secured Securities Ltd.,Nagarik Stock Dealer ,158,274.5,43371.0,2025-07-24 13:00:13.351010
2025-07-24,81763,2025072401019573,NMB,Secured Securities Ltd.,Dakshinkali Investment & Securities Pvt. Ltd.,842,274.5,231129.0,2025-07-24 13:01:26.921627
2025-07-24,81762,2025072401019574,NMB,Dakshinkali Investment & Securities Pvt. Ltd.,Dakshinkali Investment & Securities Pvt. Ltd.,158,274.3,43339.4,2025-07-24 13:01:26.921676
2025-07-24,81336,2025072401019714,NMB,Primo Securities (PVT) Ltd.,Linch Stock Market Ltd.,1,269.0,269.0,2025-07-24 13:02:12.536176
2025-07-24,81082,2025072401019798,NMB,Thrive Brokerage House Pvt. Ltd,Naasa Securities Co. Ltd.,155,274.7,42578.5,2025-07-24 13:02:39.980005
2025-07-24,80346,2025072401020038,NMB,Sani Securities Company Ltd.,Thrive Brokerage House Pvt. Ltd,10,274.8,2748.0,2025-07-24 13:03:48.034315
2025-07-24,79570,2025072401020318,NMB,Thrive Brokerage House Pvt. Ltd,Aryatara Investment & Securities,30,274.4,8232.0,2025-07-24 13:04:55.239259
2025-07-24,78863,2025072401020523,NMB,Primo Securities (PVT) Ltd.,ABC Securities Private Limited,7,269.4,1885.8,2025-07-24 13:06:12.599226
2025-07-24,78463,2025072401020653,NMB,Malla & Malla Stock Broking Company Pvt. Limited,Dakshinkali Investment & Securities Pvt. Ltd.,420,274.5,115290.0,2025-07-24 13:07:02.282038
2025-07-24,78316,2025072401020697,NMB,Malla & Malla Stock Broking Company Pvt. Limited,Sundhara Securities Limited,617,274.5,169366.5,2025-07-24 13:07:17.967784
2025-07-24,78315,2025072401020698,NMB,Thrive Brokerage House Pvt. Ltd,Sundhara Securities Limited,470,274.4,128968.0,2025-07-24 13:07:17.968083
2025-07-24,78314,2025072401020699,NMB,Dakshinkali Investment & Securities Pvt. Ltd.,Sundhara Securities Limited,842,274.3,230960.6,2025-07-24 13:07:17.968206
2025-07-24,78313,2025072401020700,NMB,South Asian Bulls Pvt. Ltd.,Sundhara Securities Limited,1000,274.2,274200.0,2025-07-24 13:07:17.968327
2025-07-24,78312,2025072401020701,NMB,South Asian Bulls Pvt. Ltd.,Sundhara Securities Limited,71,274.0,19454.0,2025-07-24 13:07:17.968445
2025-07-24,77657,2025072401020920,NMB,South Asian Bulls Pvt. Ltd.,Sumeru Securities Pvt. Ltd.,50,274.0,13700.0,2025-07-24 13:08:22.158519
2025-07-24,77216,2025072401021013,NMB,Naasa Securities Co. Ltd.,Thrive Brokerage House Pvt. Ltd,450,274.8,123660.0,2025-07-24 13:09:16.129740
2025-07-24,76805,2025072401021143,NMB,Sumeru Securities Pvt. Ltd.,Sweta Securities Private Limited,500,274.1,137050.0,2025-07-24 13:09:59.916851
2025-07-24,76804,2025072401021144,NMB,Premier Securities Company Ltd.,Sweta Securities Private Limited,500,274.0,137000.0,2025-07-24 13:09:59.917132
2025-07-24,76565,2025072401021196,NMB,Primo Securities (PVT) Ltd.,Trisul Securities & Invt. Ltd.,1,270.0,270.0,2025-07-24 13:10:25.751560
2025-07-24,75885,2025072401021385,NMB,Premier Securities Company Ltd.,Siprabi Securities Pvt. Ltd.,500,274.0,137000.0,2025-07-24 13:11:33.040772
2025-07-24,75884,2025072401021386,NMB,Aryatara Investment & Securities,Siprabi Securities Pvt. Ltd.,21,274.0,5754.0,2025-07-24 13:11:33.041096
2025-07-24,75883,2025072401021387,NMB,Bhrikuti Stock Broking Co. Pvt. Ltd.,Siprabi Securities Pvt. Ltd.,700,274.0,191800.0,2025-07-24 13:11:33.041218
2025-07-24,75882,2025072401021388,NMB,Secured Securities Ltd.,Siprabi Securities Pvt. Ltd.,429,274.0,117546.0,2025-07-24 13:11:33.041334
2025-07-24,75324,2025072401021566,NMB,Secured Securities Ltd.,Malla & Malla Stock Broking Company Pvt. Limited,521,274.0,142754.0,2025-07-24 13:12:31.805275
2025-07-24,75149,2025072401021607,NMB,Secured Securities Ltd.,Sundhara Securities Limited,97,274.0,26578.0,2025-07-24 13:12:50.509260
2025-07-24,73576,2025072401022083,NMB,Secured Securities Ltd.,Siprabi Securities Pvt. Ltd.,488,274.0,133712.0,2025-07-24 13:15:34.074191
2025-07-24,72397,2025072401022498,NMB,Secured Securities Ltd.,Sweta Securities Private Limited,431,274.0,118094.0,2025-07-24 13:17:35.114425
2025-07-24,72093,2025072401022571,NMB,Secured Securities Ltd.,Linch Stock Market Ltd.,34,274.0,9316.0,2025-07-24 13:18:07.791264
2025-07-24,72029,2025072401022589,NMB,Primo Securities (PVT) Ltd.,Naasa Securities Co. Ltd.,2,270.0,540.0,2025-07-24 13:18:12.625423
2025-07-24,71804,2025072401022649,NMB,Primo Securities (PVT) Ltd.,Creative Securities Pvt Ltd,1,270.0,270.0,2025-07-24 13:18:31.970402
2025-07-24,71726,2025072401022666,NMB,Asian Securities Private Ltd.,Linch Stock Market Ltd.,466,274.0,127684.0,2025-07-24 13:18:39.386602
2025-07-24,71725,2025072401022667,NMB,Asian Securities Private Ltd.,Imperial Securities Company Pvt. Ltd.,34,274.0,9316.0,2025-07-24 13:18:39.387166
2025-07-24,71529,2025072401022717,NMB,Nepal Stock House (PVT) Ltd.,Malla & Malla Stock Broking Company Pvt. Limited,75,273.7,20527.5,2025-07-24 13:18:57.955267
2025-07-24,71528,2025072401022718,NMB,Dipshikha Dhitopatra Karobar Co. Pvt Ltd.,Malla & Malla Stock Broking Company Pvt. Limited,700,273.7,191590.0,2025-07-24 13:18:57.955770
2025-07-24,71527,2025072401022719,NMB,Asian Securities Private Ltd.,Malla & Malla Stock Broking Company Pvt. Limited,250,273.5,68375.0,2025-07-24 13:18:57.956133
2025-07-24,71526,2025072401022720,NMB,Thrive Brokerage House Pvt. Ltd,Malla & Malla Stock Broking Company Pvt. Limited,300,273.3,81990.0,2025-07-24 13:18:57.956489
2025-07-24,71525,2025072401022721,NMB,Nepal Stock House (PVT) Ltd.,Malla & Malla Stock Broking Company Pvt. Limited,300,273.2,81960.0,2025-07-24 13:18:57.956839
2025-07-24,71524,2025072401022722,NMB,Sumeru Securities Pvt. Ltd.,Malla & Malla Stock Broking Company Pvt. Limited,500,273.2,136600.0,2025-07-24 13:18:57.957173
2025-07-24,71523,2025072401022723,NMB,Dakshinkali Investment & Securities Pvt. Ltd.,Malla & Malla Stock Broking Company Pvt. Limited,1000,273.1,273100.0,2025-07-24 13:18:57.957519
2025-07-24,71522,2025072401022724,NMB,Asian Securities Private Ltd.,Malla & Malla Stock Broking Company Pvt. Limited,250,273.0,68250.0,2025-07-24 13:18:57.957853
2025-07-24,71521,2025072401022725,NMB,Kumari Securities Private Limited,Malla & Malla Stock Broking Company Pvt. Limited,1500,273.0,409500.0,2025-07-24 13:18:57.958194
2025-07-24,71520,2025072401022726,NMB,Agrawal Securities (PVT) Ltd.,Malla & Malla Stock Broking Company Pvt. Limited,30,273.0,8190.0,2025-07-24 13:18:57.958562
2025-07-24,71519,2025072401022727,NMB,Aryatara Investment & Securities,Malla & Malla Stock Broking Company Pvt. Limited,95,273.0,25935.0,2025-07-24 13:18:57.958914
2025-07-24,71343,2025072401022786,NMB,Aryatara Investment & Securities,Swarna Laxmi Securities Pvt. Ltd.,21,273.0,5733.0,2025-07-24 13:19:18.242446
2025-07-24,69884,2025072401023246,NMB,Oxford Securities Pvt. Ltd.,Sani Securities Company Ltd.,423,273.2,115563.6,2025-07-24 13:21:58.083802
2025-07-24,69191,2025072401023518,NMB,Oxford Securities Pvt. Ltd.,Dakshinkali Investment & Securities Pvt. Ltd.,77,273.2,21036.4,2025-07-24 13:23:09.157808
2025-07-24,69190,2025072401023519,NMB,Asian Securities Private Ltd.,Dakshinkali Investment & Securities Pvt. Ltd.,250,273.1,68275.0,2025-07-24 13:23:09.158062
2025-07-24,69189,2025072401023520,NMB,Aryatara Investment & Securities,Dakshinkali Investment & Securities Pvt. Ltd.,159,273.0,43407.0,2025-07-24 13:23:09.158179
2025-07-24,69188,2025072401023521,NMB,Thrive Brokerage House Pvt. Ltd,Dakshinkali Investment & Securities Pvt. Ltd.,500,272.3,136150.0,2025-07-24 13:23:09.158302
2025-07-24,69187,2025072401023522,NMB,Dipshikha Dhitopatra Karobar Co. Pvt Ltd.,Dakshinkali Investment & Securities Pvt. Ltd.,1300,272.2,353860.0,2025-07-24 13:23:09.158417
2025-07-24,69186,2025072401023523,NMB,Pragyan Securities (PVT) Ltd.,Dakshinkali Investment & Securities Pvt. Ltd.,500,272.1,136050.0,2025-07-24 13:23:09.158531
2025-07-24,69185,2025072401023524,NMB,Nepal Stock House (PVT) Ltd.,Dakshinkali Investment & Securities Pvt. Ltd.,300,272.1,81630.0,2025-07-24 13:23:09.158646
2025-07-24,69184,2025072401023525,NMB,Dynamic Money Managers Securities Pvt. Ltd.,Dakshinkali Investment & Securities Pvt. Ltd.,64,272.1,17414.4,2025-07-24 13:23:09.158773
2025-07-24,68720,2025072401023707,NMB,Dynamic Money Managers Securities Pvt. Ltd.,Sweta Securities Private Limited,96,272.1,26121.6,2025-07-24 13:23:46.082594
2025-07-24,67868,2025072401023946,NMB,Dynamic Money Managers Securities Pvt. Ltd.,Opal Securities Investment (PVT) Ltd.,258,272.1,70201.8,2025-07-24 13:25:19.121124
2025-07-24,67796,2025072401023964,NMB,Dynamic Money Managers Securities Pvt. Ltd.,Malla & Malla Stock Broking Company Pvt. Limited,383,272.1,104214.3,2025-07-24 13:25:29.362842
2025-07-24,67794,2025072401023966,NMB,Dynamic Money Managers Securities Pvt. Ltd.,Trisul Securities & Invt. Ltd.,199,272.1,54147.9,2025-07-24 13:25:29.638918
2025-07-24,67392,2025072401024068,NMB,Thrive Brokerage House Pvt. Ltd,Trisul Securities & Invt. Ltd.,100,272.1,27210.0,2025-07-24 13:26:15.599361
2025-07-24,67355,2025072401024082,NMB,Secured Securities Ltd.,Nepal Stock House (PVT) Ltd.,200,272.0,54400.0,2025-07-24 13:26:19.760135
2025-07-24,67304,2025072401024100,NMB,Cristal Kanchanjanga Securites Pvt. Ltd.,Trisul Securities & Invt. Ltd.,22,272.1,5986.2,2025-07-24 13:26:22.847272
2025-07-24,66990,2025072401024191,NMB,Premier Securities Company Ltd.,Trisul Securities & Invt. Ltd.,179,272.1,48705.9,2025-07-24 13:26:46.684331
2025-07-24,66144,2025072401024437,NMB,Asian Securities Private Ltd.,Vision Securities Pvt. Ltd,250,272.2,68050.0,2025-07-24 13:28:01.509321
2025-07-24,66143,2025072401024438,NMB,Premier Securities Company Ltd.,Vision Securities Pvt. Ltd,821,272.1,223394.1,2025-07-24 13:28:01.509366
2025-07-24,66142,2025072401024439,NMB,Secured Securities Ltd.,Vision Securities Pvt. Ltd,158,272.1,42991.8,2025-07-24 13:28:01.509392
2025-07-24,65875,2025072401024476,NMB,Imperial Securities Company Pvt. Ltd.,Capital Max Securities Ltd,20,272.2,5444.0,2025-07-24 13:28:19.958247
2025-07-24,65869,2025072401024479,NMB,Capital Hub P. Ltd,Capital Max Securities Ltd,80,272.2,21776.0,2025-07-24 13:28:21.168854
2025-07-24,65750,2025072401024527,NMB,Capital Hub P. Ltd,Linch Stock Market Ltd.,100,272.2,27220.0,2025-07-24 13:28:31.723779
2025-07-24,65352,2025072401024623,NMB,Asian Securities Private Ltd.,Naasa Securities Co. Ltd.,250,272.3,68075.0,2025-07-24 13:29:12.647110
2025-07-24,65351,2025072401024624,NMB,Capital Hub P. Ltd,Naasa Securities Co. Ltd.,750,272.2,204150.0,2025-07-24 13:29:12.647371
2025-07-24,64648,2025072401024820,NMB,Premier Securities Company Ltd.,Sewa Securities Pvt. Ltd.,200,272.5,54500.0,2025-07-24 13:30:26.813409
2025-07-24,64128,2025072401024970,NMB,Capital Max Securities Ltd,Vision Securities Pvt. Ltd,400,273.0,109200.0,2025-07-24 13:31:21.832988
2025-07-24,64015,2025072401025008,NMB,Capital Max Securities Ltd,Sani Securities Company Ltd.,100,273.0,27300.0,2025-07-24 13:31:34.737903
2025-07-24,64014,2025072401025009,NMB,Capital Hub P. Ltd,Sani Securities Company Ltd.,70,272.2,19054.0,2025-07-24 13:31:34.738196
2025-07-24,64013,2025072401025010,NMB,Shree Krishna Securities Ltd.,Sani Securities Company Ltd.,100,272.2,27220.0,2025-07-24 13:31:34.738313
2025-07-24,64012,2025072401025011,NMB,Asian Securities Private Ltd.,Sani Securities Company Ltd.,250,272.2,68050.0,2025-07-24 13:31:34.738424
2025-07-24,64011,2025072401025012,NMB,Aryatara Investment & Securities,Sani Securities Company Ltd.,470,272.2,127934.0,2025-07-24 13:31:34.738540
2025-07-24,63271,2025072401025217,NMB,Dakshinkali Investment & Securities Pvt. Ltd.,Siprabi Securities Pvt. Ltd.,100,272.3,27230.0,2025-07-24 13:32:57.314714
2025-07-24,63270,2025072401025218,NMB,Dakshinkali Investment & Securities Pvt. Ltd.,Linch Stock Market Ltd.,112,273.0,30576.0,2025-07-24 13:32:57.315269
2025-07-24,63269,2025072401025219,NMB,Dakshinkali Investment & Securities Pvt. Ltd.,Trisul Securities & Invt. Ltd.,1000,273.0,273000.0,2025-07-24 13:32:57.315640
2025-07-24,59760,2025072401026269,NMB,Capital Max Securities Ltd,Sani Securities Company Ltd.,10,272.4,2724.0,2025-07-24 13:39:56.450679
2025-07-24,59723,2025072401026276,NMB,Nepal Stock House (PVT) Ltd.,Linch Stock Market Ltd.,100,274.0,27400.0,2025-07-24 13:40:00.052688
2025-07-24,59722,2025072401026277,NMB,Nepal Stock House (PVT) Ltd.,Oxford Securities Pvt. Ltd.,38,274.0,10412.0,2025-07-24 13:40:00.053218
2025-07-24,59721,2025072401026278,NMB,Nepal Stock House (PVT) Ltd.,Opal Securities Investment (PVT) Ltd.,56,274.0,15344.0,2025-07-24 13:40:00.053578
2025-07-24,59720,2025072401026279,NMB,Nepal Stock House (PVT) Ltd.,Sumeru Securities Pvt. Ltd.,200,274.0,54800.0,2025-07-24 13:40:00.053947
2025-07-24,59719,2025072401026280,NMB,Nepal Stock House (PVT) Ltd.,Kalika Securities Pvt. Ltd.,330,274.0,90420.0,2025-07-24 13:40:00.054303
2025-07-24,59507,2025072401026371,NMB,Nepal Stock House (PVT) Ltd.,South Asian Bulls Pvt. Ltd.,276,274.0,75624.0,2025-07-24 13:40:26.078829
2025-07-24,59506,2025072401026372,NMB,Capital Max Securities Ltd,South Asian Bulls Pvt. Ltd.,224,272.4,61017.6,2025-07-24 13:40:26.079119
2025-07-24,59279,2025072401026474,NMB,Capital Max Securities Ltd,Linch Stock Market Ltd.,166,272.4,45218.4,2025-07-24 13:40:56.602453
2025-07-24,59278,2025072401026475,NMB,Trishakti Securities Public Limited,Linch Stock Market Ltd.,137,272.4,37318.8,2025-07-24 13:40:56.603120
2025-07-24,59277,2025072401026476,NMB,Dipshikha Dhitopatra Karobar Co. Pvt Ltd.,Linch Stock Market Ltd.,697,272.3,189793.1,2025-07-24 13:40:56.603524
2025-07-24,59176,2025072401026507,NMB,Dipshikha Dhitopatra Karobar Co. Pvt Ltd.,Naasa Securities Co. Ltd.,27,272.3,7352.1,2025-07-24 13:41:12.315465
2025-07-24,59133,2025072401026524,NMB,Dipshikha Dhitopatra Karobar Co. Pvt Ltd.,Sweta Securities Private Limited,112,272.3,30497.6,2025-07-24 13:41:15.475982
2025-07-24,59115,2025072401026532,NMB,Dipshikha Dhitopatra Karobar Co. Pvt Ltd.,Bhrikuti Stock Broking Co. Pvt. Ltd.,164,272.3,44657.2,2025-07-24 13:41:18.209263
2025-07-24,59114,2025072401026533,NMB,Aryatara Investment & Securities,Bhrikuti Stock Broking Co. Pvt. Ltd.,107,272.2,29125.4,2025-07-24 13:41:18.209368
2025-07-24,58515,2025072401026692,NMB,J.F. Securites (PVT) Ltd.,Aryatara Investment & Securities,3,274.7,824.1,2025-07-24 13:42:33.949756
2025-07-24,58197,2025072401026839,NMB,Arun Securities (PVT) Ltd.,Opal Securities Investment (PVT) Ltd.,194,272.3,52826.2,2025-07-24 13:43:17.925907
2025-07-24,57258,2025072401027166,NMB,Secured Securities Ltd.,NIMB Stock Markets Limited,222,273.0,60606.0,2025-07-24 13:45:29.296146
2025-07-24,55641,2025072401027730,NMB,Swarna Laxmi Securities Pvt. Ltd.,Opal Securities Investment (PVT) Ltd.,27,273.1,7373.7,2025-07-24 13:48:38.197676
2025-07-24,55640,2025072401027731,NMB,Kalika Securities Pvt. Ltd.,Opal Securities Investment (PVT) Ltd.,111,273.1,30314.1,2025-07-24 13:48:38.198283
2025-07-24,54758,2025072401028029,NMB,Kalika Securities Pvt. Ltd.,Opal Securities Investment (PVT) Ltd.,440,273.1,120164.0,2025-07-24 13:50:36.735018
2025-07-24,54326,2025072401028189,NMB,J.F. Securites (PVT) Ltd.,Midas Stock Broking Company Private Limited,35,274.0,9590.0,2025-07-24 13:51:28.671392
2025-07-24,54280,2025072401028214,NMB,Arun Securities (PVT) Ltd.,Midas Stock Broking Company Private Limited,65,274.0,17810.0,2025-07-24 13:51:33.761635
2025-07-24,54279,2025072401028215,NMB,Arun Securities (PVT) Ltd.,Primo Securities (PVT) Ltd.,45,274.5,12352.5,2025-07-24 13:51:33.761967
2025-07-24,53865,2025072401028358,NMB,Kalika Securities Pvt. Ltd.,Malla & Malla Stock Broking Company Pvt. Limited,81,273.1,22121.1,2025-07-24 13:52:27.370801
2025-07-24,53529,2025072401028456,NMB,Miyo Securities Pvt Ltd,Premier Securities Company Ltd.,1,267.7,267.7,2025-07-24 13:53:12.096284
2025-07-24,51856,2025072401028979,NMB,Kalika Securities Pvt. Ltd.,Thrive Brokerage House Pvt. Ltd,20,273.1,5462.0,2025-07-24 13:57:11.700406
2025-07-24,51775,2025072401028995,NMB,Kalika Securities Pvt. Ltd.,Sani Securities Company Ltd.,240,273.1,65544.0,2025-07-24 13:57:24.345843
2025-07-24,50515,2025072401029396,NMB,Kalika Securities Pvt. Ltd.,Sani Securities Company Ltd.,141,273.1,38507.1,2025-07-24 14:00:31.344287
2025-07-24,50480,2025072401029405,NMB,Kalika Securities Pvt. Ltd.,Aryatara Investment & Securities,75,273.1,20482.5,2025-07-24 14:00:36.473070
2025-07-24,50133,2025072401029507,NMB,Kalika Securities Pvt. Ltd.,Imperial Securities Company Pvt. Ltd.,500,273.1,136550.0,2025-07-24 14:01:18.419432
2025-07-24,49879,2025072401029567,NMB,Kalika Securities Pvt. Ltd.,Sumeru Securities Pvt. Ltd.,100,273.1,27310.0,2025-07-24 14:01:54.317189
2025-07-24,49078,2025072401029821,NMB,Kalika Securities Pvt. Ltd.,Oxford Securities Pvt. Ltd.,25,273.1,6827.5,2025-07-24 14:03:43.303639
2025-07-24,47893,2025072401030200,NMB,Primo Securities (PVT) Ltd.,Miyo Securities Pvt Ltd,1,267.7,267.7,2025-07-24 14:06:08.662193
2025-07-24,47708,2025072401030259,NMB,Primo Securities (PVT) Ltd.,Primo Securities (PVT) Ltd.,1,271.0,271.0,2025-07-24 14:06:28.040184
2025-07-24,46776,2025072401030455,NMB,Investment Management Nepal Pvt. Ltd.,Oxford Securities Pvt. Ltd.,10,273.5,2735.0,2025-07-24 14:08:13.227034
2025-07-24,45782,2025072401030724,NMB,Kalika Securities Pvt. Ltd.,Aryatara Investment & Securities,100,273.1,27310.0,2025-07-24 14:10:07.678795
2025-07-24,45036,2025072401030969,NMB,Kalika Securities Pvt. Ltd.,South Asian Bulls Pvt. Ltd.,30,273.1,8193.0,2025-07-24 14:11:30.521051
2025-07-24,44913,2025072401030995,NMB,Primo Securities (PVT) Ltd.,Imperial Securities Company Pvt. Ltd.,1,268.0,268.0,2025-07-24 14:11:45.045117
2025-07-24,44714,2025072401031049,NMB,Primo Securities (PVT) Ltd.,Naasa Securities Co. Ltd.,2,271.0,542.0,2025-07-24 14:12:15.036097
2025-07-24,43363,2025072401031382,NMB,Stoxkarts Securities Limited,Opal Securities Investment (PVT) Ltd.,300,273.2,81960.0,2025-07-24 14:14:31.622343
2025-07-24,42417,2025072401031599,NMB,Primo Securities (PVT) Ltd.,Aryatara Investment & Securities,2,271.0,542.0,2025-07-24 14:15:57.703534
2025-07-24,41781,2025072401031752,NMB,Opal Securities Investment (PVT) Ltd.,Oxford Securities Pvt. Ltd.,28,273.5,7658.0,2025-07-24 14:16:46.489147
2025-07-24,41780,2025072401031753,NMB,Opal Securities Investment (PVT) Ltd.,Arun Securities (PVT) Ltd.,17,273.5,4649.5,2025-07-24 14:16:46.489508
2025-07-24,40844,2025072401031993,NMB,Dynamic Money Managers Securities Pvt. Ltd.,Sani Securities Company Ltd.,19,274.0,5206.0,2025-07-24 14:18:12.136233
2025-07-24,40843,2025072401031994,NMB,Dynamic Money Managers Securities Pvt. Ltd.,Vision Securities Pvt. Ltd,73,274.0,20002.0,2025-07-24 14:18:12.136564
2025-07-24,40842,2025072401031995,NMB,Dynamic Money Managers Securities Pvt. Ltd.,Online Securities Pvt. Ltd.,44,274.0,12056.0,2025-07-24 14:18:12.136706
2025-07-24,40565,2025072401032070,NMB,Asian Securities Private Ltd.,Primo Securities (PVT) Ltd.,11,274.5,3019.5,2025-07-24 14:18:38.052426
2025-07-24,40322,2025072401032116,NMB,Aryatara Investment & Securities,Oxford Securities Pvt. Ltd.,100,274.9,27490.0,2025-07-24 14:18:53.532528
2025-07-24,40321,2025072401032117,NMB,Aryatara Investment & Securities,Primo Securities (PVT) Ltd.,200,274.9,54980.0,2025-07-24 14:18:53.532876
2025-07-24,40320,2025072401032118,NMB,Aryatara Investment & Securities,Premier Securities Company Ltd.,631,275.0,173525.0,2025-07-24 14:18:53.533009
2025-07-24,40319,2025072401032119,NMB,Aryatara Investment & Securities,Sani Securities Company Ltd.,50,275.0,13750.0,2025-07-24 14:18:53.533152
2025-07-24,40318,2025072401032120,NMB,Aryatara Investment & Securities,Sani Securities Company Ltd.,450,275.0,123750.0,2025-07-24 14:18:53.533280
2025-07-24,40317,2025072401032121,NMB,Aryatara Investment & Securities,Asian Securities Private Ltd.,22,275.0,6050.0,2025-07-24 14:18:53.533409
2025-07-24,40316,2025072401032122,NMB,Aryatara Investment & Securities,Kohinoor Investment & Securities Pvt. Ltd.,143,275.0,39325.0,2025-07-24 14:18:53.533540
2025-07-24,40315,2025072401032123,NMB,Aryatara Investment & Securities,Asian Securities Private Ltd.,486,275.0,133650.0,2025-07-24 14:18:53.533775
2025-07-24,40314,2025072401032124,NMB,Aryatara Investment & Securities,Secured Securities Ltd.,10,275.0,2750.0,2025-07-24 14:18:53.533958
2025-07-24,40313,2025072401032125,NMB,Aryatara Investment & Securities,Naasa Securities Co. Ltd.,77,275.0,21175.0,2025-07-24 14:18:53.534101
2025-07-24,40312,2025072401032126,NMB,Aryatara Investment & Securities,South Asian Bulls Pvt. Ltd.,112,275.0,30800.0,2025-07-24 14:18:53.534240
2025-07-24,40311,2025072401032127,NMB,Aryatara Investment & Securities,Imperial Securities Company Pvt. Ltd.,22,275.0,6050.0,2025-07-24 14:18:53.534364
2025-07-24,40310,2025072401032128,NMB,Aryatara Investment & Securities,Sundhara Securities Limited,697,275.0,191675.0,2025-07-24 14:18:53.534492
2025-07-24,40156,2025072401032154,NMB,Stoxkarts Securities Limited,Sundhara Securities Limited,700,275.0,192500.0,2025-07-24 14:19:11.067451
2025-07-24,40057,2025072401032182,NMB,Asian Securities Private Ltd.,Asian Securities Private Ltd.,56,274.5,15372.0,2025-07-24 14:19:19.123254
2025-07-24,40048,2025072401032183,NMB,Asian Securities Private Ltd.,Sundhara Securities Limited,936,275.0,257400.0,2025-07-24 14:19:20.779319
2025-07-24,39746,2025072401032250,NMB,Himalayan Brokerage Company Limited,Premier Securities Company Ltd.,31,275.5,8540.5,2025-07-24 14:19:49.799591
2025-07-24,39182,2025072401032360,NMB,Primo Securities (PVT) Ltd.,Opal Securities Investment (PVT) Ltd.,1,272.0,272.0,2025-07-24 14:20:44.144870
2025-07-24,39025,2025072401032394,NMB,Primo Securities (PVT) Ltd.,Aryatara Investment & Securities,1,270.0,270.0,2025-07-24 14:20:55.642429
2025-07-24,39002,2025072401032405,NMB,Asian Securities Private Ltd.,Opal Securities Investment (PVT) Ltd.,10,274.5,2745.0,2025-07-24 14:20:59.235893
2025-07-24,38823,2025072401032462,NMB,Primo Securities (PVT) Ltd.,Midas Stock Broking Company Private Limited,1,272.1,272.1,2025-07-24 14:21:14.626343
2025-07-24,38765,2025072401032472,NMB,Capital Max Securities Ltd,Naasa Securities Co. Ltd.,10,275.5,2755.0,2025-07-24 14:21:19.657242
2025-07-24,38684,2025072401032491,NMB,Capital Max Securities Ltd,Naasa Securities Co. Ltd.,20,275.5,5510.0,2025-07-24 14:21:27.927965
2025-07-24,38683,2025072401032492,NMB,Capital Max Securities Ltd,Primo Securities (PVT) Ltd.,10,275.5,2755.0,2025-07-24 14:21:27.928061
2025-07-24,38600,2025072401032513,NMB,Primo Securities (PVT) Ltd.,Sani Securities Company Ltd.,1,270.0,270.0,2025-07-24 14:21:34.298160
2025-07-24,38069,2025072401032593,NMB,Primo Securities (PVT) Ltd.,Aryatara Investment & Securities,1,270.0,270.0,2025-07-24 14:22:11.447285
2025-07-24,37547,2025072401032729,NMB,Capital Max Securities Ltd,Primo Securities (PVT) Ltd.,10,275.0,2750.0,2025-07-24 14:22:58.111867
2025-07-24,37049,2025072401032864,NMB,Asian Securities Private Ltd.,Opal Securities Investment (PVT) Ltd.,51,274.5,13999.5,2025-07-24 14:23:37.213153
2025-07-24,36912,2025072401032900,NMB,Primo Securities (PVT) Ltd.,Bhrikuti Stock Broking Co. Pvt. Ltd.,1,270.0,270.0,2025-07-24 14:23:50.435580
2025-07-24,36903,2025072401032904,NMB,Capital Max Securities Ltd,Primo Securities (PVT) Ltd.,10,275.5,2755.0,2025-07-24 14:23:51.967452
2025-07-24,36725,2025072401032939,NMB,Asian Securities Private Ltd.,Primo Securities (PVT) Ltd.,122,274.5,33489.0,2025-07-24 14:24:10.015715
2025-07-24,36724,2025072401032940,NMB,Asian Securities Private Ltd.,Primo Securities (PVT) Ltd.,250,274.5,68625.0,2025-07-24 14:24:10.016014
2025-07-24,36723,2025072401032941,NMB,Asian Securities Private Ltd.,Primo Securities (PVT) Ltd.,98,274.5,26901.0,2025-07-24 14:24:10.016154
2025-07-24,36255,2025072401033093,NMB,Primo Securities (PVT) Ltd.,Sani Securities Company Ltd.,1,270.0,270.0,2025-07-24 14:24:51.331761
2025-07-24,35049,2025072401033463,NMB,Linch Stock Market Ltd.,Elite Stock House Limited,100,274.1,27410.0,2025-07-24 14:26:58.318578
2025-07-24,33574,2025072401033863,NMB,Linch Stock Market Ltd.,Malla & Malla Stock Broking Company Pvt. Limited,581,274.1,159252.1,2025-07-24 14:29:10.853880
2025-07-24,33573,2025072401033864,NMB,Dynamic Money Managers Securities Pvt. Ltd.,Malla & Malla Stock Broking Company Pvt. Limited,1344,274.0,368256.0,2025-07-24 14:29:10.854258
2025-07-24,33345,2025072401033965,NMB,Asian Securities Private Ltd.,Dakshinkali Investment & Securities Pvt. Ltd.,2,274.5,549.0,2025-07-24 14:29:26.653626
2025-07-24,32015,2025072401034314,NMB,Neev Securities Pvt. Ltd.,Malla & Malla Stock Broking Company Pvt. Limited,75,274.0,20550.0,2025-07-24 14:31:32.494731
2025-07-24,31996,2025072401034317,NMB,Kalika Securities Pvt. Ltd.,Imperial Securities Company Pvt. Ltd.,67,273.2,18304.4,2025-07-24 14:31:35.024078
2025-07-24,31995,2025072401034318,NMB,Asian Securities Private Ltd.,Imperial Securities Company Pvt. Ltd.,31,273.2,8469.2,2025-07-24 14:31:35.024437
2025-07-24,31635,2025072401034417,NMB,Asian Securities Private Ltd.,Cristal Kanchanjanga Securites Pvt. Ltd.,219,273.2,59830.8,2025-07-24 14:32:05.803375
2025-07-24,31634,2025072401034418,NMB,Secured Securities Ltd.,Cristal Kanchanjanga Securites Pvt. Ltd.,2842,273.2,776434.4,2025-07-24 14:32:05.803698
2025-07-24,31633,2025072401034419,NMB,Dakshinkali Investment & Securities Pvt. Ltd.,Cristal Kanchanjanga Securites Pvt. Ltd.,1000,273.1,273100.0,2025-07-24 14:32:05.803837
2025-07-24,31632,2025072401034420,NMB,Vision Securities Pvt. Ltd,Cristal Kanchanjanga Securites Pvt. Ltd.,1500,273.1,409650.0,2025-07-24 14:32:05.803986
2025-07-24,31631,2025072401034421,NMB,Dynamic Money Managers Securities Pvt. Ltd.,Cristal Kanchanjanga Securites Pvt. Ltd.,100,273.1,27310.0,2025-07-24 14:32:05.804119
2025-07-24,31630,2025072401034422,NMB,Secured Securities Ltd.,Cristal Kanchanjanga Securites Pvt. Ltd.,778,273.0,212394.0,2025-07-24 14:32:05.804248
2025-07-24,31629,2025072401034423,NMB,Secured Securities Ltd.,Cristal Kanchanjanga Securites Pvt. Ltd.,1000,273.0,273000.0,2025-07-24 14:32:05.804376
2025-07-24,31628,2025072401034424,NMB,Secured Securities Ltd.,Cristal Kanchanjanga Securites Pvt. Ltd.,1000,273.0,273000.0,2025-07-24 14:32:05.804500
2025-07-24,31627,2025072401034425,NMB,Aryatara Investment & Securities,Cristal Kanchanjanga Securites Pvt. Ltd.,100,273.0,27300.0,2025-07-24 14:32:05.804626
2025-07-24,31626,2025072401034426,NMB,Imperial Securities Company Pvt. Ltd.,Cristal Kanchanjanga Securites Pvt. Ltd.,300,273.0,81900.0,2025-07-24 14:32:05.804749
2025-07-24,31625,2025072401034427,NMB,Online Securities Pvt. Ltd.,Cristal Kanchanjanga Securites Pvt. Ltd.,3000,273.0,819000.0,2025-07-24 14:32:05.804872
2025-07-24,31624,2025072401034428,NMB,Online Securities Pvt. Ltd.,Cristal Kanchanjanga Securites Pvt. Ltd.,100,273.0,27300.0,2025-07-24 14:32:05.804996
2025-07-24,31623,2025072401034429,NMB,Trisul Securities & Invt. Ltd.,Cristal Kanchanjanga Securites Pvt. Ltd.,500,272.4,136200.0,2025-07-24 14:32:05.805126
2025-07-24,31622,2025072401034430,NMB,Arun Securities (PVT) Ltd.,Cristal Kanchanjanga Securites Pvt. Ltd.,806,272.3,219473.8,2025-07-24 14:32:05.805256
2025-07-24,31621,2025072401034431,NMB,Aryatara Investment & Securities,Cristal Kanchanjanga Securites Pvt. Ltd.,423,272.2,115140.6,2025-07-24 14:32:05.805374
2025-07-24,31620,2025072401034432,NMB,Dakshinkali Investment & Securities Pvt. Ltd.,Cristal Kanchanjanga Securites Pvt. Ltd.,2000,272.2,544400.0,2025-07-24 14:32:05.805498
2025-07-24,31619,2025072401034433,NMB,Bhrikuti Stock Broking Co. Pvt. Ltd.,Cristal Kanchanjanga Securites Pvt. Ltd.,500,272.1,136050.0,2025-07-24 14:32:05.805628
2025-07-24,31618,2025072401034434,NMB,Secured Securities Ltd.,Cristal Kanchanjanga Securites Pvt. Ltd.,3800,272.0,1033600.0,2025-07-24 14:32:05.805756
2025-07-24,31617,2025072401034435,NMB,Midas Stock Broking Company Private Limited,Cristal Kanchanjanga Securites Pvt. Ltd.,50,272.0,13600.0,2025-07-24 14:32:05.805879
2025-07-24,31616,2025072401034436,NMB,Aryatara Investment & Securities,Cristal Kanchanjanga Securites Pvt. Ltd.,100,272.0,27200.0,2025-07-24 14:32:05.806001
2025-07-24,31615,2025072401034437,NMB,Nepal Investment And Securities Trading Private Limited,Cristal Kanchanjanga Securites Pvt. Ltd.,1500,272.0,408000.0,2025-07-24 14:32:05.806139
2025-07-24,31614,2025072401034438,NMB,Imperial Securities Company Pvt. Ltd.,Cristal Kanchanjanga Securites Pvt. Ltd.,35,272.0,9520.0,2025-07-24 14:32:05.806266
2025-07-24,31613,2025072401034439,NMB,Malla & Malla Stock Broking Company Pvt. Limited,Cristal Kanchanjanga Securites Pvt. Ltd.,100,272.0,27200.0,2025-07-24 14:32:05.806387
2025-07-24,31612,2025072401034440,NMB,Dipshikha Dhitopatra Karobar Co. Pvt Ltd.,Cristal Kanchanjanga Securites Pvt. Ltd.,300,272.0,81600.0,2025-07-24 14:32:05.806511
2025-07-24,31611,2025072401034441,NMB,Thrive Brokerage House Pvt. Ltd,Cristal Kanchanjanga Securites Pvt. Ltd.,1000,272.0,272000.0,2025-07-24 14:32:05.806632
2025-07-24,31610,2025072401034442,NMB,Ashutosh Brokerage & Securities (PVT) Ltd.,Cristal Kanchanjanga Securites Pvt. Ltd.,90,272.0,24480.0,2025-07-24 14:32:05.806750
2025-07-24,31609,2025072401034443,NMB,Vision Securities Pvt. Ltd,Cristal Kanchanjanga Securites Pvt. Ltd.,100,272.0,27200.0,2025-07-24 14:32:05.806869
2025-07-24,31608,2025072401034444,NMB,BHOLE GANESH SECURITIES LTD,Cristal Kanchanjanga Securites Pvt. Ltd.,180,272.0,48960.0,2025-07-24 14:32:05.806985
2025-07-24,31607,2025072401034445,NMB,Shree Krishna Securities Ltd.,Cristal Kanchanjanga Securites Pvt. Ltd.,150,272.0,40800.0,2025-07-24 14:32:05.807140
2025-07-24,30884,2025072401034668,NMB,Secured Securities Ltd.,Cristal Kanchanjanga Securites Pvt. Ltd.,5000,272.0,1360000.0,2025-07-24 14:33:07.203073
2025-07-24,30784,2025072401034703,NMB,Primo Securities (PVT) Ltd.,Primo Securities (PVT) Ltd.,2,270.0,540.0,2025-07-24 14:33:16.922806
2025-07-24,30544,2025072401034772,NMB,Primo Securities (PVT) Ltd.,Primo Securities (PVT) Ltd.,1,270.0,270.0,2025-07-24 14:33:36.071533
2025-07-24,30445,2025072401034819,NMB,Swarna Laxmi Securities Pvt. Ltd.,Cristal Kanchanjanga Securites Pvt. Ltd.,300,272.0,81600.0,2025-07-24 14:33:45.281238
2025-07-24,29727,2025072401034991,NMB,Shree Krishna Securities Ltd.,Online Securities Pvt. Ltd.,200,271.7,54340.0,2025-07-24 14:34:43.814771
2025-07-24,29125,2025072401035144,NMB,Shree Krishna Securities Ltd.,Sewa Securities Pvt. Ltd.,38,271.7,10324.6,2025-07-24 14:35:22.887605
2025-07-24,29050,2025072401035175,NMB,Primo Securities (PVT) Ltd.,Primo Securities (PVT) Ltd.,5,267.0,1335.0,2025-07-24 14:35:29.536095
2025-07-24,28971,2025072401035196,NMB,Kumari Securities Private Limited,Cristal Kanchanjanga Securites Pvt. Ltd.,100,272.0,27200.0,2025-07-24 14:35:37.986700
2025-07-24,28662,2025072401035270,NMB,Primo Securities (PVT) Ltd.,Ashutosh Brokerage & Securities (PVT) Ltd.,7,266.6,1866.2,2025-07-24 14:36:02.722012
2025-07-24,27660,2025072401035589,NMB,Shree Krishna Securities Ltd.,Aryatara Investment & Securities,20,271.7,5434.0,2025-07-24 14:37:17.395704
2025-07-24,27595,2025072401035612,NMB,ABC Securities Private Limited,Trisul Securities & Invt. Ltd.,1,269.0,269.0,2025-07-24 14:37:22.340121
2025-07-24,26676,2025072401035833,NMB,Asian Securities Private Ltd.,Cristal Kanchanjanga Securites Pvt. Ltd.,700,272.0,190400.0,2025-07-24 14:38:28.869395
2025-07-24,26662,2025072401035840,NMB,Creative Securities Pvt Ltd,Cristal Kanchanjanga Securites Pvt. Ltd.,500,272.0,136000.0,2025-07-24 14:38:30.183478
2025-07-24,26335,2025072401035943,NMB,Linch Stock Market Ltd.,Cristal Kanchanjanga Securites Pvt. Ltd.,100,272.0,27200.0,2025-07-24 14:38:57.408894
2025-07-24,26124,2025072401035987,NMB,Kumari Securities Private Limited,Cristal Kanchanjanga Securites Pvt. Ltd.,2000,272.0,544000.0,2025-07-24 14:39:11.918637
2025-07-24,25995,2025072401036011,NMB,Creative Securities Pvt Ltd,Cristal Kanchanjanga Securites Pvt. Ltd.,1000,272.0,272000.0,2025-07-24 14:39:22.616412
2025-07-24,25768,2025072401036065,NMB,Secured Securities Ltd.,Cristal Kanchanjanga Securites Pvt. Ltd.,10834,272.0,2946848.0,2025-07-24 14:39:38.605033
2025-07-24,25653,2025072401036099,NMB,Primo Securities (PVT) Ltd.,Trisul Securities & Invt. Ltd.,1,269.0,269.0,2025-07-24 14:39:51.022498
2025-07-24,24809,2025072401036308,NMB,Secured Securities Ltd.,Sewa Securities Pvt. Ltd.,19,272.0,5168.0,2025-07-24 14:41:02.968227
2025-07-24,23657,2025072401036676,NMB,Kumari Securities Private Limited,Trisul Securities & Invt. Ltd.,100,272.3,27230.0,2025-07-24 14:42:32.469121
2025-07-24,23656,2025072401036677,NMB,Shree Krishna Securities Ltd.,Trisul Securities & Invt. Ltd.,62,272.1,16870.2,2025-07-24 14:42:32.469169
2025-07-24,22991,2025072401036823,NMB,Vision Securities Pvt. Ltd,Kohinoor Investment & Securities Pvt. Ltd.,100,273.0,27300.0,2025-07-24 14:43:19.712966
2025-07-24,22380,2025072401036994,NMB,Online Securities Pvt. Ltd.,Kohinoor Investment & Securities Pvt. Ltd.,100,273.0,27300.0,2025-07-24 14:43:59.051792
2025-07-24,22209,2025072401037038,NMB,Kumari Securities Private Limited,Sri Hari Securities Pvt. Ltd.,58,274.0,15892.0,2025-07-24 14:44:11.268242
2025-07-24,21554,2025072401037237,NMB,Trishakti Securities Public Limited,Dakshinkali Investment & Securities Pvt. Ltd.,100,274.8,27480.0,2025-07-24 14:44:55.133338
2025-07-24,20850,2025072401037451,NMB,Secured Securities Ltd.,Oxford Securities Pvt. Ltd.,40,275.0,11000.0,2025-07-24 14:45:41.202091
2025-07-24,20849,2025072401037452,NMB,Secured Securities Ltd.,Agrawal Securities (PVT) Ltd.,50,275.0,13750.0,2025-07-24 14:45:41.202423
2025-07-24,20848,2025072401037453,NMB,Secured Securities Ltd.,Sweta Securities Private Limited,50,275.0,13750.0,2025-07-24 14:45:41.202568
2025-07-24,20766,2025072401037467,NMB,Trishakti Securities Public Limited,Vision Securities Pvt. Ltd,100,274.8,27480.0,2025-07-24 14:45:46.734634
2025-07-24,20765,2025072401037468,NMB,Asian Securities Private Ltd.,Vision Securities Pvt. Ltd,500,274.8,137400.0,2025-07-24 14:45:46.734912
2025-07-24,19946,2025072401037663,NMB,Nepal Stock House (PVT) Ltd.,Vision Securities Pvt. Ltd,400,274.8,109920.0,2025-07-24 14:46:38.923490
2025-07-24,18662,2025072401037985,NMB,Siprabi Securities Pvt. Ltd.,Market Securities & Exchange (PVT) Ltd.,50,275.0,13750.0,2025-07-24 14:48:02.449909
2025-07-24,18661,2025072401037986,NMB,Siprabi Securities Pvt. Ltd.,Creative Securities Pvt Ltd,10,275.7,2757.0,2025-07-24 14:48:02.450004
2025-07-24,17361,2025072401038295,NMB,South Asian Bulls Pvt. Ltd.,Bhrikuti Stock Broking Co. Pvt. Ltd.,200,275.0,55000.0,2025-07-24 14:49:22.590904
2025-07-24,17042,2025072401038350,NMB,South Asian Bulls Pvt. Ltd.,Thrive Brokerage House Pvt. Ltd,300,275.0,82500.0,2025-07-24 14:49:40.989291
2025-07-24,17041,2025072401038351,NMB,Vision Securities Pvt. Ltd,Thrive Brokerage House Pvt. Ltd,200,274.1,54820.0,2025-07-24 14:49:40.989911
2025-07-24,15740,2025072401038659,NMB,Siprabi Securities Pvt. Ltd.,Creative Securities Pvt Ltd,10,275.7,2757.0,2025-07-24 14:50:50.527328
2025-07-24,14652,2025072401038936,NMB,INDEX SECURITIES LIMITED,Sweta Securities Private Limited,170,274.3,46631.0,2025-07-24 14:51:50.242138
2025-07-24,14621,2025072401038941,NMB,INDEX SECURITIES LIMITED,Trishakti Securities Public Limited,173,274.3,47453.9,2025-07-24 14:51:51.722744
2025-07-24,14343,2025072401039020,NMB,INDEX SECURITIES LIMITED,ABC Securities Private Limited,154,274.3,42242.2,2025-07-24 14:52:04.701849
2025-07-24,14304,2025072401039031,NMB,Primo Securities (PVT) Ltd.,Naasa Securities Co. Ltd.,2,272.0,544.0,2025-07-24 14:52:05.766178
2025-07-24,14273,2025072401039036,NMB,Primo Securities (PVT) Ltd.,Deevyaa Securities & Stock House Pvt. Ltd,1,269.0,269.0,2025-07-24 14:52:07.253982
2025-07-24,13906,2025072401039149,NMB,Nagarik Stock Dealer ,ABC Securities Private Limited,343,274.3,94084.9,2025-07-24 14:52:24.274046
2025-07-24,13826,2025072401039154,NMB,Nagarik Stock Dealer ,Hatemalo Financial Services Private Limited,957,274.4,262600.8,2025-07-24 14:52:25.661893
2025-07-24,13825,2025072401039155,NMB,Primo Securities (PVT) Ltd.,Hatemalo Financial Services Private Limited,43,274.2,11790.6,2025-07-24 14:52:25.662238
2025-07-24,12711,2025072401039468,NMB,Primo Securities (PVT) Ltd.,South Asian Bulls Pvt. Ltd.,112,274.2,30710.4,2025-07-24 14:53:26.084482
2025-07-24,12267,2025072401039610,NMB,Primo Securities (PVT) Ltd.,Trishakti Securities Public Limited,1,269.0,269.0,2025-07-24 14:53:47.899495
2025-07-24,11170,2025072401039938,NMB,Primo Securities (PVT) Ltd.,Online Securities Pvt. Ltd.,1345,274.6,369337.0,2025-07-24 14:54:40.712984
2025-07-24,11169,2025072401039939,NMB,Online Securities Pvt. Ltd.,Online Securities Pvt. Ltd.,1500,274.5,411750.0,2025-07-24 14:54:40.713302
2025-07-24,11168,2025072401039940,NMB,Trishakti Securities Public Limited,Online Securities Pvt. Ltd.,500,274.3,137150.0,2025-07-24 14:54:40.713481
2025-07-24,11167,2025072401039941,NMB,Vision Securities Pvt. Ltd,Online Securities Pvt. Ltd.,2155,274.1,590685.5,2025-07-24 14:54:40.713616
2025-07-24,10959,2025072401040000,NMB,Siprabi Securities Pvt. Ltd.,Bhrikuti Stock Broking Co. Pvt. Ltd.,10,275.0,2750.0,2025-07-24 14:54:48.982338
2025-07-24,10260,2025072401040186,NMB,Vision Securities Pvt. Ltd,Vision Securities Pvt. Ltd,1000,274.1,274100.0,2025-07-24 14:55:18.065190
2025-07-24,9624,2025072401040294,NMB,Imperial Securities Company Pvt. Ltd.,Bhrikuti Stock Broking Co. Pvt. Ltd.,50,275.0,13750.0,2025-07-24 14:55:41.054468
2025-07-24,9623,2025072401040295,NMB,Imperial Securities Company Pvt. Ltd.,Naasa Securities Co. Ltd.,950,275.0,261250.0,2025-07-24 14:55:41.054832
2025-07-24,9369,2025072401040369,NMB,Dipshikha Dhitopatra Karobar Co. Pvt Ltd.,Naasa Securities Co. Ltd.,175,275.0,48125.0,2025-07-24 14:55:51.324146
2025-07-24,9368,2025072401040370,NMB,Dipshikha Dhitopatra Karobar Co. Pvt Ltd.,Opal Securities Investment (PVT) Ltd.,200,275.0,55000.0,2025-07-24 14:55:51.324518
2025-07-24,9367,2025072401040371,NMB,Dipshikha Dhitopatra Karobar Co. Pvt Ltd.,Sani Securities Company Ltd.,500,275.0,137500.0,2025-07-24 14:55:51.324709
2025-07-24,9366,2025072401040372,NMB,Dipshikha Dhitopatra Karobar Co. Pvt Ltd.,Malla & Malla Stock Broking Company Pvt. Limited,125,275.0,34375.0,2025-07-24 14:55:51.324911
2025-07-24,9247,2025072401040386,NMB,Secured Securities Ltd.,Malla & Malla Stock Broking Company Pvt. Limited,304,275.0,83600.0,2025-07-24 14:55:55.240813
2025-07-24,9246,2025072401040387,NMB,Secured Securities Ltd.,Naasa Securities Co. Ltd.,1167,275.0,320925.0,2025-07-24 14:55:55.241144
2025-07-24,9188,2025072401040403,NMB,Secured Securities Ltd.,Naasa Securities Co. Ltd.,500,275.0,137500.0,2025-07-24 14:55:58.601194
2025-07-24,9003,2025072401040459,NMB,Secured Securities Ltd.,Dynamic Money Managers Securities Pvt. Ltd.,1029,275.0,282975.0,2025-07-24 14:56:05.957470
2025-07-24,8973,2025072401040462,NMB,Siprabi Securities Pvt. Ltd.,Dynamic Money Managers Securities Pvt. Ltd.,10,275.0,2750.0,2025-07-24 14:56:07.334561
2025-07-24,8478,2025072401040595,NMB,Vision Securities Pvt. Ltd,Nepal Stock House (PVT) Ltd.,16,274.1,4385.6,2025-07-24 14:56:27.709374
2025-07-24,7069,2025072401040928,NMB,Primo Securities (PVT) Ltd.,Vision Securities Pvt. Ltd,5,272.0,1360.0,2025-07-24 14:57:14.375977
2025-07-24,6196,2025072401041174,NMB,Vision Securities Pvt. Ltd,Dynamic Money Managers Securities Pvt. Ltd.,129,274.1,35358.9,2025-07-24 14:57:43.959112
2025-07-24,6195,2025072401041175,NMB,KALASH STOCK MARKET PVT. LTD.,Dynamic Money Managers Securities Pvt. Ltd.,332,274.1,91001.2,2025-07-24 14:57:43.959769
2025-07-24,4648,2025072401041560,NMB,KALASH STOCK MARKET PVT. LTD.,Linch Stock Market Ltd.,150,274.1,41115.0,2025-07-24 14:58:36.566452
2025-07-24,4563,2025072401041581,NMB,KALASH STOCK MARKET PVT. LTD.,Dipshikha Dhitopatra Karobar Co. Pvt Ltd.,18,274.1,4933.8,2025-07-24 14:58:38.852677
2025-07-24,3657,2025072401041847,NMB,Kumari Securities Private Limited,Dipshikha Dhitopatra Karobar Co. Pvt Ltd.,142,274.0,38908.0,2025-07-24 14:59:00.814414
2025-07-24,2285,2025072401042189,NMB,Nepal Stock House (PVT) Ltd.,South Asian Bulls Pvt. Ltd.,40,272.7,10908.0,2025-07-24 14:59:28.144934
2025-07-24,1974,2025072401042216,NMB,Trisul Securities & Invt. Ltd.,Investment Management Nepal Pvt. Ltd.,50,273.0,13650.0,2025-07-24 14:59:31.401132
2025-07-24,1973,2025072401042217,NMB,Trisul Securities & Invt. Ltd.,ABC Securities Private Limited,51,273.0,13923.0,2025-07-24 14:59:31.401456
2025-07-24,1166,2025072401042398,NMB,Trisul Securities & Invt. Ltd.,Dipshikha Dhitopatra Karobar Co. Pvt Ltd.,399,273.0,108927.0,2025-07-24 14:59:43.406328
2025-07-24,956,2025072401042443,NMB,Dipshikha Dhitopatra Karobar Co. Pvt Ltd.,Dipshikha Dhitopatra Karobar Co. Pvt Ltd.,20,273.0,5460.0,2025-07-24 14:59:46.386749
2025-07-24,679,2025072401042523,NMB,Primo Securities (PVT) Ltd.,Dipshikha Dhitopatra Karobar Co. Pvt Ltd.,421,273.0,114933.0,2025-07-24 14:59:51.424054
2025-07-24,678,2025072401042524,NMB,Primo Securities (PVT) Ltd.,Trishakti Securities Public Limited,500,274.3,137150.0,2025-07-24 14:59:51.424118
2025-07-24,677,2025072401042525,NMB,Primo Securities (PVT) Ltd.,Nepal Stock House (PVT) Ltd.,79,274.9,21717.1,2025-07-24 14:59:51.424151
