Date,S.N.,Contract ID,Symbol,Buyer Broker,Seller Broker,volume,rate,amount,transaction_time
2025-07-24,154464,2025072401000041,NYADI,Capital Max Securities Ltd,Trishakti Securities Public Limited,10,470.0,4700.0,2025-07-24 11:00:19.790648
2025-07-24,148991,2025072401001387,NYADI,Online Securities Pvt. Ltd.,Primo Securities (PVT) Ltd.,10,467.5,4675.0,2025-07-24 11:10:20.122530
2025-07-24,146591,2025072401001954,NYADI,Capital Max Securities Ltd,Imperial Securities Company Pvt. Ltd.,10,468.1,4681.0,2025-07-24 11:14:18.012649
2025-07-24,145062,2025072401002357,NYADI,Nepal Investment And Securities Trading Private Limited,Nagarik Stock Dealer ,115,468.2,53843.0,2025-07-24 11:16:35.267370
2025-07-24,145061,2025072401002358,NYADI,Naasa Securities Co. Ltd.,Nagarik Stock Dealer ,200,468.1,93620.0,2025-07-24 11:16:35.267529
2025-07-24,145060,2025072401002359,NYADI,Online Securities Pvt. Ltd.,Nagarik Stock Dealer ,40,468.0,18720.0,2025-07-24 11:16:35.267625
2025-07-24,145059,2025072401002360,NYADI,Online Securities Pvt. Ltd.,Nagarik Stock Dealer ,145,468.0,67860.0,2025-07-24 11:16:35.267713
2025-07-24,144956,2025072401002387,NYADI,Online Securities Pvt. Ltd.,Dipshikha Dhitopatra Karobar Co. Pvt Ltd.,10,468.0,4680.0,2025-07-24 11:16:45.981183
2025-07-24,144473,2025072401002539,NYADI,Naasa Securities Co. Ltd.,Trisul Securities & Invt. Ltd.,10,468.1,4681.0,2025-07-24 11:17:24.424300
2025-07-24,143710,2025072401002763,NYADI,Naasa Securities Co. Ltd.,ABC Securities Private Limited,20,468.1,9362.0,2025-07-24 11:18:39.868636
2025-07-24,143182,2025072401002885,NYADI,Naasa Securities Co. Ltd.,Opal Securities Investment (PVT) Ltd.,170,468.1,79577.0,2025-07-24 11:19:27.799226
2025-07-24,143181,2025072401002886,NYADI,Online Securities Pvt. Ltd.,Opal Securities Investment (PVT) Ltd.,130,468.0,60840.0,2025-07-24 11:19:27.799289
2025-07-24,141363,2025072401003427,NYADI,Naasa Securities Co. Ltd.,Online Securities Pvt. Ltd.,10,468.3,4683.0,2025-07-24 11:22:17.078874
2025-07-24,141116,2025072401003511,NYADI,Naasa Securities Co. Ltd.,K.B.L. Securities Limited ,190,468.3,88977.0,2025-07-24 11:22:38.382721
2025-07-24,141115,2025072401003512,NYADI,BHOLE GANESH SECURITIES LTD,K.B.L. Securities Limited ,500,468.2,234100.0,2025-07-24 11:22:38.382790
2025-07-24,141114,2025072401003513,NYADI,Online Securities Pvt. Ltd.,K.B.L. Securities Limited ,585,468.0,273780.0,2025-07-24 11:22:38.382828
2025-07-24,141113,2025072401003514,NYADI,Cristal Kanchanjanga Securites Pvt. Ltd.,K.B.L. Securities Limited ,100,468.0,46800.0,2025-07-24 11:22:38.382864
2025-07-24,141112,2025072401003515,NYADI,Sweta Securities Private Limited,K.B.L. Securities Limited ,125,467.6,58450.0,2025-07-24 11:22:38.382906
2025-07-24,140811,2025072401003597,NYADI,Sweta Securities Private Limited,K.B.L. Securities Limited ,375,467.6,175350.0,2025-07-24 11:23:03.276907
2025-07-24,140810,2025072401003598,NYADI,Linch Stock Market Ltd.,K.B.L. Securities Limited ,500,467.0,233500.0,2025-07-24 11:23:03.277051
2025-07-24,140809,2025072401003599,NYADI,Midas Stock Broking Company Private Limited,K.B.L. Securities Limited ,41,467.0,19147.0,2025-07-24 11:23:03.277170
2025-07-24,140426,2025072401003726,NYADI,Naasa Securities Co. Ltd.,Primo Securities (PVT) Ltd.,10,465.2,4652.0,2025-07-24 11:23:38.501659
2025-07-24,136103,2025072401004699,NYADI,Naasa Securities Co. Ltd.,Dipshikha Dhitopatra Karobar Co. Pvt Ltd.,10,467.1,4671.0,2025-07-24 11:29:33.754909
2025-07-24,135658,2025072401004801,NYADI,Thrive Brokerage House Pvt. Ltd,Premier Securities Company Ltd.,10,468.0,4680.0,2025-07-24 11:30:15.568422
2025-07-24,135657,2025072401004802,NYADI,Thrive Brokerage House Pvt. Ltd,Malla & Malla Stock Broking Company Pvt. Limited,10,469.0,4690.0,2025-07-24 11:30:15.568513
2025-07-24,135656,2025072401004803,NYADI,Thrive Brokerage House Pvt. Ltd,K.B.L. Securities Limited ,84,469.0,39396.0,2025-07-24 11:30:15.568566
2025-07-24,135655,2025072401004804,NYADI,Thrive Brokerage House Pvt. Ltd,Trishakti Securities Public Limited,496,470.0,233120.0,2025-07-24 11:30:15.568613
2025-07-24,135087,2025072401004931,NYADI,Naasa Securities Co. Ltd.,Trishakti Securities Public Limited,62,470.0,29140.0,2025-07-24 11:30:58.767682
2025-07-24,135086,2025072401004932,NYADI,Naasa Securities Co. Ltd.,Sani Securities Company Ltd.,138,470.0,64860.0,2025-07-24 11:30:58.767762
2025-07-24,134507,2025072401005088,NYADI,Naasa Securities Co. Ltd.,Naasa Securities Co. Ltd.,10,467.1,4671.0,2025-07-24 11:31:40.366846
2025-07-24,132194,2025072401005676,NYADI,Naasa Securities Co. Ltd.,Agrawal Securities (PVT) Ltd.,170,469.0,79730.0,2025-07-24 11:34:49.272857
2025-07-24,131720,2025072401005780,NYADI,Naasa Securities Co. Ltd.,Agrawal Securities (PVT) Ltd.,200,469.0,93800.0,2025-07-24 11:35:38.275291
2025-07-24,131408,2025072401005821,NYADI,Siprabi Securities Pvt. Ltd.,Agrawal Securities (PVT) Ltd.,930,469.0,436170.0,2025-07-24 11:36:01.829139
2025-07-24,131389,2025072401005829,NYADI,Siprabi Securities Pvt. Ltd.,Ashutosh Brokerage & Securities (PVT) Ltd.,10,469.0,4690.0,2025-07-24 11:36:03.494990
2025-07-24,130901,2025072401005967,NYADI,Naasa Securities Co. Ltd.,Sani Securities Company Ltd.,100,470.0,47000.0,2025-07-24 11:36:50.037485
2025-07-24,130600,2025072401006041,NYADI,Naasa Securities Co. Ltd.,Sani Securities Company Ltd.,200,470.0,94000.0,2025-07-24 11:37:12.715492
2025-07-24,129878,2025072401006213,NYADI,Bhrikuti Stock Broking Co. Pvt. Ltd.,Sani Securities Company Ltd.,28,470.0,13160.0,2025-07-24 11:38:09.535340
2025-07-24,129458,2025072401006305,NYADI,Kalika Securities Pvt. Ltd.,Sani Securities Company Ltd.,100,470.0,47000.0,2025-07-24 11:38:45.437367
2025-07-24,128871,2025072401006509,NYADI,Aryatara Investment & Securities,Sani Securities Company Ltd.,99,470.0,46530.0,2025-07-24 11:39:20.501039
2025-07-24,128870,2025072401006510,NYADI,Aryatara Investment & Securities,Sani Securities Company Ltd.,1000,470.0,470000.0,2025-07-24 11:39:20.501119
2025-07-24,128869,2025072401006511,NYADI,Aryatara Investment & Securities,Imperial Securities Company Pvt. Ltd.,100,470.0,47000.0,2025-07-24 11:39:20.501164
2025-07-24,126022,2025072401007253,NYADI,Aryatara Investment & Securities,Nepal Stock House (PVT) Ltd.,10,470.0,4700.0,2025-07-24 11:43:35.869533
2025-07-24,124914,2025072401007536,NYADI,Aryatara Investment & Securities,Sundhara Securities Limited,113,470.0,53110.0,2025-07-24 11:45:15.503946
2025-07-24,124913,2025072401007537,NYADI,Sani Securities Company Ltd.,Sundhara Securities Limited,500,470.0,235000.0,2025-07-24 11:45:15.504046
2025-07-24,124912,2025072401007538,NYADI,Arun Securities (PVT) Ltd.,Sundhara Securities Limited,50,470.0,23500.0,2025-07-24 11:45:15.504089
2025-07-24,124688,2025072401007579,NYADI,Siprabi Securities Pvt. Ltd.,pahiinvestment,10,469.0,4690.0,2025-07-24 11:45:37.578835
2025-07-24,124147,2025072401007704,NYADI,Siprabi Securities Pvt. Ltd.,Kalika Securities Pvt. Ltd.,10,469.0,4690.0,2025-07-24 11:46:26.993585
2025-07-24,124050,2025072401007734,NYADI,Siprabi Securities Pvt. Ltd.,Sani Securities Company Ltd.,40,469.0,18760.0,2025-07-24 11:46:39.403771
2025-07-24,121769,2025072401008401,NYADI,Miyo Securities Pvt Ltd,Oxford Securities Pvt. Ltd.,10,469.0,4690.0,2025-07-24 11:50:38.522660
2025-07-24,121596,2025072401008436,NYADI,Miyo Securities Pvt Ltd,Linch Stock Market Ltd.,10,469.0,4690.0,2025-07-24 11:50:59.869242
2025-07-24,121145,2025072401008552,NYADI,Miyo Securities Pvt Ltd,Agrawal Securities (PVT) Ltd.,10,469.0,4690.0,2025-07-24 11:51:51.661216
2025-07-24,120522,2025072401008737,NYADI,Malla & Malla Stock Broking Company Pvt. Limited,Vision Securities Pvt. Ltd,500,470.0,235000.0,2025-07-24 11:52:52.361557
2025-07-24,119479,2025072401008988,NYADI,Malla & Malla Stock Broking Company Pvt. Limited,Ashutosh Brokerage & Securities (PVT) Ltd.,10,470.0,4700.0,2025-07-24 11:54:29.758425
2025-07-24,118120,2025072401009363,NYADI,Malla & Malla Stock Broking Company Pvt. Limited,Naasa Securities Co. Ltd.,10,470.0,4700.0,2025-07-24 11:56:43.654400
2025-07-24,117097,2025072401009643,NYADI,Malla & Malla Stock Broking Company Pvt. Limited,Imperial Securities Company Pvt. Ltd.,40,470.0,18800.0,2025-07-24 11:58:21.000245
2025-07-24,116060,2025072401009910,NYADI,Naasa Securities Co. Ltd.,Sundhara Securities Limited,40,471.0,18840.0,2025-07-24 11:59:58.075286
2025-07-24,116059,2025072401009911,NYADI,Naasa Securities Co. Ltd.,Trishakti Securities Public Limited,10,471.0,4710.0,2025-07-24 11:59:58.075384
2025-07-24,116058,2025072401009912,NYADI,Naasa Securities Co. Ltd.,Naasa Securities Co. Ltd.,10,471.0,4710.0,2025-07-24 11:59:58.075458
2025-07-24,116057,2025072401009913,NYADI,Naasa Securities Co. Ltd.,Sani Securities Company Ltd.,10,472.0,4720.0,2025-07-24 11:59:58.075564
2025-07-24,115887,2025072401009956,NYADI,Malla & Malla Stock Broking Company Pvt. Limited,Neev Securities Pvt. Ltd.,10,470.0,4700.0,2025-07-24 12:00:11.513950
2025-07-24,115884,2025072401009957,NYADI,Malla & Malla Stock Broking Company Pvt. Limited,Deevyaa Securities & Stock House Pvt. Ltd,10,470.0,4700.0,2025-07-24 12:00:12.101736
2025-07-24,114954,2025072401010216,NYADI,Naasa Securities Co. Ltd.,Sundhara Securities Limited,35,470.1,16453.5,2025-07-24 12:01:51.759443
2025-07-24,114953,2025072401010217,NYADI,Malla & Malla Stock Broking Company Pvt. Limited,Sundhara Securities Limited,420,470.0,197400.0,2025-07-24 12:01:51.759647
2025-07-24,114952,2025072401010218,NYADI,Sani Securities Company Ltd.,Sundhara Securities Limited,182,470.0,85540.0,2025-07-24 12:01:51.759779
2025-07-24,114309,2025072401010344,NYADI,Sani Securities Company Ltd.,Kalika Securities Pvt. Ltd.,10,470.0,4700.0,2025-07-24 12:03:04.464172
2025-07-24,114265,2025072401010353,NYADI,Sani Securities Company Ltd.,Sundhara Securities Limited,30,470.0,14100.0,2025-07-24 12:03:11.119192
2025-07-24,113910,2025072401010428,NYADI,Sani Securities Company Ltd.,Deevyaa Securities & Stock House Pvt. Ltd,10,470.0,4700.0,2025-07-24 12:03:45.517136
2025-07-24,112487,2025072401010823,NYADI,BHOLE GANESH SECURITIES LTD,Sumeru Securities Pvt. Ltd.,70,470.2,32914.0,2025-07-24 12:05:39.326461
2025-07-24,111659,2025072401011022,NYADI,Naasa Securities Co. Ltd.,Bhrikuti Stock Broking Co. Pvt. Ltd.,10,470.5,4705.0,2025-07-24 12:06:46.767920
2025-07-24,111477,2025072401011065,NYADI,Naasa Securities Co. Ltd.,Naasa Securities Co. Ltd.,10,470.5,4705.0,2025-07-24 12:07:04.165800
2025-07-24,110950,2025072401011175,NYADI,Naasa Securities Co. Ltd.,Sani Securities Company Ltd.,90,472.0,42480.0,2025-07-24 12:07:54.343839
2025-07-24,110949,2025072401011176,NYADI,Naasa Securities Co. Ltd.,Sumeru Securities Pvt. Ltd.,40,472.0,18880.0,2025-07-24 12:07:54.344104
2025-07-24,110541,2025072401011245,NYADI,BHOLE GANESH SECURITIES LTD,Sumeru Securities Pvt. Ltd.,41,472.0,19352.0,2025-07-24 12:08:35.919597
2025-07-24,110540,2025072401011246,NYADI,BHOLE GANESH SECURITIES LTD,South Asian Bulls Pvt. Ltd.,10,473.0,4730.0,2025-07-24 12:08:35.919770
2025-07-24,110539,2025072401011247,NYADI,BHOLE GANESH SECURITIES LTD,South Asian Bulls Pvt. Ltd.,20,473.7,9474.0,2025-07-24 12:08:35.919826
2025-07-24,110538,2025072401011248,NYADI,BHOLE GANESH SECURITIES LTD,South Asian Bulls Pvt. Ltd.,10,473.8,4738.0,2025-07-24 12:08:35.919868
2025-07-24,110537,2025072401011249,NYADI,BHOLE GANESH SECURITIES LTD,Agrawal Securities (PVT) Ltd.,219,473.9,103784.1,2025-07-24 12:08:35.919912
2025-07-24,110261,2025072401011307,NYADI,Hatemalo Financial Services Private Limited,Agrawal Securities (PVT) Ltd.,281,473.9,133165.9,2025-07-24 12:09:04.443987
2025-07-24,110260,2025072401011308,NYADI,Hatemalo Financial Services Private Limited,Miyo Securities Pvt Ltd,1075,474.0,509550.0,2025-07-24 12:09:04.444112
2025-07-24,110259,2025072401011309,NYADI,Hatemalo Financial Services Private Limited,MILKY WAY SHARE BROKER COMPANY LTD ,1960,474.0,929040.0,2025-07-24 12:09:04.444164
2025-07-24,110183,2025072401011318,NYADI,Hatemalo Financial Services Private Limited,Agrawal Securities (PVT) Ltd.,100,474.0,47400.0,2025-07-24 12:09:09.678121
2025-07-24,110099,2025072401011343,NYADI,Naasa Securities Co. Ltd.,Online Securities Pvt. Ltd.,10,474.5,4745.0,2025-07-24 12:09:23.875214
2025-07-24,110098,2025072401011344,NYADI,Naasa Securities Co. Ltd.,Trishakti Securities Public Limited,10,475.0,4750.0,2025-07-24 12:09:23.875261
2025-07-24,109998,2025072401011384,NYADI,Hatemalo Financial Services Private Limited,Thrive Brokerage House Pvt. Ltd,10,475.0,4750.0,2025-07-24 12:09:33.934495
2025-07-24,109997,2025072401011385,NYADI,Hatemalo Financial Services Private Limited,Sumeru Securities Pvt. Ltd.,100,475.0,47500.0,2025-07-24 12:09:33.934605
2025-07-24,109996,2025072401011386,NYADI,Hatemalo Financial Services Private Limited,Naasa Securities Co. Ltd.,10,475.0,4750.0,2025-07-24 12:09:33.934656
2025-07-24,109995,2025072401011387,NYADI,Hatemalo Financial Services Private Limited,Midas Stock Broking Company Private Limited,10,475.0,4750.0,2025-07-24 12:09:33.934702
2025-07-24,109994,2025072401011388,NYADI,Hatemalo Financial Services Private Limited,Linch Stock Market Ltd.,11,478.0,5258.0,2025-07-24 12:09:33.934746
2025-07-24,109975,2025072401011395,NYADI,Hatemalo Financial Services Private Limited,Imperial Securities Company Pvt. Ltd.,159,478.0,76002.0,2025-07-24 12:09:36.365122
2025-07-24,109053,2025072401011662,NYADI,Sani Securities Company Ltd.,Agrawal Securities (PVT) Ltd.,500,477.9,238950.0,2025-07-24 12:11:10.830096
2025-07-24,109052,2025072401011663,NYADI,Sani Securities Company Ltd.,Imperial Securities Company Pvt. Ltd.,500,478.0,239000.0,2025-07-24 12:11:10.830307
2025-07-24,108564,2025072401011817,NYADI,Sumeru Securities Pvt. Ltd.,Thrive Brokerage House Pvt. Ltd,150,477.8,71670.0,2025-07-24 12:11:47.076702
2025-07-24,108563,2025072401011818,NYADI,Sumeru Securities Pvt. Ltd.,Imperial Securities Company Pvt. Ltd.,341,478.0,162998.0,2025-07-24 12:11:47.076809
2025-07-24,108010,2025072401011935,NYADI,Miyo Securities Pvt Ltd,Premier Securities Company Ltd.,40,478.0,19120.0,2025-07-24 12:12:50.395721
2025-07-24,108009,2025072401011936,NYADI,Miyo Securities Pvt Ltd,Linch Stock Market Ltd.,30,478.2,14346.0,2025-07-24 12:12:50.395817
2025-07-24,107688,2025072401012055,NYADI,Secured Securities Ltd.,Linch Stock Market Ltd.,970,478.2,463854.0,2025-07-24 12:13:23.799263
2025-07-24,107687,2025072401012056,NYADI,Secured Securities Ltd.,Imperial Securities Company Pvt. Ltd.,10,478.3,4783.0,2025-07-24 12:13:23.799470
2025-07-24,107686,2025072401012057,NYADI,Secured Securities Ltd.,Imperial Securities Company Pvt. Ltd.,431,478.3,206147.3,2025-07-24 12:13:23.799597
2025-07-24,107685,2025072401012058,NYADI,Secured Securities Ltd.,Nagarik Stock Dealer ,170,479.0,81430.0,2025-07-24 12:13:23.799757
2025-07-24,107684,2025072401012059,NYADI,Secured Securities Ltd.,Cristal Kanchanjanga Securites Pvt. Ltd.,800,479.0,383200.0,2025-07-24 12:13:23.799894
2025-07-24,107683,2025072401012060,NYADI,Secured Securities Ltd.,R.B.B. Securities Company Ltd,10,479.0,4790.0,2025-07-24 12:13:23.800048
2025-07-24,107682,2025072401012061,NYADI,Secured Securities Ltd.,Linch Stock Market Ltd.,11,479.0,5269.0,2025-07-24 12:13:23.800182
2025-07-24,107681,2025072401012062,NYADI,Secured Securities Ltd.,Secured Securities Ltd.,30,479.0,14370.0,2025-07-24 12:13:23.800330
2025-07-24,107680,2025072401012063,NYADI,Secured Securities Ltd.,Pragyan Securities (PVT) Ltd.,10,479.0,4790.0,2025-07-24 12:13:23.800464
2025-07-24,107679,2025072401012064,NYADI,Secured Securities Ltd.,Neev Securities Pvt. Ltd.,51,479.3,24444.3,2025-07-24 12:13:23.800593
2025-07-24,107678,2025072401012065,NYADI,Secured Securities Ltd.,K.B.L. Securities Limited ,1507,479.4,722455.8,2025-07-24 12:13:23.800721
2025-07-24,107485,2025072401012097,NYADI,Naasa Securities Co. Ltd.,K.B.L. Securities Limited ,65,479.4,31161.0,2025-07-24 12:13:48.252239
2025-07-24,107363,2025072401012121,NYADI,Naasa Securities Co. Ltd.,K.B.L. Securities Limited ,10,479.4,4794.0,2025-07-24 12:14:00.942449
2025-07-24,106739,2025072401012307,NYADI,Trisul Securities & Invt. Ltd.,Oxford Securities Pvt. Ltd.,24,475.0,11400.0,2025-07-24 12:15:17.853499
2025-07-24,106316,2025072401012405,NYADI,Market Securities & Exchange (PVT) Ltd.,Imperial Securities Company Pvt. Ltd.,500,479.0,239500.0,2025-07-24 12:16:07.134750
2025-07-24,106125,2025072401012454,NYADI,Sri Hari Securities Pvt. Ltd.,Cristal Kanchanjanga Securites Pvt. Ltd.,10,475.2,4752.0,2025-07-24 12:16:30.347658
2025-07-24,105831,2025072401012516,NYADI,Naasa Securities Co. Ltd.,Imperial Securities Company Pvt. Ltd.,200,479.0,95800.0,2025-07-24 12:16:54.373261
2025-07-24,105658,2025072401012559,NYADI,Naasa Securities Co. Ltd.,Imperial Securities Company Pvt. Ltd.,200,479.0,95800.0,2025-07-24 12:17:13.611270
2025-07-24,105473,2025072401012606,NYADI,Dipshikha Dhitopatra Karobar Co. Pvt Ltd.,Imperial Securities Company Pvt. Ltd.,100,479.0,47900.0,2025-07-24 12:17:29.138337
2025-07-24,105472,2025072401012607,NYADI,Dipshikha Dhitopatra Karobar Co. Pvt Ltd.,Elite Stock House Limited,20,479.0,9580.0,2025-07-24 12:17:29.138461
2025-07-24,105417,2025072401012614,NYADI,Naasa Securities Co. Ltd.,K.B.L. Securities Limited ,150,479.4,71910.0,2025-07-24 12:17:35.388711
2025-07-24,105284,2025072401012653,NYADI,Naasa Securities Co. Ltd.,Sri Hari Securities Pvt. Ltd.,100,479.0,47900.0,2025-07-24 12:17:53.095553
2025-07-24,105230,2025072401012664,NYADI,Oxford Securities Pvt. Ltd.,Sri Hari Securities Pvt. Ltd.,50,479.0,23950.0,2025-07-24 12:18:04.136681
2025-07-24,104746,2025072401012884,NYADI,Naasa Securities Co. Ltd.,Aryatara Investment & Securities,10,477.0,4770.0,2025-07-24 12:18:58.778730
2025-07-24,103781,2025072401013146,NYADI,Blue Chip Securities Ltd,Trishakti Securities Public Limited,300,478.9,143670.0,2025-07-24 12:20:42.393035
2025-07-24,103772,2025072401013148,NYADI,Asian Securities Private Ltd.,Trishakti Securities Public Limited,50,478.9,23945.0,2025-07-24 12:20:43.900711
2025-07-24,103712,2025072401013163,NYADI,Primo Securities (PVT) Ltd.,Trishakti Securities Public Limited,150,478.9,71835.0,2025-07-24 12:20:49.860417
2025-07-24,103711,2025072401013164,NYADI,Primo Securities (PVT) Ltd.,Sri Hari Securities Pvt. Ltd.,150,479.0,71850.0,2025-07-24 12:20:49.860568
2025-07-24,103710,2025072401013165,NYADI,Primo Securities (PVT) Ltd.,Agrawal Securities (PVT) Ltd.,200,479.0,95800.0,2025-07-24 12:20:49.860616
2025-07-24,103709,2025072401013166,NYADI,Primo Securities (PVT) Ltd.,Elite Stock House Limited,10,479.0,4790.0,2025-07-24 12:20:49.860664
2025-07-24,103708,2025072401013167,NYADI,Primo Securities (PVT) Ltd.,Neev Securities Pvt. Ltd.,500,479.0,239500.0,2025-07-24 12:20:49.860721
2025-07-24,103707,2025072401013168,NYADI,Primo Securities (PVT) Ltd.,K.B.L. Securities Limited ,268,479.4,128479.2,2025-07-24 12:20:49.860768
2025-07-24,103706,2025072401013169,NYADI,Primo Securities (PVT) Ltd.,Premier Securities Company Ltd.,200,479.4,95880.0,2025-07-24 12:20:49.860815
2025-07-24,103705,2025072401013170,NYADI,Primo Securities (PVT) Ltd.,Primo Securities (PVT) Ltd.,522,479.4,250246.8,2025-07-24 12:20:49.860860
2025-07-24,102064,2025072401013554,NYADI,Naasa Securities Co. Ltd.,Vision Securities Pvt. Ltd,10,484.0,4840.0,2025-07-24 12:23:35.752380
2025-07-24,98898,2025072401014615,NYADI,Naasa Securities Co. Ltd.,Vision Securities Pvt. Ltd,50,479.4,23970.0,2025-07-24 12:29:17.934272
2025-07-24,98265,2025072401014836,NYADI,Capital Max Securities Ltd,Naasa Securities Co. Ltd.,10,480.0,4800.0,2025-07-24 12:30:31.031458
2025-07-24,98264,2025072401014837,NYADI,Capital Max Securities Ltd,Agrawal Securities (PVT) Ltd.,200,480.0,96000.0,2025-07-24 12:30:31.031601
2025-07-24,97792,2025072401014962,NYADI,Sani Securities Company Ltd.,Imperial Securities Company Pvt. Ltd.,300,480.0,144000.0,2025-07-24 12:31:24.093663
2025-07-24,95434,2025072401015552,NYADI,Dipshikha Dhitopatra Karobar Co. Pvt Ltd.,Cristal Kanchanjanga Securites Pvt. Ltd.,10,481.9,4819.0,2025-07-24 12:35:57.144500
2025-07-24,95430,2025072401015553,NYADI,Sani Securities Company Ltd.,Imperial Securities Company Pvt. Ltd.,100,480.0,48000.0,2025-07-24 12:35:57.897878
2025-07-24,95013,2025072401015688,NYADI,Trisul Securities & Invt. Ltd.,Naasa Securities Co. Ltd.,276,478.0,131928.0,2025-07-24 12:36:38.090680
2025-07-24,94829,2025072401015730,NYADI,Naasa Securities Co. Ltd.,Naasa Securities Co. Ltd.,100,477.1,47710.0,2025-07-24 12:36:55.720725
2025-07-24,94828,2025072401015731,NYADI,Sani Securities Company Ltd.,Naasa Securities Co. Ltd.,94,477.0,44838.0,2025-07-24 12:36:55.720880
2025-07-24,94226,2025072401015904,NYADI,Sani Securities Company Ltd.,J.F. Securites (PVT) Ltd.,10,477.0,4770.0,2025-07-24 12:38:06.741078
2025-07-24,93883,2025072401015997,NYADI,Sani Securities Company Ltd.,Imperial Securities Company Pvt. Ltd.,296,477.0,141192.0,2025-07-24 12:38:55.319945
2025-07-24,93704,2025072401016031,NYADI,Market Securities & Exchange (PVT) Ltd.,Aryatara Investment & Securities,100,476.0,47600.0,2025-07-24 12:39:16.412703
2025-07-24,93703,2025072401016032,NYADI,Citizens Share Broker Limited,Aryatara Investment & Securities,100,476.0,47600.0,2025-07-24 12:39:16.412751
2025-07-24,93540,2025072401016102,NYADI,Creative Securities Pvt Ltd,Imperial Securities Company Pvt. Ltd.,500,477.2,238600.0,2025-07-24 12:39:33.073888
2025-07-24,93539,2025072401016103,NYADI,Sri Hari Securities Pvt. Ltd.,Imperial Securities Company Pvt. Ltd.,236,475.2,112147.2,2025-07-24 12:39:33.074031
2025-07-24,93454,2025072401016126,NYADI,Sri Hari Securities Pvt. Ltd.,Imperial Securities Company Pvt. Ltd.,404,475.2,191980.8,2025-07-24 12:39:43.271475
2025-07-24,93147,2025072401016218,NYADI,Sri Hari Securities Pvt. Ltd.,Sewa Securities Pvt. Ltd.,10,475.2,4752.0,2025-07-24 12:40:20.460220
2025-07-24,92243,2025072401016480,NYADI,Sri Hari Securities Pvt. Ltd.,Miyo Securities Pvt Ltd,700,475.2,332640.0,2025-07-24 12:41:57.144708
2025-07-24,92199,2025072401016494,NYADI,Sri Hari Securities Pvt. Ltd.,Elite Stock House Limited,10,475.2,4752.0,2025-07-24 12:42:03.697112
2025-07-24,91477,2025072401016692,NYADI,Capital Max Securities Ltd,South Asian Bulls Pvt. Ltd.,10,477.0,4770.0,2025-07-24 12:43:37.102574
2025-07-24,91122,2025072401016809,NYADI,Naasa Securities Co. Ltd.,Online Securities Pvt. Ltd.,10,477.8,4778.0,2025-07-24 12:44:17.536912
2025-07-24,91121,2025072401016810,NYADI,Naasa Securities Co. Ltd.,Naasa Securities Co. Ltd.,160,478.0,76480.0,2025-07-24 12:44:17.537108
2025-07-24,90182,2025072401017132,NYADI,Sri Hari Securities Pvt. Ltd.,J.F. Securites (PVT) Ltd.,10,475.2,4752.0,2025-07-24 12:46:11.173337
2025-07-24,89658,2025072401017260,NYADI,Sri Hari Securities Pvt. Ltd.,Sumeru Securities Pvt. Ltd.,50,475.2,23760.0,2025-07-24 12:47:10.847945
2025-07-24,88927,2025072401017424,NYADI,Capital Max Securities Ltd,Naasa Securities Co. Ltd.,220,478.0,105160.0,2025-07-24 12:48:33.722878
2025-07-24,88926,2025072401017425,NYADI,Capital Max Securities Ltd,Ashutosh Brokerage & Securities (PVT) Ltd.,10,478.0,4780.0,2025-07-24 12:48:33.723186
2025-07-24,88690,2025072401017507,NYADI,Capital Max Securities Ltd,Kohinoor Investment & Securities Pvt. Ltd.,500,479.0,239500.0,2025-07-24 12:48:54.981094
2025-07-24,88646,2025072401017510,NYADI,Capital Max Securities Ltd,Capital Max Securities Ltd,32,479.0,15328.0,2025-07-24 12:49:01.186567
2025-07-24,88629,2025072401017518,NYADI,Capital Max Securities Ltd,Kohinoor Investment & Securities Pvt. Ltd.,10,479.0,4790.0,2025-07-24 12:49:03.228904
2025-07-24,88376,2025072401017574,NYADI,Capital Max Securities Ltd,Midas Stock Broking Company Private Limited,10,479.0,4790.0,2025-07-24 12:49:27.091226
2025-07-24,87993,2025072401017672,NYADI,Capital Max Securities Ltd,Sani Securities Company Ltd.,33,479.0,15807.0,2025-07-24 12:50:07.373297
2025-07-24,85483,2025072401018510,NYADI,Sumeru Securities Pvt. Ltd.,Aryatara Investment & Securities,500,476.0,238000.0,2025-07-24 12:54:42.922072
2025-07-24,85451,2025072401018519,NYADI,Sri Hari Securities Pvt. Ltd.,Prabhu Stock Market Limited,570,475.2,270864.0,2025-07-24 12:54:47.421698
2025-07-24,85450,2025072401018520,NYADI,Agrawal Securities (PVT) Ltd.,Prabhu Stock Market Limited,200,475.2,95040.0,2025-07-24 12:54:47.421947
2025-07-24,85449,2025072401018521,NYADI,Naasa Securities Co. Ltd.,Prabhu Stock Market Limited,100,475.0,47500.0,2025-07-24 12:54:47.422150
2025-07-24,85448,2025072401018522,NYADI,Asian Securities Private Ltd.,Prabhu Stock Market Limited,50,475.0,23750.0,2025-07-24 12:54:47.422322
2025-07-24,85447,2025072401018523,NYADI,Hatemalo Financial Services Private Limited,Prabhu Stock Market Limited,80,474.0,37920.0,2025-07-24 12:54:47.422474
2025-07-24,85249,2025072401018578,NYADI,Bhrikuti Stock Broking Co. Pvt. Ltd.,Sundhara Securities Limited,10,475.0,4750.0,2025-07-24 12:55:10.599156
2025-07-24,85243,2025072401018582,NYADI,Naasa Securities Co. Ltd.,Sundhara Securities Limited,30,475.0,14250.0,2025-07-24 12:55:10.778891
2025-07-24,84985,2025072401018646,NYADI,Naasa Securities Co. Ltd.,Oxford Securities Pvt. Ltd.,10,475.0,4750.0,2025-07-24 12:55:34.980313
2025-07-24,84415,2025072401018839,NYADI,Naasa Securities Co. Ltd.,Sundhara Securities Limited,40,475.1,19004.0,2025-07-24 12:56:31.615830
2025-07-24,84375,2025072401018848,NYADI,Naasa Securities Co. Ltd.,Imperial Securities Company Pvt. Ltd.,60,475.1,28506.0,2025-07-24 12:56:35.914135
2025-07-24,84374,2025072401018849,NYADI,Naasa Securities Co. Ltd.,Imperial Securities Company Pvt. Ltd.,110,475.0,52250.0,2025-07-24 12:56:35.914420
2025-07-24,84373,2025072401018850,NYADI,Hatemalo Financial Services Private Limited,Imperial Securities Company Pvt. Ltd.,504,474.0,238896.0,2025-07-24 12:56:35.914598
2025-07-24,84372,2025072401018851,NYADI,Dakshinkali Investment & Securities Pvt. Ltd.,Imperial Securities Company Pvt. Ltd.,1826,474.0,865524.0,2025-07-24 12:56:35.914762
2025-07-24,83314,2025072401019137,NYADI,Dakshinkali Investment & Securities Pvt. Ltd.,Online Securities Pvt. Ltd.,10,474.0,4740.0,2025-07-24 12:58:31.262309
2025-07-24,81913,2025072401019519,NYADI,Dakshinkali Investment & Securities Pvt. Ltd.,Sani Securities Company Ltd.,67,474.0,31758.0,2025-07-24 13:01:11.025290
2025-07-24,81169,2025072401019775,NYADI,Dakshinkali Investment & Securities Pvt. Ltd.,Arun Securities (PVT) Ltd.,10,474.0,4740.0,2025-07-24 13:02:31.306585
2025-07-24,80929,2025072401019858,NYADI,Dakshinkali Investment & Securities Pvt. Ltd.,Linch Stock Market Ltd.,10,474.0,4740.0,2025-07-24 13:02:53.606508
2025-07-24,79736,2025072401020259,NYADI,Dakshinkali Investment & Securities Pvt. Ltd.,Oxford Securities Pvt. Ltd.,10,474.0,4740.0,2025-07-24 13:04:38.820619
2025-07-24,79730,2025072401020262,NYADI,Dakshinkali Investment & Securities Pvt. Ltd.,Dipshikha Dhitopatra Karobar Co. Pvt Ltd.,10,474.0,4740.0,2025-07-24 13:04:39.785254
2025-07-24,78968,2025072401020488,NYADI,Dakshinkali Investment & Securities Pvt. Ltd.,J.F. Securites (PVT) Ltd.,10,474.0,4740.0,2025-07-24 13:05:56.901237
2025-07-24,78688,2025072401020589,NYADI,Dakshinkali Investment & Securities Pvt. Ltd.,Midas Stock Broking Company Private Limited,10,474.0,4740.0,2025-07-24 13:06:32.023722
2025-07-24,77593,2025072401020929,NYADI,Dakshinkali Investment & Securities Pvt. Ltd.,Nagarik Stock Dealer ,37,474.0,17538.0,2025-07-24 13:08:30.852836
2025-07-24,77592,2025072401020930,NYADI,Imperial Securities Company Pvt. Ltd.,Nagarik Stock Dealer ,120,474.0,56880.0,2025-07-24 13:08:30.853005
2025-07-24,77591,2025072401020931,NYADI,Miyo Securities Pvt Ltd,Nagarik Stock Dealer ,143,472.0,67496.0,2025-07-24 13:08:30.853085
2025-07-24,77157,2025072401021019,NYADI,Miyo Securities Pvt Ltd,Dipshikha Dhitopatra Karobar Co. Pvt Ltd.,10,472.0,4720.0,2025-07-24 13:09:18.076769
2025-07-24,76815,2025072401021141,NYADI,Miyo Securities Pvt Ltd,Midas Stock Broking Company Private Limited,40,472.0,18880.0,2025-07-24 13:09:58.922345
2025-07-24,75880,2025072401021390,NYADI,Trishakti Securities Public Limited,Prabhu Stock Market Limited,100,472.0,47200.0,2025-07-24 13:11:33.215937
2025-07-24,75879,2025072401021391,NYADI,Sundhara Securities Limited,Prabhu Stock Market Limited,100,471.5,47150.0,2025-07-24 13:11:33.216098
2025-07-24,75519,2025072401021515,NYADI,Sundhara Securities Limited,Linch Stock Market Ltd.,10,471.5,4715.0,2025-07-24 13:12:10.176063
2025-07-24,75024,2025072401021633,NYADI,Sundhara Securities Limited,Trishakti Securities Public Limited,10,471.5,4715.0,2025-07-24 13:13:02.087581
2025-07-24,74644,2025072401021762,NYADI,Pragyan Securities (PVT) Ltd.,Dipshikha Dhitopatra Karobar Co. Pvt Ltd.,10,472.0,4720.0,2025-07-24 13:13:41.545749
2025-07-24,72812,2025072401022352,NYADI,Naasa Securities Co. Ltd.,Dipshikha Dhitopatra Karobar Co. Pvt Ltd.,10,472.1,4721.0,2025-07-24 13:16:57.685304
2025-07-24,72546,2025072401022458,NYADI,Naasa Securities Co. Ltd.,Opal Securities Investment (PVT) Ltd.,90,472.1,42489.0,2025-07-24 13:17:24.187270
2025-07-24,72545,2025072401022459,NYADI,Pragyan Securities (PVT) Ltd.,Opal Securities Investment (PVT) Ltd.,60,472.0,28320.0,2025-07-24 13:17:24.187420
2025-07-24,71827,2025072401022644,NYADI,Pragyan Securities (PVT) Ltd.,Capital Max Securities Ltd,130,472.0,61360.0,2025-07-24 13:18:30.452695
2025-07-24,71656,2025072401022678,NYADI,Aryatara Investment & Securities,Capital Max Securities Ltd,500,472.0,236000.0,2025-07-24 13:18:45.177198
2025-07-24,71497,2025072401022733,NYADI,Capital Max Securities Ltd,Capital Max Securities Ltd,20,472.0,9440.0,2025-07-24 13:19:01.162174
2025-07-24,71199,2025072401022844,NYADI,Sundhara Securities Limited,Nepal Stock House (PVT) Ltd.,10,471.5,4715.0,2025-07-24 13:19:34.403210
2025-07-24,70808,2025072401022959,NYADI,Sundhara Securities Limited,Linch Stock Market Ltd.,10,471.5,4715.0,2025-07-24 13:20:16.682500
2025-07-24,70394,2025072401023093,NYADI,Naasa Securities Co. Ltd.,Capital Max Securities Ltd,200,472.0,94400.0,2025-07-24 13:21:01.113760
2025-07-24,70293,2025072401023129,NYADI,Sundhara Securities Limited,Naasa Securities Co. Ltd.,350,471.5,165025.0,2025-07-24 13:21:12.159177
2025-07-24,70101,2025072401023183,NYADI,Sundhara Securities Limited,Trishakti Securities Public Limited,10,471.5,4715.0,2025-07-24 13:21:32.444627
2025-07-24,68302,2025072401023839,NYADI,Kumari Securities Private Limited,Premier Securities Company Ltd.,10,471.0,4710.0,2025-07-24 13:24:31.447441
2025-07-24,68301,2025072401023840,NYADI,Kumari Securities Private Limited,Trishakti Securities Public Limited,20,471.5,9430.0,2025-07-24 13:24:31.447617
2025-07-24,68300,2025072401023841,NYADI,Kumari Securities Private Limited,Capital Max Securities Ltd,70,472.0,33040.0,2025-07-24 13:24:31.447690
2025-07-24,68190,2025072401023867,NYADI,Naasa Securities Co. Ltd.,Sani Securities Company Ltd.,40,470.1,18804.0,2025-07-24 13:24:46.807279
2025-07-24,65670,2025072401024548,NYADI,Aryatara Investment & Securities,Naasa Securities Co. Ltd.,10,471.2,4712.0,2025-07-24 13:28:41.056453
2025-07-24,64370,2025072401024916,NYADI,Asian Securities Private Ltd.,Siprabi Securities Pvt. Ltd.,10,473.0,4730.0,2025-07-24 13:30:57.689751
2025-07-24,64322,2025072401024927,NYADI,Aryatara Investment & Securities,Sani Securities Company Ltd.,10,471.6,4716.0,2025-07-24 13:31:05.849399
2025-07-24,64144,2025072401024967,NYADI,Asian Securities Private Ltd.,Linch Stock Market Ltd.,21,475.0,9975.0,2025-07-24 13:31:19.301747
2025-07-24,64143,2025072401024968,NYADI,Asian Securities Private Ltd.,Neev Securities Pvt. Ltd.,10,475.0,4750.0,2025-07-24 13:31:19.301936
2025-07-24,64142,2025072401024969,NYADI,Asian Securities Private Ltd.,Capital Max Securities Ltd,80,475.0,38000.0,2025-07-24 13:31:19.302003
2025-07-24,63739,2025072401025096,NYADI,Asian Securities Private Ltd.,Cristal Kanchanjanga Securites Pvt. Ltd.,10,475.0,4750.0,2025-07-24 13:32:03.084859
2025-07-24,63602,2025072401025142,NYADI,Asian Securities Private Ltd.,Vision Securities Pvt. Ltd,10,477.0,4770.0,2025-07-24 13:32:18.482694
2025-07-24,63601,2025072401025143,NYADI,Asian Securities Private Ltd.,Naasa Securities Co. Ltd.,10,477.0,4770.0,2025-07-24 13:32:18.482856
2025-07-24,63034,2025072401025281,NYADI,Oxford Securities Pvt. Ltd.,Sumeru Securities Pvt. Ltd.,200,478.0,95600.0,2025-07-24 13:33:25.187211
2025-07-24,62382,2025072401025504,NYADI,Asian Securities Private Ltd.,Sumeru Securities Pvt. Ltd.,48,478.7,22977.6,2025-07-24 13:34:43.988392
2025-07-24,62090,2025072401025593,NYADI,Sumeru Securities Pvt. Ltd.,Sumeru Securities Pvt. Ltd.,19,478.7,9095.3,2025-07-24 13:35:19.056266
2025-07-24,61923,2025072401025640,NYADI,Aryatara Investment & Securities,Sumeru Securities Pvt. Ltd.,133,478.7,63667.1,2025-07-24 13:35:40.187084
2025-07-24,61922,2025072401025641,NYADI,Aryatara Investment & Securities,Agrawal Securities (PVT) Ltd.,100,478.8,47880.0,2025-07-24 13:35:40.187249
2025-07-24,61921,2025072401025642,NYADI,Aryatara Investment & Securities,Cristal Kanchanjanga Securites Pvt. Ltd.,247,478.9,118288.3,2025-07-24 13:35:40.187307
2025-07-24,59134,2025072401026523,NYADI,Thrive Brokerage House Pvt. Ltd,Kalika Securities Pvt. Ltd.,40,472.2,18888.0,2025-07-24 13:41:15.358073
2025-07-24,58811,2025072401026592,NYADI,Vision Securities Pvt. Ltd,Sumeru Securities Pvt. Ltd.,100,477.0,47700.0,2025-07-24 13:41:50.695690
2025-07-24,54512,2025072401028113,NYADI,Miyo Securities Pvt Ltd,Vision Securities Pvt. Ltd,17,475.0,8075.0,2025-07-24 13:51:05.266385
2025-07-24,53737,2025072401028386,NYADI,Sumeru Securities Pvt. Ltd.,Vision Securities Pvt. Ltd,63,475.0,29925.0,2025-07-24 13:52:44.627959
2025-07-24,53736,2025072401028387,NYADI,Sumeru Securities Pvt. Ltd.,Dipshikha Dhitopatra Karobar Co. Pvt Ltd.,137,475.0,65075.0,2025-07-24 13:52:44.628205
2025-07-24,53721,2025072401028389,NYADI,Sumeru Securities Pvt. Ltd.,Dipshikha Dhitopatra Karobar Co. Pvt Ltd.,163,475.0,77425.0,2025-07-24 13:52:46.033904
2025-07-24,53720,2025072401028390,NYADI,Sumeru Securities Pvt. Ltd.,Cristal Kanchanjanga Securites Pvt. Ltd.,187,476.9,89180.3,2025-07-24 13:52:46.033968
2025-07-24,53377,2025072401028516,NYADI,Sani Securities Company Ltd.,Agrawal Securities (PVT) Ltd.,10,473.0,4730.0,2025-07-24 13:53:36.590224
2025-07-24,52591,2025072401028810,NYADI,Sani Securities Company Ltd.,Naasa Securities Co. Ltd.,150,473.0,70950.0,2025-07-24 13:55:21.156000
2025-07-24,52384,2025072401028850,NYADI,Sani Securities Company Ltd.,Cristal Kanchanjanga Securites Pvt. Ltd.,300,473.0,141900.0,2025-07-24 13:55:48.641775
2025-07-24,51289,2025072401029147,NYADI,Sani Securities Company Ltd.,Naasa Securities Co. Ltd.,10,473.0,4730.0,2025-07-24 13:58:40.577146
2025-07-24,50628,2025072401029350,NYADI,Sani Securities Company Ltd.,Malla & Malla Stock Broking Company Pvt. Limited,10,473.0,4730.0,2025-07-24 14:00:11.674001
2025-07-24,50447,2025072401029417,NYADI,Secured Securities Ltd.,Naasa Securities Co. Ltd.,21,474.0,9954.0,2025-07-24 14:00:40.595053
2025-07-24,50446,2025072401029418,NYADI,Secured Securities Ltd.,Sumeru Securities Pvt. Ltd.,444,475.0,210900.0,2025-07-24 14:00:40.595429
2025-07-24,50445,2025072401029419,NYADI,Secured Securities Ltd.,Bhrikuti Stock Broking Co. Pvt. Ltd.,10,475.0,4750.0,2025-07-24 14:00:40.595658
2025-07-24,50195,2025072401029492,NYADI,Secured Securities Ltd.,Dynamic Money Managers Securities Pvt. Ltd.,25,475.0,11875.0,2025-07-24 14:01:09.608779
2025-07-24,50194,2025072401029493,NYADI,Sani Securities Company Ltd.,Dynamic Money Managers Securities Pvt. Ltd.,20,473.0,9460.0,2025-07-24 14:01:09.608921
2025-07-24,50193,2025072401029494,NYADI,Thrive Brokerage House Pvt. Ltd,Dynamic Money Managers Securities Pvt. Ltd.,60,472.2,28332.0,2025-07-24 14:01:09.609007
2025-07-24,50192,2025072401029495,NYADI,Agrawal Securities (PVT) Ltd.,Dynamic Money Managers Securities Pvt. Ltd.,95,472.1,44849.5,2025-07-24 14:01:09.609105
2025-07-24,49130,2025072401029808,NYADI,Online Securities Pvt. Ltd.,Linch Stock Market Ltd.,100,472.2,47220.0,2025-07-24 14:03:32.493411
2025-07-24,46174,2025072401030614,NYADI,Naasa Securities Co. Ltd.,Sumeru Securities Pvt. Ltd.,200,474.8,94960.0,2025-07-24 14:09:26.518265
2025-07-24,46173,2025072401030615,NYADI,Naasa Securities Co. Ltd.,Cristal Kanchanjanga Securites Pvt. Ltd.,160,474.9,75984.0,2025-07-24 14:09:26.518487
2025-07-24,45594,2025072401030804,NYADI,Vision Securities Pvt. Ltd,Sumeru Securities Pvt. Ltd.,190,474.0,90060.0,2025-07-24 14:10:29.703754
2025-07-24,45593,2025072401030805,NYADI,Vision Securities Pvt. Ltd,Cristal Kanchanjanga Securites Pvt. Ltd.,10,474.9,4749.0,2025-07-24 14:10:29.703975
2025-07-24,44398,2025072401031133,NYADI,Capital Max Securities Ltd,Sundhara Securities Limited,2,470.0,940.0,2025-07-24 14:12:52.867386
2025-07-24,43514,2025072401031333,NYADI,Sani Securities Company Ltd.,Cristal Kanchanjanga Securites Pvt. Ltd.,20,472.3,9446.0,2025-07-24 14:14:17.742009
2025-07-24,43513,2025072401031334,NYADI,Agrawal Securities (PVT) Ltd.,Cristal Kanchanjanga Securites Pvt. Ltd.,15,472.1,7081.5,2025-07-24 14:14:17.742445
2025-07-24,42901,2025072401031476,NYADI,Agrawal Securities (PVT) Ltd.,Naasa Securities Co. Ltd.,10,472.1,4721.0,2025-07-24 14:15:06.622078
2025-07-24,42682,2025072401031532,NYADI,Agrawal Securities (PVT) Ltd.,Bhrikuti Stock Broking Co. Pvt. Ltd.,10,472.1,4721.0,2025-07-24 14:15:29.744555
2025-07-24,42540,2025072401031573,NYADI,Agrawal Securities (PVT) Ltd.,Dipshikha Dhitopatra Karobar Co. Pvt Ltd.,10,472.1,4721.0,2025-07-24 14:15:45.073486
2025-07-24,42209,2025072401031633,NYADI,Agrawal Securities (PVT) Ltd.,Trisul Securities & Invt. Ltd.,10,472.1,4721.0,2025-07-24 14:16:15.803136
2025-07-24,38295,2025072401032566,NYADI,Online Securities Pvt. Ltd.,Naasa Securities Co. Ltd.,10,472.2,4722.0,2025-07-24 14:21:57.610429
2025-07-24,36195,2025072401033127,NYADI,Aryatara Investment & Securities,Elite Stock House Limited,40,472.5,18900.0,2025-07-24 14:24:56.509843
2025-07-24,34944,2025072401033492,NYADI,Malla & Malla Stock Broking Company Pvt. Limited,Sri Hari Securities Pvt. Ltd.,10,472.6,4726.0,2025-07-24 14:27:10.409336
2025-07-24,33297,2025072401033976,NYADI,Sweta Securities Private Limited,Himalayan Brokerage Company Limited,200,473.1,94620.0,2025-07-24 14:29:32.546552
2025-07-24,33296,2025072401033977,NYADI,Sundhara Securities Limited,Himalayan Brokerage Company Limited,50,473.0,23650.0,2025-07-24 14:29:32.546933
2025-07-24,33295,2025072401033978,NYADI,Nepal Investment And Securities Trading Private Limited,Himalayan Brokerage Company Limited,550,473.0,260150.0,2025-07-24 14:29:32.547210
2025-07-24,32456,2025072401034178,NYADI,Nepal Investment And Securities Trading Private Limited,Trisul Securities & Invt. Ltd.,62,473.0,29326.0,2025-07-24 14:30:50.816953
2025-07-24,32455,2025072401034179,NYADI,Malla & Malla Stock Broking Company Pvt. Limited,Trisul Securities & Invt. Ltd.,290,472.6,137054.0,2025-07-24 14:30:50.817139
2025-07-24,32454,2025072401034180,NYADI,Aryatara Investment & Securities,Trisul Securities & Invt. Ltd.,340,472.5,160650.0,2025-07-24 14:30:50.817213
2025-07-24,32453,2025072401034181,NYADI,Online Securities Pvt. Ltd.,Trisul Securities & Invt. Ltd.,15,472.2,7083.0,2025-07-24 14:30:50.817284
2025-07-24,32452,2025072401034182,NYADI,Midas Stock Broking Company Private Limited,Trisul Securities & Invt. Ltd.,293,472.2,138354.6,2025-07-24 14:30:50.817353
2025-07-24,31757,2025072401034374,NYADI,Midas Stock Broking Company Private Limited,Naasa Securities Co. Ltd.,10,472.2,4722.0,2025-07-24 14:31:54.841769
2025-07-24,31333,2025072401034509,NYADI,Midas Stock Broking Company Private Limited,Trisul Securities & Invt. Ltd.,500,472.2,236100.0,2025-07-24 14:32:31.328360
2025-07-24,30846,2025072401034681,NYADI,Midas Stock Broking Company Private Limited,Naasa Securities Co. Ltd.,97,472.2,45803.4,2025-07-24 14:33:10.878884
2025-07-24,30845,2025072401034682,NYADI,Agrawal Securities (PVT) Ltd.,Naasa Securities Co. Ltd.,350,472.1,165235.0,2025-07-24 14:33:10.879097
2025-07-24,30844,2025072401034683,NYADI,Online Securities Pvt. Ltd.,Naasa Securities Co. Ltd.,53,472.1,25021.3,2025-07-24 14:33:10.879175
2025-07-24,30692,2025072401034730,NYADI,Aakashbhairab Securities Ltd.,Malla & Malla Stock Broking Company Pvt. Limited,10,474.0,4740.0,2025-07-24 14:33:24.171076
2025-07-24,29767,2025072401034982,NYADI,Online Securities Pvt. Ltd.,Premier Securities Company Ltd.,50,472.1,23605.0,2025-07-24 14:34:39.961651
2025-07-24,29584,2025072401035035,NYADI,Online Securities Pvt. Ltd.,Naasa Securities Co. Ltd.,97,472.1,45793.7,2025-07-24 14:34:56.614201
2025-07-24,29583,2025072401035036,NYADI,Miyo Securities Pvt Ltd,Naasa Securities Co. Ltd.,403,472.0,190216.0,2025-07-24 14:34:56.614431
2025-07-24,29191,2025072401035128,NYADI,Miyo Securities Pvt Ltd,SHUBHAKAMANA SECURITIES PVT. LTD,97,472.0,45784.0,2025-07-24 14:35:19.151220
2025-07-24,29190,2025072401035129,NYADI,Sundhara Securities Limited,SHUBHAKAMANA SECURITIES PVT. LTD,100,472.0,47200.0,2025-07-24 14:35:19.151393
2025-07-24,29189,2025072401035130,NYADI,Online Securities Pvt. Ltd.,SHUBHAKAMANA SECURITIES PVT. LTD,200,472.0,94400.0,2025-07-24 14:35:19.151468
2025-07-24,29188,2025072401035131,NYADI,Sewa Securities Pvt. Ltd.,SHUBHAKAMANA SECURITIES PVT. LTD,50,472.0,23600.0,2025-07-24 14:35:19.151541
2025-07-24,28572,2025072401035300,NYADI,Miyo Securities Pvt Ltd,Sumeru Securities Pvt. Ltd.,500,471.0,235500.0,2025-07-24 14:36:08.278106
2025-07-24,28571,2025072401035301,NYADI,Online Securities Pvt. Ltd.,Sumeru Securities Pvt. Ltd.,200,471.0,94200.0,2025-07-24 14:36:08.278174
2025-07-24,28570,2025072401035302,NYADI,Kumari Securities Private Limited,Sumeru Securities Pvt. Ltd.,100,470.3,47030.0,2025-07-24 14:36:08.278205
2025-07-24,28569,2025072401035303,NYADI,Online Securities Pvt. Ltd.,Sumeru Securities Pvt. Ltd.,300,470.3,141090.0,2025-07-24 14:36:08.278231
2025-07-24,28568,2025072401035304,NYADI,Agrawal Securities (PVT) Ltd.,Sumeru Securities Pvt. Ltd.,100,470.2,47020.0,2025-07-24 14:36:08.278279
2025-07-24,28567,2025072401035305,NYADI,Online Securities Pvt. Ltd.,Sumeru Securities Pvt. Ltd.,100,470.2,47020.0,2025-07-24 14:36:08.278303
2025-07-24,28566,2025072401035306,NYADI,Miyo Securities Pvt Ltd,Sumeru Securities Pvt. Ltd.,159,470.0,74730.0,2025-07-24 14:36:08.278324
2025-07-24,27673,2025072401035576,NYADI,Miyo Securities Pvt Ltd,Naasa Securities Co. Ltd.,341,470.0,160270.0,2025-07-24 14:37:17.224175
2025-07-24,27672,2025072401035577,NYADI,Naasa Securities Co. Ltd.,Naasa Securities Co. Ltd.,100,470.0,47000.0,2025-07-24 14:37:17.224364
2025-07-24,27671,2025072401035578,NYADI,Asian Securities Private Ltd.,Naasa Securities Co. Ltd.,100,470.0,47000.0,2025-07-24 14:37:17.224431
2025-07-24,27670,2025072401035579,NYADI,Aryatara Investment & Securities,Naasa Securities Co. Ltd.,100,470.0,47000.0,2025-07-24 14:37:17.224495
2025-07-24,27669,2025072401035580,NYADI,Midas Stock Broking Company Private Limited,Naasa Securities Co. Ltd.,100,470.0,47000.0,2025-07-24 14:37:17.224565
2025-07-24,27668,2025072401035581,NYADI,Naasa Securities Co. Ltd.,Naasa Securities Co. Ltd.,90,470.0,42300.0,2025-07-24 14:37:17.224630
2025-07-24,27667,2025072401035582,NYADI,Neev Securities Pvt. Ltd.,Naasa Securities Co. Ltd.,50,470.0,23500.0,2025-07-24 14:37:17.224694
2025-07-24,27666,2025072401035583,NYADI,Dipshikha Dhitopatra Karobar Co. Pvt Ltd.,Naasa Securities Co. Ltd.,10,470.0,4700.0,2025-07-24 14:37:17.224757
2025-07-24,27665,2025072401035584,NYADI,Aryatara Investment & Securities,Naasa Securities Co. Ltd.,100,470.0,47000.0,2025-07-24 14:37:17.224824
2025-07-24,27413,2025072401035659,NYADI,Miyo Securities Pvt Ltd,Naasa Securities Co. Ltd.,200,470.0,94000.0,2025-07-24 14:37:37.915224
2025-07-24,27086,2025072401035752,NYADI,Aryatara Investment & Securities,Sani Securities Company Ltd.,10,469.0,4690.0,2025-07-24 14:38:01.876639
2025-07-24,26306,2025072401035947,NYADI,Aryatara Investment & Securities,Naasa Securities Co. Ltd.,10,469.0,4690.0,2025-07-24 14:38:59.473503
2025-07-24,26152,2025072401035975,NYADI,Aryatara Investment & Securities,Trishakti Securities Public Limited,20,472.0,9440.0,2025-07-24 14:39:10.602364
2025-07-24,25029,2025072401036257,NYADI,Aryatara Investment & Securities,Kalika Securities Pvt. Ltd.,80,469.0,37520.0,2025-07-24 14:40:45.129490
2025-07-24,25028,2025072401036258,NYADI,Nepal Stock House (PVT) Ltd.,Kalika Securities Pvt. Ltd.,50,469.0,23450.0,2025-07-24 14:40:45.129811
2025-07-24,23967,2025072401036547,NYADI,Linch Stock Market Ltd.,Kalika Securities Pvt. Ltd.,214,469.0,100366.0,2025-07-24 14:42:15.340068
2025-07-24,23167,2025072401036769,NYADI,Sumeru Securities Pvt. Ltd.,Kalika Securities Pvt. Ltd.,131,469.0,61439.0,2025-07-24 14:43:08.406383
2025-07-24,23088,2025072401036795,NYADI,Shree Krishna Securities Ltd.,Creative Securities Pvt Ltd,10,469.0,4690.0,2025-07-24 14:43:13.923149
2025-07-24,22786,2025072401036864,NYADI,Shree Krishna Securities Ltd.,South Asian Bulls Pvt. Ltd.,10,469.0,4690.0,2025-07-24 14:43:31.423378
2025-07-24,22785,2025072401036865,NYADI,J.F. Securites (PVT) Ltd.,South Asian Bulls Pvt. Ltd.,110,468.1,51491.0,2025-07-24 14:43:31.423555
2025-07-24,22784,2025072401036866,NYADI,Ashutosh Brokerage & Securities (PVT) Ltd.,South Asian Bulls Pvt. Ltd.,30,468.0,14040.0,2025-07-24 14:43:31.423619
2025-07-24,22716,2025072401036892,NYADI,Ashutosh Brokerage & Securities (PVT) Ltd.,Naasa Securities Co. Ltd.,305,468.0,142740.0,2025-07-24 14:43:36.334928
2025-07-24,22224,2025072401037034,NYADI,Ashutosh Brokerage & Securities (PVT) Ltd.,Online Securities Pvt. Ltd.,10,468.0,4680.0,2025-07-24 14:44:10.309600
2025-07-24,22115,2025072401037052,NYADI,Ashutosh Brokerage & Securities (PVT) Ltd.,Naasa Securities Co. Ltd.,10,468.0,4680.0,2025-07-24 14:44:18.162831
2025-07-24,21802,2025072401037173,NYADI,Naasa Securities Co. Ltd.,Investment Management Nepal Pvt. Ltd.,10,470.0,4700.0,2025-07-24 14:44:35.186516
2025-07-24,21587,2025072401037228,NYADI,South Asian Bulls Pvt. Ltd.,Oxford Securities Pvt. Ltd.,130,468.1,60853.0,2025-07-24 14:44:51.071880
2025-07-24,20629,2025072401037501,NYADI,South Asian Bulls Pvt. Ltd.,Investment Management Nepal Pvt. Ltd.,90,470.0,42300.0,2025-07-24 14:45:53.285181
2025-07-24,20628,2025072401037502,NYADI,South Asian Bulls Pvt. Ltd.,J.F. Securites (PVT) Ltd.,550,473.0,260150.0,2025-07-24 14:45:53.285356
2025-07-24,20604,2025072401037509,NYADI,South Asian Bulls Pvt. Ltd.,Online Securities Pvt. Ltd.,10,473.0,4730.0,2025-07-24 14:45:55.191687
2025-07-24,20514,2025072401037533,NYADI,Naasa Securities Co. Ltd.,Indira securities pvt. ltd,50,473.5,23675.0,2025-07-24 14:46:04.174769
2025-07-24,20513,2025072401037534,NYADI,Naasa Securities Co. Ltd.,Trishakti Securities Public Limited,10,474.0,4740.0,2025-07-24 14:46:04.174873
2025-07-24,20512,2025072401037535,NYADI,Naasa Securities Co. Ltd.,Neev Securities Pvt. Ltd.,40,474.0,18960.0,2025-07-24 14:46:04.174952
2025-07-24,19000,2025072401037878,NYADI,Naasa Securities Co. Ltd.,Dynamic Money Managers Securities Pvt. Ltd.,10,472.0,4720.0,2025-07-24 14:47:43.944308
2025-07-24,18999,2025072401037879,NYADI,Naasa Securities Co. Ltd.,Trishakti Securities Public Limited,20,473.0,9460.0,2025-07-24 14:47:43.944363
2025-07-24,18998,2025072401037880,NYADI,Naasa Securities Co. Ltd.,Neev Securities Pvt. Ltd.,10,474.0,4740.0,2025-07-24 14:47:43.944388
2025-07-24,17866,2025072401038153,NYADI,Aryatara Investment & Securities,Neev Securities Pvt. Ltd.,250,474.0,118500.0,2025-07-24 14:48:52.078358
2025-07-24,17835,2025072401038165,NYADI,J.F. Securites (PVT) Ltd.,Neev Securities Pvt. Ltd.,200,474.0,94800.0,2025-07-24 14:48:54.400010
2025-07-24,17834,2025072401038166,NYADI,J.F. Securites (PVT) Ltd.,Opal Securities Investment (PVT) Ltd.,140,474.0,66360.0,2025-07-24 14:48:54.400181
2025-07-24,17833,2025072401038167,NYADI,J.F. Securites (PVT) Ltd.,Trishakti Securities Public Limited,10,475.0,4750.0,2025-07-24 14:48:54.400261
2025-07-24,17832,2025072401038168,NYADI,J.F. Securites (PVT) Ltd.,Trishakti Securities Public Limited,10,475.0,4750.0,2025-07-24 14:48:54.400338
2025-07-24,17831,2025072401038169,NYADI,J.F. Securites (PVT) Ltd.,SHUBHAKAMANA SECURITIES PVT. LTD,493,475.9,234618.7,2025-07-24 14:48:54.400412
2025-07-24,17830,2025072401038170,NYADI,J.F. Securites (PVT) Ltd.,Trishakti Securities Public Limited,10,476.0,4760.0,2025-07-24 14:48:54.400495
2025-07-24,17829,2025072401038171,NYADI,J.F. Securites (PVT) Ltd.,Imperial Securities Company Pvt. Ltd.,10,476.0,4760.0,2025-07-24 14:48:54.400606
2025-07-24,17828,2025072401038172,NYADI,J.F. Securites (PVT) Ltd.,Cristal Kanchanjanga Securites Pvt. Ltd.,127,476.7,60540.9,2025-07-24 14:48:54.400664
2025-07-24,17668,2025072401038227,NYADI,Naasa Securities Co. Ltd.,Cristal Kanchanjanga Securites Pvt. Ltd.,100,476.7,47670.0,2025-07-24 14:49:03.255612
2025-07-24,17163,2025072401038327,NYADI,Naasa Securities Co. Ltd.,Cristal Kanchanjanga Securites Pvt. Ltd.,100,476.7,47670.0,2025-07-24 14:49:33.599873
2025-07-24,16862,2025072401038420,NYADI,Swarna Laxmi Securities Pvt. Ltd.,Cristal Kanchanjanga Securites Pvt. Ltd.,213,476.7,101537.1,2025-07-24 14:49:51.320009
2025-07-24,16861,2025072401038421,NYADI,Swarna Laxmi Securities Pvt. Ltd.,Premier Securities Company Ltd.,10,476.7,4767.0,2025-07-24 14:49:51.320347
2025-07-24,16860,2025072401038422,NYADI,Swarna Laxmi Securities Pvt. Ltd.,Trishakti Securities Public Limited,10,476.7,4767.0,2025-07-24 14:49:51.320540
2025-07-24,15992,2025072401038605,NYADI,Naasa Securities Co. Ltd.,Thrive Brokerage House Pvt. Ltd,100,476.8,47680.0,2025-07-24 14:50:35.720424
2025-07-24,15991,2025072401038606,NYADI,Naasa Securities Co. Ltd.,Trishakti Securities Public Limited,10,477.0,4770.0,2025-07-24 14:50:35.720471
2025-07-24,15552,2025072401038714,NYADI,Capital Max Securities Ltd,Trishakti Securities Public Limited,10,477.0,4770.0,2025-07-24 14:51:02.167735
2025-07-24,15551,2025072401038715,NYADI,Capital Max Securities Ltd,Imperial Securities Company Pvt. Ltd.,90,477.0,42930.0,2025-07-24 14:51:02.167899
2025-07-24,15467,2025072401038756,NYADI,Swarna Laxmi Securities Pvt. Ltd.,Imperial Securities Company Pvt. Ltd.,267,477.0,127359.0,2025-07-24 14:51:08.862109
2025-07-24,15098,2025072401038841,NYADI,J.F. Securites (PVT) Ltd.,Prabhu Stock Market Limited,300,476.8,143040.0,2025-07-24 14:51:26.343833
2025-07-24,14079,2025072401039129,NYADI,Swarna Laxmi Securities Pvt. Ltd.,Naasa Securities Co. Ltd.,10,470.6,4706.0,2025-07-24 14:52:17.404931
2025-07-24,13422,2025072401039276,NYADI,Naasa Securities Co. Ltd.,Sri Hari Securities Pvt. Ltd.,10,475.0,4750.0,2025-07-24 14:52:47.524125
2025-07-24,13421,2025072401039277,NYADI,Naasa Securities Co. Ltd.,Imperial Securities Company Pvt. Ltd.,10,477.0,4770.0,2025-07-24 14:52:47.524223
2025-07-24,12564,2025072401039513,NYADI,J.F. Securites (PVT) Ltd.,J.F. Securites (PVT) Ltd.,500,471.0,235500.0,2025-07-24 14:53:34.114631
2025-07-24,12563,2025072401039514,NYADI,Swarna Laxmi Securities Pvt. Ltd.,J.F. Securites (PVT) Ltd.,490,470.6,230594.0,2025-07-24 14:53:34.114677
2025-07-24,12562,2025072401039515,NYADI,Online Securities Pvt. Ltd.,J.F. Securites (PVT) Ltd.,10,470.0,4700.0,2025-07-24 14:53:34.114708
2025-07-24,12318,2025072401039599,NYADI,Naasa Securities Co. Ltd.,Imperial Securities Company Pvt. Ltd.,10,477.0,4770.0,2025-07-24 14:53:45.853397
2025-07-24,9014,2025072401040457,NYADI,Sanima Securities Limited,Agrawal Securities (PVT) Ltd.,10,473.0,4730.0,2025-07-24 14:56:05.040101
2025-07-24,8808,2025072401040506,NYADI,Naasa Securities Co. Ltd.,MILKY WAY SHARE BROKER COMPANY LTD ,10,476.9,4769.0,2025-07-24 14:56:13.452652
2025-07-24,7816,2025072401040766,NYADI,Sanima Securities Limited,Sundhara Securities Limited,40,473.0,18920.0,2025-07-24 14:56:50.098105
2025-07-24,6365,2025072401041129,NYADI,Sanima Securities Limited,Sundhara Securities Limited,30,473.0,14190.0,2025-07-24 14:57:36.563996
2025-07-24,6240,2025072401041162,NYADI,Naasa Securities Co. Ltd.,Naasa Securities Co. Ltd.,20,475.0,9500.0,2025-07-24 14:57:42.488354
2025-07-24,6239,2025072401041163,NYADI,Naasa Securities Co. Ltd.,Sani Securities Company Ltd.,10,476.5,4765.0,2025-07-24 14:57:42.488404
2025-07-24,6198,2025072401041172,NYADI,Imperial Securities Company Pvt. Ltd.,Sani Securities Company Ltd.,200,476.5,95300.0,2025-07-24 14:57:43.893267
2025-07-24,4313,2025072401041672,NYADI,Sanima Securities Limited,Deevyaa Securities & Stock House Pvt. Ltd,20,473.0,9460.0,2025-07-24 14:58:45.129391
2025-07-24,4312,2025072401041673,NYADI,Capital Max Securities Ltd,Deevyaa Securities & Stock House Pvt. Ltd,180,472.1,84978.0,2025-07-24 14:58:45.129436
2025-07-24,1259,2025072401042378,NYADI,Online Securities Pvt. Ltd.,Thrive Brokerage House Pvt. Ltd,30,476.0,14280.0,2025-07-24 14:59:42.163474
2025-07-24,1154,2025072401042403,NYADI,Trishakti Securities Public Limited,MILKY WAY SHARE BROKER COMPANY LTD ,50,473.0,23650.0,2025-07-24 14:59:43.758103
2025-07-24,1153,2025072401042404,NYADI,Capital Max Securities Ltd,MILKY WAY SHARE BROKER COMPANY LTD ,200,472.5,94500.0,2025-07-24 14:59:43.758268
2025-07-24,1152,2025072401042405,NYADI,Capital Max Securities Ltd,MILKY WAY SHARE BROKER COMPANY LTD ,120,472.3,56676.0,2025-07-24 14:59:43.758342
2025-07-24,1151,2025072401042406,NYADI,Nepal Stock House (PVT) Ltd.,MILKY WAY SHARE BROKER COMPANY LTD ,100,472.2,47220.0,2025-07-24 14:59:43.758413
2025-07-24,1150,2025072401042407,NYADI,Nepal Stock House (PVT) Ltd.,MILKY WAY SHARE BROKER COMPANY LTD ,100,472.0,47200.0,2025-07-24 14:59:43.758486
2025-07-24,1149,2025072401042408,NYADI,Sri Hari Securities Pvt. Ltd.,MILKY WAY SHARE BROKER COMPANY LTD ,300,472.0,141600.0,2025-07-24 14:59:43.758558
2025-07-24,1148,2025072401042409,NYADI,Pragyan Securities (PVT) Ltd.,MILKY WAY SHARE BROKER COMPANY LTD ,20,471.0,9420.0,2025-07-24 14:59:43.758635
2025-07-24,1147,2025072401042410,NYADI,South Asian Bulls Pvt. Ltd.,MILKY WAY SHARE BROKER COMPANY LTD ,100,471.0,47100.0,2025-07-24 14:59:43.758695
2025-07-24,186,2025072401042642,NYADI,Dakshinkali Investment & Securities Pvt. Ltd.,Thrive Brokerage House Pvt. Ltd,20,476.4,9528.0,2025-07-24 14:59:57.662659
2025-07-24,185,2025072401042643,NYADI,Dakshinkali Investment & Securities Pvt. Ltd.,Sani Securities Company Ltd.,125,476.5,59562.5,2025-07-24 14:59:57.662817
