Date,S.N.,Contract ID,Symbol,Buyer Broker,Seller Broker,volume,rate,amount,transaction_time
2025-07-24,154365,2025072403000035,SADBL,Sani Securities Company Ltd.,Online Securities Pvt. Ltd.,136,485.0,65960.0,2025-07-24 11:00:39.922195
2025-07-24,154166,2025072403000067,SADBL,Dakshinkali Investment & Securities Pvt. Ltd.,Vision Securities Pvt. Ltd,500,486.0,243000.0,2025-07-24 11:01:10.782659
2025-07-24,154156,2025072403000068,SADBL,Sani Securities Company Ltd.,Kohinoor Investment & Securities Pvt. Ltd.,300,485.0,145500.0,2025-07-24 11:01:12.716718
2025-07-24,154154,2025072403000069,SADBL,Sani Securities Company Ltd.,South Asian Bulls Pvt. Ltd.,1563,485.0,758055.0,2025-07-24 11:01:12.810834
2025-07-24,154153,2025072403000070,SADBL,Online Securities Pvt. Ltd.,Magnet Securities and Investment Company Private Limited,300,485.0,145500.0,2025-07-24 11:01:12.937616
2025-07-24,154136,2025072403000072,SADBL,Neev Securities Pvt. Ltd.,Magnet Securities and Investment Company Private Limited,200,485.0,97000.0,2025-07-24 11:01:15.705976
2025-07-24,154107,2025072403000074,SADBL,Neev Securities Pvt. Ltd.,Nepal Investment And Securities Trading Private Limited,200,485.0,97000.0,2025-07-24 11:01:19.107007
2025-07-24,153969,2025072403000091,SADBL,Opal Securities Investment (PVT) Ltd.,Imperial Securities Company Pvt. Ltd.,55,486.0,26730.0,2025-07-24 11:01:35.468514
2025-07-24,153966,2025072403000092,SADBL,Neev Securities Pvt. Ltd.,Neev Securities Pvt. Ltd.,100,485.0,48500.0,2025-07-24 11:01:35.808160
2025-07-24,153815,2025072403000112,SADBL,Vision Securities Pvt. Ltd,Kohinoor Investment & Securities Pvt. Ltd.,100,483.0,48300.0,2025-07-24 11:01:54.972730
2025-07-24,153804,2025072403000114,SADBL,Vision Securities Pvt. Ltd,Deevyaa Securities & Stock House Pvt. Ltd,450,483.0,217350.0,2025-07-24 11:01:56.239237
2025-07-24,153600,2025072403000149,SADBL,Vision Securities Pvt. Ltd,Dipshikha Dhitopatra Karobar Co. Pvt Ltd.,150,483.0,72450.0,2025-07-24 11:02:19.829092
2025-07-24,153425,2025072403000177,SADBL,Sani Securities Company Ltd.,Neev Securities Pvt. Ltd.,100,485.0,48500.0,2025-07-24 11:02:39.298550
2025-07-24,153424,2025072403000178,SADBL,Sani Securities Company Ltd.,Thrive Brokerage House Pvt. Ltd,500,485.0,242500.0,2025-07-24 11:02:39.298621
2025-07-24,153421,2025072403000180,SADBL,Sani Securities Company Ltd.,Sweta Securities Private Limited,40,485.0,19400.0,2025-07-24 11:02:40.164090
2025-07-24,153185,2025072403000209,SADBL,Sani Securities Company Ltd.,Neev Securities Pvt. Ltd.,500,485.0,242500.0,2025-07-24 11:03:00.659756
2025-07-24,152945,2025072403000243,SADBL,Trishakti Securities Public Limited,Neev Securities Pvt. Ltd.,50,485.9,24295.0,2025-07-24 11:03:27.808255
2025-07-24,152944,2025072403000244,SADBL,Trishakti Securities Public Limited,Imperial Securities Company Pvt. Ltd.,945,486.0,459270.0,2025-07-24 11:03:27.808317
2025-07-24,152943,2025072403000245,SADBL,Sani Securities Company Ltd.,ABC Securities Private Limited,660,485.0,320100.0,2025-07-24 11:03:27.854190
2025-07-24,152942,2025072403000246,SADBL,Sani Securities Company Ltd.,ABC Securities Private Limited,340,485.0,164900.0,2025-07-24 11:03:27.854247
2025-07-24,152849,2025072403000264,SADBL,Sani Securities Company Ltd.,Elite Stock House Limited,1623,485.0,787155.0,2025-07-24 11:03:42.429117
2025-07-24,152841,2025072403000266,SADBL,Imperial Securities Company Pvt. Ltd.,Imperial Securities Company Pvt. Ltd.,500,486.0,243000.0,2025-07-24 11:03:43.580344
2025-07-24,152828,2025072403000268,SADBL,Sani Securities Company Ltd.,Deevyaa Securities & Stock House Pvt. Ltd,500,485.0,242500.0,2025-07-24 11:03:44.329385
2025-07-24,152648,2025072403000282,SADBL,Sani Securities Company Ltd.,Sanima Securities Limited,500,485.0,242500.0,2025-07-24 11:04:04.892860
2025-07-24,152621,2025072403000286,SADBL,Sani Securities Company Ltd.,Sweta Securities Private Limited,37,485.0,17945.0,2025-07-24 11:04:07.436932
2025-07-24,152620,2025072403000287,SADBL,Kumari Securities Private Limited,Sweta Securities Private Limited,13,485.0,6305.0,2025-07-24 11:04:07.437110
2025-07-24,152616,2025072403000288,SADBL,Kumari Securities Private Limited,Trishakti Securities Public Limited,237,485.0,114945.0,2025-07-24 11:04:08.249698
2025-07-24,152556,2025072403000300,SADBL,Imperial Securities Company Pvt. Ltd.,Himalayan Securities Limited,2000,483.1,966200.0,2025-07-24 11:04:17.279672
2025-07-24,152463,2025072403000320,SADBL,Himalayan Brokerage Company Limited,Trishakti Securities Public Limited,200,485.0,97000.0,2025-07-24 11:04:26.485384
2025-07-24,152328,2025072403000342,SADBL,BHOLE GANESH SECURITIES LTD,Trishakti Securities Public Limited,263,485.0,127555.0,2025-07-24 11:04:41.966743
2025-07-24,152095,2025072403000386,SADBL,BHOLE GANESH SECURITIES LTD,Trishakti Securities Public Limited,187,485.0,90695.0,2025-07-24 11:05:04.805430
2025-07-24,152043,2025072403000393,SADBL,Sani Securities Company Ltd.,Trishakti Securities Public Limited,13,485.0,6305.0,2025-07-24 11:05:10.681211
2025-07-24,152025,2025072403000397,SADBL,Sani Securities Company Ltd.,Midas Stock Broking Company Private Limited,100,485.0,48500.0,2025-07-24 11:05:13.358361
2025-07-24,151824,2025072403000429,SADBL,Sani Securities Company Ltd.,Imperial Securities Company Pvt. Ltd.,50,485.0,24250.0,2025-07-24 11:05:33.664960
2025-07-24,151757,2025072403000441,SADBL,Sani Securities Company Ltd.,Oxford Securities Pvt. Ltd.,1080,485.0,523800.0,2025-07-24 11:05:41.213297
2025-07-24,151733,2025072403000445,SADBL,Sani Securities Company Ltd.,Sanima Securities Limited,500,485.0,242500.0,2025-07-24 11:05:43.047642
2025-07-24,151725,2025072403000451,SADBL,Sani Securities Company Ltd.,Secured Securities Ltd.,300,485.0,145500.0,2025-07-24 11:05:43.457752
2025-07-24,151646,2025072403000464,SADBL,Sani Securities Company Ltd.,Sanima Securities Limited,957,485.0,464145.0,2025-07-24 11:05:53.132129
2025-07-24,151645,2025072403000465,SADBL,Sani Securities Company Ltd.,Sanima Securities Limited,43,485.0,20855.0,2025-07-24 11:05:53.132199
2025-07-24,151576,2025072403000482,SADBL,Sani Securities Company Ltd.,Naasa Securities Co. Ltd.,150,485.0,72750.0,2025-07-24 11:06:00.072279
2025-07-24,151514,2025072403000492,SADBL,Sani Securities Company Ltd.,Sumeru Securities Pvt. Ltd.,500,485.0,242500.0,2025-07-24 11:06:08.859898
2025-07-24,151480,2025072403000509,SADBL,Sani Securities Company Ltd.,J.F. Securites (PVT) Ltd.,307,485.0,148895.0,2025-07-24 11:06:11.497840
2025-07-24,150968,2025072403000594,SADBL,Asian Securities Private Ltd.,Dakshinkali Investment & Securities Pvt. Ltd.,300,484.0,145200.0,2025-07-24 11:06:58.743181
2025-07-24,150783,2025072403000636,SADBL,Sani Securities Company Ltd.,Roadshow securities limited,50,484.0,24200.0,2025-07-24 11:07:15.222079
2025-07-24,150782,2025072403000637,SADBL,Sani Securities Company Ltd.,Pragyan Securities (PVT) Ltd.,100,484.9,48490.0,2025-07-24 11:07:15.222176
2025-07-24,150583,2025072403000687,SADBL,Sani Securities Company Ltd.,Dakshinkali Investment & Securities Pvt. Ltd.,3000,485.0,1455000.0,2025-07-24 11:07:32.889146
2025-07-24,150531,2025072403000702,SADBL,Sani Securities Company Ltd.,J.F. Securites (PVT) Ltd.,193,485.0,93605.0,2025-07-24 11:07:38.455519
2025-07-24,150469,2025072403000709,SADBL,Sani Securities Company Ltd.,Agrawal Securities (PVT) Ltd.,1,485.0,485.0,2025-07-24 11:07:44.359229
2025-07-24,150445,2025072403000713,SADBL,Nepal Investment And Securities Trading Private Limited,Shree Krishna Securities Ltd.,200,486.4,97280.0,2025-07-24 11:07:47.246532
2025-07-24,150206,2025072403000767,SADBL,Trishakti Securities Public Limited,Dakshinkali Investment & Securities Pvt. Ltd.,1000,486.0,486000.0,2025-07-24 11:08:10.964406
2025-07-24,150130,2025072403000774,SADBL,Sani Securities Company Ltd.,Dakshinkali Investment & Securities Pvt. Ltd.,5000,485.0,2425000.0,2025-07-24 11:08:17.960973
2025-07-24,150024,2025072403000802,SADBL,Sani Securities Company Ltd.,Asian Securities Private Ltd.,100,485.0,48500.0,2025-07-24 11:08:32.417830
2025-07-24,149974,2025072403000810,SADBL,Sani Securities Company Ltd.,Online Securities Pvt. Ltd.,557,485.0,270145.0,2025-07-24 11:08:36.406807
2025-07-24,149808,2025072403000845,SADBL,Asian Securities Private Ltd.,Online Securities Pvt. Ltd.,111,485.0,53835.0,2025-07-24 11:08:54.073400
2025-07-24,149273,2025072403000945,SADBL,Sumeru Securities Pvt. Ltd.,Magnet Securities and Investment Company Private Limited,200,483.1,96620.0,2025-07-24 11:09:49.995534
2025-07-24,149272,2025072403000946,SADBL,Dakshinkali Investment & Securities Pvt. Ltd.,Magnet Securities and Investment Company Private Limited,300,483.0,144900.0,2025-07-24 11:09:49.995738
2025-07-24,149201,2025072403000958,SADBL,Dakshinkali Investment & Securities Pvt. Ltd.,Sharepro Securities Private Limited,200,483.0,96600.0,2025-07-24 11:09:59.190358
2025-07-24,149200,2025072403000959,SADBL,Creative Securities Pvt Ltd,Sharepro Securities Private Limited,200,483.0,96600.0,2025-07-24 11:09:59.190398
2025-07-24,149199,2025072403000960,SADBL,Agrawal Securities (PVT) Ltd.,Sharepro Securities Private Limited,25,483.0,12075.0,2025-07-24 11:09:59.190423
2025-07-24,149198,2025072403000961,SADBL,Siprabi Securities Pvt. Ltd.,Sharepro Securities Private Limited,700,482.54,337778.0,2025-07-24 11:09:59.190449
2025-07-24,149197,2025072403000962,SADBL,Sundhara Securities Limited,Sharepro Securities Private Limited,100,480.1,48010.0,2025-07-24 11:09:59.190475
2025-07-24,149196,2025072403000963,SADBL,Sani Securities Company Ltd.,Sharepro Securities Private Limited,50,480.0,24000.0,2025-07-24 11:09:59.190504
2025-07-24,149195,2025072403000964,SADBL,Premier Securities Company Ltd.,Sharepro Securities Private Limited,100,480.0,48000.0,2025-07-24 11:09:59.190567
2025-07-24,149194,2025072403000965,SADBL,Agrawal Securities (PVT) Ltd.,Sharepro Securities Private Limited,25,480.0,12000.0,2025-07-24 11:09:59.190591
2025-07-24,149193,2025072403000966,SADBL,Aryatara Investment & Securities,Sharepro Securities Private Limited,200,478.0,95600.0,2025-07-24 11:09:59.190614
2025-07-24,149192,2025072403000967,SADBL,Naasa Securities Co. Ltd.,Sharepro Securities Private Limited,210,478.0,100380.0,2025-07-24 11:09:59.190639
2025-07-24,149191,2025072403000968,SADBL,Naasa Securities Co. Ltd.,Sharepro Securities Private Limited,100,478.0,47800.0,2025-07-24 11:09:59.190662
2025-07-24,149190,2025072403000969,SADBL,Dynamic Money Managers Securities Pvt. Ltd.,Sharepro Securities Private Limited,90,476.0,42840.0,2025-07-24 11:09:59.190685
2025-07-24,148389,2025072403001151,SADBL,Dipshikha Dhitopatra Karobar Co. Pvt Ltd.,SHUBHAKAMANA SECURITIES PVT. LTD,500,476.5,238250.0,2025-07-24 11:11:15.273159
2025-07-24,148388,2025072403001152,SADBL,Sundhara Securities Limited,SHUBHAKAMANA SECURITIES PVT. LTD,300,476.3,142890.0,2025-07-24 11:11:15.273245
2025-07-24,148387,2025072403001153,SADBL,Nepal Investment And Securities Trading Private Limited,SHUBHAKAMANA SECURITIES PVT. LTD,100,476.2,47620.0,2025-07-24 11:11:15.273295
2025-07-24,148386,2025072403001154,SADBL,Dynamic Money Managers Securities Pvt. Ltd.,SHUBHAKAMANA SECURITIES PVT. LTD,30,476.0,14280.0,2025-07-24 11:11:15.273336
2025-07-24,148385,2025072403001155,SADBL,Asian Securities Private Ltd.,SHUBHAKAMANA SECURITIES PVT. LTD,200,476.0,95200.0,2025-07-24 11:11:15.273377
2025-07-24,148384,2025072403001156,SADBL,Swarna Laxmi Securities Pvt. Ltd.,SHUBHAKAMANA SECURITIES PVT. LTD,150,476.0,71400.0,2025-07-24 11:11:15.273413
2025-07-24,148383,2025072403001157,SADBL,Dakshinkali Investment & Securities Pvt. Ltd.,SHUBHAKAMANA SECURITIES PVT. LTD,500,476.0,238000.0,2025-07-24 11:11:15.273449
2025-07-24,148340,2025072403001166,SADBL,Vision Securities Pvt. Ltd,SHUBHAKAMANA SECURITIES PVT. LTD,165,476.0,78540.0,2025-07-24 11:11:20.429164
2025-07-24,148285,2025072403001177,SADBL,Dipshikha Dhitopatra Karobar Co. Pvt Ltd.,SHUBHAKAMANA SECURITIES PVT. LTD,55,476.0,26180.0,2025-07-24 11:11:27.052404
2025-07-24,147837,2025072403001254,SADBL,Dipshikha Dhitopatra Karobar Co. Pvt Ltd.,Naasa Securities Co. Ltd.,20,476.2,9524.0,2025-07-24 11:12:12.184280
2025-07-24,147411,2025072403001367,SADBL,Vision Securities Pvt. Ltd,Nepal Stock House (PVT) Ltd.,200,477.2,95440.0,2025-07-24 11:12:52.109691
2025-07-24,147326,2025072403001388,SADBL,Bhrikuti Stock Broking Co. Pvt. Ltd.,Deevyaa Securities & Stock House Pvt. Ltd,200,480.0,96000.0,2025-07-24 11:13:01.980521
2025-07-24,146662,2025072403001542,SADBL,Trishakti Securities Public Limited,Himalayan Securities Limited,300,478.0,143400.0,2025-07-24 11:14:09.948840
2025-07-24,146661,2025072403001543,SADBL,Sani Securities Company Ltd.,Himalayan Securities Limited,100,477.7,47770.0,2025-07-24 11:14:09.948957
2025-07-24,146660,2025072403001544,SADBL,Vision Securities Pvt. Ltd,Himalayan Securities Limited,1600,477.6,764160.0,2025-07-24 11:14:09.949004
2025-07-24,146500,2025072403001573,SADBL,Dipshikha Dhitopatra Karobar Co. Pvt Ltd.,Premier Securities Company Ltd.,103,478.0,49234.0,2025-07-24 11:14:26.545672
2025-07-24,146435,2025072403001602,SADBL,Vision Securities Pvt. Ltd,Imperial Securities Company Pvt. Ltd.,200,477.6,95520.0,2025-07-24 11:14:32.219079
2025-07-24,146434,2025072403001603,SADBL,Dipshikha Dhitopatra Karobar Co. Pvt Ltd.,Imperial Securities Company Pvt. Ltd.,500,477.5,238750.0,2025-07-24 11:14:32.219116
2025-07-24,146433,2025072403001604,SADBL,Kumari Securities Private Limited,Imperial Securities Company Pvt. Ltd.,20,477.3,9546.0,2025-07-24 11:14:32.219180
2025-07-24,146432,2025072403001605,SADBL,Sumeru Securities Pvt. Ltd.,Imperial Securities Company Pvt. Ltd.,80,477.1,38168.0,2025-07-24 11:14:32.219216
2025-07-24,146403,2025072403001614,SADBL,Sumeru Securities Pvt. Ltd.,Himalayan Securities Limited,120,477.1,57252.0,2025-07-24 11:14:35.902988
2025-07-24,146402,2025072403001615,SADBL,Agrawal Securities (PVT) Ltd.,Himalayan Securities Limited,880,477.1,419848.0,2025-07-24 11:14:35.903098
2025-07-24,146223,2025072403001649,SADBL,Online Securities Pvt. Ltd.,Deevyaa Securities & Stock House Pvt. Ltd,10,480.0,4800.0,2025-07-24 11:14:52.187694
2025-07-24,145810,2025072403001741,SADBL,Agrawal Securities (PVT) Ltd.,Imperial Securities Company Pvt. Ltd.,120,477.1,57252.0,2025-07-24 11:15:26.449547
2025-07-24,145809,2025072403001742,SADBL,Naasa Securities Co. Ltd.,Imperial Securities Company Pvt. Ltd.,50,477.0,23850.0,2025-07-24 11:15:26.449629
2025-07-24,145808,2025072403001743,SADBL,Property Wiard Limited,Imperial Securities Company Pvt. Ltd.,530,476.1,252333.0,2025-07-24 11:15:26.449722
2025-07-24,145585,2025072403001801,SADBL,Property Wiard Limited,Dipshikha Dhitopatra Karobar Co. Pvt Ltd.,1100,476.1,523710.0,2025-07-24 11:15:44.999203
2025-07-24,143469,2025072403002252,SADBL,Capital Max Securities Ltd,South Asian Bulls Pvt. Ltd.,100,479.8,47980.0,2025-07-24 11:19:00.815194
2025-07-24,143407,2025072403002275,SADBL,Imperial Securities Company Pvt. Ltd.,Agrawal Securities (PVT) Ltd.,500,477.0,238500.0,2025-07-24 11:19:05.896391
2025-07-24,142775,2025072403002429,SADBL,Capital Max Securities Ltd,Naasa Securities Co. Ltd.,100,477.0,47700.0,2025-07-24 11:20:10.797890
2025-07-24,142756,2025072403002435,SADBL,Dynamic Money Managers Securities Pvt. Ltd.,Naasa Securities Co. Ltd.,207,477.0,98739.0,2025-07-24 11:20:13.420758
2025-07-24,142659,2025072403002453,SADBL,Dynamic Money Managers Securities Pvt. Ltd.,Asian Securities Private Ltd.,293,479.0,140347.0,2025-07-24 11:20:23.968003
2025-07-24,142344,2025072403002516,SADBL,Vision Securities Pvt. Ltd,Agrawal Securities (PVT) Ltd.,300,477.0,143100.0,2025-07-24 11:20:55.982349
2025-07-24,142343,2025072403002517,SADBL,Secured Securities Ltd.,Agrawal Securities (PVT) Ltd.,200,477.0,95400.0,2025-07-24 11:20:55.982468
2025-07-24,141623,2025072403002715,SADBL,Secured Securities Ltd.,Capital Max Securities Ltd,300,477.0,143100.0,2025-07-24 11:21:54.715666
2025-07-24,141595,2025072403002724,SADBL,Investment Management Nepal Pvt. Ltd.,Online Securities Pvt. Ltd.,50,477.0,23850.0,2025-07-24 11:21:58.201058
2025-07-24,140818,2025072403002864,SADBL,Shree Krishna Securities Ltd.,Midas Stock Broking Company Private Limited,100,476.9,47690.0,2025-07-24 11:23:02.894840
2025-07-24,140428,2025072403002944,SADBL,Dakshinkali Investment & Securities Pvt. Ltd.,Online Securities Pvt. Ltd.,250,477.0,119250.0,2025-07-24 11:23:38.352587
2025-07-24,140427,2025072403002945,SADBL,Dakshinkali Investment & Securities Pvt. Ltd.,Miyo Securities Pvt Ltd,100,477.0,47700.0,2025-07-24 11:23:38.352699
2025-07-24,139940,2025072403003055,SADBL,Dakshinkali Investment & Securities Pvt. Ltd.,Online Securities Pvt. Ltd.,150,477.0,71550.0,2025-07-24 11:24:25.137297
2025-07-24,139711,2025072403003131,SADBL,Vision Securities Pvt. Ltd,Sanima Securities Limited,1000,479.0,479000.0,2025-07-24 11:24:46.874099
2025-07-24,138352,2025072403003451,SADBL,Vision Securities Pvt. Ltd,Arun Securities (PVT) Ltd.,500,479.0,239500.0,2025-07-24 11:26:43.961739
2025-07-24,138316,2025072403003459,SADBL,Neev Securities Pvt. Ltd.,Kohinoor Investment & Securities Pvt. Ltd.,100,479.5,47950.0,2025-07-24 11:26:48.409883
2025-07-24,138315,2025072403003460,SADBL,Neev Securities Pvt. Ltd.,Siprabi Securities Pvt. Ltd.,305,479.5,146247.5,2025-07-24 11:26:48.410156
2025-07-24,138314,2025072403003461,SADBL,Neev Securities Pvt. Ltd.,Midas Stock Broking Company Private Limited,114,479.9,54708.6,2025-07-24 11:26:48.410325
2025-07-24,138313,2025072403003462,SADBL,Neev Securities Pvt. Ltd.,South Asian Bulls Pvt. Ltd.,172,480.0,82560.0,2025-07-24 11:26:48.410483
2025-07-24,138312,2025072403003463,SADBL,Neev Securities Pvt. Ltd.,South Asian Bulls Pvt. Ltd.,309,480.0,148320.0,2025-07-24 11:26:48.410628
2025-07-24,137256,2025072403003672,SADBL,Sani Securities Company Ltd.,Agrawal Securities (PVT) Ltd.,500,479.1,239550.0,2025-07-24 11:28:10.635867
2025-07-24,136798,2025072403003758,SADBL,Vision Securities Pvt. Ltd,Agrawal Securities (PVT) Ltd.,500,479.2,239600.0,2025-07-24 11:28:42.001858
2025-07-24,136005,2025072403003921,SADBL,Imperial Securities Company Pvt. Ltd.,Thrive Brokerage House Pvt. Ltd,200,479.9,95980.0,2025-07-24 11:29:42.956812
2025-07-24,135915,2025072403003931,SADBL,J.F. Securites (PVT) Ltd.,South Asian Bulls Pvt. Ltd.,550,480.0,264000.0,2025-07-24 11:29:51.465031
2025-07-24,134882,2025072403004063,SADBL,Kalika Securities Pvt. Ltd.,South Asian Bulls Pvt. Ltd.,141,480.0,67680.0,2025-07-24 11:31:13.044228
2025-07-24,134881,2025072403004064,SADBL,Kalika Securities Pvt. Ltd.,South Asian Bulls Pvt. Ltd.,80,480.0,38400.0,2025-07-24 11:31:13.044363
2025-07-24,134836,2025072403004068,SADBL,Kalika Securities Pvt. Ltd.,Online Securities Pvt. Ltd.,290,480.0,139200.0,2025-07-24 11:31:17.335112
2025-07-24,134522,2025072403004133,SADBL,Kalika Securities Pvt. Ltd.,Oxford Securities Pvt. Ltd.,189,480.0,90720.0,2025-07-24 11:31:38.362321
2025-07-24,134521,2025072403004134,SADBL,Imperial Securities Company Pvt. Ltd.,Oxford Securities Pvt. Ltd.,611,479.9,293218.9,2025-07-24 11:31:38.362570
2025-07-24,133696,2025072403004242,SADBL,Secured Securities Ltd.,South Asian Bulls Pvt. Ltd.,200,481.0,96200.0,2025-07-24 11:32:47.445716
2025-07-24,133695,2025072403004243,SADBL,Secured Securities Ltd.,Online Securities Pvt. Ltd.,100,481.0,48100.0,2025-07-24 11:32:47.445855
2025-07-24,133529,2025072403004271,SADBL,Midas Stock Broking Company Private Limited,Oxford Securities Pvt. Ltd.,40,480.1,19204.0,2025-07-24 11:33:00.793466
2025-07-24,133528,2025072403004272,SADBL,Kohinoor Investment & Securities Pvt. Ltd.,Oxford Securities Pvt. Ltd.,196,480.0,94080.0,2025-07-24 11:33:00.793732
2025-07-24,132574,2025072403004477,SADBL,Imperial Securities Company Pvt. Ltd.,Online Securities Pvt. Ltd.,20,481.0,9620.0,2025-07-24 11:34:17.494858
2025-07-24,131998,2025072403004587,SADBL,Online Securities Pvt. Ltd.,Online Securities Pvt. Ltd.,380,481.0,182780.0,2025-07-24 11:35:10.252579
2025-07-24,130229,2025072403004870,SADBL,Kohinoor Investment & Securities Pvt. Ltd.,Sanima Securities Limited,104,480.0,49920.0,2025-07-24 11:37:43.031268
2025-07-24,130228,2025072403004871,SADBL,Capital Max Securities Ltd,Sanima Securities Limited,100,480.0,48000.0,2025-07-24 11:37:43.031440
2025-07-24,130227,2025072403004872,SADBL,ABC Securities Private Limited,Sanima Securities Limited,500,480.0,240000.0,2025-07-24 11:37:43.031528
2025-07-24,130226,2025072403004873,SADBL,Cristal Kanchanjanga Securites Pvt. Ltd.,Sanima Securities Limited,296,480.0,142080.0,2025-07-24 11:37:43.031609
2025-07-24,130052,2025072403004894,SADBL,Trishakti Securities Public Limited,Sanima Securities Limited,500,480.0,240000.0,2025-07-24 11:37:55.846358
2025-07-24,128358,2025072403005155,SADBL,INDEX SECURITIES LIMITED,Naasa Securities Co. Ltd.,120,481.5,57780.0,2025-07-24 11:40:03.491509
2025-07-24,128357,2025072403005156,SADBL,INDEX SECURITIES LIMITED,Nepal Stock House (PVT) Ltd.,100,482.0,48200.0,2025-07-24 11:40:03.491648
2025-07-24,127986,2025072403005216,SADBL,Himalayan Securities Limited,Capital Max Securities Ltd,1400,482.0,674800.0,2025-07-24 11:40:38.052637
2025-07-24,127018,2025072403005408,SADBL,Blue Chip Securities Ltd,Capital Max Securities Ltd,300,481.0,144300.0,2025-07-24 11:41:59.432795
2025-07-24,127017,2025072403005409,SADBL,Linch Stock Market Ltd.,Capital Max Securities Ltd,600,480.0,288000.0,2025-07-24 11:41:59.432945
2025-07-24,127016,2025072403005410,SADBL,Dakshinkali Investment & Securities Pvt. Ltd.,Capital Max Securities Ltd,1000,480.0,480000.0,2025-07-24 11:41:59.433009
2025-07-24,126928,2025072403005425,SADBL,INDEX SECURITIES LIMITED,South Asian Bulls Pvt. Ltd.,100,482.7,48270.0,2025-07-24 11:42:04.664329
2025-07-24,126927,2025072403005426,SADBL,INDEX SECURITIES LIMITED,South Asian Bulls Pvt. Ltd.,16,482.7,7723.2,2025-07-24 11:42:04.664459
2025-07-24,126225,2025072403005558,SADBL,Sweta Securities Private Limited,Premier Securities Company Ltd.,100,481.0,48100.0,2025-07-24 11:43:10.307335
2025-07-24,126019,2025072403005595,SADBL,Online Securities Pvt. Ltd.,Premier Securities Company Ltd.,21,481.0,10101.0,2025-07-24 11:43:36.296680
2025-07-24,124789,2025072403005878,SADBL,ABC Securities Private Limited,Sanima Securities Limited,300,480.0,144000.0,2025-07-24 11:45:24.578916
2025-07-24,122292,2025072403006380,SADBL,Imperial Securities Company Pvt. Ltd.,Vision Securities Pvt. Ltd,189,479.9,90701.1,2025-07-24 11:49:40.209558
2025-07-24,122291,2025072403006381,SADBL,Premier Securities Company Ltd.,Vision Securities Pvt. Ltd,50,479.9,23995.0,2025-07-24 11:49:40.209842
2025-07-24,122081,2025072403006449,SADBL,Imperial Securities Company Pvt. Ltd.,Linch Stock Market Ltd.,20,479.2,9584.0,2025-07-24 11:50:06.048105
2025-07-24,122004,2025072403006475,SADBL,Imperial Securities Company Pvt. Ltd.,Opal Securities Investment (PVT) Ltd.,30,479.2,14376.0,2025-07-24 11:50:15.151058
2025-07-24,122003,2025072403006476,SADBL,Midas Stock Broking Company Private Limited,Opal Securities Investment (PVT) Ltd.,165,479.2,79068.0,2025-07-24 11:50:15.151382
2025-07-24,121913,2025072403006503,SADBL,Midas Stock Broking Company Private Limited,Secured Securities Ltd.,35,479.2,16772.0,2025-07-24 11:50:24.503377
2025-07-24,121845,2025072403006524,SADBL,Sani Securities Company Ltd.,Capital Max Securities Ltd,500,479.1,239550.0,2025-07-24 11:50:30.064937
2025-07-24,121810,2025072403006530,SADBL,Sani Securities Company Ltd.,Secured Securities Ltd.,40,479.1,19164.0,2025-07-24 11:50:33.747982
2025-07-24,121395,2025072403006595,SADBL,Dakshinkali Investment & Securities Pvt. Ltd.,Secured Securities Ltd.,125,478.0,59750.0,2025-07-24 11:51:20.499975
2025-07-24,121184,2025072403006629,SADBL,Dakshinkali Investment & Securities Pvt. Ltd.,Capital Max Securities Ltd,13,478.0,6214.0,2025-07-24 11:51:46.242274
2025-07-24,120982,2025072403006673,SADBL,Dakshinkali Investment & Securities Pvt. Ltd.,Nagarik Stock Dealer ,76,478.0,36328.0,2025-07-24 11:52:07.408996
2025-07-24,120714,2025072403006701,SADBL,Dakshinkali Investment & Securities Pvt. Ltd.,Online Securities Pvt. Ltd.,166,478.0,79348.0,2025-07-24 11:52:32.850936
2025-07-24,120713,2025072403006702,SADBL,Dakshinkali Investment & Securities Pvt. Ltd.,Online Securities Pvt. Ltd.,34,478.0,16252.0,2025-07-24 11:52:32.851111
2025-07-24,119450,2025072403006934,SADBL,Ashutosh Brokerage & Securities (PVT) Ltd.,South Asian Bulls Pvt. Ltd.,84,479.9,40311.6,2025-07-24 11:54:32.242930
2025-07-24,119449,2025072403006935,SADBL,Ashutosh Brokerage & Securities (PVT) Ltd.,Sundhara Securities Limited,416,480.0,199680.0,2025-07-24 11:54:32.242982
2025-07-24,118784,2025072403007066,SADBL,Investment Management Nepal Pvt. Ltd.,Nepal Investment And Securities Trading Private Limited,6,470.4,2822.4,2025-07-24 11:55:41.688363
2025-07-24,118431,2025072403007124,SADBL,Investment Management Nepal Pvt. Ltd.,Dipshikha Dhitopatra Karobar Co. Pvt Ltd.,2,470.4,940.8,2025-07-24 11:56:10.616872
2025-07-24,117224,2025072403007335,SADBL,Sumeru Securities Pvt. Ltd.,Sanima Securities Limited,100,479.0,47900.0,2025-07-24 11:58:13.126491
2025-07-24,116846,2025072403007403,SADBL,Dakshinkali Investment & Securities Pvt. Ltd.,J.F. Securites (PVT) Ltd.,150,478.0,71700.0,2025-07-24 11:58:46.179080
2025-07-24,116420,2025072403007470,SADBL,Dakshinkali Investment & Securities Pvt. Ltd.,Capital Max Securities Ltd,300,478.0,143400.0,2025-07-24 11:59:24.883681
2025-07-24,115931,2025072403007553,SADBL,Dakshinkali Investment & Securities Pvt. Ltd.,Naasa Securities Co. Ltd.,16,478.0,7648.0,2025-07-24 12:00:07.464366
2025-07-24,115930,2025072403007554,SADBL,Deevyaa Securities & Stock House Pvt. Ltd,Naasa Securities Co. Ltd.,84,478.0,40152.0,2025-07-24 12:00:07.464543
2025-07-24,115596,2025072403007612,SADBL,Naasa Securities Co. Ltd.,Agrawal Securities (PVT) Ltd.,1,468.5,468.5,2025-07-24 12:00:35.197640
2025-07-24,114990,2025072403007718,SADBL,Dakshinkali Investment & Securities Pvt. Ltd.,Trishakti Securities Public Limited,17,478.0,8126.0,2025-07-24 12:01:47.094114
2025-07-24,114410,2025072403007861,SADBL,Dakshinkali Investment & Securities Pvt. Ltd.,Siprabi Securities Pvt. Ltd.,483,478.0,230874.0,2025-07-24 12:02:53.139796
2025-07-24,114409,2025072403007862,SADBL,Kohinoor Investment & Securities Pvt. Ltd.,Siprabi Securities Pvt. Ltd.,1217,478.0,581726.0,2025-07-24 12:02:53.140129
2025-07-24,113920,2025072403007967,SADBL,Kohinoor Investment & Securities Pvt. Ltd.,Indira securities pvt. ltd,338,478.0,161564.0,2025-07-24 12:03:43.677586
2025-07-24,113858,2025072403007974,SADBL,Linch Stock Market Ltd.,Indira securities pvt. ltd,70,477.5,33425.0,2025-07-24 12:03:51.901960
2025-07-24,113857,2025072403007975,SADBL,Capital Hub P. Ltd,Indira securities pvt. ltd,1092,477.4,521320.8,2025-07-24 12:03:51.902140
2025-07-24,113586,2025072403008038,SADBL,Capital Hub P. Ltd,Dipshikha Dhitopatra Karobar Co. Pvt Ltd.,2020,477.4,964348.0,2025-07-24 12:04:08.890592
2025-07-24,112538,2025072403008163,SADBL,Neev Securities Pvt. Ltd.,Investment Management Nepal Pvt. Ltd.,400,477.5,191000.0,2025-07-24 12:05:36.353531
2025-07-24,111164,2025072403008347,SADBL,Naasa Securities Co. Ltd.,Nabil Stock Dealer Ltd.,50,478.0,23900.0,2025-07-24 12:07:30.606111
2025-07-24,111163,2025072403008348,SADBL,Ashutosh Brokerage & Securities (PVT) Ltd.,Nabil Stock Dealer Ltd.,49,477.6,23402.4,2025-07-24 12:07:30.606156
2025-07-24,110138,2025072403008512,SADBL,Sundhara Securities Limited,Sundhara Securities Limited,300,477.7,143310.0,2025-07-24 12:09:18.313413
2025-07-24,109980,2025072403008535,SADBL,Sundhara Securities Limited,Capital Max Securities Ltd,200,477.7,95540.0,2025-07-24 12:09:35.877140
2025-07-24,109812,2025072403008566,SADBL,Ashutosh Brokerage & Securities (PVT) Ltd.,Capital Max Securities Ltd,151,477.6,72117.6,2025-07-24 12:09:53.885317
2025-07-24,109811,2025072403008567,SADBL,Linch Stock Market Ltd.,Capital Max Securities Ltd,80,477.6,38208.0,2025-07-24 12:09:53.885481
2025-07-24,109810,2025072403008568,SADBL,Neev Securities Pvt. Ltd.,Capital Max Securities Ltd,100,477.5,47750.0,2025-07-24 12:09:53.885557
2025-07-24,109809,2025072403008569,SADBL,Capital Hub P. Ltd,Capital Max Securities Ltd,469,477.4,223900.6,2025-07-24 12:09:53.885628
2025-07-24,109047,2025072403008695,SADBL,Capital Hub P. Ltd,Shree Krishna Securities Ltd.,600,477.4,286440.0,2025-07-24 12:11:12.222611
2025-07-24,108624,2025072403008731,SADBL,Capital Hub P. Ltd,Dynamic Money Managers Securities Pvt. Ltd.,819,477.4,390990.6,2025-07-24 12:11:42.231300
2025-07-24,108623,2025072403008732,SADBL,Sweta Securities Private Limited,Dynamic Money Managers Securities Pvt. Ltd.,400,477.4,190960.0,2025-07-24 12:11:42.231483
2025-07-24,108622,2025072403008733,SADBL,Imperial Securities Company Pvt. Ltd.,Dynamic Money Managers Securities Pvt. Ltd.,10,477.0,4770.0,2025-07-24 12:11:42.231551
2025-07-24,108621,2025072403008734,SADBL,Agrawal Securities (PVT) Ltd.,Dynamic Money Managers Securities Pvt. Ltd.,25,477.0,11925.0,2025-07-24 12:11:42.231621
2025-07-24,108620,2025072403008735,SADBL,Midas Stock Broking Company Private Limited,Dynamic Money Managers Securities Pvt. Ltd.,47,477.0,22419.0,2025-07-24 12:11:42.231687
2025-07-24,108619,2025072403008736,SADBL,Thrive Brokerage House Pvt. Ltd,Dynamic Money Managers Securities Pvt. Ltd.,20,477.0,9540.0,2025-07-24 12:11:42.231791
2025-07-24,108618,2025072403008737,SADBL,Nabil Stock Dealer Ltd.,Dynamic Money Managers Securities Pvt. Ltd.,53,477.0,25281.0,2025-07-24 12:11:42.231881
2025-07-24,108206,2025072403008779,SADBL,Nabil Stock Dealer Ltd.,Imperial Securities Company Pvt. Ltd.,47,477.0,22419.0,2025-07-24 12:12:33.070854
2025-07-24,108205,2025072403008780,SADBL,Midas Stock Broking Company Private Limited,Imperial Securities Company Pvt. Ltd.,53,477.0,25281.0,2025-07-24 12:12:33.071210
2025-07-24,106978,2025072403008988,SADBL,Naasa Securities Co. Ltd.,Aryatara Investment & Securities,2,468.0,936.0,2025-07-24 12:14:46.417131
2025-07-24,105633,2025072403009236,SADBL,Thrive Brokerage House Pvt. Ltd,Blue Chip Securities Ltd,104,477.5,49660.0,2025-07-24 12:17:15.484968
2025-07-24,105632,2025072403009237,SADBL,Midas Stock Broking Company Private Limited,Blue Chip Securities Ltd,147,477.0,70119.0,2025-07-24 12:17:15.485176
2025-07-24,105631,2025072403009238,SADBL,Sundhara Securities Limited,Blue Chip Securities Ltd,10,477.0,4770.0,2025-07-24 12:17:15.485251
2025-07-24,105630,2025072403009239,SADBL,Imperial Securities Company Pvt. Ltd.,Blue Chip Securities Ltd,110,476.6,52426.0,2025-07-24 12:17:15.485324
2025-07-24,105629,2025072403009240,SADBL,Dynamic Money Managers Securities Pvt. Ltd.,Blue Chip Securities Ltd,1000,476.5,476500.0,2025-07-24 12:17:15.485393
2025-07-24,105628,2025072403009241,SADBL,Elite Stock House Limited,Blue Chip Securities Ltd,1829,476.5,871518.5,2025-07-24 12:17:15.485462
2025-07-24,105260,2025072403009321,SADBL,Naasa Securities Co. Ltd.,Vision Securities Pvt. Ltd,3,467.0,1401.0,2025-07-24 12:17:56.357011
2025-07-24,104885,2025072403009383,SADBL,Aakashbhairab Securities Ltd.,Sweta Securities Private Limited,2,470.4,940.8,2025-07-24 12:18:46.868322
2025-07-24,104464,2025072403009441,SADBL,Aryatara Investment & Securities,Pragyan Securities (PVT) Ltd.,50,476.3,23815.0,2025-07-24 12:19:31.008355
2025-07-24,104463,2025072403009442,SADBL,Sundhara Securities Limited,Pragyan Securities (PVT) Ltd.,90,476.2,42858.0,2025-07-24 12:19:31.008572
2025-07-24,104462,2025072403009443,SADBL,Sundhara Securities Limited,Pragyan Securities (PVT) Ltd.,160,476.2,76192.0,2025-07-24 12:19:31.008680
2025-07-24,104193,2025072403009488,SADBL,Naasa Securities Co. Ltd.,Primo Securities (PVT) Ltd.,1,466.7,466.7,2025-07-24 12:20:01.834527
2025-07-24,103900,2025072403009519,SADBL,Dakshinkali Investment & Securities Pvt. Ltd.,Sani Securities Company Ltd.,1500,476.5,714750.0,2025-07-24 12:20:29.235708
2025-07-24,103763,2025072403009536,SADBL,Sweta Securities Private Limited,Sweta Securities Private Limited,1,467.5,467.5,2025-07-24 12:20:45.078821
2025-07-24,103531,2025072403009580,SADBL,Himalayan Brokerage Company Limited,Sundhara Securities Limited,11,476.5,5241.5,2025-07-24 12:21:10.328268
2025-07-24,101814,2025072403009828,SADBL,Himalayan Brokerage Company Limited,Sundhara Securities Limited,489,476.5,233008.5,2025-07-24 12:24:03.969510
2025-07-24,101813,2025072403009829,SADBL,Sweta Securities Private Limited,Sundhara Securities Limited,500,476.5,238250.0,2025-07-24 12:24:03.969684
2025-07-24,101812,2025072403009830,SADBL,Sundhara Securities Limited,Sundhara Securities Limited,340,476.2,161908.0,2025-07-24 12:24:03.969755
2025-07-24,101811,2025072403009831,SADBL,Property Wiard Limited,Sundhara Securities Limited,255,476.1,121405.5,2025-07-24 12:24:03.969829
2025-07-24,101800,2025072403009840,SADBL,J.F. Securites (PVT) Ltd.,Nepal Stock House (PVT) Ltd.,140,477.0,66780.0,2025-07-24 12:24:05.602631
2025-07-24,101169,2025072403009940,SADBL,Property Wiard Limited,Kohinoor Investment & Securities Pvt. Ltd.,115,476.1,54751.5,2025-07-24 12:25:17.231187
2025-07-24,101168,2025072403009941,SADBL,Trishakti Securities Public Limited,Kohinoor Investment & Securities Pvt. Ltd.,200,476.1,95220.0,2025-07-24 12:25:17.231367
2025-07-24,101167,2025072403009942,SADBL,Midas Stock Broking Company Private Limited,Kohinoor Investment & Securities Pvt. Ltd.,185,476.1,88078.5,2025-07-24 12:25:17.231483
2025-07-24,100922,2025072403009994,SADBL,Midas Stock Broking Company Private Limited,Opal Securities Investment (PVT) Ltd.,518,476.1,246619.8,2025-07-24 12:25:38.124831
2025-07-24,100801,2025072403010005,SADBL,Secured Securities Ltd.,Nepal Stock House (PVT) Ltd.,1860,477.0,887220.0,2025-07-24 12:25:51.369651
2025-07-24,100268,2025072403010066,SADBL,Kohinoor Investment & Securities Pvt. Ltd.,Kalika Securities Pvt. Ltd.,102,477.0,48654.0,2025-07-24 12:26:38.971019
2025-07-24,99658,2025072403010231,SADBL,Kohinoor Investment & Securities Pvt. Ltd.,Sundhara Securities Limited,10,477.0,4770.0,2025-07-24 12:27:45.596678
2025-07-24,99593,2025072403010253,SADBL,Dipshikha Dhitopatra Karobar Co. Pvt Ltd.,Siprabi Securities Pvt. Ltd.,96,478.0,45888.0,2025-07-24 12:27:56.947383
2025-07-24,99491,2025072403010266,SADBL,Kohinoor Investment & Securities Pvt. Ltd.,Malla & Malla Stock Broking Company Pvt. Limited,51,477.0,24327.0,2025-07-24 12:28:12.567235
2025-07-24,99440,2025072403010275,SADBL,Kohinoor Investment & Securities Pvt. Ltd.,Sanima Securities Limited,200,477.0,95400.0,2025-07-24 12:28:19.091547
2025-07-24,99244,2025072403010306,SADBL,Kohinoor Investment & Securities Pvt. Ltd.,Sanima Securities Limited,1000,477.0,477000.0,2025-07-24 12:28:37.371231
2025-07-24,99164,2025072403010322,SADBL,Kohinoor Investment & Securities Pvt. Ltd.,Sanima Securities Limited,500,477.0,238500.0,2025-07-24 12:28:48.909540
2025-07-24,99126,2025072403010327,SADBL,Naasa Securities Co. Ltd.,Siprabi Securities Pvt. Ltd.,7,468.0,3276.0,2025-07-24 12:28:53.911259
2025-07-24,98824,2025072403010396,SADBL,Kohinoor Investment & Securities Pvt. Ltd.,Naasa Securities Co. Ltd.,100,477.0,47700.0,2025-07-24 12:29:25.659360
2025-07-24,98261,2025072403010480,SADBL,Dipshikha Dhitopatra Karobar Co. Pvt Ltd.,Imperial Securities Company Pvt. Ltd.,14,478.0,6692.0,2025-07-24 12:30:31.187871
2025-07-24,98260,2025072403010481,SADBL,Imperial Securities Company Pvt. Ltd.,Imperial Securities Company Pvt. Ltd.,286,477.1,136450.6,2025-07-24 12:30:31.188050
2025-07-24,96914,2025072403010731,SADBL,Imperial Securities Company Pvt. Ltd.,Indira securities pvt. ltd,104,477.1,49618.4,2025-07-24 12:33:19.074942
2025-07-24,94916,2025072403011086,SADBL,Imperial Securities Company Pvt. Ltd.,Bhrikuti Stock Broking Co. Pvt. Ltd.,90,477.1,42939.0,2025-07-24 12:36:47.917087
2025-07-24,94915,2025072403011087,SADBL,Citizens Share Broker Limited,Bhrikuti Stock Broking Co. Pvt. Ltd.,410,477.1,195611.0,2025-07-24 12:36:47.917303
2025-07-24,93434,2025072403011348,SADBL,Citizens Share Broker Limited,Dynamic Money Managers Securities Pvt. Ltd.,90,477.1,42939.0,2025-07-24 12:39:46.543556
2025-07-24,93308,2025072403011371,SADBL,Kohinoor Investment & Securities Pvt. Ltd.,Dynamic Money Managers Securities Pvt. Ltd.,37,477.0,17649.0,2025-07-24 12:40:00.617966
2025-07-24,93307,2025072403011372,SADBL,Thrive Brokerage House Pvt. Ltd,Dynamic Money Managers Securities Pvt. Ltd.,200,477.0,95400.0,2025-07-24 12:40:00.618164
2025-07-24,93306,2025072403011373,SADBL,Kohinoor Investment & Securities Pvt. Ltd.,Dynamic Money Managers Securities Pvt. Ltd.,173,477.0,82521.0,2025-07-24 12:40:00.618247
2025-07-24,93031,2025072403011424,SADBL,Kohinoor Investment & Securities Pvt. Ltd.,Vision Securities Pvt. Ltd,300,477.0,143100.0,2025-07-24 12:40:34.614592
2025-07-24,92360,2025072403011565,SADBL,Nepal Investment And Securities Trading Private Limited,Sanima Securities Limited,500,478.0,239000.0,2025-07-24 12:41:45.890993
2025-07-24,92359,2025072403011566,SADBL,Nepal Investment And Securities Trading Private Limited,Sundhara Securities Limited,10,478.5,4785.0,2025-07-24 12:41:45.891203
2025-07-24,92358,2025072403011567,SADBL,Nepal Investment And Securities Trading Private Limited,Primo Securities (PVT) Ltd.,10,478.9,4789.0,2025-07-24 12:41:45.891286
2025-07-24,92357,2025072403011568,SADBL,Nepal Investment And Securities Trading Private Limited,Sanima Securities Limited,680,479.0,325720.0,2025-07-24 12:41:45.891367
2025-07-24,90175,2025072403011931,SADBL,Imperial Securities Company Pvt. Ltd.,Sanima Securities Limited,10,479.0,4790.0,2025-07-24 12:46:12.337028
2025-07-24,89793,2025072403012014,SADBL,Sri Hari Securities Pvt. Ltd.,Sanima Securities Limited,130,479.0,62270.0,2025-07-24 12:46:58.606816
2025-07-24,87905,2025072403012396,SADBL,Linch Stock Market Ltd.,Naasa Securities Co. Ltd.,58,477.1,27671.8,2025-07-24 12:50:15.859192
2025-07-24,83948,2025072403013142,SADBL,Naasa Securities Co. Ltd.,Aryatara Investment & Securities,9,467.6,4208.4,2025-07-24 12:57:21.606529
2025-07-24,83898,2025072403013154,SADBL,Dipshikha Dhitopatra Karobar Co. Pvt Ltd.,Midas Stock Broking Company Private Limited,500,477.2,238600.0,2025-07-24 12:57:26.266899
2025-07-24,83897,2025072403013155,SADBL,Linch Stock Market Ltd.,Midas Stock Broking Company Private Limited,142,477.1,67748.2,2025-07-24 12:57:26.267125
2025-07-24,83896,2025072403013156,SADBL,Creative Securities Pvt Ltd,Midas Stock Broking Company Private Limited,10,477.1,4771.0,2025-07-24 12:57:26.267216
2025-07-24,83895,2025072403013157,SADBL,Kohinoor Investment & Securities Pvt. Ltd.,Midas Stock Broking Company Private Limited,48,477.0,22896.0,2025-07-24 12:57:26.267304
2025-07-24,83685,2025072403013196,SADBL,Kohinoor Investment & Securities Pvt. Ltd.,Imperial Securities Company Pvt. Ltd.,1479,477.0,705483.0,2025-07-24 12:57:45.916548
2025-07-24,83684,2025072403013197,SADBL,Kohinoor Investment & Securities Pvt. Ltd.,Imperial Securities Company Pvt. Ltd.,1036,477.0,494172.0,2025-07-24 12:57:45.916605
2025-07-24,83061,2025072403013321,SADBL,Imperial Securities Company Pvt. Ltd.,Nagarik Stock Dealer ,1000,478.8,478800.0,2025-07-24 12:58:58.706720
2025-07-24,82696,2025072403013381,SADBL,Kohinoor Investment & Securities Pvt. Ltd.,Imperial Securities Company Pvt. Ltd.,249,477.0,118773.0,2025-07-24 12:59:40.734454
2025-07-24,82337,2025072403013481,SADBL,Kohinoor Investment & Securities Pvt. Ltd.,Online Securities Pvt. Ltd.,75,477.0,35775.0,2025-07-24 13:00:19.565666
2025-07-24,82266,2025072403013496,SADBL,Kohinoor Investment & Securities Pvt. Ltd.,Sani Securities Company Ltd.,140,477.0,66780.0,2025-07-24 13:00:30.192516
2025-07-24,82133,2025072403013512,SADBL,Kohinoor Investment & Securities Pvt. Ltd.,Online Securities Pvt. Ltd.,10,477.0,4770.0,2025-07-24 13:00:47.151979
2025-07-24,81994,2025072403013554,SADBL,Imperial Securities Company Pvt. Ltd.,Aryatara Investment & Securities,200,478.0,95600.0,2025-07-24 13:01:00.696810
2025-07-24,80523,2025072403013820,SADBL,Kohinoor Investment & Securities Pvt. Ltd.,Midas Stock Broking Company Private Limited,1000,477.0,477000.0,2025-07-24 13:03:31.578405
2025-07-24,79975,2025072403013906,SADBL,Kohinoor Investment & Securities Pvt. Ltd.,Sundhara Securities Limited,10,477.0,4770.0,2025-07-24 13:04:22.541003
2025-07-24,79363,2025072403014012,SADBL,Thrive Brokerage House Pvt. Ltd,Aryatara Investment & Securities,100,478.0,47800.0,2025-07-24 13:05:19.115819
2025-07-24,79362,2025072403014013,SADBL,Kohinoor Investment & Securities Pvt. Ltd.,Aryatara Investment & Securities,109,477.0,51993.0,2025-07-24 13:05:19.116062
2025-07-24,79063,2025072403014072,SADBL,Kohinoor Investment & Securities Pvt. Ltd.,Neev Securities Pvt. Ltd.,800,477.0,381600.0,2025-07-24 13:05:46.969295
2025-07-24,79027,2025072403014087,SADBL,Kohinoor Investment & Securities Pvt. Ltd.,Capital Max Securities Ltd,50,477.0,23850.0,2025-07-24 13:05:48.818530
2025-07-24,78396,2025072403014200,SADBL,Imperial Securities Company Pvt. Ltd.,Sani Securities Company Ltd.,110,478.0,52580.0,2025-07-24 13:07:09.967016
2025-07-24,78379,2025072403014207,SADBL,Kohinoor Investment & Securities Pvt. Ltd.,BHOLE GANESH SECURITIES LTD,21,477.0,10017.0,2025-07-24 13:07:13.588077
2025-07-24,78378,2025072403014208,SADBL,Trishakti Securities Public Limited,BHOLE GANESH SECURITIES LTD,100,477.0,47700.0,2025-07-24 13:07:13.588156
2025-07-24,78377,2025072403014209,SADBL,Sundhara Securities Limited,BHOLE GANESH SECURITIES LTD,100,477.0,47700.0,2025-07-24 13:07:13.588190
2025-07-24,78376,2025072403014210,SADBL,Sweta Securities Private Limited,BHOLE GANESH SECURITIES LTD,200,477.0,95400.0,2025-07-24 13:07:13.588227
2025-07-24,78375,2025072403014211,SADBL,Aryatara Investment & Securities,BHOLE GANESH SECURITIES LTD,500,477.0,238500.0,2025-07-24 13:07:13.588265
2025-07-24,78374,2025072403014212,SADBL,Capital Max Securities Ltd,BHOLE GANESH SECURITIES LTD,1000,476.9,476900.0,2025-07-24 13:07:13.588300
2025-07-24,78373,2025072403014213,SADBL,Kohinoor Investment & Securities Pvt. Ltd.,BHOLE GANESH SECURITIES LTD,3079,476.8,1468067.2,2025-07-24 13:07:13.588341
2025-07-24,77793,2025072403014330,SADBL,Sani Securities Company Ltd.,Sundhara Securities Limited,10,477.1,4771.0,2025-07-24 13:08:08.722245
2025-07-24,77763,2025072403014336,SADBL,Sani Securities Company Ltd.,ABC Securities Private Limited,290,477.1,138359.0,2025-07-24 13:08:11.823294
2025-07-24,77762,2025072403014337,SADBL,Kohinoor Investment & Securities Pvt. Ltd.,ABC Securities Private Limited,1710,476.8,815328.0,2025-07-24 13:08:11.823732
2025-07-24,77642,2025072403014365,SADBL,Kohinoor Investment & Securities Pvt. Ltd.,BHOLE GANESH SECURITIES LTD,211,476.8,100604.8,2025-07-24 13:08:24.289994
2025-07-24,77641,2025072403014366,SADBL,Sundhara Securities Limited,BHOLE GANESH SECURITIES LTD,500,476.2,238100.0,2025-07-24 13:08:24.290044
2025-07-24,77640,2025072403014367,SADBL,Elite Stock House Limited,BHOLE GANESH SECURITIES LTD,289,476.2,137621.8,2025-07-24 13:08:24.290076
2025-07-24,77306,2025072403014471,SADBL,Elite Stock House Limited,Premier Securities Company Ltd.,882,476.2,420008.4,2025-07-24 13:09:06.255271
2025-07-24,77305,2025072403014472,SADBL,Vision Securities Pvt. Ltd,Premier Securities Company Ltd.,100,476.1,47610.0,2025-07-24 13:09:06.255316
2025-07-24,77304,2025072403014473,SADBL,Trisul Securities & Invt. Ltd.,Premier Securities Company Ltd.,500,476.1,238050.0,2025-07-24 13:09:06.255343
2025-07-24,77303,2025072403014474,SADBL,Trishakti Securities Public Limited,Premier Securities Company Ltd.,500,476.0,238000.0,2025-07-24 13:09:06.255383
2025-07-24,77302,2025072403014475,SADBL,Kohinoor Investment & Securities Pvt. Ltd.,Premier Securities Company Ltd.,10000,476.0,4760000.0,2025-07-24 13:09:06.255423
2025-07-24,77301,2025072403014476,SADBL,Dakshinkali Investment & Securities Pvt. Ltd.,Premier Securities Company Ltd.,500,476.0,238000.0,2025-07-24 13:09:06.255455
2025-07-24,77300,2025072403014477,SADBL,Naasa Securities Co. Ltd.,Premier Securities Company Ltd.,100,476.0,47600.0,2025-07-24 13:09:06.255484
2025-07-24,77299,2025072403014478,SADBL,Naasa Securities Co. Ltd.,Premier Securities Company Ltd.,51,476.0,24276.0,2025-07-24 13:09:06.255512
2025-07-24,77298,2025072403014479,SADBL,Dakshinkali Investment & Securities Pvt. Ltd.,Premier Securities Company Ltd.,1000,476.0,476000.0,2025-07-24 13:09:06.255540
2025-07-24,77297,2025072403014480,SADBL,Thrive Brokerage House Pvt. Ltd,Premier Securities Company Ltd.,50,476.0,23800.0,2025-07-24 13:09:06.255569
2025-07-24,77296,2025072403014481,SADBL,Sani Securities Company Ltd.,Premier Securities Company Ltd.,1317,475.5,626233.5,2025-07-24 13:09:06.255601
2025-07-24,75868,2025072403014808,SADBL,Sani Securities Company Ltd.,Online Securities Pvt. Ltd.,2640,475.6,1255584.0,2025-07-24 13:11:34.092787
2025-07-24,75867,2025072403014809,SADBL,Sani Securities Company Ltd.,Online Securities Pvt. Ltd.,2360,475.5,1122180.0,2025-07-24 13:11:34.093140
2025-07-24,74832,2025072403015025,SADBL,Aryatara Investment & Securities,Dipshikha Dhitopatra Karobar Co. Pvt Ltd.,500,475.6,237800.0,2025-07-24 13:13:21.245347
2025-07-24,74686,2025072403015066,SADBL,Sani Securities Company Ltd.,Dipshikha Dhitopatra Karobar Co. Pvt Ltd.,1500,475.5,713250.0,2025-07-24 13:13:36.751726
2025-07-24,73832,2025072403015239,SADBL,Sewa Securities Pvt. Ltd.,Sani Securities Company Ltd.,1000,477.0,477000.0,2025-07-24 13:15:05.204091
2025-07-24,73757,2025072403015252,SADBL,Sewa Securities Pvt. Ltd.,SHUBHAKAMANA SECURITIES PVT. LTD,500,475.6,237800.0,2025-07-24 13:15:13.552840
2025-07-24,73071,2025072403015382,SADBL,Sewa Securities Pvt. Ltd.,Neev Securities Pvt. Ltd.,125,475.6,59450.0,2025-07-24 13:16:27.125075
2025-07-24,72507,2025072403015505,SADBL,Sewa Securities Pvt. Ltd.,Nepal Stock House (PVT) Ltd.,13,475.6,6182.8,2025-07-24 13:17:25.988699
2025-07-24,72441,2025072403015529,SADBL,Sewa Securities Pvt. Ltd.,Primo Securities (PVT) Ltd.,362,475.6,172167.2,2025-07-24 13:17:30.866805
2025-07-24,72440,2025072403015530,SADBL,Kohinoor Investment & Securities Pvt. Ltd.,Primo Securities (PVT) Ltd.,315,475.6,149814.0,2025-07-24 13:17:30.867067
2025-07-24,72439,2025072403015531,SADBL,Dakshinkali Investment & Securities Pvt. Ltd.,Primo Securities (PVT) Ltd.,500,475.6,237800.0,2025-07-24 13:17:30.867245
2025-07-24,72438,2025072403015532,SADBL,Sani Securities Company Ltd.,Primo Securities (PVT) Ltd.,823,475.5,391336.5,2025-07-24 13:17:30.867391
2025-07-24,72357,2025072403015560,SADBL,Sani Securities Company Ltd.,Primo Securities (PVT) Ltd.,2000,475.5,951000.0,2025-07-24 13:17:39.984608
2025-07-24,72287,2025072403015582,SADBL,Sani Securities Company Ltd.,Sumeru Securities Pvt. Ltd.,10000,475.5,4755000.0,2025-07-24 13:17:45.081509
2025-07-24,72256,2025072403015588,SADBL,Sani Securities Company Ltd.,Primo Securities (PVT) Ltd.,2000,475.5,951000.0,2025-07-24 13:17:48.902050
2025-07-24,71905,2025072403015678,SADBL,Cristal Kanchanjanga Securites Pvt. Ltd.,BHOLE GANESH SECURITIES LTD,90,475.5,42795.0,2025-07-24 13:18:24.917286
2025-07-24,71904,2025072403015679,SADBL,Sundhara Securities Limited,BHOLE GANESH SECURITIES LTD,500,475.1,237550.0,2025-07-24 13:18:24.917326
2025-07-24,71903,2025072403015680,SADBL,Sani Securities Company Ltd.,BHOLE GANESH SECURITIES LTD,400,475.1,190040.0,2025-07-24 13:18:24.917351
2025-07-24,71902,2025072403015681,SADBL,Premier Securities Company Ltd.,BHOLE GANESH SECURITIES LTD,50,475.0,23750.0,2025-07-24 13:18:24.917373
2025-07-24,71901,2025072403015682,SADBL,Nepal Investment And Securities Trading Private Limited,BHOLE GANESH SECURITIES LTD,100,475.0,47500.0,2025-07-24 13:18:24.917397
2025-07-24,71900,2025072403015683,SADBL,Agrawal Securities (PVT) Ltd.,BHOLE GANESH SECURITIES LTD,200,475.0,95000.0,2025-07-24 13:18:24.917419
2025-07-24,71899,2025072403015684,SADBL,Premier Securities Company Ltd.,BHOLE GANESH SECURITIES LTD,50,475.0,23750.0,2025-07-24 13:18:24.917464
2025-07-24,71898,2025072403015685,SADBL,Vision Securities Pvt. Ltd,BHOLE GANESH SECURITIES LTD,1000,475.0,475000.0,2025-07-24 13:18:24.917494
2025-07-24,71897,2025072403015686,SADBL,Kohinoor Investment & Securities Pvt. Ltd.,BHOLE GANESH SECURITIES LTD,100,475.0,47500.0,2025-07-24 13:18:24.917516
2025-07-24,71896,2025072403015687,SADBL,Deevyaa Securities & Stock House Pvt. Ltd,BHOLE GANESH SECURITIES LTD,166,475.0,78850.0,2025-07-24 13:18:24.917536
2025-07-24,71895,2025072403015688,SADBL,Imperial Securities Company Pvt. Ltd.,BHOLE GANESH SECURITIES LTD,344,475.0,163400.0,2025-07-24 13:18:24.917557
2025-07-24,71781,2025072403015723,SADBL,Imperial Securities Company Pvt. Ltd.,Sani Securities Company Ltd.,66,475.0,31350.0,2025-07-24 13:18:34.770446
2025-07-24,71780,2025072403015724,SADBL,Nepal Stock House (PVT) Ltd.,Sani Securities Company Ltd.,18,475.0,8550.0,2025-07-24 13:18:34.770658
2025-07-24,71779,2025072403015725,SADBL,Naasa Securities Co. Ltd.,Sani Securities Company Ltd.,205,475.0,97375.0,2025-07-24 13:18:34.770745
2025-07-24,71778,2025072403015726,SADBL,Secured Securities Ltd.,Sani Securities Company Ltd.,20,475.0,9500.0,2025-07-24 13:18:34.770827
2025-07-24,71685,2025072403015743,SADBL,Elite Stock House Limited,BHOLE GANESH SECURITIES LTD,450,474.1,213345.0,2025-07-24 13:18:42.696232
2025-07-24,71684,2025072403015744,SADBL,Midas Stock Broking Company Private Limited,BHOLE GANESH SECURITIES LTD,200,474.0,94800.0,2025-07-24 13:18:42.696335
2025-07-24,71683,2025072403015745,SADBL,Dakshinkali Investment & Securities Pvt. Ltd.,BHOLE GANESH SECURITIES LTD,3000,474.0,1422000.0,2025-07-24 13:18:42.696407
2025-07-24,71682,2025072403015746,SADBL,Kohinoor Investment & Securities Pvt. Ltd.,BHOLE GANESH SECURITIES LTD,200,474.0,94800.0,2025-07-24 13:18:42.696479
2025-07-24,71681,2025072403015747,SADBL,Vision Securities Pvt. Ltd,BHOLE GANESH SECURITIES LTD,50,474.0,23700.0,2025-07-24 13:18:42.696550
2025-07-24,71680,2025072403015748,SADBL,Swarna Laxmi Securities Pvt. Ltd.,BHOLE GANESH SECURITIES LTD,100,474.0,47400.0,2025-07-24 13:18:42.696621
2025-07-24,71240,2025072403015806,SADBL,Swarna Laxmi Securities Pvt. Ltd.,Trisul Securities & Invt. Ltd.,900,474.0,426600.0,2025-07-24 13:19:29.343424
2025-07-24,71239,2025072403015807,SADBL,Premier Securities Company Ltd.,Trisul Securities & Invt. Ltd.,100,473.0,47300.0,2025-07-24 13:19:29.343646
2025-07-24,71137,2025072403015834,SADBL,Premier Securities Company Ltd.,Sri Hari Securities Pvt. Ltd.,150,473.0,70950.0,2025-07-24 13:19:41.508444
2025-07-24,71136,2025072403015835,SADBL,Imperial Securities Company Pvt. Ltd.,Sri Hari Securities Pvt. Ltd.,1000,473.0,473000.0,2025-07-24 13:19:41.508891
2025-07-24,71135,2025072403015836,SADBL,Imperial Securities Company Pvt. Ltd.,Sri Hari Securities Pvt. Ltd.,200,473.0,94600.0,2025-07-24 13:19:41.509346
2025-07-24,71134,2025072403015837,SADBL,Primo Securities (PVT) Ltd.,Sri Hari Securities Pvt. Ltd.,500,472.9,236450.0,2025-07-24 13:19:41.509597
2025-07-24,71133,2025072403015838,SADBL,Ashutosh Brokerage & Securities (PVT) Ltd.,Sri Hari Securities Pvt. Ltd.,100,472.0,47200.0,2025-07-24 13:19:41.509998
2025-07-24,71132,2025072403015839,SADBL,Sundhara Securities Limited,Sri Hari Securities Pvt. Ltd.,200,472.0,94400.0,2025-07-24 13:19:41.510293
2025-07-24,71131,2025072403015840,SADBL,Investment Management Nepal Pvt. Ltd.,Sri Hari Securities Pvt. Ltd.,100,470.5,47050.0,2025-07-24 13:19:41.510538
2025-07-24,71130,2025072403015841,SADBL,Sani Securities Company Ltd.,Sri Hari Securities Pvt. Ltd.,250,470.1,117525.0,2025-07-24 13:19:41.510901
2025-07-24,71129,2025072403015842,SADBL,Secured Securities Ltd.,Sri Hari Securities Pvt. Ltd.,500,470.0,235000.0,2025-07-24 13:19:41.511133
2025-07-24,71128,2025072403015843,SADBL,Kohinoor Investment & Securities Pvt. Ltd.,Sri Hari Securities Pvt. Ltd.,100,470.0,47000.0,2025-07-24 13:19:41.511382
2025-07-24,71127,2025072403015844,SADBL,Magnet Securities and Investment Company Private Limited,Sri Hari Securities Pvt. Ltd.,100,470.0,47000.0,2025-07-24 13:19:41.511653
2025-07-24,71126,2025072403015845,SADBL,Trishakti Securities Public Limited,Sri Hari Securities Pvt. Ltd.,145,470.0,68150.0,2025-07-24 13:19:41.511946
2025-07-24,71125,2025072403015846,SADBL,Online Securities Pvt. Ltd.,Sri Hari Securities Pvt. Ltd.,55,470.0,25850.0,2025-07-24 13:19:41.512173
2025-07-24,71081,2025072403015850,SADBL,Linch Stock Market Ltd.,Sani Securities Company Ltd.,100,473.0,47300.0,2025-07-24 13:19:47.009636
2025-07-24,70439,2025072403015982,SADBL,Premier Securities Company Ltd.,Naasa Securities Co. Ltd.,10,472.0,4720.0,2025-07-24 13:20:56.135881
2025-07-24,70438,2025072403015983,SADBL,Midas Stock Broking Company Private Limited,Naasa Securities Co. Ltd.,40,472.0,18880.0,2025-07-24 13:20:56.136150
2025-07-24,68163,2025072403016393,SADBL,Imperial Securities Company Pvt. Ltd.,Asian Securities Private Ltd.,160,473.0,75680.0,2025-07-24 13:24:50.207572
2025-07-24,68066,2025072403016425,SADBL,Imperial Securities Company Pvt. Ltd.,Midas Stock Broking Company Private Limited,50,473.0,23650.0,2025-07-24 13:24:57.700107
2025-07-24,67887,2025072403016462,SADBL,Imperial Securities Company Pvt. Ltd.,Midas Stock Broking Company Private Limited,210,473.0,99330.0,2025-07-24 13:25:15.872094
2025-07-24,67642,2025072403016509,SADBL,Imperial Securities Company Pvt. Ltd.,Asian Securities Private Ltd.,130,473.0,61490.0,2025-07-24 13:25:48.312172
2025-07-24,65768,2025072403016829,SADBL,Cristal Kanchanjanga Securites Pvt. Ltd.,Asian Securities Private Ltd.,10,473.0,4730.0,2025-07-24 13:28:29.200038
2025-07-24,64354,2025072403017120,SADBL,Vision Securities Pvt. Ltd,NIMB Stock Markets Limited,13,474.0,6162.0,2025-07-24 13:30:59.800169
2025-07-24,64160,2025072403017166,SADBL,Elite Stock House Limited,Malla & Malla Stock Broking Company Pvt. Limited,10,474.5,4745.0,2025-07-24 13:31:17.027207
2025-07-24,64056,2025072403017189,SADBL,Elite Stock House Limited,South Asian Bulls Pvt. Ltd.,41,474.9,19470.9,2025-07-24 13:31:29.756957
2025-07-24,63636,2025072403017238,SADBL,Agrawal Securities (PVT) Ltd.,Sani Securities Company Ltd.,200,475.0,95000.0,2025-07-24 13:32:15.854017
2025-07-24,63373,2025072403017294,SADBL,Vision Securities Pvt. Ltd,Siprabi Securities Pvt. Ltd.,215,474.0,101910.0,2025-07-24 13:32:44.595745
2025-07-24,63316,2025072403017309,SADBL,Vision Securities Pvt. Ltd,Sani Securities Company Ltd.,190,474.0,90060.0,2025-07-24 13:32:53.660866
2025-07-24,63012,2025072403017351,SADBL,Vision Securities Pvt. Ltd,Ashutosh Brokerage & Securities (PVT) Ltd.,582,474.0,275868.0,2025-07-24 13:33:27.971037
2025-07-24,63011,2025072403017352,SADBL,Imperial Securities Company Pvt. Ltd.,Ashutosh Brokerage & Securities (PVT) Ltd.,13,474.0,6162.0,2025-07-24 13:33:27.971265
2025-07-24,63010,2025072403017353,SADBL,Naasa Securities Co. Ltd.,Ashutosh Brokerage & Securities (PVT) Ltd.,255,474.0,120870.0,2025-07-24 13:33:27.971362
2025-07-24,62849,2025072403017389,SADBL,Imperial Securities Company Pvt. Ltd.,Sani Securities Company Ltd.,200,475.0,95000.0,2025-07-24 13:33:50.614464
2025-07-24,62848,2025072403017390,SADBL,Imperial Securities Company Pvt. Ltd.,Shree Krishna Securities Ltd.,100,475.0,47500.0,2025-07-24 13:33:50.614699
2025-07-24,62797,2025072403017397,SADBL,Elite Stock House Limited,Shree Krishna Securities Ltd.,445,475.0,211375.0,2025-07-24 13:33:59.373059
2025-07-24,62580,2025072403017426,SADBL,Elite Stock House Limited,BHOLE GANESH SECURITIES LTD,55,475.0,26125.0,2025-07-24 13:34:26.312634
2025-07-24,62135,2025072403017539,SADBL,Sundhara Securities Limited,BHOLE GANESH SECURITIES LTD,945,475.0,448875.0,2025-07-24 13:35:12.972452
2025-07-24,61564,2025072403017653,SADBL,Property Wiard Limited,Kalika Securities Pvt. Ltd.,100,474.1,47410.0,2025-07-24 13:36:20.483399
2025-07-24,61563,2025072403017654,SADBL,Aryatara Investment & Securities,Kalika Securities Pvt. Ltd.,900,474.0,426600.0,2025-07-24 13:36:20.483652
2025-07-24,61390,2025072403017695,SADBL,Kohinoor Investment & Securities Pvt. Ltd.,Linch Stock Market Ltd.,200,474.5,94900.0,2025-07-24 13:36:41.407912
2025-07-24,61267,2025072403017711,SADBL,Kohinoor Investment & Securities Pvt. Ltd.,Sani Securities Company Ltd.,10,474.5,4745.0,2025-07-24 13:36:57.668764
2025-07-24,60489,2025072403017862,SADBL,Kohinoor Investment & Securities Pvt. Ltd.,Aryatara Investment & Securities,290,474.5,137605.0,2025-07-24 13:38:33.161384
2025-07-24,60488,2025072403017863,SADBL,Aryatara Investment & Securities,Aryatara Investment & Securities,10,474.0,4740.0,2025-07-24 13:38:33.161658
2025-07-24,60206,2025072403017903,SADBL,Imperial Securities Company Pvt. Ltd.,ABC Securities Private Limited,150,475.0,71250.0,2025-07-24 13:39:03.918226
2025-07-24,60153,2025072403017909,SADBL,Imperial Securities Company Pvt. Ltd.,Elite Stock House Limited,600,475.0,285000.0,2025-07-24 13:39:08.341303
2025-07-24,60030,2025072403017950,SADBL,Imperial Securities Company Pvt. Ltd.,Dipshikha Dhitopatra Karobar Co. Pvt Ltd.,250,475.0,118750.0,2025-07-24 13:39:23.249203
2025-07-24,59713,2025072403018023,SADBL,Sumeru Securities Pvt. Ltd.,Dipshikha Dhitopatra Karobar Co. Pvt Ltd.,100,475.0,47500.0,2025-07-24 13:40:00.745769
2025-07-24,59629,2025072403018037,SADBL,Pragyan Securities (PVT) Ltd.,Dipshikha Dhitopatra Karobar Co. Pvt Ltd.,200,475.0,95000.0,2025-07-24 13:40:10.925434
2025-07-24,59569,2025072403018050,SADBL,Sani Securities Company Ltd.,Dipshikha Dhitopatra Karobar Co. Pvt Ltd.,200,475.0,95000.0,2025-07-24 13:40:20.881983
2025-07-24,59456,2025072403018065,SADBL,Kumari Securities Private Limited,Dipshikha Dhitopatra Karobar Co. Pvt Ltd.,250,475.0,118750.0,2025-07-24 13:40:33.365870
2025-07-24,59301,2025072403018098,SADBL,Kumari Securities Private Limited,South Asian Bulls Pvt. Ltd.,59,475.0,28025.0,2025-07-24 13:40:53.527862
2025-07-24,59088,2025072403018154,SADBL,Kumari Securities Private Limited,Sanima Securities Limited,202,475.0,95950.0,2025-07-24 13:41:20.824513
2025-07-24,58898,2025072403018173,SADBL,Kohinoor Investment & Securities Pvt. Ltd.,Trishakti Securities Public Limited,100,474.2,47420.0,2025-07-24 13:41:39.634836
2025-07-24,58678,2025072403018211,SADBL,Kohinoor Investment & Securities Pvt. Ltd.,Dipshikha Dhitopatra Karobar Co. Pvt Ltd.,118,474.2,55955.6,2025-07-24 13:42:08.788298
2025-07-24,58576,2025072403018234,SADBL,Kohinoor Investment & Securities Pvt. Ltd.,Sanima Securities Limited,80,474.2,37936.0,2025-07-24 13:42:25.853332
2025-07-24,58454,2025072403018256,SADBL,Kohinoor Investment & Securities Pvt. Ltd.,ABC Securities Private Limited,177,474.2,83933.4,2025-07-24 13:42:41.903209
2025-07-24,58453,2025072403018257,SADBL,Neev Securities Pvt. Ltd.,ABC Securities Private Limited,108,474.1,51202.8,2025-07-24 13:42:41.903272
2025-07-24,58452,2025072403018258,SADBL,Aryatara Investment & Securities,ABC Securities Private Limited,90,474.0,42660.0,2025-07-24 13:42:41.903303
2025-07-24,58451,2025072403018259,SADBL,Linch Stock Market Ltd.,ABC Securities Private Limited,100,474.0,47400.0,2025-07-24 13:42:41.903326
2025-07-24,58450,2025072403018260,SADBL,Midas Stock Broking Company Private Limited,ABC Securities Private Limited,200,474.0,94800.0,2025-07-24 13:42:41.903347
2025-07-24,58449,2025072403018261,SADBL,Aryatara Investment & Securities,ABC Securities Private Limited,325,474.0,154050.0,2025-07-24 13:42:41.903370
2025-07-24,58423,2025072403018266,SADBL,Aryatara Investment & Securities,Sanima Securities Limited,200,475.0,95000.0,2025-07-24 13:42:46.041239
2025-07-24,57810,2025072403018376,SADBL,Premier Securities Company Ltd.,Sanima Securities Limited,135,475.0,64125.0,2025-07-24 13:44:07.275745
2025-07-24,57426,2025072403018438,SADBL,Aryatara Investment & Securities,Vision Securities Pvt. Ltd,475,474.0,225150.0,2025-07-24 13:45:11.892386
2025-07-24,57425,2025072403018439,SADBL,Aryatara Investment & Securities,Vision Securities Pvt. Ltd,525,474.0,248850.0,2025-07-24 13:45:11.892830
2025-07-24,56966,2025072403018509,SADBL,INDEX SECURITIES LIMITED,Sanima Securities Limited,400,475.0,190000.0,2025-07-24 13:46:06.895266
2025-07-24,56923,2025072403018517,SADBL,Aryatara Investment & Securities,S.P.S.A. Securities Limited,275,474.0,130350.0,2025-07-24 13:46:13.876640
2025-07-24,56922,2025072403018518,SADBL,Aryatara Investment & Securities,S.P.S.A. Securities Limited,200,474.0,94800.0,2025-07-24 13:46:13.877094
2025-07-24,56921,2025072403018519,SADBL,Imperial Securities Company Pvt. Ltd.,S.P.S.A. Securities Limited,525,474.0,248850.0,2025-07-24 13:46:13.877372
2025-07-24,56576,2025072403018622,SADBL,Imperial Securities Company Pvt. Ltd.,Online Securities Pvt. Ltd.,14,474.0,6636.0,2025-07-24 13:47:01.711280
2025-07-24,55984,2025072403018774,SADBL,Imperial Securities Company Pvt. Ltd.,Asian Securities Private Ltd.,81,474.0,38394.0,2025-07-24 13:47:56.358036
2025-07-24,55646,2025072403018869,SADBL,Sani Securities Company Ltd.,Sanima Securities Limited,50,475.0,23750.0,2025-07-24 13:48:36.896763
2025-07-24,55359,2025072403018914,SADBL,Imperial Securities Company Pvt. Ltd.,Aryatara Investment & Securities,380,474.0,180120.0,2025-07-24 13:49:06.144272
2025-07-24,55358,2025072403018915,SADBL,Kohinoor Investment & Securities Pvt. Ltd.,Aryatara Investment & Securities,320,473.0,151360.0,2025-07-24 13:49:06.144841
2025-07-24,54898,2025072403019003,SADBL,Sri Hari Securities Pvt. Ltd.,Sanima Securities Limited,10,475.0,4750.0,2025-07-24 13:50:11.695203
2025-07-24,53919,2025072403019193,SADBL,Midas Stock Broking Company Private Limited,Sundhara Securities Limited,150,475.0,71250.0,2025-07-24 13:52:18.484431
2025-07-24,53918,2025072403019194,SADBL,Midas Stock Broking Company Private Limited,Capital Max Securities Ltd,103,475.0,48925.0,2025-07-24 13:52:18.484736
2025-07-24,53917,2025072403019195,SADBL,Midas Stock Broking Company Private Limited,Neev Securities Pvt. Ltd.,37,475.0,17575.0,2025-07-24 13:52:18.484834
2025-07-24,53381,2025072403019322,SADBL,Linch Stock Market Ltd.,Neev Securities Pvt. Ltd.,100,475.0,47500.0,2025-07-24 13:53:35.960543
2025-07-24,52933,2025072403019413,SADBL,Linch Stock Market Ltd.,Neev Securities Pvt. Ltd.,277,475.0,131575.0,2025-07-24 13:54:33.534741
2025-07-24,52524,2025072403019521,SADBL,Linch Stock Market Ltd.,Naasa Securities Co. Ltd.,223,475.0,105925.0,2025-07-24 13:55:30.226871
2025-07-24,51382,2025072403019796,SADBL,Secured Securities Ltd.,Vision Securities Pvt. Ltd,100,475.0,47500.0,2025-07-24 13:58:29.642635
2025-07-24,51380,2025072403019797,SADBL,Secured Securities Ltd.,Naasa Securities Co. Ltd.,277,475.0,131575.0,2025-07-24 13:58:29.997356
2025-07-24,50781,2025072403019960,SADBL,Shree Krishna Securities Ltd.,Sani Securities Company Ltd.,25,475.1,11877.5,2025-07-24 13:59:47.163957
2025-07-24,50393,2025072403020032,SADBL,Naasa Securities Co. Ltd.,Sani Securities Company Ltd.,153,475.1,72690.3,2025-07-24 14:00:47.070489
2025-07-24,50379,2025072403020035,SADBL,Secured Securities Ltd.,Sanima Securities Limited,223,475.0,105925.0,2025-07-24 14:00:49.489516
2025-07-24,50378,2025072403020036,SADBL,Linch Stock Market Ltd.,Sanima Securities Limited,280,475.0,133000.0,2025-07-24 14:00:49.489752
2025-07-24,49006,2025072403020391,SADBL,Cristal Kanchanjanga Securites Pvt. Ltd.,Sani Securities Company Ltd.,96,475.1,45609.6,2025-07-24 14:03:57.605604
2025-07-24,47788,2025072403020672,SADBL,Secured Securities Ltd.,Stoxkarts Securities Limited,100,475.6,47560.0,2025-07-24 14:06:19.904430
2025-07-24,47593,2025072403020725,SADBL,Linch Stock Market Ltd.,Cristal Kanchanjanga Securites Pvt. Ltd.,200,475.9,95180.0,2025-07-24 14:06:40.484100
2025-07-24,47592,2025072403020726,SADBL,Linch Stock Market Ltd.,Vision Securities Pvt. Ltd,300,476.0,142800.0,2025-07-24 14:06:40.484384
2025-07-24,47309,2025072403020773,SADBL,Nepal Stock House (PVT) Ltd.,Vision Securities Pvt. Ltd,200,476.0,95200.0,2025-07-24 14:07:22.623380
2025-07-24,46635,2025072403020920,SADBL,Elite Stock House Limited,Vision Securities Pvt. Ltd,500,476.0,238000.0,2025-07-24 14:08:31.923688
2025-07-24,46089,2025072403021025,SADBL,Cristal Kanchanjanga Securites Pvt. Ltd.,Naasa Securities Co. Ltd.,204,475.1,96920.4,2025-07-24 14:09:35.534498
2025-07-24,46025,2025072403021040,SADBL,Agrawal Securities (PVT) Ltd.,Naasa Securities Co. Ltd.,500,475.1,237550.0,2025-07-24 14:09:38.189871
2025-07-24,45491,2025072403021158,SADBL,Naasa Securities Co. Ltd.,Midas Stock Broking Company Private Limited,40,475.0,19000.0,2025-07-24 14:10:43.743202
2025-07-24,45490,2025072403021159,SADBL,Elite Stock House Limited,Midas Stock Broking Company Private Limited,232,475.0,110200.0,2025-07-24 14:10:43.743655
2025-07-24,45177,2025072403021215,SADBL,Elite Stock House Limited,Naasa Securities Co. Ltd.,268,475.0,127300.0,2025-07-24 14:11:12.169884
2025-07-24,45176,2025072403021216,SADBL,Linch Stock Market Ltd.,Naasa Securities Co. Ltd.,28,475.0,13300.0,2025-07-24 14:11:12.170185
2025-07-24,44432,2025072403021370,SADBL,Prabhu Stock Market Limited,South Asian Bulls Pvt. Ltd.,50,476.9,23845.0,2025-07-24 14:12:49.903463
2025-07-24,44431,2025072403021371,SADBL,Prabhu Stock Market Limited,Primo Securities (PVT) Ltd.,790,477.0,376830.0,2025-07-24 14:12:49.903970
2025-07-24,44217,2025072403021427,SADBL,Imperial Securities Company Pvt. Ltd.,Primo Securities (PVT) Ltd.,20,477.0,9540.0,2025-07-24 14:13:15.447511
2025-07-24,43454,2025072403021635,SADBL,Secured Securities Ltd.,Primo Securities (PVT) Ltd.,1190,477.0,567630.0,2025-07-24 14:14:21.960470
2025-07-24,42848,2025072403021822,SADBL,Trishakti Securities Public Limited,Ashutosh Brokerage & Securities (PVT) Ltd.,200,477.9,95580.0,2025-07-24 14:15:13.487080
2025-07-24,42440,2025072403021891,SADBL,Elite Stock House Limited,Ashutosh Brokerage & Securities (PVT) Ltd.,500,477.9,238950.0,2025-07-24 14:15:55.969567
2025-07-24,42373,2025072403021921,SADBL,Linch Stock Market Ltd.,Ashutosh Brokerage & Securities (PVT) Ltd.,336,477.9,160574.4,2025-07-24 14:16:03.107852
2025-07-24,42323,2025072403021925,SADBL,Dakshinkali Investment & Securities Pvt. Ltd.,Sani Securities Company Ltd.,90,478.0,43020.0,2025-07-24 14:16:06.038159
2025-07-24,42322,2025072403021926,SADBL,Dakshinkali Investment & Securities Pvt. Ltd.,Opal Securities Investment (PVT) Ltd.,658,478.9,315116.2,2025-07-24 14:16:06.038207
2025-07-24,42321,2025072403021927,SADBL,Dakshinkali Investment & Securities Pvt. Ltd.,Opal Securities Investment (PVT) Ltd.,1000,478.9,478900.0,2025-07-24 14:16:06.038234
2025-07-24,42320,2025072403021928,SADBL,Dakshinkali Investment & Securities Pvt. Ltd.,Opal Securities Investment (PVT) Ltd.,103,478.9,49326.7,2025-07-24 14:16:06.038274
2025-07-24,42319,2025072403021929,SADBL,Dakshinkali Investment & Securities Pvt. Ltd.,Opal Securities Investment (PVT) Ltd.,658,478.9,315116.2,2025-07-24 14:16:06.038302
2025-07-24,42318,2025072403021930,SADBL,Dakshinkali Investment & Securities Pvt. Ltd.,Opal Securities Investment (PVT) Ltd.,1000,478.9,478900.0,2025-07-24 14:16:06.038331
2025-07-24,42317,2025072403021931,SADBL,Dakshinkali Investment & Securities Pvt. Ltd.,Opal Securities Investment (PVT) Ltd.,124,478.9,59383.6,2025-07-24 14:16:06.038362
2025-07-24,42316,2025072403021932,SADBL,Dakshinkali Investment & Securities Pvt. Ltd.,Opal Securities Investment (PVT) Ltd.,207,478.9,99132.3,2025-07-24 14:16:06.038388
2025-07-24,42315,2025072403021933,SADBL,Dakshinkali Investment & Securities Pvt. Ltd.,Opal Securities Investment (PVT) Ltd.,243,478.9,116372.7,2025-07-24 14:16:06.038413
2025-07-24,42314,2025072403021934,SADBL,Dakshinkali Investment & Securities Pvt. Ltd.,Opal Securities Investment (PVT) Ltd.,155,478.9,74229.5,2025-07-24 14:16:06.038442
2025-07-24,42313,2025072403021935,SADBL,Dakshinkali Investment & Securities Pvt. Ltd.,Vision Securities Pvt. Ltd,509,478.9,243760.1,2025-07-24 14:16:06.038468
2025-07-24,42312,2025072403021936,SADBL,Dakshinkali Investment & Securities Pvt. Ltd.,Kohinoor Investment & Securities Pvt. Ltd.,500,479.0,239500.0,2025-07-24 14:16:06.038511
2025-07-24,42311,2025072403021937,SADBL,Dakshinkali Investment & Securities Pvt. Ltd.,Sundhara Securities Limited,10,479.5,4795.0,2025-07-24 14:16:06.038541
2025-07-24,42310,2025072403021938,SADBL,Dakshinkali Investment & Securities Pvt. Ltd.,Primo Securities (PVT) Ltd.,10,479.8,4798.0,2025-07-24 14:16:06.038569
2025-07-24,42309,2025072403021939,SADBL,Dakshinkali Investment & Securities Pvt. Ltd.,Sumeru Securities Pvt. Ltd.,500,480.0,240000.0,2025-07-24 14:16:06.038598
2025-07-24,42308,2025072403021940,SADBL,Dakshinkali Investment & Securities Pvt. Ltd.,Sumeru Securities Pvt. Ltd.,233,480.0,111840.0,2025-07-24 14:16:06.038626
2025-07-24,42024,2025072403022058,SADBL,Dipshikha Dhitopatra Karobar Co. Pvt Ltd.,Sumeru Securities Pvt. Ltd.,267,480.0,128160.0,2025-07-24 14:16:24.229371
2025-07-24,42023,2025072403022059,SADBL,Dipshikha Dhitopatra Karobar Co. Pvt Ltd.,Cristal Kanchanjanga Securites Pvt. Ltd.,100,480.0,48000.0,2025-07-24 14:16:24.229419
2025-07-24,42022,2025072403022060,SADBL,Dipshikha Dhitopatra Karobar Co. Pvt Ltd.,Online Securities Pvt. Ltd.,300,480.0,144000.0,2025-07-24 14:16:24.229449
2025-07-24,42021,2025072403022061,SADBL,Dipshikha Dhitopatra Karobar Co. Pvt Ltd.,Sani Securities Company Ltd.,92,480.0,44160.0,2025-07-24 14:16:24.229475
2025-07-24,42020,2025072403022062,SADBL,Dipshikha Dhitopatra Karobar Co. Pvt Ltd.,Online Securities Pvt. Ltd.,200,480.0,96000.0,2025-07-24 14:16:24.229499
2025-07-24,42019,2025072403022063,SADBL,Dipshikha Dhitopatra Karobar Co. Pvt Ltd.,Creative Securities Pvt Ltd,500,480.0,240000.0,2025-07-24 14:16:24.229527
2025-07-24,42018,2025072403022064,SADBL,Dipshikha Dhitopatra Karobar Co. Pvt Ltd.,Dipshikha Dhitopatra Karobar Co. Pvt Ltd.,1000,480.0,480000.0,2025-07-24 14:16:24.229556
2025-07-24,42017,2025072403022065,SADBL,Dipshikha Dhitopatra Karobar Co. Pvt Ltd.,Opal Securities Investment (PVT) Ltd.,1541,480.0,739680.0,2025-07-24 14:16:24.229583
2025-07-24,41718,2025072403022131,SADBL,Linch Stock Market Ltd.,Opal Securities Investment (PVT) Ltd.,64,480.0,30720.0,2025-07-24 14:16:51.707053
2025-07-24,41580,2025072403022160,SADBL,Linch Stock Market Ltd.,Opal Securities Investment (PVT) Ltd.,100,480.0,48000.0,2025-07-24 14:17:04.493110
2025-07-24,41523,2025072403022176,SADBL,Linch Stock Market Ltd.,Opal Securities Investment (PVT) Ltd.,200,480.0,96000.0,2025-07-24 14:17:09.796105
2025-07-24,41409,2025072403022209,SADBL,Online Securities Pvt. Ltd.,Opal Securities Investment (PVT) Ltd.,95,480.0,45600.0,2025-07-24 14:17:23.187186
2025-07-24,41408,2025072403022210,SADBL,Online Securities Pvt. Ltd.,Kohinoor Investment & Securities Pvt. Ltd.,405,480.0,194400.0,2025-07-24 14:17:23.187405
2025-07-24,41311,2025072403022234,SADBL,Linch Stock Market Ltd.,Kohinoor Investment & Securities Pvt. Ltd.,200,480.0,96000.0,2025-07-24 14:17:32.588476
2025-07-24,41183,2025072403022250,SADBL,Dynamic Money Managers Securities Pvt. Ltd.,Sanima Securities Limited,500,479.0,239500.0,2025-07-24 14:17:39.571783
2025-07-24,40932,2025072403022305,SADBL,Trisul Securities & Invt. Ltd.,Sani Securities Company Ltd.,21,478.0,10038.0,2025-07-24 14:18:05.430398
2025-07-24,40821,2025072403022343,SADBL,Aryatara Investment & Securities,Kohinoor Investment & Securities Pvt. Ltd.,395,480.0,189600.0,2025-07-24 14:18:13.549002
2025-07-24,40820,2025072403022344,SADBL,Aryatara Investment & Securities,Magnet Securities and Investment Company Private Limited,700,480.0,336000.0,2025-07-24 14:18:13.549232
2025-07-24,40819,2025072403022345,SADBL,Aryatara Investment & Securities,Vision Securities Pvt. Ltd,905,480.0,434400.0,2025-07-24 14:18:13.549318
2025-07-24,40741,2025072403022363,SADBL,Vision Securities Pvt. Ltd,Vision Securities Pvt. Ltd,95,480.0,45600.0,2025-07-24 14:18:21.312415
2025-07-24,40740,2025072403022364,SADBL,Vision Securities Pvt. Ltd,Secured Securities Ltd.,500,480.0,240000.0,2025-07-24 14:18:21.312824
2025-07-24,40739,2025072403022365,SADBL,Vision Securities Pvt. Ltd,Aryatara Investment & Securities,16,480.0,7680.0,2025-07-24 14:18:21.313099
2025-07-24,40054,2025072403022531,SADBL,Cristal Kanchanjanga Securites Pvt. Ltd.,Sundhara Securities Limited,10,480.5,4805.0,2025-07-24 14:19:19.248332
2025-07-24,40053,2025072403022532,SADBL,Cristal Kanchanjanga Securites Pvt. Ltd.,ABC Securities Private Limited,990,481.0,476190.0,2025-07-24 14:19:19.248732
2025-07-24,39406,2025072403022697,SADBL,Dipshikha Dhitopatra Karobar Co. Pvt Ltd.,J.F. Securites (PVT) Ltd.,5000,480.2,2401000.0,2025-07-24 14:20:20.862653
2025-07-24,39372,2025072403022708,SADBL,Online Securities Pvt. Ltd.,ABC Securities Private Limited,46,481.0,22126.0,2025-07-24 14:20:23.575679
2025-07-24,39371,2025072403022709,SADBL,Online Securities Pvt. Ltd.,ABC Securities Private Limited,204,481.0,98124.0,2025-07-24 14:20:23.576102
2025-07-24,39370,2025072403022710,SADBL,Online Securities Pvt. Ltd.,Arun Securities (PVT) Ltd.,500,481.0,240500.0,2025-07-24 14:20:23.576374
2025-07-24,38246,2025072403022923,SADBL,Neev Securities Pvt. Ltd.,Kalika Securities Pvt. Ltd.,10,481.4,4814.0,2025-07-24 14:22:00.903495
2025-07-24,38245,2025072403022924,SADBL,Neev Securities Pvt. Ltd.,Shree Krishna Securities Ltd.,25,481.4,12035.0,2025-07-24 14:22:00.903916
2025-07-24,37622,2025072403023038,SADBL,Neev Securities Pvt. Ltd.,Dipshikha Dhitopatra Karobar Co. Pvt Ltd.,65,482.0,31330.0,2025-07-24 14:22:51.224550
2025-07-24,37367,2025072403023064,SADBL,Market Securities & Exchange (PVT) Ltd.,Dipshikha Dhitopatra Karobar Co. Pvt Ltd.,200,482.0,96400.0,2025-07-24 14:23:10.176444
2025-07-24,37305,2025072403023075,SADBL,Neev Securities Pvt. Ltd.,Dipshikha Dhitopatra Karobar Co. Pvt Ltd.,200,482.0,96400.0,2025-07-24 14:23:16.725944
2025-07-24,37300,2025072403023077,SADBL,South Asian Bulls Pvt. Ltd.,Dipshikha Dhitopatra Karobar Co. Pvt Ltd.,200,481.5,96300.0,2025-07-24 14:23:17.118170
2025-07-24,37187,2025072403023107,SADBL,South Asian Bulls Pvt. Ltd.,Ashutosh Brokerage & Securities (PVT) Ltd.,212,481.5,102078.0,2025-07-24 14:23:26.530435
2025-07-24,37182,2025072403023108,SADBL,Online Securities Pvt. Ltd.,Dipshikha Dhitopatra Karobar Co. Pvt Ltd.,35,482.0,16870.0,2025-07-24 14:23:27.486386
2025-07-24,37138,2025072403023116,SADBL,Vision Securities Pvt. Ltd,Cristal Kanchanjanga Securites Pvt. Ltd.,100,482.0,48200.0,2025-07-24 14:23:31.604927
2025-07-24,37137,2025072403023117,SADBL,Vision Securities Pvt. Ltd,Cristal Kanchanjanga Securites Pvt. Ltd.,100,482.0,48200.0,2025-07-24 14:23:31.605182
2025-07-24,37136,2025072403023118,SADBL,Vision Securities Pvt. Ltd,Trademow Securities Private Limited,300,482.0,144600.0,2025-07-24 14:23:31.605313
2025-07-24,37124,2025072403023119,SADBL,Naasa Securities Co. Ltd.,Trademow Securities Private Limited,500,482.0,241000.0,2025-07-24 14:23:33.151149
2025-07-24,37043,2025072403023153,SADBL,South Asian Bulls Pvt. Ltd.,Trademow Securities Private Limited,300,482.0,144600.0,2025-07-24 14:23:38.185522
2025-07-24,36943,2025072403023174,SADBL,Sri Hari Securities Pvt. Ltd.,Trademow Securities Private Limited,400,482.0,192800.0,2025-07-24 14:23:48.758626
2025-07-24,36663,2025072403023226,SADBL,South Asian Bulls Pvt. Ltd.,Sumeru Securities Pvt. Ltd.,300,482.6,144780.0,2025-07-24 14:24:15.805374
2025-07-24,36444,2025072403023274,SADBL,Premier Securities Company Ltd.,Naasa Securities Co. Ltd.,10,482.8,4828.0,2025-07-24 14:24:35.344097
2025-07-24,36328,2025072403023290,SADBL,Aryatara Investment & Securities,Online Securities Pvt. Ltd.,150,483.0,72450.0,2025-07-24 14:24:44.293975
2025-07-24,36169,2025072403023326,SADBL,Online Securities Pvt. Ltd.,Online Securities Pvt. Ltd.,15,483.0,7245.0,2025-07-24 14:24:59.516572
2025-07-24,36150,2025072403023327,SADBL,Premier Securities Company Ltd.,Online Securities Pvt. Ltd.,94,483.0,45402.0,2025-07-24 14:25:01.731785
2025-07-24,36149,2025072403023328,SADBL,Premier Securities Company Ltd.,SHUBHAKAMANA SECURITIES PVT. LTD,500,483.0,241500.0,2025-07-24 14:25:01.732030
2025-07-24,35628,2025072403023442,SADBL,Imperial Securities Company Pvt. Ltd.,N.M.B. SECURITIES LIMITED,100,483.5,48350.0,2025-07-24 14:25:57.355677
2025-07-24,35030,2025072403023599,SADBL,Primo Securities (PVT) Ltd.,Sanima Securities Limited,500,483.0,241500.0,2025-07-24 14:27:00.228515
2025-07-24,34841,2025072403023653,SADBL,Aryatara Investment & Securities,N.M.B. SECURITIES LIMITED,43,483.5,20790.5,2025-07-24 14:27:20.415938
2025-07-24,34717,2025072403023682,SADBL,Primo Securities (PVT) Ltd.,Sewa Securities Pvt. Ltd.,500,483.0,241500.0,2025-07-24 14:27:32.077525
2025-07-24,34439,2025072403023738,SADBL,BHOLE GANESH SECURITIES LTD,S.P.S.A. Securities Limited,200,483.0,96600.0,2025-07-24 14:27:56.972085
2025-07-24,34438,2025072403023739,SADBL,Imperial Securities Company Pvt. Ltd.,S.P.S.A. Securities Limited,10,483.0,4830.0,2025-07-24 14:27:56.972571
2025-07-24,34437,2025072403023740,SADBL,Vision Securities Pvt. Ltd,S.P.S.A. Securities Limited,500,482.0,241000.0,2025-07-24 14:27:56.972981
2025-07-24,34436,2025072403023741,SADBL,Malla & Malla Stock Broking Company Pvt. Limited,S.P.S.A. Securities Limited,290,482.0,139780.0,2025-07-24 14:27:56.973343
2025-07-24,34362,2025072403023757,SADBL,Malla & Malla Stock Broking Company Pvt. Limited,Nagarik Stock Dealer ,210,482.0,101220.0,2025-07-24 14:28:03.560146
2025-07-24,34361,2025072403023758,SADBL,South Asian Bulls Pvt. Ltd.,Nagarik Stock Dealer ,88,481.5,42372.0,2025-07-24 14:28:03.560555
2025-07-24,34360,2025072403023759,SADBL,Imperial Securities Company Pvt. Ltd.,Nagarik Stock Dealer ,500,481.2,240600.0,2025-07-24 14:28:03.560868
2025-07-24,34359,2025072403023760,SADBL,Capital Max Securities Ltd,Nagarik Stock Dealer ,1202,481.2,578402.4,2025-07-24 14:28:03.561224
2025-07-24,33959,2025072403023867,SADBL,Dynamic Money Managers Securities Pvt. Ltd.,Hatemalo Financial Services Private Limited,400,483.0,193200.0,2025-07-24 14:28:35.074120
2025-07-24,33320,2025072403023997,SADBL,Malla & Malla Stock Broking Company Pvt. Limited,BHOLE GANESH SECURITIES LTD,200,482.0,96400.0,2025-07-24 14:29:30.299528
2025-07-24,33319,2025072403023998,SADBL,Magnet Securities and Investment Company Private Limited,BHOLE GANESH SECURITIES LTD,1000,481.3,481300.0,2025-07-24 14:29:30.299575
2025-07-24,33318,2025072403023999,SADBL,Capital Max Securities Ltd,BHOLE GANESH SECURITIES LTD,1800,481.2,866160.0,2025-07-24 14:29:30.299605
2025-07-24,33159,2025072403024023,SADBL,Capital Max Securities Ltd,J.F. Securites (PVT) Ltd.,1998,481.2,961437.6,2025-07-24 14:29:46.972819
2025-07-24,33158,2025072403024024,SADBL,Online Securities Pvt. Ltd.,J.F. Securites (PVT) Ltd.,250,481.0,120250.0,2025-07-24 14:29:46.973280
2025-07-24,33157,2025072403024025,SADBL,Cristal Kanchanjanga Securites Pvt. Ltd.,J.F. Securites (PVT) Ltd.,3249,481.0,1562769.0,2025-07-24 14:29:46.973567
2025-07-24,33146,2025072403024029,SADBL,Cristal Kanchanjanga Securites Pvt. Ltd.,Kohinoor Investment & Securities Pvt. Ltd.,25000,481.0,12025000.0,2025-07-24 14:29:48.375360
2025-07-24,33084,2025072403024044,SADBL,Cristal Kanchanjanga Securites Pvt. Ltd.,Opal Securities Investment (PVT) Ltd.,103,481.0,49543.0,2025-07-24 14:29:54.379153
2025-07-24,33056,2025072403024045,SADBL,Cristal Kanchanjanga Securites Pvt. Ltd.,ABC Securities Private Limited,255,481.0,122655.0,2025-07-24 14:29:55.234011
2025-07-24,32946,2025072403024063,SADBL,Cristal Kanchanjanga Securites Pvt. Ltd.,Sharepro Securities Private Limited,10000,481.0,4810000.0,2025-07-24 14:30:03.504922
2025-07-24,32893,2025072403024086,SADBL,Cristal Kanchanjanga Securites Pvt. Ltd.,Primo Securities (PVT) Ltd.,518,481.0,249158.0,2025-07-24 14:30:08.609357
2025-07-24,32740,2025072403024123,SADBL,Kohinoor Investment & Securities Pvt. Ltd.,Dynamic Money Managers Securities Pvt. Ltd.,1789,482.7,863550.3,2025-07-24 14:30:24.952278
2025-07-24,32739,2025072403024124,SADBL,Kohinoor Investment & Securities Pvt. Ltd.,South Asian Bulls Pvt. Ltd.,5000,482.8,2414000.0,2025-07-24 14:30:24.952489
2025-07-24,32738,2025072403024125,SADBL,Kohinoor Investment & Securities Pvt. Ltd.,Hatemalo Financial Services Private Limited,600,483.0,289800.0,2025-07-24 14:30:24.952576
2025-07-24,32737,2025072403024126,SADBL,Kohinoor Investment & Securities Pvt. Ltd.,Kohinoor Investment & Securities Pvt. Ltd.,2000,483.0,966000.0,2025-07-24 14:30:24.952659
2025-07-24,32736,2025072403024127,SADBL,Kohinoor Investment & Securities Pvt. Ltd.,Aakashbhairab Securities Ltd.,1750,483.0,845250.0,2025-07-24 14:30:24.952740
2025-07-24,32735,2025072403024128,SADBL,Kohinoor Investment & Securities Pvt. Ltd.,Midas Stock Broking Company Private Limited,8861,483.0,4279863.0,2025-07-24 14:30:24.952820
2025-07-24,32612,2025072403024145,SADBL,Trisul Securities & Invt. Ltd.,Midas Stock Broking Company Private Limited,500,483.0,241500.0,2025-07-24 14:30:34.486109
2025-07-24,32425,2025072403024186,SADBL,South Asian Bulls Pvt. Ltd.,Midas Stock Broking Company Private Limited,400,483.0,193200.0,2025-07-24 14:30:54.337568
2025-07-24,32374,2025072403024202,SADBL,Dipshikha Dhitopatra Karobar Co. Pvt Ltd.,Midas Stock Broking Company Private Limited,239,483.0,115437.0,2025-07-24 14:30:59.953731
2025-07-24,32373,2025072403024203,SADBL,Dipshikha Dhitopatra Karobar Co. Pvt Ltd.,Sani Securities Company Ltd.,20,484.0,9680.0,2025-07-24 14:30:59.954290
2025-07-24,32372,2025072403024204,SADBL,Dipshikha Dhitopatra Karobar Co. Pvt Ltd.,Kumari Securities Private Limited,100,484.0,48400.0,2025-07-24 14:30:59.954670
2025-07-24,32371,2025072403024205,SADBL,Dipshikha Dhitopatra Karobar Co. Pvt Ltd.,Malla & Malla Stock Broking Company Pvt. Limited,40,484.0,19360.0,2025-07-24 14:30:59.955187
2025-07-24,32370,2025072403024206,SADBL,Dipshikha Dhitopatra Karobar Co. Pvt Ltd.,Nepal Stock House (PVT) Ltd.,216,484.5,104652.0,2025-07-24 14:30:59.955662
2025-07-24,32079,2025072403024292,SADBL,Dipshikha Dhitopatra Karobar Co. Pvt Ltd.,Dynamic Money Managers Securities Pvt. Ltd.,385,484.5,186532.5,2025-07-24 14:31:26.002834
2025-07-24,31707,2025072403024401,SADBL,Sundhara Securities Limited,Online Securities Pvt. Ltd.,11,482.1,5303.1,2025-07-24 14:31:58.877885
2025-07-24,31567,2025072403024433,SADBL,Imperial Securities Company Pvt. Ltd.,Neev Securities Pvt. Ltd.,100,484.0,48400.0,2025-07-24 14:32:09.772920
2025-07-24,31566,2025072403024434,SADBL,Imperial Securities Company Pvt. Ltd.,ABC Securities Private Limited,10,484.0,4840.0,2025-07-24 14:32:09.772964
2025-07-24,31565,2025072403024435,SADBL,Imperial Securities Company Pvt. Ltd.,Dynamic Money Managers Securities Pvt. Ltd.,409,484.0,197956.0,2025-07-24 14:32:09.772989
2025-07-24,31564,2025072403024436,SADBL,Imperial Securities Company Pvt. Ltd.,Sumeru Securities Pvt. Ltd.,101,485.0,48985.0,2025-07-24 14:32:09.773018
2025-07-24,31563,2025072403024437,SADBL,Imperial Securities Company Pvt. Ltd.,Sani Securities Company Ltd.,200,485.0,97000.0,2025-07-24 14:32:09.773059
2025-07-24,31562,2025072403024438,SADBL,Imperial Securities Company Pvt. Ltd.,Deevyaa Securities & Stock House Pvt. Ltd,52,485.0,25220.0,2025-07-24 14:32:09.773085
2025-07-24,31561,2025072403024439,SADBL,Imperial Securities Company Pvt. Ltd.,Naasa Securities Co. Ltd.,17,485.0,8245.0,2025-07-24 14:32:09.773116
2025-07-24,31560,2025072403024440,SADBL,Imperial Securities Company Pvt. Ltd.,Siprabi Securities Pvt. Ltd.,64,485.0,31040.0,2025-07-24 14:32:09.773149
2025-07-24,31559,2025072403024441,SADBL,Imperial Securities Company Pvt. Ltd.,Opal Securities Investment (PVT) Ltd.,21,485.0,10185.0,2025-07-24 14:32:09.773179
2025-07-24,31558,2025072403024442,SADBL,Imperial Securities Company Pvt. Ltd.,N.M.B. SECURITIES LIMITED,50,485.0,24250.0,2025-07-24 14:32:09.773213
2025-07-24,31557,2025072403024443,SADBL,Imperial Securities Company Pvt. Ltd.,KALASH STOCK MARKET PVT. LTD.,1000,485.0,485000.0,2025-07-24 14:32:09.773244
2025-07-24,31556,2025072403024444,SADBL,Imperial Securities Company Pvt. Ltd.,BHOLE GANESH SECURITIES LTD,976,485.0,473360.0,2025-07-24 14:32:09.773274
2025-07-24,30791,2025072403024619,SADBL,Naasa Securities Co. Ltd.,Midas Stock Broking Company Private Limited,1001,483.0,483483.0,2025-07-24 14:33:16.404092
2025-07-24,30736,2025072403024625,SADBL,Thrive Brokerage House Pvt. Ltd,Sumeru Securities Pvt. Ltd.,400,483.9,193560.0,2025-07-24 14:33:19.919882
2025-07-24,30735,2025072403024626,SADBL,Thrive Brokerage House Pvt. Ltd,Vision Securities Pvt. Ltd,600,484.0,290400.0,2025-07-24 14:33:19.920114
2025-07-24,30620,2025072403024648,SADBL,Thrive Brokerage House Pvt. Ltd,Vision Securities Pvt. Ltd,1000,484.0,484000.0,2025-07-24 14:33:30.533798
2025-07-24,30550,2025072403024656,SADBL,Investment Management Nepal Pvt. Ltd.,Vision Securities Pvt. Ltd,1000,484.0,484000.0,2025-07-24 14:33:34.600854
2025-07-24,30449,2025072403024681,SADBL,Naasa Securities Co. Ltd.,Online Securities Pvt. Ltd.,1999,483.0,965517.0,2025-07-24 14:33:44.730390
2025-07-24,30425,2025072403024688,SADBL,Thrive Brokerage House Pvt. Ltd,Vision Securities Pvt. Ltd,100,484.0,48400.0,2025-07-24 14:33:47.668364
2025-07-24,29639,2025072403024846,SADBL,Aryatara Investment & Securities,Vision Securities Pvt. Ltd,300,484.0,145200.0,2025-07-24 14:34:51.951021
2025-07-24,29638,2025072403024847,SADBL,Aryatara Investment & Securities,Naasa Securities Co. Ltd.,100,484.0,48400.0,2025-07-24 14:34:51.951468
2025-07-24,29553,2025072403024870,SADBL,Dynamic Money Managers Securities Pvt. Ltd.,Naasa Securities Co. Ltd.,100,484.0,48400.0,2025-07-24 14:34:58.705843
2025-07-24,29199,2025072403024957,SADBL,Aryatara Investment & Securities,Sundhara Securities Limited,10,484.5,4845.0,2025-07-24 14:35:19.001170
2025-07-24,29198,2025072403024958,SADBL,Aryatara Investment & Securities,South Asian Bulls Pvt. Ltd.,100,484.8,48480.0,2025-07-24 14:35:19.001225
2025-07-24,29197,2025072403024959,SADBL,Aryatara Investment & Securities,Imperial Securities Company Pvt. Ltd.,110,484.9,53339.0,2025-07-24 14:35:19.001255
2025-07-24,29196,2025072403024960,SADBL,Aryatara Investment & Securities,ABC Securities Private Limited,90,484.9,43641.0,2025-07-24 14:35:19.001281
2025-07-24,29195,2025072403024961,SADBL,Aryatara Investment & Securities,BHOLE GANESH SECURITIES LTD,690,485.0,334650.0,2025-07-24 14:35:19.001314
2025-07-24,29137,2025072403024977,SADBL,Dynamic Money Managers Securities Pvt. Ltd.,Sundhara Securities Limited,30,484.0,14520.0,2025-07-24 14:35:21.975716
2025-07-24,29116,2025072403024981,SADBL,Dynamic Money Managers Securities Pvt. Ltd.,Cristal Kanchanjanga Securites Pvt. Ltd.,70,484.0,33880.0,2025-07-24 14:35:23.690318
2025-07-24,29115,2025072403024982,SADBL,Primo Securities (PVT) Ltd.,Cristal Kanchanjanga Securites Pvt. Ltd.,43,484.0,20812.0,2025-07-24 14:35:23.690553
2025-07-24,29114,2025072403024983,SADBL,Neev Securities Pvt. Ltd.,Cristal Kanchanjanga Securites Pvt. Ltd.,100,482.0,48200.0,2025-07-24 14:35:23.690655
2025-07-24,29113,2025072403024984,SADBL,Infinity Securities Limited,Cristal Kanchanjanga Securites Pvt. Ltd.,287,482.0,138334.0,2025-07-24 14:35:23.690741
2025-07-24,29001,2025072403025002,SADBL,Dipshikha Dhitopatra Karobar Co. Pvt Ltd.,BHOLE GANESH SECURITIES LTD,10,485.0,4850.0,2025-07-24 14:35:33.688110
2025-07-24,28849,2025072403025029,SADBL,Imperial Securities Company Pvt. Ltd.,Imperial Securities Company Pvt. Ltd.,1000,484.0,484000.0,2025-07-24 14:35:47.229758
2025-07-24,28848,2025072403025030,SADBL,Imperial Securities Company Pvt. Ltd.,BHOLE GANESH SECURITIES LTD,324,485.0,157140.0,2025-07-24 14:35:47.229862
2025-07-24,28847,2025072403025031,SADBL,Imperial Securities Company Pvt. Ltd.,Dipshikha Dhitopatra Karobar Co. Pvt Ltd.,2676,485.0,1297860.0,2025-07-24 14:35:47.229931
2025-07-24,28725,2025072403025047,SADBL,Neev Securities Pvt. Ltd.,Aryatara Investment & Securities,100,484.9,48490.0,2025-07-24 14:35:58.041100
2025-07-24,28629,2025072403025067,SADBL,Creative Securities Pvt Ltd,Investment Management Nepal Pvt. Ltd.,100,483.0,48300.0,2025-07-24 14:36:04.871567
2025-07-24,28628,2025072403025068,SADBL,Aakashbhairab Securities Ltd.,Investment Management Nepal Pvt. Ltd.,2000,483.0,966000.0,2025-07-24 14:36:04.871794
2025-07-24,28419,2025072403025137,SADBL,Aakashbhairab Securities Ltd.,Dipshikha Dhitopatra Karobar Co. Pvt Ltd.,324,485.0,157140.0,2025-07-24 14:36:22.806726
2025-07-24,28418,2025072403025138,SADBL,Aakashbhairab Securities Ltd.,Trishakti Securities Public Limited,500,485.0,242500.0,2025-07-24 14:36:22.807155
2025-07-24,28417,2025072403025139,SADBL,Aakashbhairab Securities Ltd.,Deevyaa Securities & Stock House Pvt. Ltd,308,485.0,149380.0,2025-07-24 14:36:22.807399
2025-07-24,28416,2025072403025140,SADBL,Aakashbhairab Securities Ltd.,Naasa Securities Co. Ltd.,100,485.0,48500.0,2025-07-24 14:36:22.807636
2025-07-24,28076,2025072403025197,SADBL,Aakashbhairab Securities Ltd.,Sundhara Securities Limited,20,485.0,9700.0,2025-07-24 14:36:45.153484
2025-07-24,28055,2025072403025202,SADBL,Aakashbhairab Securities Ltd.,Blue Chip Securities Ltd,248,485.0,120280.0,2025-07-24 14:36:47.208728
2025-07-24,28054,2025072403025203,SADBL,Siprabi Securities Pvt. Ltd.,Blue Chip Securities Ltd,1000,485.0,485000.0,2025-07-24 14:36:47.209174
2025-07-24,28053,2025072403025204,SADBL,Oxford Securities Pvt. Ltd.,Blue Chip Securities Ltd,970,485.0,470450.0,2025-07-24 14:36:47.209439
2025-07-24,28031,2025072403025215,SADBL,Thrive Brokerage House Pvt. Ltd,Blue Chip Securities Ltd,240,485.0,116400.0,2025-07-24 14:36:48.170490
2025-07-24,27945,2025072403025241,SADBL,Linch Stock Market Ltd.,Blue Chip Securities Ltd,50,485.0,24250.0,2025-07-24 14:36:56.416735
2025-07-24,27811,2025072403025283,SADBL,Creative Securities Pvt Ltd,Blue Chip Securities Ltd,100,485.0,48500.0,2025-07-24 14:37:04.768043
2025-07-24,27716,2025072403025301,SADBL,Dakshinkali Investment & Securities Pvt. Ltd.,Thrive Brokerage House Pvt. Ltd,300,484.0,145200.0,2025-07-24 14:37:12.296782
2025-07-24,27640,2025072403025312,SADBL,Creative Securities Pvt Ltd,Blue Chip Securities Ltd,100,485.0,48500.0,2025-07-24 14:37:17.999682
2025-07-24,27596,2025072403025320,SADBL,Dakshinkali Investment & Securities Pvt. Ltd.,Dakshinkali Investment & Securities Pvt. Ltd.,1000,484.0,484000.0,2025-07-24 14:37:22.149328
2025-07-24,27533,2025072403025345,SADBL,Creative Securities Pvt Ltd,Blue Chip Securities Ltd,100,485.0,48500.0,2025-07-24 14:37:27.986866
2025-07-24,27432,2025072403025367,SADBL,Linch Stock Market Ltd.,Blue Chip Securities Ltd,50,485.0,24250.0,2025-07-24 14:37:36.764070
2025-07-24,27244,2025072403025391,SADBL,Sumeru Securities Pvt. Ltd.,Blue Chip Securities Ltd,2000,485.0,970000.0,2025-07-24 14:37:53.258411
2025-07-24,27148,2025072403025397,SADBL,Swarna Laxmi Securities Pvt. Ltd.,Blue Chip Securities Ltd,142,485.0,68870.0,2025-07-24 14:37:59.839721
2025-07-24,27147,2025072403025398,SADBL,Swarna Laxmi Securities Pvt. Ltd.,ABC Securities Private Limited,20,485.0,9700.0,2025-07-24 14:37:59.839956
2025-07-24,27146,2025072403025399,SADBL,Swarna Laxmi Securities Pvt. Ltd.,Online Securities Pvt. Ltd.,25,485.0,12125.0,2025-07-24 14:37:59.840052
2025-07-24,27145,2025072403025400,SADBL,Swarna Laxmi Securities Pvt. Ltd.,Naasa Securities Co. Ltd.,105,485.0,50925.0,2025-07-24 14:37:59.840147
2025-07-24,26917,2025072403025463,SADBL,Imperial Securities Company Pvt. Ltd.,Trishakti Securities Public Limited,110,484.1,53251.0,2025-07-24 14:38:12.932635
2025-07-24,26916,2025072403025464,SADBL,Imperial Securities Company Pvt. Ltd.,Naasa Securities Co. Ltd.,13,485.0,6305.0,2025-07-24 14:38:12.932886
2025-07-24,26915,2025072403025465,SADBL,Imperial Securities Company Pvt. Ltd.,SUN SECURITIES PVT LTD,877,485.2,425520.4,2025-07-24 14:38:12.932986
2025-07-24,26840,2025072403025484,SADBL,Aryatara Investment & Securities,SUN SECURITIES PVT LTD,123,485.2,59679.6,2025-07-24 14:38:18.694688
2025-07-24,26839,2025072403025485,SADBL,Aryatara Investment & Securities,Sundhara Securities Limited,50,485.5,24275.0,2025-07-24 14:38:18.694734
2025-07-24,26838,2025072403025486,SADBL,Aryatara Investment & Securities,Primo Securities (PVT) Ltd.,10,485.7,4857.0,2025-07-24 14:38:18.694761
2025-07-24,26837,2025072403025487,SADBL,Aryatara Investment & Securities,Deevyaa Securities & Stock House Pvt. Ltd,100,485.9,48590.0,2025-07-24 14:38:18.694789
2025-07-24,26836,2025072403025488,SADBL,Aryatara Investment & Securities,Premier Securities Company Ltd.,30,486.0,14580.0,2025-07-24 14:38:18.694816
2025-07-24,26835,2025072403025489,SADBL,Aryatara Investment & Securities,Cristal Kanchanjanga Securites Pvt. Ltd.,187,486.0,90882.0,2025-07-24 14:38:18.694852
2025-07-24,26784,2025072403025503,SADBL,Dakshinkali Investment & Securities Pvt. Ltd.,Indira securities pvt. ltd,300,484.0,145200.0,2025-07-24 14:38:22.447102
2025-07-24,26678,2025072403025513,SADBL,Dakshinkali Investment & Securities Pvt. Ltd.,Indira securities pvt. ltd,200,484.0,96800.0,2025-07-24 14:38:28.812185
2025-07-24,26294,2025072403025592,SADBL,Kumari Securities Private Limited,Cristal Kanchanjanga Securites Pvt. Ltd.,313,486.0,152118.0,2025-07-24 14:39:01.095103
2025-07-24,26293,2025072403025593,SADBL,Kumari Securities Private Limited,Sundhara Securities Limited,290,486.0,140940.0,2025-07-24 14:39:01.095337
2025-07-24,26292,2025072403025594,SADBL,Kumari Securities Private Limited,INDEX SECURITIES LIMITED,245,486.0,119070.0,2025-07-24 14:39:01.095424
2025-07-24,26291,2025072403025595,SADBL,Kumari Securities Private Limited,Sri Hari Securities Pvt. Ltd.,22,486.0,10692.0,2025-07-24 14:39:01.095532
2025-07-24,26290,2025072403025596,SADBL,Kumari Securities Private Limited,Midas Stock Broking Company Private Limited,12,486.0,5832.0,2025-07-24 14:39:01.095631
2025-07-24,26289,2025072403025597,SADBL,Kumari Securities Private Limited,Dakshinkali Investment & Securities Pvt. Ltd.,118,486.0,57348.0,2025-07-24 14:39:01.095732
2025-07-24,25946,2025072403025666,SADBL,Capital Max Securities Ltd,Dakshinkali Investment & Securities Pvt. Ltd.,1882,486.0,914652.0,2025-07-24 14:39:26.967473
2025-07-24,25945,2025072403025667,SADBL,Capital Max Securities Ltd,Sani Securities Company Ltd.,10,486.0,4860.0,2025-07-24 14:39:26.967518
2025-07-24,25944,2025072403025668,SADBL,Capital Max Securities Ltd,Vision Securities Pvt. Ltd,15,486.0,7290.0,2025-07-24 14:39:26.967546
2025-07-24,25943,2025072403025669,SADBL,Capital Max Securities Ltd,Sani Securities Company Ltd.,20,486.0,9720.0,2025-07-24 14:39:26.967578
2025-07-24,25942,2025072403025670,SADBL,Capital Max Securities Ltd,Dipshikha Dhitopatra Karobar Co. Pvt Ltd.,1000,486.0,486000.0,2025-07-24 14:39:26.967619
2025-07-24,25941,2025072403025671,SADBL,Capital Max Securities Ltd,Himalayan Brokerage Company Limited,260,486.0,126360.0,2025-07-24 14:39:26.967644
2025-07-24,25940,2025072403025672,SADBL,Capital Max Securities Ltd,Naasa Securities Co. Ltd.,25,486.5,12162.5,2025-07-24 14:39:26.967668
2025-07-24,25939,2025072403025673,SADBL,Capital Max Securities Ltd,Roadshow securities limited,150,486.5,72975.0,2025-07-24 14:39:26.967696
2025-07-24,25938,2025072403025674,SADBL,Capital Max Securities Ltd,Sweta Securities Private Limited,199,486.5,96813.5,2025-07-24 14:39:26.967721
2025-07-24,25937,2025072403025675,SADBL,Capital Max Securities Ltd,NIMB Stock Markets Limited,21,486.6,10218.6,2025-07-24 14:39:26.967748
2025-07-24,25936,2025072403025676,SADBL,Capital Max Securities Ltd,Sani Securities Company Ltd.,259,487.0,126133.0,2025-07-24 14:39:26.967781
2025-07-24,25935,2025072403025677,SADBL,Capital Max Securities Ltd,Malla & Malla Stock Broking Company Pvt. Limited,103,487.0,50161.0,2025-07-24 14:39:26.967806
2025-07-24,25934,2025072403025678,SADBL,Capital Max Securities Ltd,Sundhara Securities Limited,50,487.0,24350.0,2025-07-24 14:39:26.967829
2025-07-24,25933,2025072403025679,SADBL,Capital Max Securities Ltd,J.F. Securites (PVT) Ltd.,50,487.5,24375.0,2025-07-24 14:39:26.967852
2025-07-24,25932,2025072403025680,SADBL,Capital Max Securities Ltd,Kumari Securities Private Limited,30,488.0,14640.0,2025-07-24 14:39:26.967878
2025-07-24,25931,2025072403025681,SADBL,Capital Max Securities Ltd,Nabil Stock Dealer Ltd.,350,488.0,170800.0,2025-07-24 14:39:26.967908
2025-07-24,25930,2025072403025682,SADBL,Capital Max Securities Ltd,Sani Securities Company Ltd.,59,488.0,28792.0,2025-07-24 14:39:26.967934
2025-07-24,25929,2025072403025683,SADBL,Capital Max Securities Ltd,Sani Securities Company Ltd.,54,488.0,26352.0,2025-07-24 14:39:26.967962
2025-07-24,25928,2025072403025684,SADBL,Capital Max Securities Ltd,Ashutosh Brokerage & Securities (PVT) Ltd.,200,488.0,97600.0,2025-07-24 14:39:26.967998
2025-07-24,25927,2025072403025685,SADBL,Capital Max Securities Ltd,Sani Securities Company Ltd.,263,488.0,128344.0,2025-07-24 14:39:26.968031
2025-07-24,25799,2025072403025706,SADBL,Premier Securities Company Ltd.,Sani Securities Company Ltd.,48,488.0,23424.0,2025-07-24 14:39:36.286204
2025-07-24,25781,2025072403025710,SADBL,Premier Securities Company Ltd.,Ashutosh Brokerage & Securities (PVT) Ltd.,100,488.0,48800.0,2025-07-24 14:39:37.929868
2025-07-24,25666,2025072403025730,SADBL,ABC Securities Private Limited,BHOLE GANESH SECURITIES LTD,100,488.7,48870.0,2025-07-24 14:39:49.622525
2025-07-24,25641,2025072403025734,SADBL,Premier Securities Company Ltd.,Deevyaa Securities & Stock House Pvt. Ltd,100,488.0,48800.0,2025-07-24 14:39:53.834663
2025-07-24,25609,2025072403025740,SADBL,Premier Securities Company Ltd.,Imperial Securities Company Pvt. Ltd.,30,488.0,14640.0,2025-07-24 14:39:58.192222
2025-07-24,25486,2025072403025761,SADBL,Siprabi Securities Pvt. Ltd.,BHOLE GANESH SECURITIES LTD,500,488.7,244350.0,2025-07-24 14:40:07.235891
2025-07-24,25464,2025072403025774,SADBL,Vision Securities Pvt. Ltd,BHOLE GANESH SECURITIES LTD,300,488.7,146610.0,2025-07-24 14:40:09.037745
2025-07-24,25268,2025072403025822,SADBL,Naasa Securities Co. Ltd.,BHOLE GANESH SECURITIES LTD,40,488.7,19548.0,2025-07-24 14:40:27.047327
2025-07-24,25064,2025072403025864,SADBL,Premier Securities Company Ltd.,ABC Securities Private Limited,10,488.0,4880.0,2025-07-24 14:40:40.272068
2025-07-24,25043,2025072403025869,SADBL,Cristal Kanchanjanga Securites Pvt. Ltd.,BHOLE GANESH SECURITIES LTD,60,488.7,29322.0,2025-07-24 14:40:43.176852
2025-07-24,25042,2025072403025870,SADBL,Cristal Kanchanjanga Securites Pvt. Ltd.,ABC Securities Private Limited,10,488.7,4887.0,2025-07-24 14:40:43.177270
2025-07-24,25041,2025072403025871,SADBL,Cristal Kanchanjanga Securites Pvt. Ltd.,Dipshikha Dhitopatra Karobar Co. Pvt Ltd.,930,488.9,454677.0,2025-07-24 14:40:43.177591
2025-07-24,24933,2025072403025898,SADBL,Aryatara Investment & Securities,Dipshikha Dhitopatra Karobar Co. Pvt Ltd.,50,488.9,24445.0,2025-07-24 14:40:53.794105
2025-07-24,24910,2025072403025907,SADBL,Market Securities & Exchange (PVT) Ltd.,Dipshikha Dhitopatra Karobar Co. Pvt Ltd.,280,488.9,136892.0,2025-07-24 14:40:55.497138
2025-07-24,24909,2025072403025908,SADBL,Market Securities & Exchange (PVT) Ltd.,Sharepro Securities Private Limited,1720,489.0,841080.0,2025-07-24 14:40:55.497588
2025-07-24,24885,2025072403025917,SADBL,Premier Securities Company Ltd.,Midas Stock Broking Company Private Limited,212,488.0,103456.0,2025-07-24 14:40:57.760496
2025-07-24,24884,2025072403025918,SADBL,Sewa Securities Pvt. Ltd.,Midas Stock Broking Company Private Limited,10,488.0,4880.0,2025-07-24 14:40:57.760702
2025-07-24,24883,2025072403025919,SADBL,Elite Stock House Limited,Midas Stock Broking Company Private Limited,200,488.0,97600.0,2025-07-24 14:40:57.760791
2025-07-24,24882,2025072403025920,SADBL,Premier Securities Company Ltd.,Midas Stock Broking Company Private Limited,396,488.0,193248.0,2025-07-24 14:40:57.760882
2025-07-24,24881,2025072403025921,SADBL,Imperial Securities Company Pvt. Ltd.,Midas Stock Broking Company Private Limited,50,488.0,24400.0,2025-07-24 14:40:57.760959
2025-07-24,24880,2025072403025922,SADBL,Online Securities Pvt. Ltd.,Midas Stock Broking Company Private Limited,172,488.0,83936.0,2025-07-24 14:40:57.761046
2025-07-24,24600,2025072403025994,SADBL,Sani Securities Company Ltd.,Sharepro Securities Private Limited,280,489.0,136920.0,2025-07-24 14:41:17.781443
2025-07-24,24599,2025072403025995,SADBL,Sani Securities Company Ltd.,Naasa Securities Co. Ltd.,47,489.0,22983.0,2025-07-24 14:41:17.781484
2025-07-24,24598,2025072403025996,SADBL,Sani Securities Company Ltd.,Ashutosh Brokerage & Securities (PVT) Ltd.,200,489.0,97800.0,2025-07-24 14:41:17.781514
2025-07-24,24597,2025072403025997,SADBL,Sani Securities Company Ltd.,Sundhara Securities Limited,120,489.5,58740.0,2025-07-24 14:41:17.781539
2025-07-24,24596,2025072403025998,SADBL,Sani Securities Company Ltd.,Sani Securities Company Ltd.,162,489.6,79315.2,2025-07-24 14:41:17.781568
2025-07-24,24595,2025072403025999,SADBL,Sani Securities Company Ltd.,Secured Securities Ltd.,191,489.9,93570.9,2025-07-24 14:41:17.781592
