Date,S.N.,Contract ID,Symbol,Buyer Broker,Seller Broker,volume,rate,amount,transaction_time
2025-07-24,153985,2025072401000145,SANIMA,Online Securities Pvt. Ltd.,Premier Securities Company Ltd.,900,378.0,340200.0,2025-07-24 11:01:32.956301
2025-07-24,153125,2025072401000322,SANIMA,Sagarmatha Securities Private Limited,Aryatara Investment & Securities,500,379.9,189950.0,2025-07-24 11:03:07.099111
2025-07-24,153124,2025072401000323,SANIMA,Sagarmatha Securities Private Limited,Imperial Securities Company Pvt. Ltd.,10,380.0,3800.0,2025-07-24 11:03:07.099159
2025-07-24,152499,2025072401000470,SANIMA,Siprabi Securities Pvt. Ltd.,Aryatara Investment & Securities,30,379.9,11397.0,2025-07-24 11:04:22.488795
2025-07-24,152189,2025072401000543,SANIMA,Naasa Securities Co. Ltd.,Aryatara Investment & Securities,300,379.9,113970.0,2025-07-24 11:04:56.574985
2025-07-24,151677,2025072401000685,SANIMA,Kumari Securities Private Limited,Siprabi Securities Pvt. Ltd.,50,379.0,18950.0,2025-07-24 11:05:50.276399
2025-07-24,151676,2025072401000686,SANIMA,Secured Securities Ltd.,Siprabi Securities Pvt. Ltd.,450,378.0,170100.0,2025-07-24 11:05:50.276517
2025-07-24,151522,2025072401000726,SANIMA,Secured Securities Ltd.,Premier Securities Company Ltd.,750,378.0,283500.0,2025-07-24 11:06:08.080529
2025-07-24,151448,2025072401000740,SANIMA,Midas Stock Broking Company Private Limited,Premier Securities Company Ltd.,250,378.0,94500.0,2025-07-24 11:06:15.260613
2025-07-24,151125,2025072401000811,SANIMA,Midas Stock Broking Company Private Limited,K.B.L. Securities Limited ,250,378.0,94500.0,2025-07-24 11:06:46.406671
2025-07-24,151124,2025072401000812,SANIMA,Trisul Securities & Invt. Ltd.,K.B.L. Securities Limited ,250,378.0,94500.0,2025-07-24 11:06:46.406792
2025-07-24,151105,2025072401000826,SANIMA,Trisul Securities & Invt. Ltd.,Miyo Securities Pvt Ltd,750,378.0,283500.0,2025-07-24 11:06:47.156158
2025-07-24,151104,2025072401000827,SANIMA,South Asian Bulls Pvt. Ltd.,Miyo Securities Pvt Ltd,3000,377.5,1132500.0,2025-07-24 11:06:47.156214
2025-07-24,151103,2025072401000828,SANIMA,Deevyaa Securities & Stock House Pvt. Ltd,Miyo Securities Pvt Ltd,200,377.1,75420.0,2025-07-24 11:06:47.156241
2025-07-24,151102,2025072401000829,SANIMA,Sani Securities Company Ltd.,Miyo Securities Pvt Ltd,5000,377.0,1885000.0,2025-07-24 11:06:47.156275
2025-07-24,151101,2025072401000830,SANIMA,Sani Securities Company Ltd.,Miyo Securities Pvt Ltd,1000,377.0,377000.0,2025-07-24 11:06:47.156305
2025-07-24,151100,2025072401000831,SANIMA,Siprabi Securities Pvt. Ltd.,Miyo Securities Pvt Ltd,50,376.04,18802.0,2025-07-24 11:06:47.156339
2025-07-24,150828,2025072401000892,SANIMA,Siprabi Securities Pvt. Ltd.,Opal Securities Investment (PVT) Ltd.,25,378.0,9450.0,2025-07-24 11:07:11.266394
2025-07-24,150827,2025072401000893,SANIMA,Siprabi Securities Pvt. Ltd.,Opal Securities Investment (PVT) Ltd.,950,376.04,357238.0,2025-07-24 11:07:11.266436
2025-07-24,150826,2025072401000894,SANIMA,Siprabi Securities Pvt. Ltd.,Opal Securities Investment (PVT) Ltd.,25,373.0,9325.0,2025-07-24 11:07:11.266464
2025-07-24,150541,2025072401000954,SANIMA,Sani Securities Company Ltd.,Vision Securities Pvt. Ltd,1000,375.0,375000.0,2025-07-24 11:07:37.448469
2025-07-24,150540,2025072401000955,SANIMA,Sani Securities Company Ltd.,Ashutosh Brokerage & Securities (PVT) Ltd.,1000,375.0,375000.0,2025-07-24 11:07:37.448564
2025-07-24,150539,2025072401000956,SANIMA,Sani Securities Company Ltd.,Online Securities Pvt. Ltd.,1000,376.0,376000.0,2025-07-24 11:07:37.448610
2025-07-24,150234,2025072401001016,SANIMA,Sani Securities Company Ltd.,Dipshikha Dhitopatra Karobar Co. Pvt Ltd.,100,377.0,37700.0,2025-07-24 11:08:08.012033
2025-07-24,149884,2025072401001099,SANIMA,Sani Securities Company Ltd.,Neev Securities Pvt. Ltd.,100,377.0,37700.0,2025-07-24 11:08:44.362288
2025-07-24,149643,2025072401001163,SANIMA,Midas Stock Broking Company Private Limited,Premier Securities Company Ltd.,350,377.5,132125.0,2025-07-24 11:09:11.188525
2025-07-24,149511,2025072401001217,SANIMA,Market Securities & Exchange (PVT) Ltd.,Opal Securities Investment (PVT) Ltd.,118,377.9,44592.2,2025-07-24 11:09:25.613138
2025-07-24,149510,2025072401001218,SANIMA,Midas Stock Broking Company Private Limited,Opal Securities Investment (PVT) Ltd.,82,377.5,30955.0,2025-07-24 11:09:25.613415
2025-07-24,149298,2025072401001279,SANIMA,Midas Stock Broking Company Private Limited,South Asian Bulls Pvt. Ltd.,32,377.5,12080.0,2025-07-24 11:09:45.887642
2025-07-24,149095,2025072401001355,SANIMA,Midas Stock Broking Company Private Limited,Dynamic Money Managers Securities Pvt. Ltd.,36,377.5,13590.0,2025-07-24 11:10:09.131117
2025-07-24,149094,2025072401001356,SANIMA,Secured Securities Ltd.,Dynamic Money Managers Securities Pvt. Ltd.,1000,377.1,377100.0,2025-07-24 11:10:09.131234
2025-07-24,149093,2025072401001357,SANIMA,Sani Securities Company Ltd.,Dynamic Money Managers Securities Pvt. Ltd.,3964,377.0,1494428.0,2025-07-24 11:10:09.131291
2025-07-24,149075,2025072401001368,SANIMA,Secured Securities Ltd.,Swarna Laxmi Securities Pvt. Ltd.,1000,378.0,378000.0,2025-07-24 11:10:11.626180
2025-07-24,149039,2025072401001376,SANIMA,Secured Securities Ltd.,Online Securities Pvt. Ltd.,65,378.0,24570.0,2025-07-24 11:10:16.448258
2025-07-24,149038,2025072401001377,SANIMA,Secured Securities Ltd.,Opal Securities Investment (PVT) Ltd.,100,378.0,37800.0,2025-07-24 11:10:16.448381
2025-07-24,149037,2025072401001378,SANIMA,Secured Securities Ltd.,ABC Securities Private Limited,835,378.0,315630.0,2025-07-24 11:10:16.448437
2025-07-24,148971,2025072401001390,SANIMA,Sani Securities Company Ltd.,Nepal Investment And Securities Trading Private Limited,118,377.0,44486.0,2025-07-24 11:10:21.768443
2025-07-24,148919,2025072401001400,SANIMA,Secured Securities Ltd.,ABC Securities Private Limited,665,378.0,251370.0,2025-07-24 11:10:24.668371
2025-07-24,148636,2025072401001467,SANIMA,Secured Securities Ltd.,Asian Securities Private Ltd.,335,378.0,126630.0,2025-07-24 11:10:48.369742
2025-07-24,148243,2025072401001553,SANIMA,Sani Securities Company Ltd.,Vision Securities Pvt. Ltd,1500,377.0,565500.0,2025-07-24 11:11:30.236448
2025-07-24,148014,2025072401001589,SANIMA,Sani Securities Company Ltd.,Opal Securities Investment (PVT) Ltd.,1218,377.0,459186.0,2025-07-24 11:11:53.141546
2025-07-24,148006,2025072401001591,SANIMA,Linch Stock Market Ltd.,Opal Securities Investment (PVT) Ltd.,200,377.0,75400.0,2025-07-24 11:11:53.992223
2025-07-24,147995,2025072401001595,SANIMA,Market Securities & Exchange (PVT) Ltd.,Opal Securities Investment (PVT) Ltd.,150,377.0,56550.0,2025-07-24 11:11:54.849238
2025-07-24,147283,2025072401001765,SANIMA,Midas Stock Broking Company Private Limited,Opal Securities Investment (PVT) Ltd.,432,377.0,162864.0,2025-07-24 11:13:07.527355
2025-07-24,147282,2025072401001766,SANIMA,Midas Stock Broking Company Private Limited,Shree Krishna Securities Ltd.,43,377.0,16211.0,2025-07-24 11:13:07.527500
2025-07-24,146387,2025072401002010,SANIMA,SUN SECURITIES PVT LTD,Opal Securities Investment (PVT) Ltd.,100,378.0,37800.0,2025-07-24 11:14:37.172924
2025-07-24,146386,2025072401002011,SANIMA,SUN SECURITIES PVT LTD,Swarna Laxmi Securities Pvt. Ltd.,200,378.0,75600.0,2025-07-24 11:14:37.173068
2025-07-24,144895,2025072401002415,SANIMA,Sewa Securities Pvt. Ltd.,Nagarik Stock Dealer ,200,377.6,75520.0,2025-07-24 11:16:49.647080
2025-07-24,144812,2025072401002431,SANIMA,Midas Stock Broking Company Private Limited,Shree Krishna Securities Ltd.,25,377.0,9425.0,2025-07-24 11:16:57.238590
2025-07-24,143691,2025072401002769,SANIMA,Midas Stock Broking Company Private Limited,South Asian Bulls Pvt. Ltd.,250,377.0,94250.0,2025-07-24 11:18:41.608550
2025-07-24,143617,2025072401002784,SANIMA,Midas Stock Broking Company Private Limited,Sweta Securities Private Limited,265,377.0,99905.0,2025-07-24 11:18:47.096124
2025-07-24,142269,2025072401003158,SANIMA,SUN SECURITIES PVT LTD,Sweta Securities Private Limited,100,377.0,37700.0,2025-07-24 11:21:02.812597
2025-07-24,142028,2025072401003211,SANIMA,Sewa Securities Pvt. Ltd.,Shree Krishna Securities Ltd.,20,375.0,7500.0,2025-07-24 11:21:18.958210
2025-07-24,141603,2025072401003361,SANIMA,Sweta Securities Private Limited,Dipshikha Dhitopatra Karobar Co. Pvt Ltd.,1000,376.9,376900.0,2025-07-24 11:21:57.652477
2025-07-24,141601,2025072401003362,SANIMA,Sewa Securities Pvt. Ltd.,Imperial Securities Company Pvt. Ltd.,49,375.0,18375.0,2025-07-24 11:21:57.778357
2025-07-24,141600,2025072401003363,SANIMA,Market Securities & Exchange (PVT) Ltd.,Imperial Securities Company Pvt. Ltd.,51,375.0,19125.0,2025-07-24 11:21:57.778723
2025-07-24,141472,2025072401003388,SANIMA,Market Securities & Exchange (PVT) Ltd.,Miyo Securities Pvt Ltd,49,375.0,18375.0,2025-07-24 11:22:07.237184
2025-07-24,141471,2025072401003389,SANIMA,Online Securities Pvt. Ltd.,Miyo Securities Pvt Ltd,600,374.7,224820.0,2025-07-24 11:22:07.237255
2025-07-24,141470,2025072401003390,SANIMA,Sweta Securities Private Limited,Miyo Securities Pvt Ltd,2000,374.6,749200.0,2025-07-24 11:22:07.237284
2025-07-24,141469,2025072401003391,SANIMA,Dakshinkali Investment & Securities Pvt. Ltd.,Miyo Securities Pvt Ltd,24351,374.4,9117014.4,2025-07-24 11:22:07.237316
2025-07-24,141091,2025072401003519,SANIMA,Nepal Stock House (PVT) Ltd.,Sweta Securities Private Limited,635,377.0,239395.0,2025-07-24 11:22:40.168886
2025-07-24,141090,2025072401003520,SANIMA,Nepal Stock House (PVT) Ltd.,Nepal Stock House (PVT) Ltd.,140,377.0,52780.0,2025-07-24 11:22:40.169077
2025-07-24,141089,2025072401003521,SANIMA,Nepal Stock House (PVT) Ltd.,Dynamic Money Managers Securities Pvt. Ltd.,236,377.0,88972.0,2025-07-24 11:22:40.169157
2025-07-24,141088,2025072401003522,SANIMA,Nepal Stock House (PVT) Ltd.,Naasa Securities Co. Ltd.,300,377.0,113100.0,2025-07-24 11:22:40.169246
2025-07-24,140891,2025072401003565,SANIMA,Nepal Stock House (PVT) Ltd.,Deevyaa Securities & Stock House Pvt. Ltd,689,377.0,259753.0,2025-07-24 11:22:56.489912
2025-07-24,140054,2025072401003799,SANIMA,Midas Stock Broking Company Private Limited,Dipshikha Dhitopatra Karobar Co. Pvt Ltd.,250,374.5,93625.0,2025-07-24 11:24:14.685801
2025-07-24,139933,2025072401003825,SANIMA,Midas Stock Broking Company Private Limited,Opal Securities Investment (PVT) Ltd.,33,374.5,12358.5,2025-07-24 11:24:26.864957
2025-07-24,139758,2025072401003868,SANIMA,Neev Securities Pvt. Ltd.,Siprabi Securities Pvt. Ltd.,310,376.0,116560.0,2025-07-24 11:24:40.243345
2025-07-24,139706,2025072401003880,SANIMA,South Asian Bulls Pvt. Ltd.,Opal Securities Investment (PVT) Ltd.,20,375.1,7502.0,2025-07-24 11:24:47.544196
2025-07-24,139345,2025072401003947,SANIMA,South Asian Bulls Pvt. Ltd.,Kohinoor Investment & Securities Pvt. Ltd.,90,375.1,33759.0,2025-07-24 11:25:21.318925
2025-07-24,138387,2025072401004174,SANIMA,Linch Stock Market Ltd.,Siprabi Securities Pvt. Ltd.,500,376.0,188000.0,2025-07-24 11:26:41.645381
2025-07-24,138278,2025072401004201,SANIMA,South Asian Bulls Pvt. Ltd.,Swarna Laxmi Securities Pvt. Ltd.,208,375.1,78020.8,2025-07-24 11:26:52.365155
2025-07-24,138277,2025072401004202,SANIMA,Nepal Investment And Securities Trading Private Limited,Swarna Laxmi Securities Pvt. Ltd.,592,375.0,222000.0,2025-07-24 11:26:52.365350
2025-07-24,138237,2025072401004217,SANIMA,Dakshinkali Investment & Securities Pvt. Ltd.,Vision Securities Pvt. Ltd,100,375.1,37510.0,2025-07-24 11:26:56.210053
2025-07-24,137675,2025072401004356,SANIMA,Neev Securities Pvt. Ltd.,Siprabi Securities Pvt. Ltd.,10,376.0,3760.0,2025-07-24 11:27:38.888141
2025-07-24,137296,2025072401004452,SANIMA,Secured Securities Ltd.,Siprabi Securities Pvt. Ltd.,180,376.0,67680.0,2025-07-24 11:28:07.779240
2025-07-24,137295,2025072401004453,SANIMA,Secured Securities Ltd.,Vision Securities Pvt. Ltd,623,376.0,234248.0,2025-07-24 11:28:07.779429
2025-07-24,137294,2025072401004454,SANIMA,Secured Securities Ltd.,Thrive Brokerage House Pvt. Ltd,50,376.9,18845.0,2025-07-24 11:28:07.779516
2025-07-24,137293,2025072401004455,SANIMA,Secured Securities Ltd.,Shree Krishna Securities Ltd.,1000,376.9,376900.0,2025-07-24 11:28:07.779606
2025-07-24,137292,2025072401004456,SANIMA,Secured Securities Ltd.,Deevyaa Securities & Stock House Pvt. Ltd,511,377.0,192647.0,2025-07-24 11:28:07.779690
2025-07-24,137291,2025072401004457,SANIMA,Secured Securities Ltd.,Sajilo Broker Limited,150,377.0,56550.0,2025-07-24 11:28:07.779772
2025-07-24,137290,2025072401004458,SANIMA,Secured Securities Ltd.,Cristal Kanchanjanga Securites Pvt. Ltd.,700,377.0,263900.0,2025-07-24 11:28:07.779854
2025-07-24,137289,2025072401004459,SANIMA,Secured Securities Ltd.,Naasa Securities Co. Ltd.,1850,377.0,697450.0,2025-07-24 11:28:07.779936
2025-07-24,136672,2025072401004588,SANIMA,Cristal Kanchanjanga Securites Pvt. Ltd.,Nepal Stock House (PVT) Ltd.,200,377.1,75420.0,2025-07-24 11:28:51.257264
2025-07-24,136671,2025072401004589,SANIMA,Dynamic Money Managers Securities Pvt. Ltd.,South Asian Bulls Pvt. Ltd.,30,377.8,11334.0,2025-07-24 11:28:51.638069
2025-07-24,136670,2025072401004590,SANIMA,Dynamic Money Managers Securities Pvt. Ltd.,Elite Stock House Limited,200,378.0,75600.0,2025-07-24 11:28:51.638260
2025-07-24,136669,2025072401004591,SANIMA,Dynamic Money Managers Securities Pvt. Ltd.,Online Securities Pvt. Ltd.,50,378.0,18900.0,2025-07-24 11:28:51.638348
2025-07-24,136668,2025072401004592,SANIMA,Dynamic Money Managers Securities Pvt. Ltd.,Vision Securities Pvt. Ltd,2000,378.0,756000.0,2025-07-24 11:28:51.638433
2025-07-24,136667,2025072401004593,SANIMA,Dynamic Money Managers Securities Pvt. Ltd.,Dynamic Money Managers Securities Pvt. Ltd.,500,378.0,189000.0,2025-07-24 11:28:51.638530
2025-07-24,136666,2025072401004594,SANIMA,Dynamic Money Managers Securities Pvt. Ltd.,Naasa Securities Co. Ltd.,50,378.0,18900.0,2025-07-24 11:28:51.638612
2025-07-24,136665,2025072401004595,SANIMA,Dynamic Money Managers Securities Pvt. Ltd.,Online Securities Pvt. Ltd.,25,378.0,9450.0,2025-07-24 11:28:51.638693
2025-07-24,136664,2025072401004596,SANIMA,Dynamic Money Managers Securities Pvt. Ltd.,Dynamic Money Managers Securities Pvt. Ltd.,300,378.0,113400.0,2025-07-24 11:28:51.638780
2025-07-24,136663,2025072401004597,SANIMA,Dynamic Money Managers Securities Pvt. Ltd.,Vision Securities Pvt. Ltd,360,378.0,136080.0,2025-07-24 11:28:51.638863
2025-07-24,136007,2025072401004730,SANIMA,Dynamic Money Managers Securities Pvt. Ltd.,Imperial Securities Company Pvt. Ltd.,100,378.0,37800.0,2025-07-24 11:29:42.687489
2025-07-24,135967,2025072401004734,SANIMA,Dynamic Money Managers Securities Pvt. Ltd.,Online Securities Pvt. Ltd.,12,378.0,4536.0,2025-07-24 11:29:47.941896
2025-07-24,135790,2025072401004763,SANIMA,Dynamic Money Managers Securities Pvt. Ltd.,Online Securities Pvt. Ltd.,6373,378.0,2408994.0,2025-07-24 11:30:02.722140
2025-07-24,135789,2025072401004764,SANIMA,Midas Stock Broking Company Private Limited,Online Securities Pvt. Ltd.,627,378.0,237006.0,2025-07-24 11:30:02.722555
2025-07-24,134781,2025072401005013,SANIMA,Thrive Brokerage House Pvt. Ltd,Online Securities Pvt. Ltd.,400,378.0,151200.0,2025-07-24 11:31:21.092869
2025-07-24,134103,2025072401005224,SANIMA,Online Securities Pvt. Ltd.,Agrawal Securities (PVT) Ltd.,500,378.7,189350.0,2025-07-24 11:32:15.956266
2025-07-24,134048,2025072401005242,SANIMA,Nepal Stock House (PVT) Ltd.,Agrawal Securities (PVT) Ltd.,100,378.7,37870.0,2025-07-24 11:32:17.986415
2025-07-24,134047,2025072401005243,SANIMA,Nepal Stock House (PVT) Ltd.,Dynamic Money Managers Securities Pvt. Ltd.,1000,378.8,378800.0,2025-07-24 11:32:17.986830
2025-07-24,132478,2025072401005610,SANIMA,J.F. Securites (PVT) Ltd.,Agrawal Securities (PVT) Ltd.,10,378.9,3789.0,2025-07-24 11:34:27.356088
2025-07-24,132477,2025072401005611,SANIMA,J.F. Securites (PVT) Ltd.,Premier Securities Company Ltd.,50,379.0,18950.0,2025-07-24 11:34:27.356222
2025-07-24,132476,2025072401005612,SANIMA,J.F. Securites (PVT) Ltd.,Naasa Securities Co. Ltd.,44,379.0,16676.0,2025-07-24 11:34:27.356314
2025-07-24,132475,2025072401005613,SANIMA,J.F. Securites (PVT) Ltd.,Dynamic Money Managers Securities Pvt. Ltd.,96,379.0,36384.0,2025-07-24 11:34:27.356405
2025-07-24,132266,2025072401005653,SANIMA,Nepal Stock House (PVT) Ltd.,Imperial Securities Company Pvt. Ltd.,100,378.8,37880.0,2025-07-24 11:34:43.400562
2025-07-24,132178,2025072401005679,SANIMA,Trishakti Securities Public Limited,Dynamic Money Managers Securities Pvt. Ltd.,130,379.0,49270.0,2025-07-24 11:34:52.117504
2025-07-24,132025,2025072401005700,SANIMA,Primo Securities (PVT) Ltd.,Dynamic Money Managers Securities Pvt. Ltd.,774,379.0,293346.0,2025-07-24 11:35:06.948393
2025-07-24,132024,2025072401005701,SANIMA,Primo Securities (PVT) Ltd.,Sweta Securities Private Limited,580,379.0,219820.0,2025-07-24 11:35:06.948636
2025-07-24,132023,2025072401005702,SANIMA,Primo Securities (PVT) Ltd.,Neev Securities Pvt. Ltd.,100,379.0,37900.0,2025-07-24 11:35:06.948733
2025-07-24,132022,2025072401005703,SANIMA,Primo Securities (PVT) Ltd.,Naasa Securities Co. Ltd.,169,379.0,64051.0,2025-07-24 11:35:06.948824
2025-07-24,130973,2025072401005927,SANIMA,Secured Securities Ltd.,Opal Securities Investment (PVT) Ltd.,200,379.5,75900.0,2025-07-24 11:36:43.624624
2025-07-24,130972,2025072401005928,SANIMA,Secured Securities Ltd.,Midas Stock Broking Company Private Limited,200,379.8,75960.0,2025-07-24 11:36:43.624868
2025-07-24,130971,2025072401005929,SANIMA,Secured Securities Ltd.,Dynamic Money Managers Securities Pvt. Ltd.,1000,379.8,379800.0,2025-07-24 11:36:43.624969
2025-07-24,130970,2025072401005930,SANIMA,Secured Securities Ltd.,Aryatara Investment & Securities,70,379.9,26593.0,2025-07-24 11:36:43.625085
2025-07-24,130969,2025072401005931,SANIMA,Secured Securities Ltd.,SUN SECURITIES PVT LTD,1000,379.9,379900.0,2025-07-24 11:36:43.625202
2025-07-24,130968,2025072401005932,SANIMA,Secured Securities Ltd.,Swarna Laxmi Securities Pvt. Ltd.,1200,379.9,455880.0,2025-07-24 11:36:43.625316
2025-07-24,130967,2025072401005933,SANIMA,Secured Securities Ltd.,Aryatara Investment & Securities,100,379.9,37990.0,2025-07-24 11:36:43.625452
2025-07-24,130966,2025072401005934,SANIMA,Secured Securities Ltd.,Cristal Kanchanjanga Securites Pvt. Ltd.,300,379.9,113970.0,2025-07-24 11:36:43.625584
2025-07-24,130965,2025072401005935,SANIMA,Secured Securities Ltd.,Imperial Securities Company Pvt. Ltd.,250,380.0,95000.0,2025-07-24 11:36:43.625722
2025-07-24,130964,2025072401005936,SANIMA,Secured Securities Ltd.,Sundhara Securities Limited,100,380.0,38000.0,2025-07-24 11:36:43.625852
2025-07-24,130963,2025072401005937,SANIMA,Secured Securities Ltd.,Dipshikha Dhitopatra Karobar Co. Pvt Ltd.,214,380.0,81320.0,2025-07-24 11:36:43.625983
2025-07-24,130962,2025072401005938,SANIMA,Secured Securities Ltd.,Kumari Securities Private Limited,50,380.0,19000.0,2025-07-24 11:36:43.626089
2025-07-24,130961,2025072401005939,SANIMA,Secured Securities Ltd.,Dipshikha Dhitopatra Karobar Co. Pvt Ltd.,545,380.0,207100.0,2025-07-24 11:36:43.626179
2025-07-24,130960,2025072401005940,SANIMA,Secured Securities Ltd.,Neev Securities Pvt. Ltd.,421,380.0,159980.0,2025-07-24 11:36:43.626265
2025-07-24,130959,2025072401005941,SANIMA,Secured Securities Ltd.,Malla & Malla Stock Broking Company Pvt. Limited,500,380.0,190000.0,2025-07-24 11:36:43.626366
2025-07-24,130958,2025072401005942,SANIMA,Secured Securities Ltd.,Shree Krishna Securities Ltd.,100,380.0,38000.0,2025-07-24 11:36:43.626470
2025-07-24,130957,2025072401005943,SANIMA,Secured Securities Ltd.,Malla & Malla Stock Broking Company Pvt. Limited,200,380.0,76000.0,2025-07-24 11:36:43.626581
2025-07-24,130956,2025072401005944,SANIMA,Secured Securities Ltd.,Online Securities Pvt. Ltd.,326,380.0,123880.0,2025-07-24 11:36:43.626695
2025-07-24,130955,2025072401005945,SANIMA,Secured Securities Ltd.,Opal Securities Investment (PVT) Ltd.,224,380.0,85120.0,2025-07-24 11:36:43.626813
2025-07-24,130643,2025072401006032,SANIMA,Primo Securities (PVT) Ltd.,Midas Stock Broking Company Private Limited,200,379.0,75800.0,2025-07-24 11:37:09.454055
2025-07-24,130103,2025072401006147,SANIMA,Primo Securities (PVT) Ltd.,Secured Securities Ltd.,650,379.0,246350.0,2025-07-24 11:37:51.917917
2025-07-24,130011,2025072401006177,SANIMA,Primo Securities (PVT) Ltd.,Online Securities Pvt. Ltd.,127,379.0,48133.0,2025-07-24 11:37:57.889648
2025-07-24,129862,2025072401006216,SANIMA,Nepal Stock House (PVT) Ltd.,Online Securities Pvt. Ltd.,150,379.0,56850.0,2025-07-24 11:38:11.017885
2025-07-24,129752,2025072401006249,SANIMA,Nepal Stock House (PVT) Ltd.,Bhrikuti Stock Broking Co. Pvt. Ltd.,1800,378.8,681840.0,2025-07-24 11:38:21.438728
2025-07-24,129273,2025072401006361,SANIMA,Secured Securities Ltd.,Dipshikha Dhitopatra Karobar Co. Pvt Ltd.,44,377.0,16588.0,2025-07-24 11:38:56.713066
2025-07-24,126523,2025072401007141,SANIMA,Secured Securities Ltd.,Sewa Securities Pvt. Ltd.,72,377.1,27151.2,2025-07-24 11:42:42.485231
2025-07-24,126172,2025072401007220,SANIMA,Sewa Securities Pvt. Ltd.,Dakshinkali Investment & Securities Pvt. Ltd.,200,378.0,75600.0,2025-07-24 11:43:19.708176
2025-07-24,126171,2025072401007221,SANIMA,Sewa Securities Pvt. Ltd.,Market Securities & Exchange (PVT) Ltd.,50,378.0,18900.0,2025-07-24 11:43:19.708420
2025-07-24,125490,2025072401007388,SANIMA,Sewa Securities Pvt. Ltd.,Sundhara Securities Limited,50,378.7,18935.0,2025-07-24 11:44:22.934199
2025-07-24,125376,2025072401007422,SANIMA,Sewa Securities Pvt. Ltd.,Sanima Securities Limited,250,378.0,94500.0,2025-07-24 11:44:36.760215
2025-07-24,125375,2025072401007423,SANIMA,Sewa Securities Pvt. Ltd.,Sanima Securities Limited,750,378.0,283500.0,2025-07-24 11:44:36.760696
2025-07-24,124939,2025072401007531,SANIMA,Sewa Securities Pvt. Ltd.,Sani Securities Company Ltd.,250,378.0,94500.0,2025-07-24 11:45:13.351494
2025-07-24,124938,2025072401007532,SANIMA,Sewa Securities Pvt. Ltd.,Sani Securities Company Ltd.,50,377.2,18860.0,2025-07-24 11:45:13.351738
2025-07-24,124937,2025072401007533,SANIMA,Secured Securities Ltd.,Sani Securities Company Ltd.,700,377.1,263970.0,2025-07-24 11:45:13.351841
2025-07-24,123883,2025072401007789,SANIMA,Cristal Kanchanjanga Securites Pvt. Ltd.,Agrawal Securities (PVT) Ltd.,100,378.0,37800.0,2025-07-24 11:46:56.394770
2025-07-24,123882,2025072401007790,SANIMA,Cristal Kanchanjanga Securites Pvt. Ltd.,Sani Securities Company Ltd.,100,378.0,37800.0,2025-07-24 11:46:56.395000
2025-07-24,122581,2025072401008165,SANIMA,Secured Securities Ltd.,Sani Securities Company Ltd.,148,378.0,55944.0,2025-07-24 11:49:07.738893
2025-07-24,122115,2025072401008313,SANIMA,Secured Securities Ltd.,Thrive Brokerage House Pvt. Ltd,228,377.1,85978.8,2025-07-24 11:50:01.215205
2025-07-24,121740,2025072401008408,SANIMA,Kumari Securities Private Limited,Thrive Brokerage House Pvt. Ltd,20,377.5,7550.0,2025-07-24 11:50:40.872381
2025-07-24,121739,2025072401008409,SANIMA,Secured Securities Ltd.,Thrive Brokerage House Pvt. Ltd,480,377.0,180960.0,2025-07-24 11:50:40.872656
2025-07-24,121598,2025072401008434,SANIMA,Secured Securities Ltd.,ABC Securities Private Limited,1277,377.0,481429.0,2025-07-24 11:50:59.665675
2025-07-24,120593,2025072401008726,SANIMA,Secured Securities Ltd.,Sani Securities Company Ltd.,52,377.0,19604.0,2025-07-24 11:52:45.579854
2025-07-24,120477,2025072401008750,SANIMA,Secured Securities Ltd.,Dipshikha Dhitopatra Karobar Co. Pvt Ltd.,88,377.0,33176.0,2025-07-24 11:52:59.036233
2025-07-24,120385,2025072401008772,SANIMA,Secured Securities Ltd.,Dipshikha Dhitopatra Karobar Co. Pvt Ltd.,10,377.0,3770.0,2025-07-24 11:53:06.466629
2025-07-24,119702,2025072401008940,SANIMA,Secured Securities Ltd.,K.B.L. Securities Limited ,500,377.0,188500.0,2025-07-24 11:54:07.309745
2025-07-24,119465,2025072401008995,SANIMA,Secured Securities Ltd.,Vision Securities Pvt. Ltd,10,377.0,3770.0,2025-07-24 11:54:31.511816
2025-07-24,118998,2025072401009098,SANIMA,Secured Securities Ltd.,Sri Hari Securities Pvt. Ltd.,475,377.0,179075.0,2025-07-24 11:55:20.204774
2025-07-24,118997,2025072401009099,SANIMA,Kalika Securities Pvt. Ltd.,Sri Hari Securities Pvt. Ltd.,200,377.0,75400.0,2025-07-24 11:55:20.205063
2025-07-24,118996,2025072401009100,SANIMA,Kumari Securities Private Limited,Sri Hari Securities Pvt. Ltd.,20,377.0,7540.0,2025-07-24 11:55:20.205179
2025-07-24,118995,2025072401009101,SANIMA,Imperial Securities Company Pvt. Ltd.,Sri Hari Securities Pvt. Ltd.,300,377.0,113100.0,2025-07-24 11:55:20.205290
2025-07-24,118871,2025072401009155,SANIMA,Imperial Securities Company Pvt. Ltd.,Thrive Brokerage House Pvt. Ltd,200,377.0,75400.0,2025-07-24 11:55:32.818691
2025-07-24,118870,2025072401009156,SANIMA,Naasa Securities Co. Ltd.,Thrive Brokerage House Pvt. Ltd,25,377.0,9425.0,2025-07-24 11:55:32.818730
2025-07-24,118869,2025072401009157,SANIMA,Asian Securities Private Ltd.,Thrive Brokerage House Pvt. Ltd,375,377.0,141375.0,2025-07-24 11:55:32.818759
2025-07-24,118717,2025072401009193,SANIMA,Asian Securities Private Ltd.,K.B.L. Securities Limited ,125,377.0,47125.0,2025-07-24 11:55:47.555626
2025-07-24,116667,2025072401009754,SANIMA,Cristal Kanchanjanga Securites Pvt. Ltd.,Pragyan Securities (PVT) Ltd.,200,376.1,75220.0,2025-07-24 11:59:01.904337
2025-07-24,116666,2025072401009755,SANIMA,Cristal Kanchanjanga Securites Pvt. Ltd.,Pragyan Securities (PVT) Ltd.,200,376.1,75220.0,2025-07-24 11:59:01.904880
2025-07-24,116175,2025072401009873,SANIMA,Kohinoor Investment & Securities Pvt. Ltd.,K.B.L. Securities Limited ,375,377.0,141375.0,2025-07-24 11:59:44.702292
2025-07-24,116174,2025072401009874,SANIMA,Kohinoor Investment & Securities Pvt. Ltd.,Siprabi Securities Pvt. Ltd.,50,377.0,18850.0,2025-07-24 11:59:44.702818
2025-07-24,116173,2025072401009875,SANIMA,Kohinoor Investment & Securities Pvt. Ltd.,Midas Stock Broking Company Private Limited,70,377.0,26390.0,2025-07-24 11:59:44.703185
2025-07-24,114269,2025072401010351,SANIMA,Online Securities Pvt. Ltd.,Sagarmatha Securities Private Limited,269,376.0,101144.0,2025-07-24 12:03:10.359894
2025-07-24,114049,2025072401010410,SANIMA,Online Securities Pvt. Ltd.,Linch Stock Market Ltd.,231,376.0,86856.0,2025-07-24 12:03:32.322137
2025-07-24,114048,2025072401010411,SANIMA,Nepal Stock House (PVT) Ltd.,Linch Stock Market Ltd.,79,376.0,29704.0,2025-07-24 12:03:32.322434
2025-07-24,113824,2025072401010447,SANIMA,Nepal Stock House (PVT) Ltd.,Imperial Securities Company Pvt. Ltd.,21,376.0,7896.0,2025-07-24 12:03:52.329184
2025-07-24,113823,2025072401010448,SANIMA,Aryatara Investment & Securities,Imperial Securities Company Pvt. Ltd.,179,376.0,67304.0,2025-07-24 12:03:52.329240
2025-07-24,111977,2025072401010928,SANIMA,Aryatara Investment & Securities,Sumeru Securities Pvt. Ltd.,21,376.0,7896.0,2025-07-24 12:06:17.608906
2025-07-24,111976,2025072401010929,SANIMA,Imperial Securities Company Pvt. Ltd.,Sumeru Securities Pvt. Ltd.,10,376.0,3760.0,2025-07-24 12:06:17.609220
2025-07-24,111975,2025072401010930,SANIMA,Kohinoor Investment & Securities Pvt. Ltd.,Sumeru Securities Pvt. Ltd.,249,375.9,93599.1,2025-07-24 12:06:17.609351
2025-07-24,111140,2025072401011142,SANIMA,Kohinoor Investment & Securities Pvt. Ltd.,Sundhara Securities Limited,100,376.8,37680.0,2025-07-24 12:07:32.675078
2025-07-24,111139,2025072401011143,SANIMA,Kohinoor Investment & Securities Pvt. Ltd.,Opal Securities Investment (PVT) Ltd.,120,376.9,45228.0,2025-07-24 12:07:32.675404
2025-07-24,111138,2025072401011144,SANIMA,Kohinoor Investment & Securities Pvt. Ltd.,Sewa Securities Pvt. Ltd.,36,377.0,13572.0,2025-07-24 12:07:32.675533
2025-07-24,110542,2025072401011244,SANIMA,Pragyan Securities (PVT) Ltd.,Nepal Stock House (PVT) Ltd.,1000,376.0,376000.0,2025-07-24 12:08:35.749284
2025-07-24,110307,2025072401011295,SANIMA,Cristal Kanchanjanga Securites Pvt. Ltd.,Nepal Stock House (PVT) Ltd.,200,375.6,75120.0,2025-07-24 12:09:00.712215
2025-07-24,108475,2025072401011845,SANIMA,Bhrikuti Stock Broking Co. Pvt. Ltd.,Nepal Stock House (PVT) Ltd.,100,375.5,37550.0,2025-07-24 12:11:57.085045
2025-07-24,108474,2025072401011846,SANIMA,Online Securities Pvt. Ltd.,Nepal Stock House (PVT) Ltd.,102,375.5,38301.0,2025-07-24 12:11:57.085345
2025-07-24,107295,2025072401012134,SANIMA,Trisul Securities & Invt. Ltd.,Sewa Securities Pvt. Ltd.,364,377.0,137228.0,2025-07-24 12:14:12.162497
2025-07-24,107294,2025072401012135,SANIMA,Trisul Securities & Invt. Ltd.,Vision Securities Pvt. Ltd,65,377.0,24505.0,2025-07-24 12:14:12.163156
2025-07-24,107293,2025072401012136,SANIMA,Trisul Securities & Invt. Ltd.,Shree Krishna Securities Ltd.,71,377.0,26767.0,2025-07-24 12:14:12.163645
2025-07-24,107117,2025072401012191,SANIMA,Asian Securities Private Ltd.,Sanima Securities Limited,1000,376.0,376000.0,2025-07-24 12:14:33.300254
2025-07-24,106779,2025072401012289,SANIMA,Online Securities Pvt. Ltd.,Sani Securities Company Ltd.,898,375.5,337199.0,2025-07-24 12:15:14.270867
2025-07-24,106778,2025072401012290,SANIMA,Cristal Kanchanjanga Securites Pvt. Ltd.,Sani Securities Company Ltd.,102,375.5,38301.0,2025-07-24 12:15:14.271184
2025-07-24,104582,2025072401012930,SANIMA,Dynamic Money Managers Securities Pvt. Ltd.,MILKY WAY SHARE BROKER COMPANY LTD ,1000,377.0,377000.0,2025-07-24 12:19:16.843125
2025-07-24,104581,2025072401012931,SANIMA,Dynamic Money Managers Securities Pvt. Ltd.,Naasa Securities Co. Ltd.,100,377.0,37700.0,2025-07-24 12:19:16.843419
2025-07-24,104178,2025072401013053,SANIMA,Dynamic Money Managers Securities Pvt. Ltd.,Thrive Brokerage House Pvt. Ltd,500,377.0,188500.0,2025-07-24 12:20:04.003364
2025-07-24,103266,2025072401013281,SANIMA,Dakshinkali Investment & Securities Pvt. Ltd.,Sweta Securities Private Limited,167,377.1,62975.7,2025-07-24 12:21:36.106796
2025-07-24,102273,2025072401013488,SANIMA,J.F. Securites (PVT) Ltd.,Sundhara Securities Limited,10,377.5,3775.0,2025-07-24 12:23:19.496829
2025-07-24,102272,2025072401013489,SANIMA,J.F. Securites (PVT) Ltd.,Agrawal Securities (PVT) Ltd.,10,377.7,3777.0,2025-07-24 12:23:19.497570
2025-07-24,102271,2025072401013490,SANIMA,J.F. Securites (PVT) Ltd.,Sanima Securities Limited,105,377.8,39669.0,2025-07-24 12:23:19.498144
2025-07-24,102015,2025072401013568,SANIMA,Siprabi Securities Pvt. Ltd.,Trisul Securities & Invt. Ltd.,400,377.4,150960.0,2025-07-24 12:23:41.809936
2025-07-24,101985,2025072401013580,SANIMA,Naasa Securities Co. Ltd.,Sanima Securities Limited,18,377.8,6800.4,2025-07-24 12:23:44.319338
2025-07-24,101836,2025072401013617,SANIMA,Siprabi Securities Pvt. Ltd.,Miyo Securities Pvt Ltd,100,377.4,37740.0,2025-07-24 12:24:01.930926
2025-07-24,101835,2025072401013618,SANIMA,Dakshinkali Investment & Securities Pvt. Ltd.,Miyo Securities Pvt Ltd,19900,377.1,7504290.0,2025-07-24 12:24:01.930974
2025-07-24,101793,2025072401013633,SANIMA,Neev Securities Pvt. Ltd.,Sanima Securities Limited,877,377.8,331330.6,2025-07-24 12:24:06.660725
2025-07-24,101792,2025072401013634,SANIMA,Neev Securities Pvt. Ltd.,Sanima Securities Limited,1000,377.8,377800.0,2025-07-24 12:24:06.661365
2025-07-24,101791,2025072401013635,SANIMA,Neev Securities Pvt. Ltd.,Dipshikha Dhitopatra Karobar Co. Pvt Ltd.,1000,377.9,377900.0,2025-07-24 12:24:06.661779
2025-07-24,101790,2025072401013636,SANIMA,Neev Securities Pvt. Ltd.,Vision Securities Pvt. Ltd,123,377.9,46481.7,2025-07-24 12:24:06.662178
2025-07-24,101432,2025072401013746,SANIMA,Neev Securities Pvt. Ltd.,Vision Securities Pvt. Ltd,378,377.9,142846.2,2025-07-24 12:24:46.841160
2025-07-24,101431,2025072401013747,SANIMA,Neev Securities Pvt. Ltd.,Thrive Brokerage House Pvt. Ltd,50,378.0,18900.0,2025-07-24 12:24:46.841487
2025-07-24,101430,2025072401013748,SANIMA,Neev Securities Pvt. Ltd.,Naasa Securities Co. Ltd.,90,378.0,34020.0,2025-07-24 12:24:46.841626
2025-07-24,101429,2025072401013749,SANIMA,Neev Securities Pvt. Ltd.,J.F. Securites (PVT) Ltd.,200,378.0,75600.0,2025-07-24 12:24:46.841754
2025-07-24,101428,2025072401013750,SANIMA,Neev Securities Pvt. Ltd.,Trishakti Securities Public Limited,599,378.0,226422.0,2025-07-24 12:24:46.841881
2025-07-24,101427,2025072401013751,SANIMA,Neev Securities Pvt. Ltd.,Sani Securities Company Ltd.,200,378.0,75600.0,2025-07-24 12:24:46.842014
2025-07-24,100368,2025072401014222,SANIMA,Sundhara Securities Limited,Kumari Securities Private Limited,100,378.1,37810.0,2025-07-24 12:26:22.726797
2025-07-24,100224,2025072401014274,SANIMA,Sundhara Securities Limited,Imperial Securities Company Pvt. Ltd.,50,378.1,18905.0,2025-07-24 12:26:44.921633
2025-07-24,100223,2025072401014275,SANIMA,Neev Securities Pvt. Ltd.,Imperial Securities Company Pvt. Ltd.,150,378.0,56700.0,2025-07-24 12:26:44.921956
2025-07-24,99843,2025072401014359,SANIMA,Neev Securities Pvt. Ltd.,Agrawal Securities (PVT) Ltd.,100,378.0,37800.0,2025-07-24 12:27:24.902004
2025-07-24,99504,2025072401014421,SANIMA,Neev Securities Pvt. Ltd.,Opal Securities Investment (PVT) Ltd.,1233,378.0,466074.0,2025-07-24 12:28:10.184103
2025-07-24,99503,2025072401014422,SANIMA,Neev Securities Pvt. Ltd.,Opal Securities Investment (PVT) Ltd.,767,378.0,289926.0,2025-07-24 12:28:10.184429
2025-07-24,98401,2025072401014796,SANIMA,Pragyan Securities (PVT) Ltd.,Creative Securities Pvt Ltd,201,378.1,75998.1,2025-07-24 12:30:14.413402
2025-07-24,98297,2025072401014822,SANIMA,Sumeru Securities Pvt. Ltd.,Nepal Investment And Securities Trading Private Limited,315,378.2,119133.0,2025-07-24 12:30:28.163721
2025-07-24,98296,2025072401014823,SANIMA,Pragyan Securities (PVT) Ltd.,Nepal Investment And Securities Trading Private Limited,12,378.1,4537.2,2025-07-24 12:30:28.164155
2025-07-24,98295,2025072401014824,SANIMA,Primo Securities (PVT) Ltd.,Nepal Investment And Securities Trading Private Limited,309,378.1,116832.9,2025-07-24 12:30:28.164339
2025-07-24,98168,2025072401014860,SANIMA,Primo Securities (PVT) Ltd.,Cristal Kanchanjanga Securites Pvt. Ltd.,250,378.1,94525.0,2025-07-24 12:30:40.579853
2025-07-24,98062,2025072401014893,SANIMA,Primo Securities (PVT) Ltd.,Neev Securities Pvt. Ltd.,441,378.1,166742.1,2025-07-24 12:30:57.031620
2025-07-24,98061,2025072401014894,SANIMA,Neev Securities Pvt. Ltd.,Neev Securities Pvt. Ltd.,104,378.0,39312.0,2025-07-24 12:30:57.031979
2025-07-24,97577,2025072401015013,SANIMA,Neev Securities Pvt. Ltd.,Imperial Securities Company Pvt. Ltd.,390,378.0,147420.0,2025-07-24 12:31:54.416510
2025-07-24,97557,2025072401015025,SANIMA,Neev Securities Pvt. Ltd.,South Asian Bulls Pvt. Ltd.,39,378.0,14742.0,2025-07-24 12:31:55.973821
2025-07-24,97556,2025072401015026,SANIMA,Neev Securities Pvt. Ltd.,South Asian Bulls Pvt. Ltd.,961,378.0,363258.0,2025-07-24 12:31:55.973865
2025-07-24,97477,2025072401015041,SANIMA,Neev Securities Pvt. Ltd.,Global IME Securities Limited,339,378.0,128142.0,2025-07-24 12:32:04.641182
2025-07-24,97476,2025072401015042,SANIMA,Neev Securities Pvt. Ltd.,Global IME Securities Limited,161,378.0,60858.0,2025-07-24 12:32:04.641496
2025-07-24,97278,2025072401015089,SANIMA,Neev Securities Pvt. Ltd.,Neev Securities Pvt. Ltd.,701,378.0,264978.0,2025-07-24 12:32:32.307608
2025-07-24,97213,2025072401015099,SANIMA,Neev Securities Pvt. Ltd.,NIMB Stock Markets Limited,150,378.0,56700.0,2025-07-24 12:32:36.092623
2025-07-24,97192,2025072401015109,SANIMA,Neev Securities Pvt. Ltd.,Market Securities & Exchange (PVT) Ltd.,50,378.0,18900.0,2025-07-24 12:32:39.592674
2025-07-24,96348,2025072401015340,SANIMA,Pragyan Securities (PVT) Ltd.,J.F. Securites (PVT) Ltd.,10,378.1,3781.0,2025-07-24 12:34:23.930848
2025-07-24,96281,2025072401015350,SANIMA,Dipshikha Dhitopatra Karobar Co. Pvt Ltd.,Kumari Securities Private Limited,10,378.3,3783.0,2025-07-24 12:34:31.116372
2025-07-24,96122,2025072401015406,SANIMA,Pragyan Securities (PVT) Ltd.,Vision Securities Pvt. Ltd,1990,378.1,752419.0,2025-07-24 12:34:44.041851
2025-07-24,95766,2025072401015485,SANIMA,MILKY WAY SHARE BROKER COMPANY LTD ,Online Securities Pvt. Ltd.,200,378.1,75620.0,2025-07-24 12:35:22.437544
2025-07-24,95765,2025072401015486,SANIMA,MILKY WAY SHARE BROKER COMPANY LTD ,Kumari Securities Private Limited,90,378.3,34047.0,2025-07-24 12:35:22.438254
2025-07-24,95764,2025072401015487,SANIMA,MILKY WAY SHARE BROKER COMPANY LTD ,Thrive Brokerage House Pvt. Ltd,126,378.5,47691.0,2025-07-24 12:35:22.438724
2025-07-24,95763,2025072401015488,SANIMA,MILKY WAY SHARE BROKER COMPANY LTD ,Siprabi Securities Pvt. Ltd.,200,378.5,75700.0,2025-07-24 12:35:22.439190
2025-07-24,95593,2025072401015520,SANIMA,MILKY WAY SHARE BROKER COMPANY LTD ,Sri Hari Securities Pvt. Ltd.,348,378.5,131718.0,2025-07-24 12:35:38.955974
2025-07-24,95548,2025072401015526,SANIMA,MILKY WAY SHARE BROKER COMPANY LTD ,Bhrikuti Stock Broking Co. Pvt. Ltd.,36,378.5,13626.0,2025-07-24 12:35:42.355376
2025-07-24,95547,2025072401015527,SANIMA,Neev Securities Pvt. Ltd.,Bhrikuti Stock Broking Co. Pvt. Ltd.,114,378.0,43092.0,2025-07-24 12:35:42.355732
2025-07-24,95268,2025072401015593,SANIMA,Neev Securities Pvt. Ltd.,Opal Securities Investment (PVT) Ltd.,100,378.0,37800.0,2025-07-24 12:36:13.764724
2025-07-24,95068,2025072401015662,SANIMA,Kohinoor Investment & Securities Pvt. Ltd.,Imperial Securities Company Pvt. Ltd.,100,378.5,37850.0,2025-07-24 12:36:33.581446
2025-07-24,94523,2025072401015811,SANIMA,MILKY WAY SHARE BROKER COMPANY LTD ,Dipshikha Dhitopatra Karobar Co. Pvt Ltd.,386,378.5,146101.0,2025-07-24 12:37:27.622161
2025-07-24,94522,2025072401015812,SANIMA,MILKY WAY SHARE BROKER COMPANY LTD ,Sundhara Securities Limited,50,378.7,18935.0,2025-07-24 12:37:27.622537
2025-07-24,94521,2025072401015813,SANIMA,MILKY WAY SHARE BROKER COMPANY LTD ,Bhrikuti Stock Broking Co. Pvt. Ltd.,71,378.8,26894.8,2025-07-24 12:37:27.622712
2025-07-24,93651,2025072401016039,SANIMA,NIMB Stock Markets Limited,Bhrikuti Stock Broking Co. Pvt. Ltd.,129,378.8,48865.2,2025-07-24 12:39:22.401608
2025-07-24,93650,2025072401016040,SANIMA,NIMB Stock Markets Limited,Capital Max Securities Ltd,200,378.8,75760.0,2025-07-24 12:39:22.401979
2025-07-24,93542,2025072401016101,SANIMA,NIMB Stock Markets Limited,Sri Hari Securities Pvt. Ltd.,48,378.8,18182.4,2025-07-24 12:39:32.920563
2025-07-24,93097,2025072401016234,SANIMA,NIMB Stock Markets Limited,Sumeru Securities Pvt. Ltd.,100,378.8,37880.0,2025-07-24 12:40:27.465539
2025-07-24,92716,2025072401016332,SANIMA,NIMB Stock Markets Limited,Sewa Securities Pvt. Ltd.,100,378.8,37880.0,2025-07-24 12:41:02.194067
2025-07-24,92659,2025072401016358,SANIMA,NIMB Stock Markets Limited,Opal Securities Investment (PVT) Ltd.,100,378.8,37880.0,2025-07-24 12:41:06.168051
2025-07-24,92552,2025072401016382,SANIMA,NIMB Stock Markets Limited,K.B.L. Securities Limited ,246,378.8,93184.8,2025-07-24 12:41:19.137862
2025-07-24,92517,2025072401016394,SANIMA,Kohinoor Investment & Securities Pvt. Ltd.,Agrawal Securities (PVT) Ltd.,10,378.9,3789.0,2025-07-24 12:41:24.661930
2025-07-24,92300,2025072401016454,SANIMA,Kohinoor Investment & Securities Pvt. Ltd.,Opal Securities Investment (PVT) Ltd.,190,378.9,71991.0,2025-07-24 12:41:52.041921
2025-07-24,92281,2025072401016459,SANIMA,Bhrikuti Stock Broking Co. Pvt. Ltd.,Opal Securities Investment (PVT) Ltd.,560,378.9,212184.0,2025-07-24 12:41:55.016557
2025-07-24,92280,2025072401016460,SANIMA,Bhrikuti Stock Broking Co. Pvt. Ltd.,Bhrikuti Stock Broking Co. Pvt. Ltd.,1000,379.0,379000.0,2025-07-24 12:41:55.017284
2025-07-24,92279,2025072401016461,SANIMA,Bhrikuti Stock Broking Co. Pvt. Ltd.,Opal Securities Investment (PVT) Ltd.,150,379.0,56850.0,2025-07-24 12:41:55.017771
2025-07-24,92278,2025072401016462,SANIMA,Bhrikuti Stock Broking Co. Pvt. Ltd.,Sagarmatha Securities Private Limited,40,379.0,15160.0,2025-07-24 12:41:55.018235
2025-07-24,92277,2025072401016463,SANIMA,Bhrikuti Stock Broking Co. Pvt. Ltd.,Sumeru Securities Pvt. Ltd.,70,379.0,26530.0,2025-07-24 12:41:55.018702
2025-07-24,92276,2025072401016464,SANIMA,Bhrikuti Stock Broking Co. Pvt. Ltd.,SUN SECURITIES PVT LTD,1000,379.0,379000.0,2025-07-24 12:41:55.019185
2025-07-24,92275,2025072401016465,SANIMA,Bhrikuti Stock Broking Co. Pvt. Ltd.,Premier Securities Company Ltd.,50,379.0,18950.0,2025-07-24 12:41:55.019633
2025-07-24,92274,2025072401016466,SANIMA,Bhrikuti Stock Broking Co. Pvt. Ltd.,Sweta Securities Private Limited,16,379.0,6064.0,2025-07-24 12:41:55.020137
2025-07-24,92273,2025072401016467,SANIMA,Bhrikuti Stock Broking Co. Pvt. Ltd.,Opal Securities Investment (PVT) Ltd.,100,379.0,37900.0,2025-07-24 12:41:55.020609
2025-07-24,92115,2025072401016519,SANIMA,Bhrikuti Stock Broking Co. Pvt. Ltd.,Opal Securities Investment (PVT) Ltd.,14,379.0,5306.0,2025-07-24 12:42:16.154149
2025-07-24,92075,2025072401016529,SANIMA,Imperial Securities Company Pvt. Ltd.,Opal Securities Investment (PVT) Ltd.,263,378.9,99650.7,2025-07-24 12:42:20.987301
2025-07-24,91586,2025072401016670,SANIMA,NIMB Stock Markets Limited,Cristal Kanchanjanga Securites Pvt. Ltd.,24,378.8,9091.2,2025-07-24 12:43:22.156524
2025-07-24,91501,2025072401016686,SANIMA,Bhrikuti Stock Broking Co. Pvt. Ltd.,Opal Securities Investment (PVT) Ltd.,13,378.9,4925.7,2025-07-24 12:43:33.944286
2025-07-24,91206,2025072401016789,SANIMA,Bhrikuti Stock Broking Co. Pvt. Ltd.,Sharepro Securities Private Limited,5987,379.0,2269073.0,2025-07-24 12:44:08.458461
2025-07-24,90782,2025072401016922,SANIMA,Nagarik Stock Dealer ,Secured Securities Ltd.,500,379.1,189550.0,2025-07-24 12:45:03.696277
2025-07-24,90487,2025072401017044,SANIMA,Thrive Brokerage House Pvt. Ltd,Citizens Share Broker Limited,10,379.5,3795.0,2025-07-24 12:45:39.099046
2025-07-24,90461,2025072401017060,SANIMA,Naasa Securities Co. Ltd.,Dipshikha Dhitopatra Karobar Co. Pvt Ltd.,95,379.0,36005.0,2025-07-24 12:45:43.782737
2025-07-24,90460,2025072401017061,SANIMA,NIMB Stock Markets Limited,Dipshikha Dhitopatra Karobar Co. Pvt Ltd.,53,378.8,20076.4,2025-07-24 12:45:43.782787
2025-07-24,90459,2025072401017062,SANIMA,J.F. Securites (PVT) Ltd.,Dipshikha Dhitopatra Karobar Co. Pvt Ltd.,100,378.5,37850.0,2025-07-24 12:45:43.782821
2025-07-24,90458,2025072401017063,SANIMA,Neev Securities Pvt. Ltd.,Dipshikha Dhitopatra Karobar Co. Pvt Ltd.,24,378.0,9072.0,2025-07-24 12:45:43.782857
2025-07-24,90457,2025072401017064,SANIMA,Sani Securities Company Ltd.,Dipshikha Dhitopatra Karobar Co. Pvt Ltd.,300,378.0,113400.0,2025-07-24 12:45:43.782892
2025-07-24,90456,2025072401017065,SANIMA,Nepal Stock House (PVT) Ltd.,Dipshikha Dhitopatra Karobar Co. Pvt Ltd.,500,377.5,188750.0,2025-07-24 12:45:43.782918
2025-07-24,90455,2025072401017066,SANIMA,Magnet Securities and Investment Company Private Limited,Dipshikha Dhitopatra Karobar Co. Pvt Ltd.,928,377.2,350041.6,2025-07-24 12:45:43.782945
2025-07-24,89698,2025072401017248,SANIMA,Magnet Securities and Investment Company Private Limited,Naasa Securities Co. Ltd.,100,377.2,37720.0,2025-07-24 12:47:05.208385
2025-07-24,87977,2025072401017678,SANIMA,Bhrikuti Stock Broking Co. Pvt. Ltd.,Imperial Securities Company Pvt. Ltd.,1000,378.0,378000.0,2025-07-24 12:50:09.281637
2025-07-24,87885,2025072401017701,SANIMA,Bhrikuti Stock Broking Co. Pvt. Ltd.,Midas Stock Broking Company Private Limited,183,378.0,69174.0,2025-07-24 12:50:17.917389
2025-07-24,87463,2025072401017824,SANIMA,Bhrikuti Stock Broking Co. Pvt. Ltd.,Primo Securities (PVT) Ltd.,817,378.0,308826.0,2025-07-24 12:51:07.169136
2025-07-24,87252,2025072401017891,SANIMA,Neev Securities Pvt. Ltd.,Primo Securities (PVT) Ltd.,4000,378.0,1512000.0,2025-07-24 12:51:26.652572
2025-07-24,84949,2025072401018651,SANIMA,Neev Securities Pvt. Ltd.,Kohinoor Investment & Securities Pvt. Ltd.,450,377.5,169875.0,2025-07-24 12:55:37.305343
2025-07-24,84818,2025072401018691,SANIMA,Neev Securities Pvt. Ltd.,Sri Hari Securities Pvt. Ltd.,550,377.5,207625.0,2025-07-24 12:55:58.617302
2025-07-24,84287,2025072401018870,SANIMA,Midas Stock Broking Company Private Limited,Himalayan Brokerage Company Limited,250,377.5,94375.0,2025-07-24 12:56:44.831345
2025-07-24,83578,2025072401019064,SANIMA,Neev Securities Pvt. Ltd.,Imperial Securities Company Pvt. Ltd.,1000,377.4,377400.0,2025-07-24 12:58:01.965696
2025-07-24,83577,2025072401019065,SANIMA,Cristal Kanchanjanga Securites Pvt. Ltd.,Imperial Securities Company Pvt. Ltd.,100,377.3,37730.0,2025-07-24 12:58:01.965757
2025-07-24,83576,2025072401019066,SANIMA,Magnet Securities and Investment Company Private Limited,Imperial Securities Company Pvt. Ltd.,400,377.2,150880.0,2025-07-24 12:58:01.965787
2025-07-24,83392,2025072401019116,SANIMA,Neev Securities Pvt. Ltd.,Himalayan Brokerage Company Limited,100,377.3,37730.0,2025-07-24 12:58:22.987158
2025-07-24,83360,2025072401019122,SANIMA,Neev Securities Pvt. Ltd.,Imperial Securities Company Pvt. Ltd.,500,377.3,188650.0,2025-07-24 12:58:26.859372
2025-07-24,83353,2025072401019124,SANIMA,Neev Securities Pvt. Ltd.,Sharepro Securities Private Limited,400,377.3,150920.0,2025-07-24 12:58:27.575486
2025-07-24,83352,2025072401019125,SANIMA,Magnet Securities and Investment Company Private Limited,Sharepro Securities Private Limited,572,377.2,215758.4,2025-07-24 12:58:27.575527
2025-07-24,83351,2025072401019126,SANIMA,Cristal Kanchanjanga Securites Pvt. Ltd.,Sharepro Securities Private Limited,98,377.2,36965.6,2025-07-24 12:58:27.575555
2025-07-24,83350,2025072401019127,SANIMA,Dynamic Money Managers Securities Pvt. Ltd.,Sharepro Securities Private Limited,154,377.0,58058.0,2025-07-24 12:58:27.575600
2025-07-24,83184,2025072401019160,SANIMA,Neev Securities Pvt. Ltd.,Primo Securities (PVT) Ltd.,100,377.1,37710.0,2025-07-24 12:58:46.751258
2025-07-24,82991,2025072401019221,SANIMA,Neev Securities Pvt. Ltd.,Opal Securities Investment (PVT) Ltd.,900,377.1,339390.0,2025-07-24 12:59:05.182312
2025-07-24,82990,2025072401019222,SANIMA,Dynamic Money Managers Securities Pvt. Ltd.,Opal Securities Investment (PVT) Ltd.,4100,377.0,1545700.0,2025-07-24 12:59:05.182708
2025-07-24,82729,2025072401019295,SANIMA,Dynamic Money Managers Securities Pvt. Ltd.,Asian Securities Private Ltd.,146,377.0,55042.0,2025-07-24 12:59:36.271119
2025-07-24,82728,2025072401019296,SANIMA,Midas Stock Broking Company Private Limited,Asian Securities Private Ltd.,854,377.0,321958.0,2025-07-24 12:59:36.271562
2025-07-24,81874,2025072401019531,SANIMA,Midas Stock Broking Company Private Limited,Linch Stock Market Ltd.,100,377.0,37700.0,2025-07-24 13:01:13.994390
2025-07-24,80453,2025072401019995,SANIMA,Midas Stock Broking Company Private Limited,Sani Securities Company Ltd.,46,377.0,17342.0,2025-07-24 13:03:37.483297
2025-07-24,79495,2025072401020339,SANIMA,Kumari Securities Private Limited,Sani Securities Company Ltd.,219,377.0,82563.0,2025-07-24 13:05:03.942184
2025-07-24,79104,2025072401020461,SANIMA,Online Securities Pvt. Ltd.,Sani Securities Company Ltd.,30,377.0,11310.0,2025-07-24 13:05:41.428673
2025-07-24,77273,2025072401020997,SANIMA,Thrive Brokerage House Pvt. Ltd,Opal Securities Investment (PVT) Ltd.,300,376.0,112800.0,2025-07-24 13:09:09.667998
2025-07-24,77272,2025072401020998,SANIMA,Sri Hari Securities Pvt. Ltd.,Opal Securities Investment (PVT) Ltd.,500,376.0,188000.0,2025-07-24 13:09:09.668094
2025-07-24,77271,2025072401020999,SANIMA,Dakshinkali Investment & Securities Pvt. Ltd.,Opal Securities Investment (PVT) Ltd.,3200,375.7,1202240.0,2025-07-24 13:09:09.668125
2025-07-24,77089,2025072401021051,SANIMA,Dakshinkali Investment & Securities Pvt. Ltd.,Imperial Securities Company Pvt. Ltd.,1000,375.7,375700.0,2025-07-24 13:09:28.579062
2025-07-24,77031,2025072401021072,SANIMA,Dakshinkali Investment & Securities Pvt. Ltd.,Nepal Stock House (PVT) Ltd.,1000,375.7,375700.0,2025-07-24 13:09:34.089458
2025-07-24,76930,2025072401021103,SANIMA,Dakshinkali Investment & Securities Pvt. Ltd.,Sumeru Securities Pvt. Ltd.,59,375.7,22166.3,2025-07-24 13:09:45.013801
2025-07-24,76762,2025072401021164,SANIMA,Dakshinkali Investment & Securities Pvt. Ltd.,Deevyaa Securities & Stock House Pvt. Ltd,200,375.7,75140.0,2025-07-24 13:10:07.884540
2025-07-24,76512,2025072401021205,SANIMA,Dakshinkali Investment & Securities Pvt. Ltd.,Naasa Securities Co. Ltd.,239,375.7,89792.3,2025-07-24 13:10:32.528888
2025-07-24,73191,2025072401022209,SANIMA,INDEX SECURITIES LIMITED,Sewa Securities Pvt. Ltd.,100,376.0,37600.0,2025-07-24 13:16:13.336266
2025-07-24,73041,2025072401022269,SANIMA,INDEX SECURITIES LIMITED,Linch Stock Market Ltd.,30,376.0,11280.0,2025-07-24 13:16:30.298100
2025-07-24,72983,2025072401022297,SANIMA,INDEX SECURITIES LIMITED,Trishakti Securities Public Limited,370,376.0,139120.0,2025-07-24 13:16:37.885462
2025-07-24,72982,2025072401022298,SANIMA,Dakshinkali Investment & Securities Pvt. Ltd.,Trishakti Securities Public Limited,130,375.8,48854.0,2025-07-24 13:16:37.885942
2025-07-24,72683,2025072401022402,SANIMA,Arun Securities (PVT) Ltd.,Nepal Investment And Securities Trading Private Limited,100,376.0,37600.0,2025-07-24 13:17:08.534944
2025-07-24,72682,2025072401022403,SANIMA,Dakshinkali Investment & Securities Pvt. Ltd.,Nepal Investment And Securities Trading Private Limited,2400,375.8,901920.0,2025-07-24 13:17:08.535371
2025-07-24,72338,2025072401022509,SANIMA,Dakshinkali Investment & Securities Pvt. Ltd.,Neev Securities Pvt. Ltd.,600,375.8,225480.0,2025-07-24 13:17:41.355932
2025-07-24,72092,2025072401022572,SANIMA,Dakshinkali Investment & Securities Pvt. Ltd.,Thrive Brokerage House Pvt. Ltd,360,375.8,135288.0,2025-07-24 13:18:07.936888
2025-07-24,72076,2025072401022577,SANIMA,J.F. Securites (PVT) Ltd.,Linch Stock Market Ltd.,100,376.0,37600.0,2025-07-24 13:18:09.662264
2025-07-24,71576,2025072401022706,SANIMA,Dakshinkali Investment & Securities Pvt. Ltd.,Imperial Securities Company Pvt. Ltd.,100,375.8,37580.0,2025-07-24 13:18:51.717143
2025-07-24,71390,2025072401022771,SANIMA,Cristal Kanchanjanga Securites Pvt. Ltd.,Linch Stock Market Ltd.,100,376.0,37600.0,2025-07-24 13:19:10.713534
2025-07-24,70961,2025072401022913,SANIMA,Malla & Malla Stock Broking Company Pvt. Limited,Linch Stock Market Ltd.,70,375.9,26313.0,2025-07-24 13:20:03.222720
2025-07-24,70481,2025072401023051,SANIMA,Pragyan Securities (PVT) Ltd.,Linch Stock Market Ltd.,65,376.0,24440.0,2025-07-24 13:20:53.208702
2025-07-24,70480,2025072401023052,SANIMA,Pragyan Securities (PVT) Ltd.,Kohinoor Investment & Securities Pvt. Ltd.,200,376.0,75200.0,2025-07-24 13:20:53.209152
2025-07-24,70262,2025072401023142,SANIMA,Pragyan Securities (PVT) Ltd.,Aryatara Investment & Securities,50,376.0,18800.0,2025-07-24 13:21:16.455457
2025-07-24,69580,2025072401023371,SANIMA,Pragyan Securities (PVT) Ltd.,Vision Securities Pvt. Ltd,685,376.0,257560.0,2025-07-24 13:22:31.981642
2025-07-24,68990,2025072401023611,SANIMA,Miyo Securities Pvt Ltd,Vision Securities Pvt. Ltd,315,376.0,118440.0,2025-07-24 13:23:24.188429
2025-07-24,68989,2025072401023612,SANIMA,Miyo Securities Pvt Ltd,Online Securities Pvt. Ltd.,358,376.0,134608.0,2025-07-24 13:23:24.188860
2025-07-24,68988,2025072401023613,SANIMA,Miyo Securities Pvt Ltd,Nepal Investment And Securities Trading Private Limited,247,376.0,92872.0,2025-07-24 13:23:24.189081
2025-07-24,68987,2025072401023614,SANIMA,Miyo Securities Pvt Ltd,Online Securities Pvt. Ltd.,100,376.1,37610.0,2025-07-24 13:23:24.189291
2025-07-24,68986,2025072401023615,SANIMA,Miyo Securities Pvt Ltd,Vision Securities Pvt. Ltd,1000,376.4,376400.0,2025-07-24 13:23:24.189496
2025-07-24,68985,2025072401023616,SANIMA,Miyo Securities Pvt Ltd,South Asian Bulls Pvt. Ltd.,200,376.5,75300.0,2025-07-24 13:23:24.189701
2025-07-24,68984,2025072401023617,SANIMA,Miyo Securities Pvt Ltd,Siprabi Securities Pvt. Ltd.,780,376.5,293670.0,2025-07-24 13:23:24.189903
2025-07-24,68665,2025072401023731,SANIMA,Malla & Malla Stock Broking Company Pvt. Limited,Dipshikha Dhitopatra Karobar Co. Pvt Ltd.,50,375.9,18795.0,2025-07-24 13:23:50.933554
2025-07-24,68664,2025072401023732,SANIMA,Dakshinkali Investment & Securities Pvt. Ltd.,Dipshikha Dhitopatra Karobar Co. Pvt Ltd.,969,375.9,364247.1,2025-07-24 13:23:50.933988
2025-07-24,67881,2025072401023943,SANIMA,Dynamic Money Managers Securities Pvt. Ltd.,Siprabi Securities Pvt. Ltd.,220,376.5,82830.0,2025-07-24 13:25:17.009585
2025-07-24,67844,2025072401023958,SANIMA,Dakshinkali Investment & Securities Pvt. Ltd.,Premier Securities Company Ltd.,40,375.9,15036.0,2025-07-24 13:25:22.687626
2025-07-24,66879,2025072401024227,SANIMA,Dakshinkali Investment & Securities Pvt. Ltd.,Opal Securities Investment (PVT) Ltd.,1147,375.9,431157.3,2025-07-24 13:26:56.387859
2025-07-24,66657,2025072401024297,SANIMA,Dynamic Money Managers Securities Pvt. Ltd.,Nepal Investment And Securities Trading Private Limited,1000,376.0,376000.0,2025-07-24 13:27:14.415278
2025-07-24,65868,2025072401024480,SANIMA,Dynamic Money Managers Securities Pvt. Ltd.,Sweta Securities Private Limited,50,376.0,18800.0,2025-07-24 13:28:21.305205
2025-07-24,65236,2025072401024650,SANIMA,Dynamic Money Managers Securities Pvt. Ltd.,Malla & Malla Stock Broking Company Pvt. Limited,2311,376.0,868936.0,2025-07-24 13:29:23.091766
2025-07-24,64973,2025072401024743,SANIMA,Dakshinkali Investment & Securities Pvt. Ltd.,Sundhara Securities Limited,330,376.9,124377.0,2025-07-24 13:29:52.525287
2025-07-24,64972,2025072401024744,SANIMA,Dakshinkali Investment & Securities Pvt. Ltd.,Sani Securities Company Ltd.,705,377.0,265785.0,2025-07-24 13:29:52.526196
2025-07-24,64971,2025072401024745,SANIMA,Dakshinkali Investment & Securities Pvt. Ltd.,Sundhara Securities Limited,100,377.0,37700.0,2025-07-24 13:29:52.526831
2025-07-24,64970,2025072401024746,SANIMA,Dakshinkali Investment & Securities Pvt. Ltd.,Himalayan Securities Limited,100,377.0,37700.0,2025-07-24 13:29:52.527468
2025-07-24,64969,2025072401024747,SANIMA,Dakshinkali Investment & Securities Pvt. Ltd.,Sani Securities Company Ltd.,750,377.0,282750.0,2025-07-24 13:29:52.528090
2025-07-24,64968,2025072401024748,SANIMA,Dakshinkali Investment & Securities Pvt. Ltd.,Naasa Securities Co. Ltd.,15,377.0,5655.0,2025-07-24 13:29:52.528698
2025-07-24,64243,2025072401024949,SANIMA,Dynamic Money Managers Securities Pvt. Ltd.,Vision Securities Pvt. Ltd,140,376.0,52640.0,2025-07-24 13:31:12.127844
2025-07-24,63000,2025072401025298,SANIMA,Dynamic Money Managers Securities Pvt. Ltd.,Sani Securities Company Ltd.,500,376.1,188050.0,2025-07-24 13:33:30.557412
2025-07-24,62999,2025072401025299,SANIMA,Dynamic Money Managers Securities Pvt. Ltd.,Sani Securities Company Ltd.,1215,376.0,456840.0,2025-07-24 13:33:30.557885
2025-07-24,61266,2025072401025847,SANIMA,Dynamic Money Managers Securities Pvt. Ltd.,Asian Securities Private Ltd.,10,376.1,3761.0,2025-07-24 13:36:57.794720
2025-07-24,61265,2025072401025848,SANIMA,Nepal Investment And Securities Trading Private Limited,Asian Securities Private Ltd.,18,376.1,6769.8,2025-07-24 13:36:57.795640
2025-07-24,60998,2025072401025947,SANIMA,Opal Securities Investment (PVT) Ltd.,Oxford Securities Pvt. Ltd.,10,376.9,3769.0,2025-07-24 13:37:30.080704
2025-07-24,60846,2025072401025984,SANIMA,Nepal Investment And Securities Trading Private Limited,Neev Securities Pvt. Ltd.,82,376.1,30840.2,2025-07-24 13:37:44.319227
2025-07-24,60845,2025072401025985,SANIMA,Dynamic Money Managers Securities Pvt. Ltd.,Neev Securities Pvt. Ltd.,18,376.0,6768.0,2025-07-24 13:37:44.319273
2025-07-24,60266,2025072401026141,SANIMA,Naasa Securities Co. Ltd.,Sewa Securities Pvt. Ltd.,75,376.5,28237.5,2025-07-24 13:38:55.321510
2025-07-24,60265,2025072401026142,SANIMA,Naasa Securities Co. Ltd.,Oxford Securities Pvt. Ltd.,490,376.9,184681.0,2025-07-24 13:38:55.322528
2025-07-24,60264,2025072401026143,SANIMA,Naasa Securities Co. Ltd.,Naasa Securities Co. Ltd.,10,377.0,3770.0,2025-07-24 13:38:55.323380
2025-07-24,60263,2025072401026144,SANIMA,Naasa Securities Co. Ltd.,Kumari Securities Private Limited,125,377.0,47125.0,2025-07-24 13:38:55.324084
2025-07-24,59932,2025072401026217,SANIMA,Secured Securities Ltd.,Kumari Securities Private Limited,75,377.0,28275.0,2025-07-24 13:39:33.016861
2025-07-24,59931,2025072401026218,SANIMA,Secured Securities Ltd.,Kohinoor Investment & Securities Pvt. Ltd.,200,377.0,75400.0,2025-07-24 13:39:33.017857
2025-07-24,59930,2025072401026219,SANIMA,Secured Securities Ltd.,ABC Securities Private Limited,500,377.0,188500.0,2025-07-24 13:39:33.018542
2025-07-24,59929,2025072401026220,SANIMA,Secured Securities Ltd.,Naasa Securities Co. Ltd.,225,377.0,84825.0,2025-07-24 13:39:33.019276
2025-07-24,59895,2025072401026228,SANIMA,Secured Securities Ltd.,Naasa Securities Co. Ltd.,775,377.0,292175.0,2025-07-24 13:39:36.591434
2025-07-24,59894,2025072401026229,SANIMA,Secured Securities Ltd.,Vision Securities Pvt. Ltd,225,377.0,84825.0,2025-07-24 13:39:36.592531
2025-07-24,59593,2025072401026330,SANIMA,Trishakti Securities Public Limited,Bhrikuti Stock Broking Co. Pvt. Ltd.,89,376.5,33508.5,2025-07-24 13:40:16.153962
2025-07-24,59592,2025072401026331,SANIMA,Nepal Stock House (PVT) Ltd.,Bhrikuti Stock Broking Co. Pvt. Ltd.,30,376.4,11292.0,2025-07-24 13:40:16.154086
2025-07-24,59428,2025072401026399,SANIMA,Nepal Stock House (PVT) Ltd.,Naasa Securities Co. Ltd.,100,376.4,37640.0,2025-07-24 13:40:38.203951
2025-07-24,59264,2025072401026485,SANIMA,Nepal Stock House (PVT) Ltd.,K.B.L. Securities Limited ,420,376.4,158088.0,2025-07-24 13:40:58.761334
2025-07-24,58424,2025072401026730,SANIMA,Nepal Stock House (PVT) Ltd.,Trishakti Securities Public Limited,430,376.4,161852.0,2025-07-24 13:42:45.735954
2025-07-24,58422,2025072401026731,SANIMA,Nepal Stock House (PVT) Ltd.,Oxford Securities Pvt. Ltd.,20,376.4,7528.0,2025-07-24 13:42:46.691198
2025-07-24,58421,2025072401026732,SANIMA,Dynamic Money Managers Securities Pvt. Ltd.,Oxford Securities Pvt. Ltd.,1980,376.0,744480.0,2025-07-24 13:42:46.691657
2025-07-24,58178,2025072401026843,SANIMA,Dynamic Money Managers Securities Pvt. Ltd.,Sweta Securities Private Limited,502,376.0,188752.0,2025-07-24 13:43:21.308574
2025-07-24,57914,2025072401026929,SANIMA,Dynamic Money Managers Securities Pvt. Ltd.,Online Securities Pvt. Ltd.,2500,376.0,940000.0,2025-07-24 13:43:57.199369
2025-07-24,57337,2025072401027128,SANIMA,Dynamic Money Managers Securities Pvt. Ltd.,Naasa Securities Co. Ltd.,57,376.0,21432.0,2025-07-24 13:45:20.313656
2025-07-24,57182,2025072401027186,SANIMA,Dynamic Money Managers Securities Pvt. Ltd.,Miyo Securities Pvt Ltd,87,376.0,32712.0,2025-07-24 13:45:38.062762
2025-07-24,56644,2025072401027346,SANIMA,Dynamic Money Managers Securities Pvt. Ltd.,Kohinoor Investment & Securities Pvt. Ltd.,94,376.0,35344.0,2025-07-24 13:46:51.999829
2025-07-24,56616,2025072401027355,SANIMA,Dynamic Money Managers Securities Pvt. Ltd.,Siprabi Securities Pvt. Ltd.,100,376.0,37600.0,2025-07-24 13:46:55.997241
2025-07-24,55835,2025072401027670,SANIMA,Primo Securities (PVT) Ltd.,Naasa Securities Co. Ltd.,100,376.1,37610.0,2025-07-24 13:48:14.226363
2025-07-24,55490,2025072401027756,SANIMA,Primo Securities (PVT) Ltd.,Naasa Securities Co. Ltd.,100,376.1,37610.0,2025-07-24 13:48:50.410132
2025-07-24,55465,2025072401027763,SANIMA,Indira securities pvt. ltd,Siprabi Securities Pvt. Ltd.,245,376.2,92169.0,2025-07-24 13:48:54.354525
2025-07-24,55150,2025072401027885,SANIMA,Primo Securities (PVT) Ltd.,Siprabi Securities Pvt. Ltd.,590,376.1,221899.0,2025-07-24 13:49:39.997147
2025-07-24,55056,2025072401027930,SANIMA,Primo Securities (PVT) Ltd.,Sani Securities Company Ltd.,39,376.1,14667.9,2025-07-24 13:49:49.532263
2025-07-24,55033,2025072401027940,SANIMA,Primo Securities (PVT) Ltd.,South Asian Bulls Pvt. Ltd.,120,376.1,45132.0,2025-07-24 13:49:52.087276
2025-07-24,54636,2025072401028069,SANIMA,Primo Securities (PVT) Ltd.,NIMB Stock Markets Limited,51,376.1,19181.1,2025-07-24 13:50:49.778297
2025-07-24,54635,2025072401028070,SANIMA,Dynamic Money Managers Securities Pvt. Ltd.,NIMB Stock Markets Limited,499,376.0,187624.0,2025-07-24 13:50:49.778761
2025-07-24,54600,2025072401028084,SANIMA,Dynamic Money Managers Securities Pvt. Ltd.,Aryatara Investment & Securities,1090,376.0,409840.0,2025-07-24 13:50:54.216186
2025-07-24,54532,2025072401028109,SANIMA,Dynamic Money Managers Securities Pvt. Ltd.,Kohinoor Investment & Securities Pvt. Ltd.,100,376.0,37600.0,2025-07-24 13:51:01.301970
2025-07-24,53949,2025072401028342,SANIMA,Dynamic Money Managers Securities Pvt. Ltd.,Dakshinkali Investment & Securities Pvt. Ltd.,100,376.0,37600.0,2025-07-24 13:52:14.370223
2025-07-24,53456,2025072401028482,SANIMA,Sani Securities Company Ltd.,Sri Hari Securities Pvt. Ltd.,499,376.2,187723.8,2025-07-24 13:53:22.954690
2025-07-24,53455,2025072401028483,SANIMA,Dynamic Money Managers Securities Pvt. Ltd.,Sri Hari Securities Pvt. Ltd.,101,376.0,37976.0,2025-07-24 13:53:22.955643
2025-07-24,53442,2025072401028487,SANIMA,Dynamic Money Managers Securities Pvt. Ltd.,Nepal Stock House (PVT) Ltd.,780,376.0,293280.0,2025-07-24 13:53:26.781494
2025-07-24,53312,2025072401028554,SANIMA,Dynamic Money Managers Securities Pvt. Ltd.,Aryatara Investment & Securities,1000,376.0,376000.0,2025-07-24 13:53:43.658455
2025-07-24,53152,2025072401028598,SANIMA,Dynamic Money Managers Securities Pvt. Ltd.,Thrive Brokerage House Pvt. Ltd,120,376.0,45120.0,2025-07-24 13:54:03.117357
2025-07-24,52025,2025072401028941,SANIMA,Dynamic Money Managers Securities Pvt. Ltd.,Kohinoor Investment & Securities Pvt. Ltd.,140,376.0,52640.0,2025-07-24 13:56:41.602954
2025-07-24,51522,2025072401029096,SANIMA,Dynamic Money Managers Securities Pvt. Ltd.,Bhrikuti Stock Broking Co. Pvt. Ltd.,180,376.0,67680.0,2025-07-24 13:58:03.044775
2025-07-24,51502,2025072401029102,SANIMA,Dynamic Money Managers Securities Pvt. Ltd.,Nepal Stock House (PVT) Ltd.,140,376.0,52640.0,2025-07-24 13:58:08.581003
2025-07-24,51194,2025072401029172,SANIMA,Dynamic Money Managers Securities Pvt. Ltd.,Sundhara Securities Limited,150,376.0,56400.0,2025-07-24 13:58:54.876817
2025-07-24,51035,2025072401029229,SANIMA,Dynamic Money Managers Securities Pvt. Ltd.,Trishakti Securities Public Limited,95,376.0,35720.0,2025-07-24 13:59:12.744166
2025-07-24,51027,2025072401029231,SANIMA,Indira securities pvt. ltd,Sundhara Securities Limited,100,376.5,37650.0,2025-07-24 13:59:14.655078
2025-07-24,51026,2025072401029232,SANIMA,Indira securities pvt. ltd,Trishakti Securities Public Limited,260,376.7,97942.0,2025-07-24 13:59:14.655591
2025-07-24,51025,2025072401029233,SANIMA,Indira securities pvt. ltd,Vision Securities Pvt. Ltd,110,377.0,41470.0,2025-07-24 13:59:14.655867
2025-07-24,51024,2025072401029234,SANIMA,Indira securities pvt. ltd,Vision Securities Pvt. Ltd,530,377.0,199810.0,2025-07-24 13:59:14.656097
2025-07-24,49642,2025072401029631,SANIMA,Nepal Stock House (PVT) Ltd.,Kalika Securities Pvt. Ltd.,50,377.0,18850.0,2025-07-24 14:02:25.645362
2025-07-24,49552,2025072401029656,SANIMA,Linch Stock Market Ltd.,Shree Krishna Securities Ltd.,200,376.5,75300.0,2025-07-24 14:02:38.050994
2025-07-24,49387,2025072401029703,SANIMA,Linch Stock Market Ltd.,Siprabi Securities Pvt. Ltd.,200,376.5,75300.0,2025-07-24 14:03:01.670146
2025-07-24,48759,2025072401029968,SANIMA,Dynamic Money Managers Securities Pvt. Ltd.,Shree Krishna Securities Ltd.,451,376.0,169576.0,2025-07-24 14:04:19.327559
2025-07-24,48758,2025072401029969,SANIMA,Asian Securities Private Ltd.,Shree Krishna Securities Ltd.,600,376.0,225600.0,2025-07-24 14:04:19.328057
2025-07-24,48757,2025072401029970,SANIMA,Bhrikuti Stock Broking Co. Pvt. Ltd.,Shree Krishna Securities Ltd.,265,376.0,99640.0,2025-07-24 14:04:19.328324
2025-07-24,48756,2025072401029971,SANIMA,Dipshikha Dhitopatra Karobar Co. Pvt Ltd.,Shree Krishna Securities Ltd.,80,376.0,30080.0,2025-07-24 14:04:19.328572
2025-07-24,48755,2025072401029972,SANIMA,Secured Securities Ltd.,Shree Krishna Securities Ltd.,1000,376.0,376000.0,2025-07-24 14:04:19.328821
2025-07-24,48754,2025072401029973,SANIMA,Midas Stock Broking Company Private Limited,Shree Krishna Securities Ltd.,52,376.0,19552.0,2025-07-24 14:04:19.329064
2025-07-24,48753,2025072401029974,SANIMA,Trishakti Securities Public Limited,Shree Krishna Securities Ltd.,50,376.0,18800.0,2025-07-24 14:04:19.329332
2025-07-24,48752,2025072401029975,SANIMA,Oxford Securities Pvt. Ltd.,Shree Krishna Securities Ltd.,265,376.0,99640.0,2025-07-24 14:04:19.329624
2025-07-24,48751,2025072401029976,SANIMA,Sundhara Securities Limited,Shree Krishna Securities Ltd.,237,376.0,89112.0,2025-07-24 14:04:19.329876
2025-07-24,47375,2025072401030346,SANIMA,Sundhara Securities Limited,Imperial Securities Company Pvt. Ltd.,15,376.0,5640.0,2025-07-24 14:07:14.666495
2025-07-24,46422,2025072401030535,SANIMA,Dipshikha Dhitopatra Karobar Co. Pvt Ltd.,Primo Securities (PVT) Ltd.,56,376.5,21084.0,2025-07-24 14:08:54.884435
2025-07-24,46159,2025072401030618,SANIMA,Capital Max Securities Ltd,Property Wiard Limited,400,376.1,150440.0,2025-07-24 14:09:30.308992
2025-07-24,45946,2025072401030686,SANIMA,Sundhara Securities Limited,Secured Securities Ltd.,100,376.0,37600.0,2025-07-24 14:09:46.866878
2025-07-24,45718,2025072401030749,SANIMA,Sundhara Securities Limited,Nepal Stock House (PVT) Ltd.,48,376.0,18048.0,2025-07-24 14:10:19.264368
2025-07-24,45717,2025072401030750,SANIMA,Bhrikuti Stock Broking Co. Pvt. Ltd.,Nepal Stock House (PVT) Ltd.,100,376.0,37600.0,2025-07-24 14:10:19.265339
2025-07-24,45065,2025072401030962,SANIMA,Bhrikuti Stock Broking Co. Pvt. Ltd.,Nepal Stock House (PVT) Ltd.,352,376.0,132352.0,2025-07-24 14:11:26.583547
2025-07-24,44522,2025072401031100,SANIMA,Bhrikuti Stock Broking Co. Pvt. Ltd.,Imperial Securities Company Pvt. Ltd.,350,376.0,131600.0,2025-07-24 14:12:39.643899
2025-07-24,44424,2025072401031123,SANIMA,Bhrikuti Stock Broking Co. Pvt. Ltd.,Primo Securities (PVT) Ltd.,293,376.0,110168.0,2025-07-24 14:12:50.812690
2025-07-24,43508,2025072401031335,SANIMA,Bhrikuti Stock Broking Co. Pvt. Ltd.,Online Securities Pvt. Ltd.,5,376.0,1880.0,2025-07-24 14:14:18.229933
2025-07-24,43414,2025072401031361,SANIMA,Midas Stock Broking Company Private Limited,Bhrikuti Stock Broking Co. Pvt. Ltd.,199,376.0,74824.0,2025-07-24 14:14:27.447794
2025-07-24,42855,2025072401031486,SANIMA,Imperial Securities Company Pvt. Ltd.,South Asian Bulls Pvt. Ltd.,30,376.4,11292.0,2025-07-24 14:15:12.198312
2025-07-24,42583,2025072401031557,SANIMA,Himalayan Brokerage Company Limited,Imperial Securities Company Pvt. Ltd.,100,377.0,37700.0,2025-07-24 14:15:38.277619
2025-07-24,42582,2025072401031558,SANIMA,Himalayan Brokerage Company Limited,Opal Securities Investment (PVT) Ltd.,10,377.0,3770.0,2025-07-24 14:15:38.278126
2025-07-24,42581,2025072401031559,SANIMA,Himalayan Brokerage Company Limited,Sani Securities Company Ltd.,300,377.0,113100.0,2025-07-24 14:15:38.278370
2025-07-24,42580,2025072401031560,SANIMA,Himalayan Brokerage Company Limited,Vision Securities Pvt. Ltd,90,377.0,33930.0,2025-07-24 14:15:38.278606
2025-07-24,42516,2025072401031581,SANIMA,Dynamic Money Managers Securities Pvt. Ltd.,Vision Securities Pvt. Ltd,10,377.0,3770.0,2025-07-24 14:15:48.233527
2025-07-24,42515,2025072401031582,SANIMA,Secured Securities Ltd.,Vision Securities Pvt. Ltd,20,377.0,7540.0,2025-07-24 14:15:48.386004
2025-07-24,41932,2025072401031696,SANIMA,Oxford Securities Pvt. Ltd.,Vision Securities Pvt. Ltd,350,377.0,131950.0,2025-07-24 14:16:31.869786
2025-07-24,41211,2025072401031885,SANIMA,Online Securities Pvt. Ltd.,Agrawal Securities (PVT) Ltd.,19,377.0,7163.0,2025-07-24 14:17:38.294209
2025-07-24,41210,2025072401031886,SANIMA,Midas Stock Broking Company Private Limited,Agrawal Securities (PVT) Ltd.,100,376.0,37600.0,2025-07-24 14:17:38.294745
2025-07-24,40617,2025072401032060,SANIMA,Primo Securities (PVT) Ltd.,Bhrikuti Stock Broking Co. Pvt. Ltd.,80,377.0,30160.0,2025-07-24 14:18:34.060723
2025-07-24,40005,2025072401032190,SANIMA,Opal Securities Investment (PVT) Ltd.,Imperial Securities Company Pvt. Ltd.,100,376.1,37610.0,2025-07-24 14:19:25.413083
2025-07-24,39063,2025072401032372,SANIMA,Opal Securities Investment (PVT) Ltd.,Vision Securities Pvt. Ltd,300,376.1,112830.0,2025-07-24 14:20:51.861145
2025-07-24,38902,2025072401032435,SANIMA,Opal Securities Investment (PVT) Ltd.,Sewa Securities Pvt. Ltd.,70,376.1,26327.0,2025-07-24 14:21:09.146493
2025-07-24,38483,2025072401032528,SANIMA,Dynamic Money Managers Securities Pvt. Ltd.,Bhrikuti Stock Broking Co. Pvt. Ltd.,10,377.0,3770.0,2025-07-24 14:21:44.030799
2025-07-24,38009,2025072401032602,SANIMA,Dynamic Money Managers Securities Pvt. Ltd.,Bhrikuti Stock Broking Co. Pvt. Ltd.,10,377.0,3770.0,2025-07-24 14:22:15.973935
2025-07-24,38008,2025072401032603,SANIMA,Dynamic Money Managers Securities Pvt. Ltd.,Naasa Securities Co. Ltd.,10,377.0,3770.0,2025-07-24 14:22:15.974901
2025-07-24,37774,2025072401032661,SANIMA,Opal Securities Investment (PVT) Ltd.,Neev Securities Pvt. Ltd.,100,376.1,37610.0,2025-07-24 14:22:35.752000
2025-07-24,37746,2025072401032669,SANIMA,Opal Securities Investment (PVT) Ltd.,Imperial Securities Company Pvt. Ltd.,100,376.1,37610.0,2025-07-24 14:22:38.210121
2025-07-24,37590,2025072401032718,SANIMA,Dynamic Money Managers Securities Pvt. Ltd.,MILKY WAY SHARE BROKER COMPANY LTD ,15,377.4,5661.0,2025-07-24 14:22:53.619365
2025-07-24,37150,2025072401032842,SANIMA,Cristal Kanchanjanga Securites Pvt. Ltd.,Global IME Securities Limited,200,376.2,75240.0,2025-07-24 14:23:30.518221
2025-07-24,37149,2025072401032843,SANIMA,Opal Securities Investment (PVT) Ltd.,Global IME Securities Limited,300,376.1,112830.0,2025-07-24 14:23:30.518661
2025-07-24,35494,2025072401033317,SANIMA,Opal Securities Investment (PVT) Ltd.,Aryatara Investment & Securities,30,376.1,11283.0,2025-07-24 14:26:12.571506
2025-07-24,35493,2025072401033318,SANIMA,Aryatara Investment & Securities,Aryatara Investment & Securities,50,376.1,18805.0,2025-07-24 14:26:12.571552
2025-07-24,35492,2025072401033319,SANIMA,Midas Stock Broking Company Private Limited,Aryatara Investment & Securities,1420,376.0,533920.0,2025-07-24 14:26:12.571579
2025-07-24,35153,2025072401033426,SANIMA,Aakashbhairab Securities Ltd.,Sani Securities Company Ltd.,300,376.1,112830.0,2025-07-24 14:26:46.912377
2025-07-24,35102,2025072401033444,SANIMA,Midas Stock Broking Company Private Limited,Imperial Securities Company Pvt. Ltd.,100,376.0,37600.0,2025-07-24 14:26:53.472258
2025-07-24,35088,2025072401033447,SANIMA,Agrawal Securities (PVT) Ltd.,Sani Securities Company Ltd.,700,376.1,263270.0,2025-07-24 14:26:55.345052
2025-07-24,35087,2025072401033448,SANIMA,Agrawal Securities (PVT) Ltd.,Online Securities Pvt. Ltd.,66,377.4,24908.4,2025-07-24 14:26:55.345103
2025-07-24,35086,2025072401033449,SANIMA,Agrawal Securities (PVT) Ltd.,Linch Stock Market Ltd.,100,377.5,37750.0,2025-07-24 14:26:55.345130
2025-07-24,35085,2025072401033450,SANIMA,Agrawal Securities (PVT) Ltd.,Citizens Share Broker Limited,490,377.5,184975.0,2025-07-24 14:26:55.345165
2025-07-24,35084,2025072401033451,SANIMA,Agrawal Securities (PVT) Ltd.,Sani Securities Company Ltd.,60,377.6,22656.0,2025-07-24 14:26:55.345215
2025-07-24,35083,2025072401033452,SANIMA,Agrawal Securities (PVT) Ltd.,Trisul Securities & Invt. Ltd.,1000,377.9,377900.0,2025-07-24 14:26:55.345242
2025-07-24,35082,2025072401033453,SANIMA,Agrawal Securities (PVT) Ltd.,Primo Securities (PVT) Ltd.,183,378.0,69174.0,2025-07-24 14:26:55.345276
2025-07-24,35081,2025072401033454,SANIMA,Agrawal Securities (PVT) Ltd.,Asian Securities Private Ltd.,401,378.0,151578.0,2025-07-24 14:26:55.345303
2025-07-24,35026,2025072401033468,SANIMA,Midas Stock Broking Company Private Limited,Sani Securities Company Ltd.,52,376.0,19552.0,2025-07-24 14:27:01.284845
2025-07-24,34860,2025072401033514,SANIMA,Agrawal Securities (PVT) Ltd.,Dynamic Money Managers Securities Pvt. Ltd.,102,377.4,38494.8,2025-07-24 14:27:18.770976
2025-07-24,34859,2025072401033515,SANIMA,Agrawal Securities (PVT) Ltd.,Asian Securities Private Ltd.,599,378.0,226422.0,2025-07-24 14:27:18.771188
2025-07-24,34858,2025072401033516,SANIMA,Agrawal Securities (PVT) Ltd.,Neev Securities Pvt. Ltd.,744,378.0,281232.0,2025-07-24 14:27:18.771269
2025-07-24,34857,2025072401033517,SANIMA,Agrawal Securities (PVT) Ltd.,Sewa Securities Pvt. Ltd.,500,378.0,189000.0,2025-07-24 14:27:18.771343
2025-07-24,34856,2025072401033518,SANIMA,Agrawal Securities (PVT) Ltd.,Nepal Investment And Securities Trading Private Limited,55,378.0,20790.0,2025-07-24 14:27:18.771420
2025-07-24,33514,2025072401033891,SANIMA,ABC Securities Private Limited,Linch Stock Market Ltd.,100,377.0,37700.0,2025-07-24 14:29:14.708864
2025-07-24,33105,2025072401034033,SANIMA,Aryatara Investment & Securities,Sundhara Securities Limited,1,369.5,369.5,2025-07-24 14:29:53.423119
2025-07-24,31825,2025072401034352,SANIMA,Dakshinkali Investment & Securities Pvt. Ltd.,Imperial Securities Company Pvt. Ltd.,50,376.1,18805.0,2025-07-24 14:31:50.735921
2025-07-24,31476,2025072401034474,SANIMA,Dakshinkali Investment & Securities Pvt. Ltd.,Dynamic Money Managers Securities Pvt. Ltd.,100,377.0,37700.0,2025-07-24 14:32:19.697594
2025-07-24,31475,2025072401034475,SANIMA,Dakshinkali Investment & Securities Pvt. Ltd.,Opal Securities Investment (PVT) Ltd.,476,377.0,179452.0,2025-07-24 14:32:19.698104
2025-07-24,31474,2025072401034476,SANIMA,Dakshinkali Investment & Securities Pvt. Ltd.,Imperial Securities Company Pvt. Ltd.,50,377.0,18850.0,2025-07-24 14:32:19.698428
2025-07-24,30973,2025072401034623,SANIMA,Dakshinkali Investment & Securities Pvt. Ltd.,Agrawal Securities (PVT) Ltd.,1301,377.0,490477.0,2025-07-24 14:32:58.688156
2025-07-24,30938,2025072401034640,SANIMA,Dakshinkali Investment & Securities Pvt. Ltd.,Indira securities pvt. ltd,200,377.0,75400.0,2025-07-24 14:33:04.002171
2025-07-24,30405,2025072401034827,SANIMA,Dakshinkali Investment & Securities Pvt. Ltd.,Shree Krishna Securities Ltd.,1871,377.0,705367.0,2025-07-24 14:33:50.430491
2025-07-24,30177,2025072401034894,SANIMA,Dakshinkali Investment & Securities Pvt. Ltd.,Shree Krishna Securities Ltd.,46000,377.0,17342000.0,2025-07-24 14:34:07.923882
2025-07-24,29842,2025072401034953,SANIMA,Naasa Securities Co. Ltd.,Pragyan Securities (PVT) Ltd.,147,376.2,55301.4,2025-07-24 14:34:32.976487
2025-07-24,29648,2025072401035012,SANIMA,Dakshinkali Investment & Securities Pvt. Ltd.,Trishakti Securities Public Limited,200,376.1,75220.0,2025-07-24 14:34:50.847859
2025-07-24,29300,2025072401035109,SANIMA,Deevyaa Securities & Stock House Pvt. Ltd,Pragyan Securities (PVT) Ltd.,53,376.2,19938.6,2025-07-24 14:35:12.584925
2025-07-24,29299,2025072401035110,SANIMA,Deevyaa Securities & Stock House Pvt. Ltd,Kumari Securities Private Limited,39,377.5,14722.5,2025-07-24 14:35:12.584988
2025-07-24,28290,2025072401035391,SANIMA,Dakshinkali Investment & Securities Pvt. Ltd.,Arun Securities (PVT) Ltd.,150,377.0,56550.0,2025-07-24 14:36:31.166147
2025-07-24,28289,2025072401035392,SANIMA,Dakshinkali Investment & Securities Pvt. Ltd.,Opal Securities Investment (PVT) Ltd.,600,377.0,226200.0,2025-07-24 14:36:31.166636
2025-07-24,28288,2025072401035393,SANIMA,Dakshinkali Investment & Securities Pvt. Ltd.,Kumari Securities Private Limited,261,377.5,98527.5,2025-07-24 14:36:31.166866
2025-07-24,28287,2025072401035394,SANIMA,Dakshinkali Investment & Securities Pvt. Ltd.,Thrive Brokerage House Pvt. Ltd,104,377.5,39260.0,2025-07-24 14:36:31.167103
2025-07-24,28286,2025072401035395,SANIMA,Dakshinkali Investment & Securities Pvt. Ltd.,SUN SECURITIES PVT LTD,2000,377.8,755600.0,2025-07-24 14:36:31.167391
2025-07-24,28285,2025072401035396,SANIMA,Dakshinkali Investment & Securities Pvt. Ltd.,Ashutosh Brokerage & Securities (PVT) Ltd.,200,377.9,75580.0,2025-07-24 14:36:31.167634
2025-07-24,28284,2025072401035397,SANIMA,Dakshinkali Investment & Securities Pvt. Ltd.,Nepal Investment And Securities Trading Private Limited,895,378.0,338310.0,2025-07-24 14:36:31.167867
2025-07-24,28283,2025072401035398,SANIMA,Dakshinkali Investment & Securities Pvt. Ltd.,Kalika Securities Pvt. Ltd.,50,378.0,18900.0,2025-07-24 14:36:31.168107
2025-07-24,28282,2025072401035399,SANIMA,Dakshinkali Investment & Securities Pvt. Ltd.,Midas Stock Broking Company Private Limited,599,378.0,226422.0,2025-07-24 14:36:31.168376
2025-07-24,28281,2025072401035400,SANIMA,Dakshinkali Investment & Securities Pvt. Ltd.,Ashutosh Brokerage & Securities (PVT) Ltd.,50,378.0,18900.0,2025-07-24 14:36:31.168634
2025-07-24,28280,2025072401035401,SANIMA,Dakshinkali Investment & Securities Pvt. Ltd.,Naasa Securities Co. Ltd.,100,378.0,37800.0,2025-07-24 14:36:31.168878
2025-07-24,28279,2025072401035402,SANIMA,Dakshinkali Investment & Securities Pvt. Ltd.,Naasa Securities Co. Ltd.,1300,378.0,491400.0,2025-07-24 14:36:31.169111
2025-07-24,28278,2025072401035403,SANIMA,Dakshinkali Investment & Securities Pvt. Ltd.,Sundhara Securities Limited,505,378.0,190890.0,2025-07-24 14:36:31.169343
2025-07-24,28277,2025072401035404,SANIMA,Dakshinkali Investment & Securities Pvt. Ltd.,Bhrikuti Stock Broking Co. Pvt. Ltd.,119,378.0,44982.0,2025-07-24 14:36:31.169584
2025-07-24,28276,2025072401035405,SANIMA,Dakshinkali Investment & Securities Pvt. Ltd.,Sani Securities Company Ltd.,20,378.0,7560.0,2025-07-24 14:36:31.169854
2025-07-24,28275,2025072401035406,SANIMA,Dakshinkali Investment & Securities Pvt. Ltd.,Deevyaa Securities & Stock House Pvt. Ltd,4000,378.0,1512000.0,2025-07-24 14:36:31.170091
2025-07-24,28274,2025072401035407,SANIMA,Dakshinkali Investment & Securities Pvt. Ltd.,Dipshikha Dhitopatra Karobar Co. Pvt Ltd.,1000,378.0,378000.0,2025-07-24 14:36:31.170327
2025-07-24,28273,2025072401035408,SANIMA,Dakshinkali Investment & Securities Pvt. Ltd.,Linch Stock Market Ltd.,500,378.0,189000.0,2025-07-24 14:36:31.170554
2025-07-24,28272,2025072401035409,SANIMA,Dakshinkali Investment & Securities Pvt. Ltd.,Naasa Securities Co. Ltd.,100,378.0,37800.0,2025-07-24 14:36:31.170799
2025-07-24,28271,2025072401035410,SANIMA,Dakshinkali Investment & Securities Pvt. Ltd.,Kohinoor Investment & Securities Pvt. Ltd.,100,378.0,37800.0,2025-07-24 14:36:31.171032
2025-07-24,28270,2025072401035411,SANIMA,Dakshinkali Investment & Securities Pvt. Ltd.,Linch Stock Market Ltd.,30,378.0,11340.0,2025-07-24 14:36:31.171269
2025-07-24,28269,2025072401035412,SANIMA,Dakshinkali Investment & Securities Pvt. Ltd.,Market Securities & Exchange (PVT) Ltd.,50,378.0,18900.0,2025-07-24 14:36:31.171510
2025-07-24,28268,2025072401035413,SANIMA,Dakshinkali Investment & Securities Pvt. Ltd.,Dipshikha Dhitopatra Karobar Co. Pvt Ltd.,500,378.0,189000.0,2025-07-24 14:36:31.171767
2025-07-24,28267,2025072401035414,SANIMA,Dakshinkali Investment & Securities Pvt. Ltd.,Sri Hari Securities Pvt. Ltd.,80,378.0,30240.0,2025-07-24 14:36:31.172003
2025-07-24,28266,2025072401035415,SANIMA,Dakshinkali Investment & Securities Pvt. Ltd.,Neev Securities Pvt. Ltd.,687,378.0,259686.0,2025-07-24 14:36:31.172249
2025-07-24,27969,2025072401035506,SANIMA,Dakshinkali Investment & Securities Pvt. Ltd.,South Asian Bulls Pvt. Ltd.,250,376.1,94025.0,2025-07-24 14:36:53.672673
2025-07-24,27425,2025072401035652,SANIMA,Dakshinkali Investment & Securities Pvt. Ltd.,Neev Securities Pvt. Ltd.,313,378.0,118314.0,2025-07-24 14:37:37.064224
2025-07-24,27424,2025072401035653,SANIMA,Dakshinkali Investment & Securities Pvt. Ltd.,Primo Securities (PVT) Ltd.,200,378.0,75600.0,2025-07-24 14:37:37.065268
2025-07-24,27423,2025072401035654,SANIMA,Dakshinkali Investment & Securities Pvt. Ltd.,Imperial Securities Company Pvt. Ltd.,100,378.0,37800.0,2025-07-24 14:37:37.065938
2025-07-24,27422,2025072401035655,SANIMA,Dakshinkali Investment & Securities Pvt. Ltd.,ABC Securities Private Limited,50,378.0,18900.0,2025-07-24 14:37:37.066623
2025-07-24,27421,2025072401035656,SANIMA,Dakshinkali Investment & Securities Pvt. Ltd.,Shree Krishna Securities Ltd.,381,378.0,144018.0,2025-07-24 14:37:37.067301
2025-07-24,27420,2025072401035657,SANIMA,Dakshinkali Investment & Securities Pvt. Ltd.,KALASH STOCK MARKET PVT. LTD.,756,378.0,285768.0,2025-07-24 14:37:37.067979
2025-07-24,26680,2025072401035831,SANIMA,Dakshinkali Investment & Securities Pvt. Ltd.,KALASH STOCK MARKET PVT. LTD.,36,378.0,13608.0,2025-07-24 14:38:28.729443
2025-07-24,26679,2025072401035832,SANIMA,Dakshinkali Investment & Securities Pvt. Ltd.,Siprabi Securities Pvt. Ltd.,1964,378.0,742392.0,2025-07-24 14:38:28.729904
2025-07-24,26535,2025072401035891,SANIMA,Imperial Securities Company Pvt. Ltd.,ABC Securities Private Limited,120,377.0,45240.0,2025-07-24 14:38:39.681312
2025-07-24,26377,2025072401035932,SANIMA,Dipshikha Dhitopatra Karobar Co. Pvt Ltd.,Premier Securities Company Ltd.,40,377.9,15116.0,2025-07-24 14:38:54.340443
2025-07-24,25430,2025072401036151,SANIMA,J.F. Securites (PVT) Ltd.,ABC Securities Private Limited,530,377.1,199863.0,2025-07-24 14:40:12.493593
2025-07-24,25098,2025072401036222,SANIMA,Sipla Securities Private Limited,Creative Securities Pvt Ltd,100,377.5,37750.0,2025-07-24 14:40:40.142920
2025-07-24,25097,2025072401036223,SANIMA,Sipla Securities Private Limited,Premier Securities Company Ltd.,10,377.9,3779.0,2025-07-24 14:40:40.142993
2025-07-24,25096,2025072401036224,SANIMA,Sipla Securities Private Limited,Vision Securities Pvt. Ltd,200,377.9,75580.0,2025-07-24 14:40:40.143018
2025-07-24,25095,2025072401036225,SANIMA,Sipla Securities Private Limited,Vision Securities Pvt. Ltd,200,377.9,75580.0,2025-07-24 14:40:40.143047
2025-07-24,25094,2025072401036226,SANIMA,Sipla Securities Private Limited,Siprabi Securities Pvt. Ltd.,36,378.0,13608.0,2025-07-24 14:40:40.143078
2025-07-24,25093,2025072401036227,SANIMA,Sipla Securities Private Limited,Agrawal Securities (PVT) Ltd.,100,378.0,37800.0,2025-07-24 14:40:40.143104
2025-07-24,25092,2025072401036228,SANIMA,Sipla Securities Private Limited,Agrawal Securities (PVT) Ltd.,100,378.0,37800.0,2025-07-24 14:40:40.143126
2025-07-24,25091,2025072401036229,SANIMA,Sipla Securities Private Limited,Imperial Securities Company Pvt. Ltd.,27,378.3,10214.1,2025-07-24 14:40:40.143151
2025-07-24,25090,2025072401036230,SANIMA,Sipla Securities Private Limited,Sani Securities Company Ltd.,86,378.4,32542.4,2025-07-24 14:40:40.143180
2025-07-24,25089,2025072401036231,SANIMA,Sipla Securities Private Limited,Imperial Securities Company Pvt. Ltd.,28,378.5,10598.0,2025-07-24 14:40:40.143221
2025-07-24,25088,2025072401036232,SANIMA,Sipla Securities Private Limited,Sewa Securities Pvt. Ltd.,414,378.7,156781.8,2025-07-24 14:40:40.143255
2025-07-24,25087,2025072401036233,SANIMA,Sipla Securities Private Limited,SUN SECURITIES PVT LTD,400,378.9,151560.0,2025-07-24 14:40:40.143291
2025-07-24,25086,2025072401036234,SANIMA,Sipla Securities Private Limited,Linch Stock Market Ltd.,100,379.0,37900.0,2025-07-24 14:40:40.143322
2025-07-24,25085,2025072401036235,SANIMA,Sipla Securities Private Limited,Trisul Securities & Invt. Ltd.,500,379.0,189500.0,2025-07-24 14:40:40.143356
2025-07-24,25084,2025072401036236,SANIMA,Sipla Securities Private Limited,Thrive Brokerage House Pvt. Ltd,50,379.0,18950.0,2025-07-24 14:40:40.143393
2025-07-24,25083,2025072401036237,SANIMA,Sipla Securities Private Limited,Dynamic Money Managers Securities Pvt. Ltd.,500,379.0,189500.0,2025-07-24 14:40:40.143428
2025-07-24,25082,2025072401036238,SANIMA,Sipla Securities Private Limited,Cristal Kanchanjanga Securites Pvt. Ltd.,271,379.0,102709.0,2025-07-24 14:40:40.143471
2025-07-24,25081,2025072401036239,SANIMA,Sipla Securities Private Limited,Vision Securities Pvt. Ltd,1000,379.0,379000.0,2025-07-24 14:40:40.143507
2025-07-24,25080,2025072401036240,SANIMA,Sipla Securities Private Limited,Dynamic Money Managers Securities Pvt. Ltd.,30,379.0,11370.0,2025-07-24 14:40:40.143541
2025-07-24,25079,2025072401036241,SANIMA,Sipla Securities Private Limited,Kohinoor Investment & Securities Pvt. Ltd.,140,379.0,53060.0,2025-07-24 14:40:40.143573
2025-07-24,25078,2025072401036242,SANIMA,Sipla Securities Private Limited,Midas Stock Broking Company Private Limited,80,379.0,30320.0,2025-07-24 14:40:40.143608
2025-07-24,25077,2025072401036243,SANIMA,Sipla Securities Private Limited,ABC Securities Private Limited,50,379.0,18950.0,2025-07-24 14:40:40.143640
2025-07-24,25076,2025072401036244,SANIMA,Sipla Securities Private Limited,Malla & Malla Stock Broking Company Pvt. Limited,172,379.1,65205.2,2025-07-24 14:40:40.143672
2025-07-24,25075,2025072401036245,SANIMA,Sipla Securities Private Limited,Dipshikha Dhitopatra Karobar Co. Pvt Ltd.,114,379.4,43251.6,2025-07-24 14:40:40.143715
2025-07-24,25074,2025072401036246,SANIMA,Sipla Securities Private Limited,Kohinoor Investment & Securities Pvt. Ltd.,50,379.5,18975.0,2025-07-24 14:40:40.143748
2025-07-24,25073,2025072401036247,SANIMA,Sipla Securities Private Limited,Imperial Securities Company Pvt. Ltd.,133,379.5,50473.5,2025-07-24 14:40:40.143781
2025-07-24,25072,2025072401036248,SANIMA,Sipla Securities Private Limited,Dipshikha Dhitopatra Karobar Co. Pvt Ltd.,30,379.7,11391.0,2025-07-24 14:40:40.143826
2025-07-24,25071,2025072401036249,SANIMA,Sipla Securities Private Limited,Trisul Securities & Invt. Ltd.,79,379.8,30004.2,2025-07-24 14:40:40.143869
2025-07-24,24521,2025072401036401,SANIMA,S.P.S.A. Securities Limited,Neev Securities Pvt. Ltd.,219,377.0,82563.0,2025-07-24 14:41:22.887914
2025-07-24,24460,2025072401036426,SANIMA,S.P.S.A. Securities Limited,Vision Securities Pvt. Ltd,300,377.0,113100.0,2025-07-24 14:41:30.304736
2025-07-24,24376,2025072401036443,SANIMA,S.P.S.A. Securities Limited,ABC Securities Private Limited,225,377.0,84825.0,2025-07-24 14:41:37.486150
2025-07-24,24044,2025072401036514,SANIMA,S.P.S.A. Securities Limited,NIMB Stock Markets Limited,56,377.0,21112.0,2025-07-24 14:42:07.162588
2025-07-24,24043,2025072401036515,SANIMA,Neev Securities Pvt. Ltd.,NIMB Stock Markets Limited,1100,377.0,414700.0,2025-07-24 14:42:07.163087
2025-07-24,24042,2025072401036516,SANIMA,Naasa Securities Co. Ltd.,NIMB Stock Markets Limited,20,377.0,7540.0,2025-07-24 14:42:07.163315
2025-07-24,24041,2025072401036517,SANIMA,Ashutosh Brokerage & Securities (PVT) Ltd.,NIMB Stock Markets Limited,444,377.0,167388.0,2025-07-24 14:42:07.163544
2025-07-24,24040,2025072401036518,SANIMA,Dipshikha Dhitopatra Karobar Co. Pvt Ltd.,NIMB Stock Markets Limited,50,377.0,18850.0,2025-07-24 14:42:07.163762
2025-07-24,23388,2025072401036729,SANIMA,Cristal Kanchanjanga Securites Pvt. Ltd.,Trisul Securities & Invt. Ltd.,91,376.2,34234.2,2025-07-24 14:42:52.849260
2025-07-24,23077,2025072401036800,SANIMA,Dakshinkali Investment & Securities Pvt. Ltd.,Bhrikuti Stock Broking Co. Pvt. Ltd.,2,377.0,754.0,2025-07-24 14:43:14.358696
2025-07-24,22743,2025072401036878,SANIMA,Nabil Stock Dealer Ltd.,Pragyan Securities (PVT) Ltd.,10,376.5,3765.0,2025-07-24 14:43:34.542337
2025-07-24,22742,2025072401036879,SANIMA,Cristal Kanchanjanga Securites Pvt. Ltd.,Pragyan Securities (PVT) Ltd.,109,376.2,41005.8,2025-07-24 14:43:34.542381
2025-07-24,22741,2025072401036880,SANIMA,Naasa Securities Co. Ltd.,Pragyan Securities (PVT) Ltd.,21,376.2,7900.2,2025-07-24 14:43:34.542407
2025-07-24,22587,2025072401036942,SANIMA,Online Securities Pvt. Ltd.,Naasa Securities Co. Ltd.,56,376.5,21084.0,2025-07-24 14:43:44.596337
2025-07-24,22586,2025072401036943,SANIMA,Online Securities Pvt. Ltd.,Premier Securities Company Ltd.,10,376.9,3769.0,2025-07-24 14:43:44.597274
2025-07-24,22585,2025072401036944,SANIMA,Online Securities Pvt. Ltd.,NIMB Stock Markets Limited,330,377.0,124410.0,2025-07-24 14:43:44.597995
2025-07-24,22584,2025072401036945,SANIMA,Online Securities Pvt. Ltd.,Naasa Securities Co. Ltd.,20,377.0,7540.0,2025-07-24 14:43:44.598714
2025-07-24,22461,2025072401036975,SANIMA,Online Securities Pvt. Ltd.,Sweta Securities Private Limited,251,377.0,94627.0,2025-07-24 14:43:51.708701
2025-07-24,22318,2025072401037009,SANIMA,Online Securities Pvt. Ltd.,Kumari Securities Private Limited,600,377.0,226200.0,2025-07-24 14:44:05.526996
2025-07-24,22308,2025072401037016,SANIMA,Online Securities Pvt. Ltd.,Himalayan Brokerage Company Limited,136,377.0,51272.0,2025-07-24 14:44:06.014971
2025-07-24,21585,2025072401037230,SANIMA,Aryatara Investment & Securities,Neev Securities Pvt. Ltd.,100,377.8,37780.0,2025-07-24 14:44:51.170753
2025-07-24,21428,2025072401037281,SANIMA,Online Securities Pvt. Ltd.,Neev Securities Pvt. Ltd.,500,377.0,188500.0,2025-07-24 14:44:59.970866
2025-07-24,21034,2025072401037383,SANIMA,Online Securities Pvt. Ltd.,Neev Securities Pvt. Ltd.,97,377.0,36569.0,2025-07-24 14:45:28.215433
2025-07-24,21033,2025072401037384,SANIMA,Naasa Securities Co. Ltd.,Neev Securities Pvt. Ltd.,303,376.8,114170.4,2025-07-24 14:45:28.216650
2025-07-24,20895,2025072401037437,SANIMA,Dynamic Money Managers Securities Pvt. Ltd.,Sani Securities Company Ltd.,18,377.0,6786.0,2025-07-24 14:45:36.679041
2025-07-24,20894,2025072401037438,SANIMA,Naasa Securities Co. Ltd.,Sani Securities Company Ltd.,197,376.8,74229.6,2025-07-24 14:45:36.679544
2025-07-24,20468,2025072401037545,SANIMA,Naasa Securities Co. Ltd.,Trishakti Securities Public Limited,350,376.3,131705.0,2025-07-24 14:46:06.934721
2025-07-24,18417,2025072401038040,SANIMA,Kumari Securities Private Limited,Sani Securities Company Ltd.,10,377.0,3770.0,2025-07-24 14:48:18.496588
2025-07-24,18390,2025072401038048,SANIMA,Aryatara Investment & Securities,Sani Securities Company Ltd.,275,377.0,103675.0,2025-07-24 14:48:19.979830
2025-07-24,16927,2025072401038401,SANIMA,Sajilo Broker Limited,J.F. Securites (PVT) Ltd.,104,378.0,39312.0,2025-07-24 14:49:47.608964
2025-07-24,16925,2025072401038402,SANIMA,Sajilo Broker Limited,Trisul Securities & Invt. Ltd.,146,378.0,55188.0,2025-07-24 14:49:47.609478
2025-07-24,15111,2025072401038838,SANIMA,Aryatara Investment & Securities,Sweta Securities Private Limited,30,377.1,11313.0,2025-07-24 14:51:26.142785
2025-07-24,15110,2025072401038839,SANIMA,Aryatara Investment & Securities,Sweta Securities Private Limited,10,377.0,3770.0,2025-07-24 14:51:26.143251
2025-07-24,15109,2025072401038840,SANIMA,Dakshinkali Investment & Securities Pvt. Ltd.,Sweta Securities Private Limited,110,376.8,41448.0,2025-07-24 14:51:26.143547
2025-07-24,14889,2025072401038886,SANIMA,Dakshinkali Investment & Securities Pvt. Ltd.,Sweta Securities Private Limited,450,376.8,169560.0,2025-07-24 14:51:37.886922
2025-07-24,14729,2025072401038920,SANIMA,Kohinoor Investment & Securities Pvt. Ltd.,Deevyaa Securities & Stock House Pvt. Ltd,100,376.9,37690.0,2025-07-24 14:51:44.018263
2025-07-24,14672,2025072401038931,SANIMA,Property Wiard Limited,Deevyaa Securities & Stock House Pvt. Ltd,900,376.9,339210.0,2025-07-24 14:51:49.630688
2025-07-24,14223,2025072401039055,SANIMA,Property Wiard Limited,Dynamic Money Managers Securities Pvt. Ltd.,100,376.9,37690.0,2025-07-24 14:52:11.290722
2025-07-24,14184,2025072401039068,SANIMA,Dakshinkali Investment & Securities Pvt. Ltd.,Sweta Securities Private Limited,400,376.8,150720.0,2025-07-24 14:52:13.153947
2025-07-24,13031,2025072401039355,SANIMA,Property Wiard Limited,MILKY WAY SHARE BROKER COMPANY LTD ,1000,376.9,376900.0,2025-07-24 14:53:10.537076
2025-07-24,11980,2025072401039695,SANIMA,Sani Securities Company Ltd.,Vision Securities Pvt. Ltd,230,377.0,86710.0,2025-07-24 14:54:01.847994
2025-07-24,11820,2025072401039751,SANIMA,Agrawal Securities (PVT) Ltd.,Imperial Securities Company Pvt. Ltd.,75,377.1,28282.5,2025-07-24 14:54:11.204606
2025-07-24,11000,2025072401039985,SANIMA,Sani Securities Company Ltd.,Ashutosh Brokerage & Securities (PVT) Ltd.,30,377.0,11310.0,2025-07-24 14:54:47.464750
2025-07-24,10999,2025072401039986,SANIMA,Sewa Securities Pvt. Ltd.,Ashutosh Brokerage & Securities (PVT) Ltd.,20,377.0,7540.0,2025-07-24 14:54:47.465224
2025-07-24,10998,2025072401039987,SANIMA,Naasa Securities Co. Ltd.,Ashutosh Brokerage & Securities (PVT) Ltd.,500,377.0,188500.0,2025-07-24 14:54:47.465461
2025-07-24,10810,2025072401040054,SANIMA,Opal Securities Investment (PVT) Ltd.,Imperial Securities Company Pvt. Ltd.,300,376.9,113070.0,2025-07-24 14:54:53.791270
2025-07-24,10809,2025072401040055,SANIMA,Naasa Securities Co. Ltd.,Imperial Securities Company Pvt. Ltd.,500,376.7,188350.0,2025-07-24 14:54:53.791754
2025-07-24,10808,2025072401040056,SANIMA,Naasa Securities Co. Ltd.,Imperial Securities Company Pvt. Ltd.,500,376.5,188250.0,2025-07-24 14:54:53.791995
2025-07-24,10807,2025072401040057,SANIMA,Siprabi Securities Pvt. Ltd.,Imperial Securities Company Pvt. Ltd.,135,376.4,50814.0,2025-07-24 14:54:53.792246
2025-07-24,10806,2025072401040058,SANIMA,Ashutosh Brokerage & Securities (PVT) Ltd.,Imperial Securities Company Pvt. Ltd.,1565,376.3,588909.5,2025-07-24 14:54:53.792486
2025-07-24,10775,2025072401040064,SANIMA,Kalika Securities Pvt. Ltd.,Sumeru Securities Pvt. Ltd.,100,376.9,37690.0,2025-07-24 14:54:55.394233
2025-07-24,10288,2025072401040181,SANIMA,Ashutosh Brokerage & Securities (PVT) Ltd.,Ashutosh Brokerage & Securities (PVT) Ltd.,600,376.3,225780.0,2025-07-24 14:55:16.232427
2025-07-24,9966,2025072401040244,SANIMA,Ashutosh Brokerage & Securities (PVT) Ltd.,K.B.L. Securities Limited ,500,376.3,188150.0,2025-07-24 14:55:30.154740
2025-07-24,9831,2025072401040266,SANIMA,Dakshinkali Investment & Securities Pvt. Ltd.,Sundhara Securities Limited,80,376.8,30144.0,2025-07-24 14:55:35.628468
2025-07-24,9830,2025072401040267,SANIMA,Dakshinkali Investment & Securities Pvt. Ltd.,Sumeru Securities Pvt. Ltd.,39,376.9,14699.1,2025-07-24 14:55:35.628938
2025-07-24,9829,2025072401040268,SANIMA,Dakshinkali Investment & Securities Pvt. Ltd.,Nabil Stock Dealer Ltd.,100,376.9,37690.0,2025-07-24 14:55:35.629173
2025-07-24,9828,2025072401040269,SANIMA,Dakshinkali Investment & Securities Pvt. Ltd.,Ashutosh Brokerage & Securities (PVT) Ltd.,50,377.0,18850.0,2025-07-24 14:55:35.629397
2025-07-24,9827,2025072401040270,SANIMA,Dakshinkali Investment & Securities Pvt. Ltd.,Sumeru Securities Pvt. Ltd.,100,377.0,37700.0,2025-07-24 14:55:35.629636
2025-07-24,9376,2025072401040364,SANIMA,Sanima Securities Limited,Imperial Securities Company Pvt. Ltd.,25,377.1,9427.5,2025-07-24 14:55:51.115590
2025-07-24,9375,2025072401040365,SANIMA,Sanima Securities Limited,Ashutosh Brokerage & Securities (PVT) Ltd.,50,377.8,18890.0,2025-07-24 14:55:51.116093
2025-07-24,9374,2025072401040366,SANIMA,Sanima Securities Limited,Naasa Securities Co. Ltd.,1000,377.9,377900.0,2025-07-24 14:55:51.116339
2025-07-24,9373,2025072401040367,SANIMA,Sanima Securities Limited,Naasa Securities Co. Ltd.,425,377.9,160607.5,2025-07-24 14:55:51.116564
2025-07-24,9342,2025072401040375,SANIMA,Dakshinkali Investment & Securities Pvt. Ltd.,Investment Management Nepal Pvt. Ltd.,30,377.0,11310.0,2025-07-24 14:55:52.200817
2025-07-24,9059,2025072401040440,SANIMA,Dakshinkali Investment & Securities Pvt. Ltd.,K.B.L. Securities Limited ,200,377.0,75400.0,2025-07-24 14:56:03.560508
2025-07-24,9002,2025072401040460,SANIMA,Dakshinkali Investment & Securities Pvt. Ltd.,K.B.L. Securities Limited ,1000,377.0,377000.0,2025-07-24 14:56:05.966714
2025-07-24,8827,2025072401040500,SANIMA,Dakshinkali Investment & Securities Pvt. Ltd.,Midas Stock Broking Company Private Limited,100,377.0,37700.0,2025-07-24 14:56:12.820041
2025-07-24,8715,2025072401040536,SANIMA,Secured Securities Ltd.,Naasa Securities Co. Ltd.,212,377.9,80114.8,2025-07-24 14:56:16.228998
2025-07-24,8714,2025072401040537,SANIMA,Secured Securities Ltd.,Sundhara Securities Limited,63,377.9,23807.7,2025-07-24 14:56:16.229689
2025-07-24,8713,2025072401040538,SANIMA,Secured Securities Ltd.,Trisul Securities & Invt. Ltd.,354,378.0,133812.0,2025-07-24 14:56:16.230641
2025-07-24,8712,2025072401040539,SANIMA,Secured Securities Ltd.,Dipshikha Dhitopatra Karobar Co. Pvt Ltd.,619,378.0,233982.0,2025-07-24 14:56:16.231543
2025-07-24,8711,2025072401040540,SANIMA,Secured Securities Ltd.,Market Securities & Exchange (PVT) Ltd.,1000,378.0,378000.0,2025-07-24 14:56:16.232515
2025-07-24,8710,2025072401040541,SANIMA,Secured Securities Ltd.,Kohinoor Investment & Securities Pvt. Ltd.,100,378.0,37800.0,2025-07-24 14:56:16.233462
2025-07-24,8709,2025072401040542,SANIMA,Secured Securities Ltd.,KALASH STOCK MARKET PVT. LTD.,154,378.0,58212.0,2025-07-24 14:56:16.234314
2025-07-24,8707,2025072401040543,SANIMA,Secured Securities Ltd.,Nepal Stock House (PVT) Ltd.,300,378.0,113400.0,2025-07-24 14:56:16.235179
2025-07-24,8706,2025072401040544,SANIMA,Secured Securities Ltd.,Vision Securities Pvt. Ltd,200,378.0,75600.0,2025-07-24 14:56:16.236104
2025-07-24,8705,2025072401040545,SANIMA,Secured Securities Ltd.,Dynamic Money Managers Securities Pvt. Ltd.,572,378.0,216216.0,2025-07-24 14:56:16.236938
2025-07-24,8704,2025072401040546,SANIMA,Secured Securities Ltd.,Vision Securities Pvt. Ltd,200,378.0,75600.0,2025-07-24 14:56:16.237869
2025-07-24,8577,2025072401040571,SANIMA,Secured Securities Ltd.,Naasa Securities Co. Ltd.,2226,378.0,841428.0,2025-07-24 14:56:22.834207
2025-07-24,8054,2025072401040708,SANIMA,Creative Securities Pvt Ltd,Midas Stock Broking Company Private Limited,218,377.9,82382.2,2025-07-24 14:56:42.071981
2025-07-24,8053,2025072401040709,SANIMA,Creative Securities Pvt Ltd,Naasa Securities Co. Ltd.,82,378.0,30996.0,2025-07-24 14:56:42.072453
2025-07-24,7922,2025072401040732,SANIMA,Dakshinkali Investment & Securities Pvt. Ltd.,Naasa Securities Co. Ltd.,2692,378.0,1017576.0,2025-07-24 14:56:47.140828
2025-07-24,7921,2025072401040733,SANIMA,Dakshinkali Investment & Securities Pvt. Ltd.,Dynamic Money Managers Securities Pvt. Ltd.,1500,378.0,567000.0,2025-07-24 14:56:47.140870
2025-07-24,7920,2025072401040734,SANIMA,Dakshinkali Investment & Securities Pvt. Ltd.,Cristal Kanchanjanga Securites Pvt. Ltd.,200,378.0,75600.0,2025-07-24 14:56:47.140896
2025-07-24,7919,2025072401040735,SANIMA,Dakshinkali Investment & Securities Pvt. Ltd.,Opal Securities Investment (PVT) Ltd.,100,378.5,37850.0,2025-07-24 14:56:47.140928
2025-07-24,7918,2025072401040736,SANIMA,Dakshinkali Investment & Securities Pvt. Ltd.,Opal Securities Investment (PVT) Ltd.,227,378.7,85964.9,2025-07-24 14:56:47.140962
2025-07-24,7917,2025072401040737,SANIMA,Dakshinkali Investment & Securities Pvt. Ltd.,Premier Securities Company Ltd.,10,378.8,3788.0,2025-07-24 14:56:47.140986
2025-07-24,7916,2025072401040738,SANIMA,Dakshinkali Investment & Securities Pvt. Ltd.,Premier Securities Company Ltd.,10,378.9,3789.0,2025-07-24 14:56:47.141015
2025-07-24,7915,2025072401040739,SANIMA,Dakshinkali Investment & Securities Pvt. Ltd.,Linch Stock Market Ltd.,3500,378.9,1326150.0,2025-07-24 14:56:47.141048
2025-07-24,7914,2025072401040740,SANIMA,Dakshinkali Investment & Securities Pvt. Ltd.,Malla & Malla Stock Broking Company Pvt. Limited,2000,379.0,758000.0,2025-07-24 14:56:47.141079
2025-07-24,7913,2025072401040741,SANIMA,Dakshinkali Investment & Securities Pvt. Ltd.,Creative Securities Pvt Ltd,100,379.0,37900.0,2025-07-24 14:56:47.141105
2025-07-24,7912,2025072401040742,SANIMA,Dakshinkali Investment & Securities Pvt. Ltd.,Sani Securities Company Ltd.,545,379.0,206555.0,2025-07-24 14:56:47.141129
2025-07-24,7911,2025072401040743,SANIMA,Dakshinkali Investment & Securities Pvt. Ltd.,Oxford Securities Pvt. Ltd.,56,379.0,21224.0,2025-07-24 14:56:47.141158
2025-07-24,7910,2025072401040744,SANIMA,Dakshinkali Investment & Securities Pvt. Ltd.,Trisul Securities & Invt. Ltd.,2921,379.8,1109395.8,2025-07-24 14:56:47.141192
2025-07-24,7909,2025072401040745,SANIMA,Dakshinkali Investment & Securities Pvt. Ltd.,Aakashbhairab Securities Ltd.,1000,379.9,379900.0,2025-07-24 14:56:47.141222
2025-07-24,7908,2025072401040746,SANIMA,Dakshinkali Investment & Securities Pvt. Ltd.,Sundhara Securities Limited,1000,379.9,379900.0,2025-07-24 14:56:47.141270
2025-07-24,7907,2025072401040747,SANIMA,Dakshinkali Investment & Securities Pvt. Ltd.,KALASH STOCK MARKET PVT. LTD.,1000,379.9,379900.0,2025-07-24 14:56:47.141300
2025-07-24,7906,2025072401040748,SANIMA,Dakshinkali Investment & Securities Pvt. Ltd.,Sharepro Securities Private Limited,3000,379.9,1139700.0,2025-07-24 14:56:47.141329
2025-07-24,7905,2025072401040749,SANIMA,Dakshinkali Investment & Securities Pvt. Ltd.,Sumeru Securities Pvt. Ltd.,139,379.9,52806.1,2025-07-24 14:56:47.141367
2025-07-24,7830,2025072401040761,SANIMA,Dakshinkali Investment & Securities Pvt. Ltd.,Siprabi Securities Pvt. Ltd.,1000,377.0,377000.0,2025-07-24 14:56:49.708528
2025-07-24,7395,2025072401040859,SANIMA,Sri Hari Securities Pvt. Ltd.,Shree Krishna Securities Ltd.,710,377.1,267741.0,2025-07-24 14:57:04.056620
2025-07-24,6735,2025072401041018,SANIMA,Dakshinkali Investment & Securities Pvt. Ltd.,Opal Securities Investment (PVT) Ltd.,100,378.0,37800.0,2025-07-24 14:57:26.738036
