Date,S.N.,Contract ID,Symbol,Buyer Broker,Seller Broker,volume,rate,amount,transaction_time
2025-07-24,151364,2025072404001449,SHL,Imperial Securities Company Pvt. Ltd.,Asian Securities Private Ltd.,30,613.3,18399.0,2025-07-24 11:06:22.860688
2025-07-24,150921,2025072404001625,SHL,Dakshinkali Investment & Securities Pvt. Ltd.,Online Securities Pvt. Ltd.,400,601.7,240680.0,2025-07-24 11:07:03.135002
2025-07-24,150229,2025072404001879,SHL,Swarna Laxmi Securities Pvt. Ltd.,Trishakti Securities Public Limited,1000,602.0,602000.0,2025-07-24 11:08:08.760297
2025-07-24,150032,2025072404001946,SHL,Sharepro Securities Private Limited,Property Wiard Limited,500,603.0,301500.0,2025-07-24 11:08:31.161610
2025-07-24,149995,2025072404001955,SHL,Vision Securities Pvt. Ltd,Sani Securities Company Ltd.,100,602.1,60210.0,2025-07-24 11:08:34.471201
2025-07-24,149371,2025072404002114,SHL,Vision Securities Pvt. Ltd,Trishakti Securities Public Limited,700,602.1,421470.0,2025-07-24 11:09:40.141509
2025-07-24,149344,2025072404002119,SHL,Aryatara Investment & Securities,Trishakti Securities Public Limited,100,602.1,60210.0,2025-07-24 11:09:41.332649
2025-07-24,148507,2025072404002366,SHL,Cristal Kanchanjanga Securites Pvt. Ltd.,Trishakti Securities Public Limited,200,602.1,120420.0,2025-07-24 11:11:02.845760
2025-07-24,148370,2025072404002407,SHL,Vision Securities Pvt. Ltd,Sumeru Securities Pvt. Ltd.,120,601.8,72216.0,2025-07-24 11:11:16.922391
2025-07-24,148325,2025072404002431,SHL,Vision Securities Pvt. Ltd,Property Wiard Limited,150,601.8,90270.0,2025-07-24 11:11:22.150471
2025-07-24,147544,2025072404002664,SHL,Dakshinkali Investment & Securities Pvt. Ltd.,Sajilo Broker Limited,100,601.7,60170.0,2025-07-24 11:12:42.342594
2025-07-24,146150,2025072404003093,SHL,Capital Hub P. Ltd,Agrawal Securities (PVT) Ltd.,100,602.0,60200.0,2025-07-24 11:14:57.685062
2025-07-24,146149,2025072404003094,SHL,Capital Hub P. Ltd,Magnet Securities and Investment Company Private Limited,231,603.0,139293.0,2025-07-24 11:14:57.685179
2025-07-24,145554,2025072404003279,SHL,Vision Securities Pvt. Ltd,Himalayan Brokerage Company Limited,150,601.6,90240.0,2025-07-24 11:15:49.128677
2025-07-24,145421,2025072404003317,SHL,ABC Securities Private Limited,Himalayan Brokerage Company Limited,500,601.7,300850.0,2025-07-24 11:16:02.176786
2025-07-24,145420,2025072404003318,SHL,Vision Securities Pvt. Ltd,Himalayan Brokerage Company Limited,200,601.6,120320.0,2025-07-24 11:16:02.176916
2025-07-24,145114,2025072404003417,SHL,Agrawal Securities (PVT) Ltd.,Roadshow securities limited,100,601.8,60180.0,2025-07-24 11:16:30.323623
2025-07-24,145113,2025072404003418,SHL,Cristal Kanchanjanga Securites Pvt. Ltd.,Roadshow securities limited,100,601.7,60170.0,2025-07-24 11:16:30.323734
2025-07-24,145112,2025072404003419,SHL,Vision Securities Pvt. Ltd,Roadshow securities limited,450,601.6,270720.0,2025-07-24 11:16:30.323827
2025-07-24,145111,2025072404003420,SHL,Kumari Securities Private Limited,Roadshow securities limited,100,601.6,60160.0,2025-07-24 11:16:30.323917
2025-07-24,145110,2025072404003421,SHL,Sani Securities Company Ltd.,Roadshow securities limited,1500,601.3,901950.0,2025-07-24 11:16:30.324032
2025-07-24,144631,2025072404003578,SHL,Vision Securities Pvt. Ltd,Property Wiard Limited,500,601.2,300600.0,2025-07-24 11:17:11.476099
2025-07-24,144172,2025072404003730,SHL,Vision Securities Pvt. Ltd,Dynamic Money Managers Securities Pvt. Ltd.,200,601.2,120240.0,2025-07-24 11:17:54.664788
2025-07-24,143908,2025072404003826,SHL,Sri Hari Securities Pvt. Ltd.,Property Wiard Limited,400,602.0,240800.0,2025-07-24 11:18:20.619520
2025-07-24,143840,2025072404003846,SHL,Shree Krishna Securities Ltd.,J.F. Securites (PVT) Ltd.,100,601.3,60130.0,2025-07-24 11:18:27.250553
2025-07-24,142530,2025072404004238,SHL,Garima Securities Limited,Property Wiard Limited,100,602.0,60200.0,2025-07-24 11:20:37.688233
2025-07-24,142529,2025072404004239,SHL,Garima Securities Limited,Imperial Securities Company Pvt. Ltd.,100,602.0,60200.0,2025-07-24 11:20:37.688475
2025-07-24,142112,2025072404004338,SHL,Neev Securities Pvt. Ltd.,Magnet Securities and Investment Company Private Limited,179,601.4,107650.6,2025-07-24 11:21:13.927174
2025-07-24,141519,2025072404004510,SHL,Neev Securities Pvt. Ltd.,Trishakti Securities Public Limited,821,601.4,493749.4,2025-07-24 11:22:03.059487
2025-07-24,141518,2025072404004511,SHL,Shree Krishna Securities Ltd.,Trishakti Securities Public Limited,900,601.3,541170.0,2025-07-24 11:22:03.059629
2025-07-24,141517,2025072404004512,SHL,Garima Securities Limited,Trishakti Securities Public Limited,100,601.3,60130.0,2025-07-24 11:22:03.059685
2025-07-24,141516,2025072404004513,SHL,Vision Securities Pvt. Ltd,Trishakti Securities Public Limited,800,601.2,480960.0,2025-07-24 11:22:03.059748
2025-07-24,141515,2025072404004514,SHL,Miyo Securities Pvt Ltd,Trishakti Securities Public Limited,5000,601.1,3005500.0,2025-07-24 11:22:03.059800
2025-07-24,141514,2025072404004515,SHL,Garima Securities Limited,Trishakti Securities Public Limited,100,601.1,60110.0,2025-07-24 11:22:03.059850
2025-07-24,141513,2025072404004516,SHL,Sharepro Securities Private Limited,Trishakti Securities Public Limited,279,601.0,167679.0,2025-07-24 11:22:03.059896
2025-07-24,141146,2025072404004622,SHL,Sharepro Securities Private Limited,Sharepro Securities Private Limited,500,601.0,300500.0,2025-07-24 11:22:36.472207
2025-07-24,141109,2025072404004641,SHL,INDEX SECURITIES LIMITED,Oxford Securities Pvt. Ltd.,200,602.0,120400.0,2025-07-24 11:22:38.916428
2025-07-24,141108,2025072404004642,SHL,INDEX SECURITIES LIMITED,Oxford Securities Pvt. Ltd.,600,602.0,361200.0,2025-07-24 11:22:38.916556
2025-07-24,141040,2025072404004675,SHL,INDEX SECURITIES LIMITED,Oxford Securities Pvt. Ltd.,800,602.0,481600.0,2025-07-24 11:22:44.584721
2025-07-24,141004,2025072404004684,SHL,Sharepro Securities Private Limited,Vision Securities Pvt. Ltd,221,601.0,132821.0,2025-07-24 11:22:48.518696
2025-07-24,141003,2025072404004685,SHL,Vision Securities Pvt. Ltd,Vision Securities Pvt. Ltd,175,600.5,105087.5,2025-07-24 11:22:48.518839
2025-07-24,141002,2025072404004686,SHL,Opal Securities Investment (PVT) Ltd.,Vision Securities Pvt. Ltd,1000,600.4,600400.0,2025-07-24 11:22:48.518887
2025-07-24,141001,2025072404004687,SHL,Opal Securities Investment (PVT) Ltd.,Vision Securities Pvt. Ltd,1000,600.4,600400.0,2025-07-24 11:22:48.518933
2025-07-24,141000,2025072404004688,SHL,Vision Securities Pvt. Ltd,Vision Securities Pvt. Ltd,604,600.1,362460.4,2025-07-24 11:22:48.518980
2025-07-24,140380,2025072404004844,SHL,Sani Securities Company Ltd.,Online Securities Pvt. Ltd.,500,601.0,300500.0,2025-07-24 11:23:43.467186
2025-07-24,140109,2025072404004928,SHL,Sani Securities Company Ltd.,Online Securities Pvt. Ltd.,500,601.0,300500.0,2025-07-24 11:24:10.300886
2025-07-24,139696,2025072404005051,SHL,Nabil Stock Dealer Ltd.,Pragyan Securities (PVT) Ltd.,300,601.1,180330.0,2025-07-24 11:24:49.279958
2025-07-24,135840,2025072404006559,SHL,Nabil Stock Dealer Ltd.,Thrive Brokerage House Pvt. Ltd,800,602.1,481680.0,2025-07-24 11:29:59.483544
2025-07-24,135399,2025072404006734,SHL,Capital Max Securities Ltd,Agrawal Securities (PVT) Ltd.,100,604.0,60400.0,2025-07-24 11:30:33.405935
2025-07-24,135398,2025072404006735,SHL,Capital Max Securities Ltd,Ashutosh Brokerage & Securities (PVT) Ltd.,310,605.0,187550.0,2025-07-24 11:30:33.405985
2025-07-24,135397,2025072404006736,SHL,Capital Max Securities Ltd,ABC Securities Private Limited,100,605.0,60500.0,2025-07-24 11:30:33.406008
2025-07-24,135396,2025072404006737,SHL,Capital Max Securities Ltd,Kohinoor Investment & Securities Pvt. Ltd.,480,605.0,290400.0,2025-07-24 11:30:33.406028
2025-07-24,133473,2025072404007509,SHL,Market Securities & Exchange (PVT) Ltd.,Trishakti Securities Public Limited,5,600.0,3000.0,2025-07-24 11:33:08.511654
2025-07-24,133136,2025072404007686,SHL,Trisul Securities & Invt. Ltd.,Trishakti Securities Public Limited,2000,605.0,1210000.0,2025-07-24 11:33:34.923895
2025-07-24,132880,2025072404007809,SHL,Sani Securities Company Ltd.,Trishakti Securities Public Limited,820,605.0,496100.0,2025-07-24 11:33:52.136283
2025-07-24,132879,2025072404007810,SHL,Swarna Laxmi Securities Pvt. Ltd.,Trishakti Securities Public Limited,180,605.0,108900.0,2025-07-24 11:33:52.136467
2025-07-24,132849,2025072404007821,SHL,Agrawal Securities (PVT) Ltd.,Sweta Securities Private Limited,100,606.7,60670.0,2025-07-24 11:33:54.650435
2025-07-24,132848,2025072404007822,SHL,Agrawal Securities (PVT) Ltd.,Bhrikuti Stock Broking Co. Pvt. Ltd.,300,607.0,182100.0,2025-07-24 11:33:54.650486
2025-07-24,132541,2025072404007934,SHL,Asian Securities Private Ltd.,Sharepro Securities Private Limited,300,605.1,181530.0,2025-07-24 11:34:20.798798
2025-07-24,132540,2025072404007935,SHL,Swarna Laxmi Securities Pvt. Ltd.,Sharepro Securities Private Limited,120,605.0,72600.0,2025-07-24 11:34:20.798939
2025-07-24,132211,2025072404008062,SHL,Agrawal Securities (PVT) Ltd.,Sharepro Securities Private Limited,130,603.3,78429.0,2025-07-24 11:34:46.888391
2025-07-24,131084,2025072404008567,SHL,Capital Max Securities Ltd,Dynamic Money Managers Securities Pvt. Ltd.,100,608.9,60890.0,2025-07-24 11:36:31.416457
2025-07-24,131083,2025072404008568,SHL,Capital Max Securities Ltd,Sweta Securities Private Limited,550,608.9,334895.0,2025-07-24 11:36:31.416500
2025-07-24,131082,2025072404008569,SHL,Capital Max Securities Ltd,Naasa Securities Co. Ltd.,222,609.0,135198.0,2025-07-24 11:36:31.416529
2025-07-24,131081,2025072404008570,SHL,Capital Max Securities Ltd,Thrive Brokerage House Pvt. Ltd,600,609.0,365400.0,2025-07-24 11:36:31.416550
2025-07-24,131080,2025072404008571,SHL,Capital Max Securities Ltd,Trishakti Securities Public Limited,1528,609.0,930552.0,2025-07-24 11:36:31.416574
2025-07-24,130141,2025072404008977,SHL,Aryatara Investment & Securities,Himalayan Brokerage Company Limited,100,603.5,60350.0,2025-07-24 11:37:49.570807
2025-07-24,130140,2025072404008978,SHL,Agrawal Securities (PVT) Ltd.,Himalayan Brokerage Company Limited,100,603.4,60340.0,2025-07-24 11:37:49.570971
2025-07-24,130139,2025072404008979,SHL,Sweta Securities Private Limited,Himalayan Brokerage Company Limited,300,603.3,180990.0,2025-07-24 11:37:49.571064
2025-07-24,130138,2025072404008980,SHL,Kumari Securities Private Limited,Himalayan Brokerage Company Limited,100,603.3,60330.0,2025-07-24 11:37:49.571135
2025-07-24,129984,2025072404009032,SHL,Vision Securities Pvt. Ltd,Himalayan Brokerage Company Limited,150,603.6,90540.0,2025-07-24 11:37:59.619233
2025-07-24,129701,2025072404009172,SHL,Dipshikha Dhitopatra Karobar Co. Pvt Ltd.,Opal Securities Investment (PVT) Ltd.,100,608.0,60800.0,2025-07-24 11:38:26.693382
2025-07-24,129552,2025072404009237,SHL,Agrawal Securities (PVT) Ltd.,Sharepro Securities Private Limited,100,604.1,60410.0,2025-07-24 11:38:40.778108
2025-07-24,129301,2025072404009350,SHL,Dipshikha Dhitopatra Karobar Co. Pvt Ltd.,Sharepro Securities Private Limited,100,604.1,60410.0,2025-07-24 11:38:53.927535
2025-07-24,129279,2025072404009361,SHL,Vision Securities Pvt. Ltd,Sharepro Securities Private Limited,500,604.0,302000.0,2025-07-24 11:38:56.190739
2025-07-24,129278,2025072404009362,SHL,Kumari Securities Private Limited,Sharepro Securities Private Limited,250,604.0,151000.0,2025-07-24 11:38:56.190923
2025-07-24,128906,2025072404009489,SHL,Kumari Securities Private Limited,Sharepro Securities Private Limited,200,604.0,120800.0,2025-07-24 11:39:19.511424
2025-07-24,128769,2025072404009547,SHL,Swarna Laxmi Securities Pvt. Ltd.,Sharepro Securities Private Limited,100,605.0,60500.0,2025-07-24 11:39:28.228292
2025-07-24,128017,2025072404009836,SHL,Swarna Laxmi Securities Pvt. Ltd.,South Asian Bulls Pvt. Ltd.,200,604.1,120820.0,2025-07-24 11:40:36.858998
2025-07-24,128016,2025072404009837,SHL,Nabil Stock Dealer Ltd.,South Asian Bulls Pvt. Ltd.,799,604.0,482596.0,2025-07-24 11:40:36.859165
2025-07-24,127911,2025072404009888,SHL,Nabil Stock Dealer Ltd.,Hatemalo Financial Services Private Limited,100,604.0,60400.0,2025-07-24 11:40:44.298802
2025-07-24,127753,2025072404009947,SHL,Sani Securities Company Ltd.,Trishakti Securities Public Limited,100,604.5,60450.0,2025-07-24 11:40:56.440831
2025-07-24,127752,2025072404009948,SHL,Nabil Stock Dealer Ltd.,Trishakti Securities Public Limited,3001,604.0,1812604.0,2025-07-24 11:40:56.440991
2025-07-24,127413,2025072404010052,SHL,Vision Securities Pvt. Ltd,Agrawal Securities (PVT) Ltd.,110,603.6,66396.0,2025-07-24 11:41:23.767851
2025-07-24,127307,2025072404010086,SHL,Vision Securities Pvt. Ltd,Trishakti Securities Public Limited,1740,603.6,1050264.0,2025-07-24 11:41:32.902258
2025-07-24,127306,2025072404010087,SHL,Kumari Securities Private Limited,Trishakti Securities Public Limited,159,603.3,95924.7,2025-07-24 11:41:32.902438
2025-07-24,127074,2025072404010186,SHL,Swarna Laxmi Securities Pvt. Ltd.,Deevyaa Securities & Stock House Pvt. Ltd,100,604.0,60400.0,2025-07-24 11:41:55.034127
2025-07-24,127035,2025072404010205,SHL,Kumari Securities Private Limited,Trishakti Securities Public Limited,241,603.3,145395.3,2025-07-24 11:41:57.679261
2025-07-24,126847,2025072404010262,SHL,Imperial Securities Company Pvt. Ltd.,Kohinoor Investment & Securities Pvt. Ltd.,20,595.0,11900.0,2025-07-24 11:42:11.903327
2025-07-24,126563,2025072404010358,SHL,Capital Max Securities Ltd,Trishakti Securities Public Limited,231,603.3,139362.3,2025-07-24 11:42:38.912868
2025-07-24,126562,2025072404010359,SHL,Capital Max Securities Ltd,Deevyaa Securities & Stock House Pvt. Ltd,769,604.0,464476.0,2025-07-24 11:42:38.912902
2025-07-24,126458,2025072404010392,SHL,Opal Securities Investment (PVT) Ltd.,Deevyaa Securities & Stock House Pvt. Ltd,131,604.0,79124.0,2025-07-24 11:42:48.907025
2025-07-24,126457,2025072404010393,SHL,Opal Securities Investment (PVT) Ltd.,Trishakti Securities Public Limited,208,605.0,125840.0,2025-07-24 11:42:48.907065
2025-07-24,126456,2025072404010394,SHL,Opal Securities Investment (PVT) Ltd.,Opal Securities Investment (PVT) Ltd.,161,608.0,97888.0,2025-07-24 11:42:48.907093
2025-07-24,121813,2025072404011968,SHL,Sri Hari Securities Pvt. Ltd.,Neev Securities Pvt. Ltd.,100,604.0,60400.0,2025-07-24 11:50:33.075739
2025-07-24,119295,2025072404012959,SHL,Capital Max Securities Ltd,BHOLE GANESH SECURITIES LTD,163,607.4,99006.2,2025-07-24 11:54:45.312823
2025-07-24,118990,2025072404013056,SHL,SHUBHAKAMANA SECURITIES PVT. LTD,Vision Securities Pvt. Ltd,455,607.0,276185.0,2025-07-24 11:55:20.661192
2025-07-24,117685,2025072404013577,SHL,Sani Securities Company Ltd.,J.F. Securites (PVT) Ltd.,364,605.0,220220.0,2025-07-24 11:57:27.869088
2025-07-24,117684,2025072404013578,SHL,Sani Securities Company Ltd.,Opal Securities Investment (PVT) Ltd.,636,607.0,386052.0,2025-07-24 11:57:27.869322
2025-07-24,115515,2025072404014439,SHL,Opal Securities Investment (PVT) Ltd.,Opal Securities Investment (PVT) Ltd.,1,595.5,595.5,2025-07-24 12:00:45.217863
2025-07-24,115360,2025072404014510,SHL,Trishakti Securities Public Limited,Sundhara Securities Limited,200,604.1,120820.0,2025-07-24 12:01:00.180033
2025-07-24,115359,2025072404014511,SHL,SHUBHAKAMANA SECURITIES PVT. LTD,Sundhara Securities Limited,250,604.1,151025.0,2025-07-24 12:01:00.180238
2025-07-24,115358,2025072404014512,SHL,Sri Hari Securities Pvt. Ltd.,Sundhara Securities Limited,350,604.0,211400.0,2025-07-24 12:01:00.180324
2025-07-24,114849,2025072404014690,SHL,Kumari Securities Private Limited,Nepal Stock House (PVT) Ltd.,50,604.0,30200.0,2025-07-24 12:02:04.748846
2025-07-24,113467,2025072404015227,SHL,Vision Securities Pvt. Ltd,Indira securities pvt. ltd,500,605.1,302550.0,2025-07-24 12:04:19.497029
2025-07-24,112614,2025072404015604,SHL,Trishakti Securities Public Limited,Prabhu Stock Market Limited,100,604.1,60410.0,2025-07-24 12:05:31.964196
2025-07-24,112613,2025072404015605,SHL,Online Securities Pvt. Ltd.,Prabhu Stock Market Limited,100,604.0,60400.0,2025-07-24 12:05:31.964441
2025-07-24,112433,2025072404015731,SHL,Online Securities Pvt. Ltd.,Prabhu Stock Market Limited,500,604.0,302000.0,2025-07-24 12:05:43.249529
2025-07-24,112220,2025072404015812,SHL,Online Securities Pvt. Ltd.,Prabhu Stock Market Limited,200,604.0,120800.0,2025-07-24 12:05:59.713757
2025-07-24,112219,2025072404015813,SHL,Sharepro Securities Private Limited,Prabhu Stock Market Limited,100,604.0,60400.0,2025-07-24 12:05:59.713986
2025-07-24,112218,2025072404015814,SHL,Himalayan Brokerage Company Limited,Prabhu Stock Market Limited,200,604.0,120800.0,2025-07-24 12:05:59.714089
2025-07-24,112217,2025072404015815,SHL,Trishakti Securities Public Limited,Prabhu Stock Market Limited,100,604.0,60400.0,2025-07-24 12:05:59.714175
2025-07-24,112099,2025072404015909,SHL,Sharepro Securities Private Limited,Prabhu Stock Market Limited,300,603.5,181050.0,2025-07-24 12:06:05.628412
2025-07-24,111899,2025072404016013,SHL,Sharepro Securities Private Limited,Prabhu Stock Market Limited,500,603.5,301750.0,2025-07-24 12:06:24.126056
2025-07-24,111898,2025072404016014,SHL,Garima Securities Limited,Prabhu Stock Market Limited,400,603.3,241320.0,2025-07-24 12:06:24.126348
2025-07-24,111897,2025072404016015,SHL,Vision Securities Pvt. Ltd,Prabhu Stock Market Limited,100,603.2,60320.0,2025-07-24 12:06:24.126449
2025-07-24,111252,2025072404016321,SHL,Trishakti Securities Public Limited,Miyo Securities Pvt Ltd,100,603.6,60360.0,2025-07-24 12:07:22.303998
2025-07-24,110314,2025072404016783,SHL,Stoxkarts Securities Limited,Deevyaa Securities & Stock House Pvt. Ltd,400,604.8,241920.0,2025-07-24 12:09:00.232040
2025-07-24,110313,2025072404016784,SHL,Stoxkarts Securities Limited,Citizens Share Broker Limited,500,605.0,302500.0,2025-07-24 12:09:00.232185
2025-07-24,110312,2025072404016785,SHL,Stoxkarts Securities Limited,S.P.S.A. Securities Limited,100,605.0,60500.0,2025-07-24 12:09:00.232283
2025-07-24,109862,2025072404016956,SHL,SHUBHAKAMANA SECURITIES PVT. LTD,S.P.S.A. Securities Limited,150,605.0,90750.0,2025-07-24 12:09:49.928333
2025-07-24,107232,2025072404018027,SHL,Sweta Securities Private Limited,Vision Securities Pvt. Ltd,200,605.2,121040.0,2025-07-24 12:14:17.678704
2025-07-24,106793,2025072404018179,SHL,Imperial Securities Company Pvt. Ltd.,Agrawal Securities (PVT) Ltd.,100,606.0,60600.0,2025-07-24 12:15:12.119653
2025-07-24,106792,2025072404018180,SHL,Imperial Securities Company Pvt. Ltd.,Sundhara Securities Limited,400,606.0,242400.0,2025-07-24 12:15:12.119878
2025-07-24,106252,2025072404018399,SHL,SHUBHAKAMANA SECURITIES PVT. LTD,Opal Securities Investment (PVT) Ltd.,100,607.0,60700.0,2025-07-24 12:16:13.663926
2025-07-24,105976,2025072404018464,SHL,Thrive Brokerage House Pvt. Ltd,Sagarmatha Securities Private Limited,100,605.2,60520.0,2025-07-24 12:16:39.189039
2025-07-24,105959,2025072404018466,SHL,Capital Max Securities Ltd,MILKY WAY SHARE BROKER COMPANY LTD ,500,605.1,302550.0,2025-07-24 12:16:42.023410
2025-07-24,105526,2025072404018627,SHL,Sani Securities Company Ltd.,Linch Stock Market Ltd.,59,595.0,35105.0,2025-07-24 12:17:25.484998
2025-07-24,105107,2025072404018784,SHL,Sani Securities Company Ltd.,Sweta Securities Private Limited,8,593.0,4744.0,2025-07-24 12:18:15.122536
2025-07-24,104123,2025072404019081,SHL,Online Securities Pvt. Ltd.,Himalayan Brokerage Company Limited,100,606.0,60600.0,2025-07-24 12:20:14.045049
2025-07-24,104122,2025072404019082,SHL,Online Securities Pvt. Ltd.,Aryatara Investment & Securities,100,606.0,60600.0,2025-07-24 12:20:14.045256
2025-07-24,102214,2025072404019900,SHL,Sharepro Securities Private Limited,Primo Securities (PVT) Ltd.,400,606.7,242680.0,2025-07-24 12:23:24.963121
2025-07-24,102213,2025072404019901,SHL,Sharepro Securities Private Limited,Sewa Securities Pvt. Ltd.,150,607.2,91080.0,2025-07-24 12:23:24.963404
2025-07-24,102212,2025072404019902,SHL,Sharepro Securities Private Limited,Dakshinkali Investment & Securities Pvt. Ltd.,450,607.5,273375.0,2025-07-24 12:23:24.963524
2025-07-24,102211,2025072404019903,SHL,Sharepro Securities Private Limited,Naasa Securities Co. Ltd.,129,607.7,78393.3,2025-07-24 12:23:24.963612
2025-07-24,102210,2025072404019904,SHL,Sharepro Securities Private Limited,Opal Securities Investment (PVT) Ltd.,299,608.0,181792.0,2025-07-24 12:23:24.963698
2025-07-24,102209,2025072404019905,SHL,Sharepro Securities Private Limited,Thrive Brokerage House Pvt. Ltd,100,608.0,60800.0,2025-07-24 12:23:24.963785
2025-07-24,102208,2025072404019906,SHL,Sharepro Securities Private Limited,Kohinoor Investment & Securities Pvt. Ltd.,100,608.0,60800.0,2025-07-24 12:23:24.963918
2025-07-24,102207,2025072404019907,SHL,Sharepro Securities Private Limited,Imperial Securities Company Pvt. Ltd.,372,608.0,226176.0,2025-07-24 12:23:24.964023
2025-07-24,101925,2025072404019977,SHL,Miyo Securities Pvt Ltd,Imperial Securities Company Pvt. Ltd.,628,608.0,381824.0,2025-07-24 12:23:52.300217
2025-07-24,101924,2025072404019978,SHL,Miyo Securities Pvt Ltd,Deevyaa Securities & Stock House Pvt. Ltd,100,608.0,60800.0,2025-07-24 12:23:52.300804
2025-07-24,101923,2025072404019979,SHL,Miyo Securities Pvt Ltd,Siprabi Securities Pvt. Ltd.,100,608.0,60800.0,2025-07-24 12:23:52.301064
2025-07-24,101922,2025072404019980,SHL,Miyo Securities Pvt Ltd,Imperial Securities Company Pvt. Ltd.,230,608.7,140001.0,2025-07-24 12:23:52.301331
2025-07-24,101921,2025072404019981,SHL,Miyo Securities Pvt Ltd,Thrive Brokerage House Pvt. Ltd,100,608.7,60870.0,2025-07-24 12:23:52.301584
2025-07-24,101920,2025072404019982,SHL,Miyo Securities Pvt Ltd,Nepal Stock House (PVT) Ltd.,500,608.8,304400.0,2025-07-24 12:23:52.301847
2025-07-24,101919,2025072404019983,SHL,Miyo Securities Pvt Ltd,Primo Securities (PVT) Ltd.,104,609.1,63346.4,2025-07-24 12:23:52.302108
2025-07-24,101918,2025072404019984,SHL,Miyo Securities Pvt Ltd,Dynamic Money Managers Securities Pvt. Ltd.,200,609.8,121960.0,2025-07-24 12:23:52.302358
2025-07-24,101700,2025072404020027,SHL,Trishakti Securities Public Limited,Naasa Securities Co. Ltd.,143,606.7,86758.1,2025-07-24 12:24:14.741270
2025-07-24,101034,2025072404020289,SHL,Miyo Securities Pvt Ltd,Himalayan Brokerage Company Limited,106,606.3,64267.8,2025-07-24 12:25:29.259412
2025-07-24,100826,2025072404020341,SHL,Dakshinkali Investment & Securities Pvt. Ltd.,Infinity Securities Limited,100,609.8,60980.0,2025-07-24 12:25:49.499765
2025-07-24,100485,2025072404020410,SHL,Dakshinkali Investment & Securities Pvt. Ltd.,Asian Securities Private Ltd.,100,609.9,60990.0,2025-07-24 12:26:08.559651
2025-07-24,100206,2025072404020498,SHL,Miyo Securities Pvt Ltd,Trishakti Securities Public Limited,894,606.3,542032.2,2025-07-24 12:26:47.638671
2025-07-24,100205,2025072404020499,SHL,Nabil Stock Dealer Ltd.,Trishakti Securities Public Limited,3106,606.2,1882857.2,2025-07-24 12:26:47.638891
2025-07-24,99993,2025072404020547,SHL,Dakshinkali Investment & Securities Pvt. Ltd.,Asian Securities Private Ltd.,100,609.9,60990.0,2025-07-24 12:27:08.192398
2025-07-24,99561,2025072404020703,SHL,Sri Hari Securities Pvt. Ltd.,Sagarmatha Securities Private Limited,50,604.0,30200.0,2025-07-24 12:28:02.025226
2025-07-24,98038,2025072404021286,SHL,Siprabi Securities Pvt. Ltd.,Secured Securities Ltd.,100,609.0,60900.0,2025-07-24 12:30:58.694371
2025-07-24,97588,2025072404021460,SHL,Nepal Investment And Securities Trading Private Limited,Shree Krishna Securities Ltd.,10,600.0,6000.0,2025-07-24 12:31:53.281680
2025-07-24,97324,2025072404021578,SHL,Neev Securities Pvt. Ltd.,J.F. Securites (PVT) Ltd.,100,608.9,60890.0,2025-07-24 12:32:25.969900
2025-07-24,97323,2025072404021579,SHL,Neev Securities Pvt. Ltd.,Secured Securities Ltd.,400,609.0,243600.0,2025-07-24 12:32:25.969967
2025-07-24,97108,2025072404021670,SHL,Trishakti Securities Public Limited,Garima Securities Limited,500,607.2,303600.0,2025-07-24 12:32:50.914826
2025-07-24,97107,2025072404021671,SHL,Sweta Securities Private Limited,Garima Securities Limited,484,607.2,293884.8,2025-07-24 12:32:50.915070
2025-07-24,96987,2025072404021708,SHL,Miyo Securities Pvt Ltd,Linch Stock Market Ltd.,38,610.0,23180.0,2025-07-24 12:33:08.344578
2025-07-24,95600,2025072404022217,SHL,Premier Securities Company Ltd.,Nepal Investment And Securities Trading Private Limited,150,607.3,91095.0,2025-07-24 12:35:38.144085
2025-07-24,95599,2025072404022218,SHL,Sweta Securities Private Limited,Nepal Investment And Securities Trading Private Limited,216,607.3,131176.8,2025-07-24 12:35:38.144137
2025-07-24,95598,2025072404022219,SHL,Investment Management Nepal Pvt. Ltd.,Nepal Investment And Securities Trading Private Limited,500,607.1,303550.0,2025-07-24 12:35:38.144169
2025-07-24,95597,2025072404022220,SHL,Prabhu Stock Market Limited,Nepal Investment And Securities Trading Private Limited,274,607.0,166318.0,2025-07-24 12:35:38.144194
2025-07-24,95371,2025072404022296,SHL,Prabhu Stock Market Limited,Vision Securities Pvt. Ltd,500,607.0,303500.0,2025-07-24 12:36:05.602740
2025-07-24,93144,2025072404023045,SHL,Midas Stock Broking Company Private Limited,Sweta Securities Private Limited,20,604.0,12080.0,2025-07-24 12:40:21.033843
2025-07-24,92258,2025072404023291,SHL,Neev Securities Pvt. Ltd.,Imperial Securities Company Pvt. Ltd.,500,607.0,303500.0,2025-07-24 12:41:55.739304
2025-07-24,92209,2025072404023297,SHL,Midas Stock Broking Company Private Limited,Kalika Securities Pvt. Ltd.,60,600.1,36006.0,2025-07-24 12:42:02.226542
2025-07-24,91866,2025072404023401,SHL,Nabil Stock Dealer Ltd.,Miyo Securities Pvt Ltd,500,606.2,303100.0,2025-07-24 12:42:45.296576
2025-07-24,91657,2025072404023444,SHL,Neev Securities Pvt. Ltd.,Trisul Securities & Invt. Ltd.,500,607.0,303500.0,2025-07-24 12:43:12.596109
2025-07-24,91649,2025072404023446,SHL,Nabil Stock Dealer Ltd.,Cristal Kanchanjanga Securites Pvt. Ltd.,1000,606.2,606200.0,2025-07-24 12:43:14.916982
2025-07-24,91585,2025072404023474,SHL,Nabil Stock Dealer Ltd.,Sweta Securities Private Limited,394,606.2,238842.8,2025-07-24 12:43:22.431709
2025-07-24,91584,2025072404023475,SHL,Miyo Securities Pvt Ltd,Sweta Securities Private Limited,500,605.6,302800.0,2025-07-24 12:43:22.432210
2025-07-24,91583,2025072404023476,SHL,Arun Securities (PVT) Ltd.,Sweta Securities Private Limited,200,605.5,121100.0,2025-07-24 12:43:22.432715
2025-07-24,91582,2025072404023477,SHL,Sri Hari Securities Pvt. Ltd.,Sweta Securities Private Limited,1000,605.4,605400.0,2025-07-24 12:43:22.433140
2025-07-24,91581,2025072404023478,SHL,Kohinoor Investment & Securities Pvt. Ltd.,Sweta Securities Private Limited,100,605.3,60530.0,2025-07-24 12:43:22.433563
2025-07-24,91580,2025072404023479,SHL,Capital Max Securities Ltd,Sweta Securities Private Limited,506,605.1,306180.6,2025-07-24 12:43:22.433940
2025-07-24,91530,2025072404023499,SHL,Capital Max Securities Ltd,INDEX SECURITIES LIMITED,1875,605.1,1134562.5,2025-07-24 12:43:30.009604
2025-07-24,91265,2025072404023570,SHL,Capital Max Securities Ltd,Online Securities Pvt. Ltd.,100,605.1,60510.0,2025-07-24 12:44:01.694856
2025-07-24,91116,2025072404023613,SHL,Sani Securities Company Ltd.,Miyo Securities Pvt Ltd,490,605.0,296450.0,2025-07-24 12:44:18.504969
2025-07-24,91026,2025072404023643,SHL,Sani Securities Company Ltd.,Imperial Securities Company Pvt. Ltd.,260,605.0,157300.0,2025-07-24 12:44:28.970474
2025-07-24,91025,2025072404023644,SHL,Trishakti Securities Public Limited,Imperial Securities Company Pvt. Ltd.,200,605.0,121000.0,2025-07-24 12:44:28.970757
2025-07-24,91024,2025072404023645,SHL,Oxford Securities Pvt. Ltd.,Imperial Securities Company Pvt. Ltd.,826,605.0,499730.0,2025-07-24 12:44:28.970851
2025-07-24,91023,2025072404023646,SHL,Market Securities & Exchange (PVT) Ltd.,Imperial Securities Company Pvt. Ltd.,100,605.0,60500.0,2025-07-24 12:44:28.970936
2025-07-24,91022,2025072404023647,SHL,Sajilo Broker Limited,Imperial Securities Company Pvt. Ltd.,100,605.0,60500.0,2025-07-24 12:44:28.971022
2025-07-24,91021,2025072404023648,SHL,Sharepro Securities Private Limited,Imperial Securities Company Pvt. Ltd.,100,605.0,60500.0,2025-07-24 12:44:28.971113
2025-07-24,91020,2025072404023649,SHL,Capital Hub P. Ltd,Imperial Securities Company Pvt. Ltd.,414,605.0,250470.0,2025-07-24 12:44:28.971200
2025-07-24,89962,2025072404023970,SHL,Bhrikuti Stock Broking Co. Pvt. Ltd.,Sweta Securities Private Limited,20,593.0,11860.0,2025-07-24 12:46:40.381871
2025-07-24,89830,2025072404024008,SHL,Neev Securities Pvt. Ltd.,Bhrikuti Stock Broking Co. Pvt. Ltd.,200,605.0,121000.0,2025-07-24 12:46:54.094291
2025-07-24,89618,2025072404024098,SHL,Naasa Securities Co. Ltd.,Naasa Securities Co. Ltd.,10,606.0,6060.0,2025-07-24 12:47:16.773485
2025-07-24,89118,2025072404024256,SHL,Neev Securities Pvt. Ltd.,Sumeru Securities Pvt. Ltd.,300,605.0,181500.0,2025-07-24 12:48:10.332114
2025-07-24,88877,2025072404024375,SHL,Sri Hari Securities Pvt. Ltd.,Imperial Securities Company Pvt. Ltd.,900,604.1,543690.0,2025-07-24 12:48:40.376735
2025-07-24,88579,2025072404024460,SHL,Sri Hari Securities Pvt. Ltd.,Imperial Securities Company Pvt. Ltd.,100,604.1,60410.0,2025-07-24 12:49:08.162425
2025-07-24,88578,2025072404024461,SHL,Thrive Brokerage House Pvt. Ltd,Imperial Securities Company Pvt. Ltd.,1000,604.0,604000.0,2025-07-24 12:49:08.162718
2025-07-24,88577,2025072404024462,SHL,Sani Securities Company Ltd.,Imperial Securities Company Pvt. Ltd.,400,604.0,241600.0,2025-07-24 12:49:08.162812
2025-07-24,88006,2025072404024667,SHL,Sani Securities Company Ltd.,Oxford Securities Pvt. Ltd.,186,604.0,112344.0,2025-07-24 12:50:05.183604
2025-07-24,87510,2025072404024819,SHL,Sani Securities Company Ltd.,Ashutosh Brokerage & Securities (PVT) Ltd.,130,604.0,78520.0,2025-07-24 12:51:00.373857
2025-07-24,86822,2025072404025063,SHL,Agrawal Securities (PVT) Ltd.,INDEX SECURITIES LIMITED,100,603.5,60350.0,2025-07-24 12:52:06.939002
2025-07-24,86821,2025072404025064,SHL,Vision Securities Pvt. Ltd,INDEX SECURITIES LIMITED,1400,603.2,844480.0,2025-07-24 12:52:06.939252
2025-07-24,86820,2025072404025065,SHL,Secured Securities Ltd.,INDEX SECURITIES LIMITED,165,603.0,99495.0,2025-07-24 12:52:06.939353
2025-07-24,86819,2025072404025066,SHL,Investment Management Nepal Pvt. Ltd.,INDEX SECURITIES LIMITED,125,603.0,75375.0,2025-07-24 12:52:06.939441
2025-07-24,86818,2025072404025067,SHL,Sri Hari Securities Pvt. Ltd.,INDEX SECURITIES LIMITED,500,603.0,301500.0,2025-07-24 12:52:06.939550
2025-07-24,86817,2025072404025068,SHL,Garima Securities Limited,INDEX SECURITIES LIMITED,500,602.0,301000.0,2025-07-24 12:52:06.939637
2025-07-24,86816,2025072404025069,SHL,Sani Securities Company Ltd.,INDEX SECURITIES LIMITED,1000,602.0,602000.0,2025-07-24 12:52:06.939722
2025-07-24,86815,2025072404025070,SHL,Sani Securities Company Ltd.,INDEX SECURITIES LIMITED,1000,602.0,602000.0,2025-07-24 12:52:06.939807
2025-07-24,86814,2025072404025071,SHL,Sani Securities Company Ltd.,INDEX SECURITIES LIMITED,1000,602.0,602000.0,2025-07-24 12:52:06.939891
2025-07-24,86813,2025072404025072,SHL,KALASH STOCK MARKET PVT. LTD.,INDEX SECURITIES LIMITED,9210,602.0,5544420.0,2025-07-24 12:52:06.939988
2025-07-24,86212,2025072404025236,SHL,Sri Hari Securities Pvt. Ltd.,INDEX SECURITIES LIMITED,2000,602.1,1204200.0,2025-07-24 12:53:10.548120
2025-07-24,86211,2025072404025237,SHL,KALASH STOCK MARKET PVT. LTD.,INDEX SECURITIES LIMITED,6424,602.0,3867248.0,2025-07-24 12:53:10.548357
2025-07-24,85985,2025072404025302,SHL,KALASH STOCK MARKET PVT. LTD.,Nabil Stock Dealer Ltd.,935,602.0,562870.0,2025-07-24 12:53:34.710286
2025-07-24,85389,2025072404025478,SHL,Capital Max Securities Ltd,Imperial Securities Company Pvt. Ltd.,19,605.1,11496.9,2025-07-24 12:54:53.066752
2025-07-24,83503,2025072404026011,SHL,Vision Securities Pvt. Ltd,Roadshow securities limited,6,599.0,3594.0,2025-07-24 12:58:10.003767
2025-07-24,82689,2025072404026286,SHL,Vision Securities Pvt. Ltd,Imperial Securities Company Pvt. Ltd.,10,600.0,6000.0,2025-07-24 12:59:42.270922
2025-07-24,82245,2025072404026404,SHL,Neev Securities Pvt. Ltd.,Asian Securities Private Ltd.,300,604.8,181440.0,2025-07-24 13:00:33.499147
2025-07-24,82244,2025072404026405,SHL,Neev Securities Pvt. Ltd.,Ashutosh Brokerage & Securities (PVT) Ltd.,665,604.9,402258.5,2025-07-24 13:00:33.499194
2025-07-24,82094,2025072404026471,SHL,Nabil Stock Dealer Ltd.,Vision Securities Pvt. Ltd,243,602.2,146334.6,2025-07-24 13:00:52.026207
2025-07-24,82009,2025072404026490,SHL,Nabil Stock Dealer Ltd.,Miyo Securities Pvt Ltd,280,602.2,168616.0,2025-07-24 13:00:59.271360
2025-07-24,81798,2025072404026549,SHL,Vision Securities Pvt. Ltd,Naasa Securities Co. Ltd.,55,600.0,33000.0,2025-07-24 13:01:22.590838
2025-07-24,81400,2025072404026697,SHL,Neev Securities Pvt. Ltd.,Malla & Malla Stock Broking Company Pvt. Limited,135,604.0,81540.0,2025-07-24 13:02:03.645416
2025-07-24,79399,2025072404027217,SHL,Neev Securities Pvt. Ltd.,Premier Securities Company Ltd.,110,602.5,66275.0,2025-07-24 13:05:13.684818
2025-07-24,78687,2025072404027408,SHL,Neev Securities Pvt. Ltd.,Kohinoor Investment & Securities Pvt. Ltd.,145,602.5,87362.5,2025-07-24 13:06:32.574690
2025-07-24,78075,2025072404027591,SHL,Asian Securities Private Ltd.,Asian Securities Private Ltd.,100,603.0,60300.0,2025-07-24 13:07:40.789750
2025-07-24,78074,2025072404027592,SHL,Asian Securities Private Ltd.,Sundhara Securities Limited,100,603.0,60300.0,2025-07-24 13:07:40.790042
2025-07-24,76867,2025072404027868,SHL,Trishakti Securities Public Limited,Premier Securities Company Ltd.,100,602.3,60230.0,2025-07-24 13:09:52.605778
2025-07-24,76866,2025072404027869,SHL,Sweta Securities Private Limited,Premier Securities Company Ltd.,300,602.3,180690.0,2025-07-24 13:09:52.606044
2025-07-24,76865,2025072404027870,SHL,Investment Management Nepal Pvt. Ltd.,Premier Securities Company Ltd.,500,602.3,301150.0,2025-07-24 13:09:52.606220
2025-07-24,76864,2025072404027871,SHL,Nabil Stock Dealer Ltd.,Premier Securities Company Ltd.,2700,602.2,1625940.0,2025-07-24 13:09:52.606365
2025-07-24,72301,2025072404029012,SHL,Online Securities Pvt. Ltd.,Aryatara Investment & Securities,150,602.3,90345.0,2025-07-24 13:17:43.494299
2025-07-24,72300,2025072404029013,SHL,Nabil Stock Dealer Ltd.,Aryatara Investment & Securities,150,602.2,90330.0,2025-07-24 13:17:43.494880
2025-07-24,72285,2025072404029016,SHL,Malla & Malla Stock Broking Company Pvt. Limited,Thrive Brokerage House Pvt. Ltd,110,603.0,66330.0,2025-07-24 13:17:45.685108
2025-07-24,71493,2025072404029229,SHL,Nabil Stock Dealer Ltd.,Nepal Investment And Securities Trading Private Limited,100,602.2,60220.0,2025-07-24 13:19:01.875881
2025-07-24,71046,2025072404029348,SHL,Nabil Stock Dealer Ltd.,Trishakti Securities Public Limited,300,602.2,180660.0,2025-07-24 13:19:51.604402
2025-07-24,70901,2025072404029381,SHL,Nabil Stock Dealer Ltd.,Imperial Securities Company Pvt. Ltd.,1227,602.2,738899.4,2025-07-24 13:20:08.166622
2025-07-24,70564,2025072404029453,SHL,Sharepro Securities Private Limited,Nepal Investment And Securities Trading Private Limited,100,602.0,60200.0,2025-07-24 13:20:46.419735
2025-07-24,70320,2025072404029523,SHL,Investment Management Nepal Pvt. Ltd.,Sumeru Securities Pvt. Ltd.,100,602.0,60200.0,2025-07-24 13:21:08.593018
2025-07-24,70084,2025072404029579,SHL,Nagarik Stock Dealer ,Nepal Investment And Securities Trading Private Limited,100,601.7,60170.0,2025-07-24 13:21:35.724409
2025-07-24,69926,2025072404029628,SHL,Nagarik Stock Dealer ,Sumeru Securities Pvt. Ltd.,538,601.7,323714.6,2025-07-24 13:21:53.315731
2025-07-24,69759,2025072404029672,SHL,Nagarik Stock Dealer ,Aryatara Investment & Securities,362,601.7,217815.4,2025-07-24 13:22:13.837054
2025-07-24,69758,2025072404029673,SHL,Sri Hari Securities Pvt. Ltd.,Aryatara Investment & Securities,138,601.4,82993.2,2025-07-24 13:22:13.837546
2025-07-24,69099,2025072404029830,SHL,Sri Hari Securities Pvt. Ltd.,J.F. Securites (PVT) Ltd.,300,601.4,180420.0,2025-07-24 13:23:13.806528
2025-07-24,69060,2025072404029847,SHL,Sri Hari Securities Pvt. Ltd.,Kumari Securities Private Limited,1562,601.4,939386.8,2025-07-24 13:23:17.287152
2025-07-24,68788,2025072404029945,SHL,Online Securities Pvt. Ltd.,Midas Stock Broking Company Private Limited,100,601.0,60100.0,2025-07-24 13:23:38.292569
2025-07-24,68585,2025072404029994,SHL,Kohinoor Investment & Securities Pvt. Ltd.,Opal Securities Investment (PVT) Ltd.,1000,601.0,601000.0,2025-07-24 13:23:57.172234
2025-07-24,66980,2025072404030508,SHL,Aryatara Investment & Securities,Online Securities Pvt. Ltd.,300,602.0,180600.0,2025-07-24 13:26:48.413457
2025-07-24,66227,2025072404030744,SHL,Aryatara Investment & Securities,Cristal Kanchanjanga Securites Pvt. Ltd.,200,602.0,120400.0,2025-07-24 13:27:50.526348
2025-07-24,65833,2025072404030835,SHL,Capital Max Securities Ltd,Imperial Securities Company Pvt. Ltd.,273,602.2,164400.6,2025-07-24 13:28:23.227154
2025-07-24,65832,2025072404030836,SHL,Capital Max Securities Ltd,Sani Securities Company Ltd.,100,602.2,60220.0,2025-07-24 13:28:23.227229
2025-07-24,65831,2025072404030837,SHL,Capital Max Securities Ltd,South Asian Bulls Pvt. Ltd.,300,603.5,181050.0,2025-07-24 13:28:23.227255
2025-07-24,65830,2025072404030838,SHL,Capital Max Securities Ltd,Nepal Stock House (PVT) Ltd.,507,603.6,306025.2,2025-07-24 13:28:23.227279
2025-07-24,65829,2025072404030839,SHL,Capital Max Securities Ltd,Malla & Malla Stock Broking Company Pvt. Limited,965,604.0,582860.0,2025-07-24 13:28:23.227306
2025-07-24,65828,2025072404030840,SHL,Capital Max Securities Ltd,Property Wiard Limited,1000,604.0,604000.0,2025-07-24 13:28:23.227335
2025-07-24,65827,2025072404030841,SHL,Capital Max Securities Ltd,Aryatara Investment & Securities,110,604.0,66440.0,2025-07-24 13:28:23.227358
2025-07-24,65826,2025072404030842,SHL,Capital Max Securities Ltd,Agrawal Securities (PVT) Ltd.,1000,605.0,605000.0,2025-07-24 13:28:23.227405
2025-07-24,65825,2025072404030843,SHL,Capital Max Securities Ltd,Bhrikuti Stock Broking Co. Pvt. Ltd.,3745,605.0,2265725.0,2025-07-24 13:28:23.227428
2025-07-24,63260,2025072404031607,SHL,Market Securities & Exchange (PVT) Ltd.,Imperial Securities Company Pvt. Ltd.,100,604.9,60490.0,2025-07-24 13:32:58.223960
2025-07-24,62906,2025072404031717,SHL,Nepal Investment And Securities Trading Private Limited,Imperial Securities Company Pvt. Ltd.,100,604.9,60490.0,2025-07-24 13:33:40.268649
2025-07-24,61941,2025072404031950,SHL,Online Securities Pvt. Ltd.,J.F. Securites (PVT) Ltd.,100,604.8,60480.0,2025-07-24 13:35:38.224656
2025-07-24,61808,2025072404032000,SHL,Online Securities Pvt. Ltd.,J.F. Securites (PVT) Ltd.,100,604.9,60490.0,2025-07-24 13:35:54.180554
2025-07-24,61039,2025072404032264,SHL,Online Securities Pvt. Ltd.,Sri Hari Securities Pvt. Ltd.,500,602.9,301450.0,2025-07-24 13:37:26.977521
2025-07-24,60684,2025072404032378,SHL,Premier Securities Company Ltd.,Sri Hari Securities Pvt. Ltd.,500,604.0,302000.0,2025-07-24 13:38:03.828098
2025-07-24,60313,2025072404032496,SHL,Trisul Securities & Invt. Ltd.,Opal Securities Investment (PVT) Ltd.,6,600.0,3600.0,2025-07-24 13:38:49.933438
2025-07-24,60169,2025072404032566,SHL,Online Securities Pvt. Ltd.,Sri Hari Securities Pvt. Ltd.,400,602.1,240840.0,2025-07-24 13:39:07.705482
2025-07-24,60168,2025072404032567,SHL,South Asian Bulls Pvt. Ltd.,Sri Hari Securities Pvt. Ltd.,100,602.0,60200.0,2025-07-24 13:39:07.705878
2025-07-24,60073,2025072404032592,SHL,South Asian Bulls Pvt. Ltd.,Investment Management Nepal Pvt. Ltd.,400,602.0,240800.0,2025-07-24 13:39:17.646135
2025-07-24,59767,2025072404032687,SHL,Agrawal Securities (PVT) Ltd.,Midas Stock Broking Company Private Limited,100,601.3,60130.0,2025-07-24 13:39:55.648044
2025-07-24,59765,2025072404032689,SHL,Sagarmatha Securities Private Limited,Investment Management Nepal Pvt. Ltd.,100,602.0,60200.0,2025-07-24 13:39:55.794479
2025-07-24,59693,2025072404032709,SHL,Sagarmatha Securities Private Limited,Sri Hari Securities Pvt. Ltd.,400,602.0,240800.0,2025-07-24 13:40:03.756730
2025-07-24,59455,2025072404032762,SHL,Sani Securities Company Ltd.,Sri Hari Securities Pvt. Ltd.,250,601.3,150325.0,2025-07-24 13:40:33.943409
2025-07-24,59454,2025072404032763,SHL,Nabil Stock Dealer Ltd.,Sri Hari Securities Pvt. Ltd.,310,601.1,186341.0,2025-07-24 13:40:33.943895
2025-07-24,59110,2025072404032821,SHL,Nabil Stock Dealer Ltd.,Trishakti Securities Public Limited,500,601.1,300550.0,2025-07-24 13:41:18.999684
2025-07-24,58695,2025072404032921,SHL,Nabil Stock Dealer Ltd.,Capital Max Securities Ltd,1000,601.1,601100.0,2025-07-24 13:42:05.045242
2025-07-24,58339,2025072404033014,SHL,Nabil Stock Dealer Ltd.,Nepal Investment And Securities Trading Private Limited,200,601.1,120220.0,2025-07-24 13:42:58.963374
2025-07-24,57967,2025072404033115,SHL,Nabil Stock Dealer Ltd.,Thrive Brokerage House Pvt. Ltd,100,601.1,60110.0,2025-07-24 13:43:51.790715
2025-07-24,57369,2025072404033292,SHL,Capital Hub P. Ltd,Sani Securities Company Ltd.,500,602.0,301000.0,2025-07-24 13:45:17.888283
2025-07-24,56037,2025072404033629,SHL,Dipshikha Dhitopatra Karobar Co. Pvt Ltd.,ABC Securities Private Limited,100,602.2,60220.0,2025-07-24 13:47:51.054467
2025-07-24,56036,2025072404033630,SHL,Miyo Securities Pvt Ltd,ABC Securities Private Limited,814,602.1,490109.4,2025-07-24 13:47:51.054526
2025-07-24,55974,2025072404033640,SHL,Miyo Securities Pvt Ltd,Thrive Brokerage House Pvt. Ltd,216,602.1,130053.6,2025-07-24 13:47:57.636275
2025-07-24,55639,2025072404033727,SHL,Miyo Securities Pvt Ltd,Naasa Securities Co. Ltd.,570,602.1,343197.0,2025-07-24 13:48:38.256790
2025-07-24,55638,2025072404033728,SHL,Capital Hub P. Ltd,Naasa Securities Co. Ltd.,500,602.0,301000.0,2025-07-24 13:48:38.257264
2025-07-24,55637,2025072404033729,SHL,Sri Hari Securities Pvt. Ltd.,Naasa Securities Co. Ltd.,130,602.0,78260.0,2025-07-24 13:48:38.257610
2025-07-24,55636,2025072404033730,SHL,Online Securities Pvt. Ltd.,Naasa Securities Co. Ltd.,790,602.0,475580.0,2025-07-24 13:48:38.257899
2025-07-24,55055,2025072404033924,SHL,Kumari Securities Private Limited,Stoxkarts Securities Limited,44,590.0,25960.0,2025-07-24 13:49:49.634913
2025-07-24,55028,2025072404033933,SHL,Online Securities Pvt. Ltd.,Stoxkarts Securities Limited,210,602.0,126420.0,2025-07-24 13:49:53.266087
2025-07-24,54207,2025072404034143,SHL,Dynamic Money Managers Securities Pvt. Ltd.,Sunrise Securities Limited,200,602.2,120440.0,2025-07-24 13:51:38.499292
2025-07-24,54206,2025072404034144,SHL,SHUBHAKAMANA SECURITIES PVT. LTD,Sunrise Securities Limited,300,602.1,180630.0,2025-07-24 13:51:38.499565
2025-07-24,52549,2025072404034507,SHL,ABC Securities Private Limited,Sumeru Securities Pvt. Ltd.,500,602.2,301100.0,2025-07-24 13:55:26.415701
2025-07-24,52548,2025072404034508,SHL,SHUBHAKAMANA SECURITIES PVT. LTD,Sumeru Securities Pvt. Ltd.,200,602.1,120420.0,2025-07-24 13:55:26.416181
2025-07-24,52302,2025072404034571,SHL,Online Securities Pvt. Ltd.,Bhrikuti Stock Broking Co. Pvt. Ltd.,280,603.0,168840.0,2025-07-24 13:55:59.695345
2025-07-24,51484,2025072404034817,SHL,Global IME Securities Limited,Imperial Securities Company Pvt. Ltd.,500,602.2,301100.0,2025-07-24 13:58:10.049490
2025-07-24,51440,2025072404034837,SHL,Global IME Securities Limited,Imperial Securities Company Pvt. Ltd.,200,602.2,120440.0,2025-07-24 13:58:18.774872
2025-07-24,51439,2025072404034838,SHL,SHUBHAKAMANA SECURITIES PVT. LTD,Imperial Securities Company Pvt. Ltd.,300,602.1,180630.0,2025-07-24 13:58:18.775135
2025-07-24,51394,2025072404034841,SHL,SHUBHAKAMANA SECURITIES PVT. LTD,Imperial Securities Company Pvt. Ltd.,200,602.1,120420.0,2025-07-24 13:58:27.223032
2025-07-24,51393,2025072404034842,SHL,K.B.L. Securities Limited ,Imperial Securities Company Pvt. Ltd.,300,602.0,180600.0,2025-07-24 13:58:27.223287
2025-07-24,51341,2025072404034854,SHL,K.B.L. Securities Limited ,Neev Securities Pvt. Ltd.,1178,602.0,709156.0,2025-07-24 13:58:33.408486
2025-07-24,51313,2025072404034869,SHL,K.B.L. Securities Limited ,Imperial Securities Company Pvt. Ltd.,500,602.0,301000.0,2025-07-24 13:58:35.386705
2025-07-24,51270,2025072404034880,SHL,K.B.L. Securities Limited ,Imperial Securities Company Pvt. Ltd.,500,602.0,301000.0,2025-07-24 13:58:43.518365
2025-07-24,51214,2025072404034896,SHL,K.B.L. Securities Limited ,Imperial Securities Company Pvt. Ltd.,500,602.0,301000.0,2025-07-24 13:58:51.658524
2025-07-24,51146,2025072404034914,SHL,ABC Securities Private Limited,Imperial Securities Company Pvt. Ltd.,500,601.3,300650.0,2025-07-24 13:59:00.552383
2025-07-24,50603,2025072404035052,SHL,Nabil Stock Dealer Ltd.,Dipshikha Dhitopatra Karobar Co. Pvt Ltd.,2655,602.0,1598310.0,2025-07-24 14:00:17.091470
2025-07-24,50514,2025072404035078,SHL,Nabil Stock Dealer Ltd.,Vision Securities Pvt. Ltd,100,602.0,60200.0,2025-07-24 14:00:31.483223
2025-07-24,50482,2025072404035086,SHL,Nabil Stock Dealer Ltd.,Dipshikha Dhitopatra Karobar Co. Pvt Ltd.,135,602.0,81270.0,2025-07-24 14:00:36.215596
2025-07-24,50335,2025072404035113,SHL,ABC Securities Private Limited,Naasa Securities Co. Ltd.,500,601.3,300650.0,2025-07-24 14:00:54.517067
2025-07-24,50334,2025072404035114,SHL,Opal Securities Investment (PVT) Ltd.,Naasa Securities Co. Ltd.,700,601.3,420910.0,2025-07-24 14:00:54.517332
2025-07-24,50280,2025072404035128,SHL,Opal Securities Investment (PVT) Ltd.,Online Securities Pvt. Ltd.,500,601.3,300650.0,2025-07-24 14:01:01.970343
2025-07-24,50232,2025072404035149,SHL,Capital Max Securities Ltd,Dipshikha Dhitopatra Karobar Co. Pvt Ltd.,865,602.0,520730.0,2025-07-24 14:01:06.915542
2025-07-24,50231,2025072404035150,SHL,Capital Max Securities Ltd,Asian Securities Private Ltd.,135,602.0,81270.0,2025-07-24 14:01:06.915575
2025-07-24,48793,2025072404035523,SHL,Naasa Securities Co. Ltd.,Shree Krishna Securities Ltd.,100,602.0,60200.0,2025-07-24 14:04:12.343810
2025-07-24,48531,2025072404035592,SHL,Sri Hari Securities Pvt. Ltd.,J.F. Securites (PVT) Ltd.,200,602.8,120560.0,2025-07-24 14:04:48.865490
2025-07-24,48530,2025072404035593,SHL,Sri Hari Securities Pvt. Ltd.,Ashutosh Brokerage & Securities (PVT) Ltd.,325,602.9,195942.5,2025-07-24 14:04:48.865802
2025-07-24,48473,2025072404035603,SHL,Naasa Securities Co. Ltd.,Imperial Securities Company Pvt. Ltd.,18,599.9,10798.2,2025-07-24 14:04:57.576396
2025-07-24,47936,2025072404035718,SHL,Naasa Securities Co. Ltd.,Premier Securities Company Ltd.,15,600.0,9000.0,2025-07-24 14:05:59.789232
2025-07-24,47766,2025072404035777,SHL,Naasa Securities Co. Ltd.,Naasa Securities Co. Ltd.,11,600.0,6600.0,2025-07-24 14:06:21.732163
2025-07-24,47602,2025072404035833,SHL,Dakshinkali Investment & Securities Pvt. Ltd.,J.F. Securites (PVT) Ltd.,100,602.8,60280.0,2025-07-24 14:06:38.663112
2025-07-24,47601,2025072404035834,SHL,Dakshinkali Investment & Securities Pvt. Ltd.,Ashutosh Brokerage & Securities (PVT) Ltd.,100,602.9,60290.0,2025-07-24 14:06:38.663602
2025-07-24,47446,2025072404035891,SHL,Naasa Securities Co. Ltd.,Deevyaa Securities & Stock House Pvt. Ltd,18,600.0,10800.0,2025-07-24 14:07:02.109976
2025-07-24,47287,2025072404035947,SHL,Dakshinkali Investment & Securities Pvt. Ltd.,Dipshikha Dhitopatra Karobar Co. Pvt Ltd.,100,602.9,60290.0,2025-07-24 14:07:24.469448
2025-07-24,47106,2025072404036088,SHL,Vision Securities Pvt. Ltd,Secured Securities Ltd.,160,602.0,96320.0,2025-07-24 14:07:35.443557
2025-07-24,47105,2025072404036089,SHL,Sumeru Securities Pvt. Ltd.,Secured Securities Ltd.,181,601.5,108871.5,2025-07-24 14:07:35.444062
2025-07-24,46878,2025072404036154,SHL,Dakshinkali Investment & Securities Pvt. Ltd.,J.F. Securites (PVT) Ltd.,100,602.9,60290.0,2025-07-24 14:08:04.365693
2025-07-24,46877,2025072404036155,SHL,Dakshinkali Investment & Securities Pvt. Ltd.,Bhrikuti Stock Broking Co. Pvt. Ltd.,100,603.0,60300.0,2025-07-24 14:08:04.365736
2025-07-24,46751,2025072404036214,SHL,Sharepro Securities Private Limited,Bhrikuti Stock Broking Co. Pvt. Ltd.,875,603.0,527625.0,2025-07-24 14:08:17.059019
2025-07-24,46750,2025072404036215,SHL,Sharepro Securities Private Limited,ABC Securities Private Limited,132,603.0,79596.0,2025-07-24 14:08:17.059126
2025-07-24,46749,2025072404036216,SHL,Sharepro Securities Private Limited,Imperial Securities Company Pvt. Ltd.,500,603.0,301500.0,2025-07-24 14:08:17.059156
2025-07-24,46623,2025072404036269,SHL,Naasa Securities Co. Ltd.,Pragyan Securities (PVT) Ltd.,6,600.0,3600.0,2025-07-24 14:08:34.091982
2025-07-24,45492,2025072404036598,SHL,Online Securities Pvt. Ltd.,Kohinoor Investment & Securities Pvt. Ltd.,1000,602.0,602000.0,2025-07-24 14:10:43.658523
2025-07-24,45050,2025072404036707,SHL,Asian Securities Private Ltd.,Dipshikha Dhitopatra Karobar Co. Pvt Ltd.,105,603.0,63315.0,2025-07-24 14:11:28.424390
2025-07-24,44690,2025072404036819,SHL,Sumeru Securities Pvt. Ltd.,Trishakti Securities Public Limited,819,601.5,492628.5,2025-07-24 14:12:19.100490
2025-07-24,44580,2025072404036855,SHL,Naasa Securities Co. Ltd.,Capital Max Securities Ltd,500,601.4,300700.0,2025-07-24 14:12:31.965809
2025-07-24,44427,2025072404036897,SHL,Sri Hari Securities Pvt. Ltd.,Trishakti Securities Public Limited,2180,601.5,1311270.0,2025-07-24 14:12:50.238577
2025-07-24,44387,2025072404036903,SHL,Opal Securities Investment (PVT) Ltd.,Capital Max Securities Ltd,800,601.3,481040.0,2025-07-24 14:12:55.828889
2025-07-24,43797,2025072404037065,SHL,Sharepro Securities Private Limited,SUN SECURITIES PVT LTD,821,601.3,493667.3,2025-07-24 14:13:53.726948
2025-07-24,43796,2025072404037066,SHL,Sharepro Securities Private Limited,Aryatara Investment & Securities,100,602.0,60200.0,2025-07-24 14:13:53.727009
2025-07-24,43209,2025072404037230,SHL,Sri Hari Securities Pvt. Ltd.,Kohinoor Investment & Securities Pvt. Ltd.,100,602.0,60200.0,2025-07-24 14:14:41.136975
2025-07-24,43208,2025072404037231,SHL,Sri Hari Securities Pvt. Ltd.,Imperial Securities Company Pvt. Ltd.,200,602.0,120400.0,2025-07-24 14:14:41.137484
2025-07-24,43057,2025072404037253,SHL,Sri Hari Securities Pvt. Ltd.,Asian Securities Private Ltd.,100,603.9,60390.0,2025-07-24 14:14:50.105972
2025-07-24,43056,2025072404037254,SHL,Sri Hari Securities Pvt. Ltd.,J.F. Securites (PVT) Ltd.,200,603.9,120780.0,2025-07-24 14:14:50.106178
2025-07-24,41682,2025072404037665,SHL,Dakshinkali Investment & Securities Pvt. Ltd.,Dipshikha Dhitopatra Karobar Co. Pvt Ltd.,100,603.0,60300.0,2025-07-24 14:16:54.625752
2025-07-24,40581,2025072404038036,SHL,Indira securities pvt. ltd,Agrawal Securities (PVT) Ltd.,450,603.0,271350.0,2025-07-24 14:18:36.949098
2025-07-24,40160,2025072404038176,SHL,Indira securities pvt. ltd,Imperial Securities Company Pvt. Ltd.,100,603.0,60300.0,2025-07-24 14:19:09.959786
2025-07-24,39925,2025072404038240,SHL,Sani Securities Company Ltd.,Asian Securities Private Ltd.,136,604.0,82144.0,2025-07-24 14:19:33.731071
2025-07-24,39924,2025072404038241,SHL,Sani Securities Company Ltd.,Sani Securities Company Ltd.,110,604.0,66440.0,2025-07-24 14:19:33.731169
2025-07-24,39923,2025072404038242,SHL,Sani Securities Company Ltd.,Thrive Brokerage House Pvt. Ltd,118,604.4,71319.2,2025-07-24 14:19:33.731250
2025-07-24,39922,2025072404038243,SHL,Sani Securities Company Ltd.,J.F. Securites (PVT) Ltd.,100,604.9,60490.0,2025-07-24 14:19:33.731357
2025-07-24,39031,2025072404038551,SHL,Sri Hari Securities Pvt. Ltd.,J.F. Securites (PVT) Ltd.,220,604.9,133078.0,2025-07-24 14:20:55.068631
2025-07-24,38826,2025072404038613,SHL,Linch Stock Market Ltd.,J.F. Securites (PVT) Ltd.,180,604.9,108882.0,2025-07-24 14:21:14.423109
2025-07-24,38825,2025072404038614,SHL,Linch Stock Market Ltd.,Online Securities Pvt. Ltd.,620,605.0,375100.0,2025-07-24 14:21:14.423366
2025-07-24,38707,2025072404038655,SHL,Linch Stock Market Ltd.,Trademow Securities Private Limited,200,605.0,121000.0,2025-07-24 14:21:27.364112
2025-07-24,38490,2025072404038745,SHL,Sharepro Securities Private Limited,Trademow Securities Private Limited,600,605.0,363000.0,2025-07-24 14:21:43.741798
2025-07-24,38489,2025072404038746,SHL,Sharepro Securities Private Limited,Trademow Securities Private Limited,800,605.0,484000.0,2025-07-24 14:21:43.741840
2025-07-24,38488,2025072404038747,SHL,Sharepro Securities Private Limited,Online Securities Pvt. Ltd.,100,605.0,60500.0,2025-07-24 14:21:43.741870
2025-07-24,38487,2025072404038748,SHL,Sharepro Securities Private Limited,Naasa Securities Co. Ltd.,2200,605.0,1331000.0,2025-07-24 14:21:43.741900
2025-07-24,38359,2025072404038795,SHL,Indira securities pvt. ltd,Naasa Securities Co. Ltd.,143,603.0,86229.0,2025-07-24 14:21:52.075739
2025-07-24,38184,2025072404038898,SHL,Indira securities pvt. ltd,Online Securities Pvt. Ltd.,166,603.0,100098.0,2025-07-24 14:22:03.973928
2025-07-24,37689,2025072404039127,SHL,Indira securities pvt. ltd,Deevyaa Securities & Stock House Pvt. Ltd,141,603.0,85023.0,2025-07-24 14:22:44.590829
2025-07-24,37688,2025072404039128,SHL,Shree Krishna Securities Ltd.,Deevyaa Securities & Stock House Pvt. Ltd,100,602.0,60200.0,2025-07-24 14:22:44.590877
2025-07-24,37687,2025072404039129,SHL,Sumeru Securities Pvt. Ltd.,Deevyaa Securities & Stock House Pvt. Ltd,1171,601.4,704239.4,2025-07-24 14:22:44.590900
2025-07-24,37686,2025072404039130,SHL,Stoxkarts Securities Limited,Deevyaa Securities & Stock House Pvt. Ltd,1000,601.4,601400.0,2025-07-24 14:22:44.590922
2025-07-24,37685,2025072404039131,SHL,Opal Securities Investment (PVT) Ltd.,Deevyaa Securities & Stock House Pvt. Ltd,100,601.3,60130.0,2025-07-24 14:22:44.590945
2025-07-24,37684,2025072404039132,SHL,Opal Securities Investment (PVT) Ltd.,Deevyaa Securities & Stock House Pvt. Ltd,488,601.2,293385.6,2025-07-24 14:22:44.590979
2025-07-24,37496,2025072404039210,SHL,Kumari Securities Private Limited,Cristal Kanchanjanga Securites Pvt. Ltd.,100,605.0,60500.0,2025-07-24 14:23:01.692173
2025-07-24,34808,2025072404039999,SHL,Kohinoor Investment & Securities Pvt. Ltd.,J.F. Securites (PVT) Ltd.,100,604.4,60440.0,2025-07-24 14:27:23.215881
2025-07-24,34807,2025072404040000,SHL,Kohinoor Investment & Securities Pvt. Ltd.,Dipshikha Dhitopatra Karobar Co. Pvt Ltd.,100,604.5,60450.0,2025-07-24 14:27:23.216159
2025-07-24,33862,2025072404040287,SHL,Primo Securities (PVT) Ltd.,Sri Hari Securities Pvt. Ltd.,300,604.9,181470.0,2025-07-24 14:28:45.847293
2025-07-24,31133,2025072404041055,SHL,Nepal Investment And Securities Trading Private Limited,Cristal Kanchanjanga Securites Pvt. Ltd.,100,602.5,60250.0,2025-07-24 14:32:47.450256
2025-07-24,31132,2025072404041056,SHL,Sharepro Securities Private Limited,Cristal Kanchanjanga Securites Pvt. Ltd.,100,602.2,60220.0,2025-07-24 14:32:47.450536
2025-07-24,31131,2025072404041057,SHL,ABC Securities Private Limited,Cristal Kanchanjanga Securites Pvt. Ltd.,200,602.1,120420.0,2025-07-24 14:32:47.450640
2025-07-24,31130,2025072404041058,SHL,Malla & Malla Stock Broking Company Pvt. Limited,Cristal Kanchanjanga Securites Pvt. Ltd.,100,602.0,60200.0,2025-07-24 14:32:47.450744
2025-07-24,31129,2025072404041059,SHL,Deevyaa Securities & Stock House Pvt. Ltd,Cristal Kanchanjanga Securites Pvt. Ltd.,100,602.0,60200.0,2025-07-24 14:32:47.450846
2025-07-24,31128,2025072404041060,SHL,Online Securities Pvt. Ltd.,Cristal Kanchanjanga Securites Pvt. Ltd.,321,601.3,193017.3,2025-07-24 14:32:47.450948
2025-07-24,31010,2025072404041101,SHL,Online Securities Pvt. Ltd.,Sri Hari Securities Pvt. Ltd.,200,601.3,120260.0,2025-07-24 14:32:56.142991
2025-07-24,29705,2025072404041532,SHL,Himalayan Securities Limited,Imperial Securities Company Pvt. Ltd.,1000,601.5,601500.0,2025-07-24 14:34:47.123480
2025-07-24,29704,2025072404041533,SHL,Sharepro Securities Private Limited,Imperial Securities Company Pvt. Ltd.,100,601.4,60140.0,2025-07-24 14:34:47.123755
2025-07-24,29703,2025072404041534,SHL,Online Securities Pvt. Ltd.,Imperial Securities Company Pvt. Ltd.,310,601.3,186403.0,2025-07-24 14:34:47.123859
2025-07-24,29702,2025072404041535,SHL,Nepal Stock House (PVT) Ltd.,Imperial Securities Company Pvt. Ltd.,280,601.3,168364.0,2025-07-24 14:34:47.123957
2025-07-24,29446,2025072404041624,SHL,Nepal Stock House (PVT) Ltd.,Online Securities Pvt. Ltd.,220,601.3,132286.0,2025-07-24 14:35:05.262024
2025-07-24,29445,2025072404041625,SHL,Sani Securities Company Ltd.,Online Securities Pvt. Ltd.,100,601.3,60130.0,2025-07-24 14:35:05.262302
2025-07-24,29444,2025072404041626,SHL,Opal Securities Investment (PVT) Ltd.,Online Securities Pvt. Ltd.,512,601.2,307814.4,2025-07-24 14:35:05.262419
2025-07-24,29443,2025072404041627,SHL,Himalayan Securities Limited,Online Securities Pvt. Ltd.,168,601.1,100984.8,2025-07-24 14:35:05.262515
2025-07-24,28127,2025072404042067,SHL,Himalayan Securities Limited,J.F. Securites (PVT) Ltd.,104,601.1,62514.4,2025-07-24 14:36:41.191851
2025-07-24,27957,2025072404042104,SHL,Himalayan Securities Limited,INDEX SECURITIES LIMITED,728,601.1,437600.8,2025-07-24 14:36:55.583128
2025-07-24,27956,2025072404042105,SHL,Neev Securities Pvt. Ltd.,INDEX SECURITIES LIMITED,100,601.1,60110.0,2025-07-24 14:36:55.583406
2025-07-24,27955,2025072404042106,SHL,Thrive Brokerage House Pvt. Ltd,INDEX SECURITIES LIMITED,200,601.0,120200.0,2025-07-24 14:36:55.583526
2025-07-24,27954,2025072404042107,SHL,Sani Securities Company Ltd.,INDEX SECURITIES LIMITED,392,601.0,235592.0,2025-07-24 14:36:55.583638
2025-07-24,27448,2025072404042273,SHL,K.B.L. Securities Limited ,Siprabi Securities Pvt. Ltd.,22,602.0,13244.0,2025-07-24 14:37:35.720067
2025-07-24,27355,2025072404042297,SHL,Sani Securities Company Ltd.,Imperial Securities Company Pvt. Ltd.,100,601.0,60100.0,2025-07-24 14:37:43.222180
2025-07-24,26832,2025072404042489,SHL,Agrawal Securities (PVT) Ltd.,Aryatara Investment & Securities,177,601.5,106465.5,2025-07-24 14:38:19.099250
2025-07-24,26782,2025072404042494,SHL,Agrawal Securities (PVT) Ltd.,Swarna Laxmi Securities Pvt. Ltd.,100,601.5,60150.0,2025-07-24 14:38:22.785100
2025-07-24,26734,2025072404042535,SHL,Agrawal Securities (PVT) Ltd.,Sani Securities Company Ltd.,100,602.0,60200.0,2025-07-24 14:38:23.987456
2025-07-24,26733,2025072404042536,SHL,Agrawal Securities (PVT) Ltd.,Deevyaa Securities & Stock House Pvt. Ltd,349,602.0,210098.0,2025-07-24 14:38:23.987714
2025-07-24,25062,2025072404043094,SHL,Opal Securities Investment (PVT) Ltd.,Bhrikuti Stock Broking Co. Pvt. Ltd.,400,602.3,240920.0,2025-07-24 14:40:40.461335
2025-07-24,22846,2025072404043774,SHL,Sri Hari Securities Pvt. Ltd.,Secured Securities Ltd.,100,603.0,60300.0,2025-07-24 14:43:28.090764
2025-07-24,22203,2025072404043979,SHL,ABC Securities Private Limited,Imperial Securities Company Pvt. Ltd.,1000,602.5,602500.0,2025-07-24 14:44:11.542462
2025-07-24,22202,2025072404043980,SHL,Garima Securities Limited,Imperial Securities Company Pvt. Ltd.,1400,602.5,843500.0,2025-07-24 14:44:11.542713
2025-07-24,21151,2025072404044309,SHL,Trisul Securities & Invt. Ltd.,Sani Securities Company Ltd.,30,600.0,18000.0,2025-07-24 14:45:19.459930
2025-07-24,20960,2025072404044383,SHL,Garima Securities Limited,Vision Securities Pvt. Ltd,200,604.0,120800.0,2025-07-24 14:45:32.049839
2025-07-24,20959,2025072404044384,SHL,Garima Securities Limited,Imperial Securities Company Pvt. Ltd.,400,604.0,241600.0,2025-07-24 14:45:32.050144
2025-07-24,20637,2025072404044524,SHL,Nabil Stock Dealer Ltd.,Imperial Securities Company Pvt. Ltd.,100,604.0,60400.0,2025-07-24 14:45:52.192101
2025-07-24,20248,2025072404044685,SHL,Agrawal Securities (PVT) Ltd.,Linch Stock Market Ltd.,100,605.2,60520.0,2025-07-24 14:46:21.065069
2025-07-24,20247,2025072404044686,SHL,Agrawal Securities (PVT) Ltd.,Sundhara Securities Limited,100,605.2,60520.0,2025-07-24 14:46:21.065373
2025-07-24,20246,2025072404044687,SHL,Agrawal Securities (PVT) Ltd.,Sani Securities Company Ltd.,600,605.9,363540.0,2025-07-24 14:46:21.065478
2025-07-24,20245,2025072404044688,SHL,Agrawal Securities (PVT) Ltd.,Sundhara Securities Limited,100,606.0,60600.0,2025-07-24 14:46:21.065576
2025-07-24,20244,2025072404044689,SHL,Agrawal Securities (PVT) Ltd.,Market Securities & Exchange (PVT) Ltd.,550,606.0,333300.0,2025-07-24 14:46:21.065671
2025-07-24,20243,2025072404044690,SHL,Agrawal Securities (PVT) Ltd.,Naasa Securities Co. Ltd.,100,606.0,60600.0,2025-07-24 14:46:21.065766
2025-07-24,20242,2025072404044691,SHL,Agrawal Securities (PVT) Ltd.,Trisul Securities & Invt. Ltd.,100,606.0,60600.0,2025-07-24 14:46:21.065867
2025-07-24,20241,2025072404044692,SHL,Agrawal Securities (PVT) Ltd.,Asian Securities Private Ltd.,370,606.8,224516.0,2025-07-24 14:46:21.065982
2025-07-24,20240,2025072404044693,SHL,Agrawal Securities (PVT) Ltd.,Aryatara Investment & Securities,220,606.9,133518.0,2025-07-24 14:46:21.066072
2025-07-24,20239,2025072404044694,SHL,Agrawal Securities (PVT) Ltd.,Aakashbhairab Securities Ltd.,171,606.9,103779.9,2025-07-24 14:46:21.066161
2025-07-24,20238,2025072404044695,SHL,Agrawal Securities (PVT) Ltd.,Miyo Securities Pvt Ltd,735,607.0,446145.0,2025-07-24 14:46:21.066254
2025-07-24,20237,2025072404044696,SHL,Agrawal Securities (PVT) Ltd.,Bhrikuti Stock Broking Co. Pvt. Ltd.,170,607.0,103190.0,2025-07-24 14:46:21.066344
2025-07-24,20236,2025072404044697,SHL,Agrawal Securities (PVT) Ltd.,Stoxkarts Securities Limited,500,607.0,303500.0,2025-07-24 14:46:21.066439
2025-07-24,20235,2025072404044698,SHL,Agrawal Securities (PVT) Ltd.,Dipshikha Dhitopatra Karobar Co. Pvt Ltd.,200,608.0,121600.0,2025-07-24 14:46:21.066547
2025-07-24,20234,2025072404044699,SHL,Agrawal Securities (PVT) Ltd.,Miyo Securities Pvt Ltd,535,608.0,325280.0,2025-07-24 14:46:21.066635
2025-07-24,19880,2025072404044851,SHL,Oxford Securities Pvt. Ltd.,Naasa Securities Co. Ltd.,2,600.0,1200.0,2025-07-24 14:46:45.239978
2025-07-24,19165,2025072404045134,SHL,Aryatara Investment & Securities,Naasa Securities Co. Ltd.,33,600.0,19800.0,2025-07-24 14:47:32.338677
2025-07-24,18985,2025072404045217,SHL,Aryatara Investment & Securities,Agrawal Securities (PVT) Ltd.,14,600.0,8400.0,2025-07-24 14:47:44.186665
2025-07-24,18738,2025072404045273,SHL,Aryatara Investment & Securities,Sani Securities Company Ltd.,12,600.0,7200.0,2025-07-24 14:47:56.295200
2025-07-24,18579,2025072404045321,SHL,Aryatara Investment & Securities,Linch Stock Market Ltd.,6,600.0,3600.0,2025-07-24 14:48:05.992662
2025-07-24,18153,2025072404045461,SHL,Aryatara Investment & Securities,Trisul Securities & Invt. Ltd.,11,595.9,6554.9,2025-07-24 14:48:33.097808
2025-07-24,17867,2025072404045582,SHL,Aryatara Investment & Securities,Roadshow securities limited,78,600.0,46800.0,2025-07-24 14:48:51.987658
2025-07-24,15999,2025072404046300,SHL,Creative Securities Pvt Ltd,Dynamic Money Managers Securities Pvt. Ltd.,100,605.3,60530.0,2025-07-24 14:50:35.256628
2025-07-24,15908,2025072404046326,SHL,Kumari Securities Private Limited,Aryatara Investment & Securities,100,607.0,60700.0,2025-07-24 14:50:39.309929
2025-07-24,15816,2025072404046365,SHL,Primo Securities (PVT) Ltd.,Hatemalo Financial Services Private Limited,200,606.0,121200.0,2025-07-24 14:50:47.968690
2025-07-24,15499,2025072404046473,SHL,ABC Securities Private Limited,Aryatara Investment & Securities,100,607.0,60700.0,2025-07-24 14:51:07.067648
2025-07-24,15243,2025072404046536,SHL,Sri Hari Securities Pvt. Ltd.,Opal Securities Investment (PVT) Ltd.,150,605.2,90780.0,2025-07-24 14:51:19.845733
2025-07-24,15035,2025072404046603,SHL,Aryatara Investment & Securities,Sani Securities Company Ltd.,62,600.0,37200.0,2025-07-24 14:51:29.066587
2025-07-24,14585,2025072404046778,SHL,Sajilo Broker Limited,Secured Securities Ltd.,100,606.0,60600.0,2025-07-24 14:51:53.243603
2025-07-24,14415,2025072404046827,SHL,Sri Hari Securities Pvt. Ltd.,SHUBHAKAMANA SECURITIES PVT. LTD,500,605.2,302600.0,2025-07-24 14:52:01.645348
2025-07-24,13393,2025072404047197,SHL,Sri Hari Securities Pvt. Ltd.,Capital Max Securities Ltd,100,605.2,60520.0,2025-07-24 14:52:49.214655
2025-07-24,12883,2025072404047343,SHL,Imperial Securities Company Pvt. Ltd.,Secured Securities Ltd.,100,606.0,60600.0,2025-07-24 14:53:16.350261
2025-07-24,12820,2025072404047360,SHL,Garima Securities Limited,APPLE SECURITIES PRIVATE LIMITED,1000,605.3,605300.0,2025-07-24 14:53:21.911390
2025-07-24,12819,2025072404047361,SHL,Sri Hari Securities Pvt. Ltd.,APPLE SECURITIES PRIVATE LIMITED,500,605.2,302600.0,2025-07-24 14:53:21.911678
2025-07-24,12818,2025072404047362,SHL,Agrawal Securities (PVT) Ltd.,APPLE SECURITIES PRIVATE LIMITED,1000,605.2,605200.0,2025-07-24 14:53:21.911886
2025-07-24,12817,2025072404047363,SHL,ABC Securities Private Limited,APPLE SECURITIES PRIVATE LIMITED,400,605.1,242040.0,2025-07-24 14:53:21.912016
2025-07-24,12805,2025072404047372,SHL,ABC Securities Private Limited,Cristal Kanchanjanga Securites Pvt. Ltd.,600,605.1,363060.0,2025-07-24 14:53:22.188407
2025-07-24,12804,2025072404047373,SHL,Agrawal Securities (PVT) Ltd.,Cristal Kanchanjanga Securites Pvt. Ltd.,400,605.0,242000.0,2025-07-24 14:53:22.188643
2025-07-24,12669,2025072404047408,SHL,Agrawal Securities (PVT) Ltd.,Aryatara Investment & Securities,100,605.0,60500.0,2025-07-24 14:53:28.624249
2025-07-24,12254,2025072404047558,SHL,Trisul Securities & Invt. Ltd.,Malla & Malla Stock Broking Company Pvt. Limited,80,600.0,48000.0,2025-07-24 14:53:48.285090
2025-07-24,12096,2025072404047603,SHL,Agrawal Securities (PVT) Ltd.,Himalayan Brokerage Company Limited,223,605.0,134915.0,2025-07-24 14:53:55.933845
2025-07-24,12085,2025072404047612,SHL,Naasa Securities Co. Ltd.,Sri Hari Securities Pvt. Ltd.,10,605.0,6050.0,2025-07-24 14:53:56.479562
2025-07-24,11996,2025072404047648,SHL,Thrive Brokerage House Pvt. Ltd,Trademow Securities Private Limited,200,605.0,121000.0,2025-07-24 14:54:01.276332
2025-07-24,11995,2025072404047649,SHL,Trishakti Securities Public Limited,Trademow Securities Private Limited,100,605.0,60500.0,2025-07-24 14:54:01.276608
2025-07-24,10941,2025072404047985,SHL,Capital Hub P. Ltd,Trademow Securities Private Limited,200,605.0,121000.0,2025-07-24 14:54:49.638275
2025-07-24,10940,2025072404047986,SHL,Capital Hub P. Ltd,Aryatara Investment & Securities,800,605.0,484000.0,2025-07-24 14:54:49.638556
2025-07-24,10548,2025072404048071,SHL,Capital Hub P. Ltd,Online Securities Pvt. Ltd.,1000,605.0,605000.0,2025-07-24 14:55:05.815415
2025-07-24,10064,2025072404048265,SHL,Secured Securities Ltd.,Asian Securities Private Ltd.,500,605.9,302950.0,2025-07-24 14:55:24.421995
2025-07-24,10063,2025072404048266,SHL,Secured Securities Ltd.,Secured Securities Ltd.,150,606.0,90900.0,2025-07-24 14:55:24.422217
2025-07-24,10062,2025072404048267,SHL,Secured Securities Ltd.,Infinity Securities Limited,4350,606.0,2636100.0,2025-07-24 14:55:24.422330
2025-07-24,10019,2025072404048278,SHL,Capital Hub P. Ltd,Kohinoor Investment & Securities Pvt. Ltd.,195,605.0,117975.0,2025-07-24 14:55:26.526228
2025-07-24,9563,2025072404048435,SHL,Agrawal Securities (PVT) Ltd.,Infinity Securities Limited,1000,606.0,606000.0,2025-07-24 14:55:42.989987
2025-07-24,9421,2025072404048480,SHL,Capital Hub P. Ltd,Creative Securities Pvt Ltd,100,605.0,60500.0,2025-07-24 14:55:49.262392
2025-07-24,9350,2025072404048503,SHL,Capital Hub P. Ltd,Market Securities & Exchange (PVT) Ltd.,1000,605.0,605000.0,2025-07-24 14:55:51.752568
2025-07-24,8933,2025072404048660,SHL,Trisul Securities & Invt. Ltd.,Naasa Securities Co. Ltd.,10,599.0,5990.0,2025-07-24 14:56:09.515360
2025-07-24,8107,2025072404048912,SHL,Agrawal Securities (PVT) Ltd.,Aryatara Investment & Securities,100,605.9,60590.0,2025-07-24 14:56:41.399430
2025-07-24,8106,2025072404048913,SHL,Agrawal Securities (PVT) Ltd.,Infinity Securities Limited,5650,606.0,3423900.0,2025-07-24 14:56:41.399859
2025-07-24,7752,2025072404049013,SHL,Agrawal Securities (PVT) Ltd.,Sumeru Securities Pvt. Ltd.,250,606.0,151500.0,2025-07-24 14:56:52.671134
2025-07-24,7751,2025072404049014,SHL,Capital Hub P. Ltd,Sumeru Securities Pvt. Ltd.,750,605.0,453750.0,2025-07-24 14:56:52.671167
2025-07-24,6294,2025072404049571,SHL,Sumeru Securities Pvt. Ltd.,Capital Max Securities Ltd,300,605.5,181650.0,2025-07-24 14:57:39.538688
2025-07-24,6293,2025072404049572,SHL,Capital Hub P. Ltd,Capital Max Securities Ltd,200,605.0,121000.0,2025-07-24 14:57:39.538731
2025-07-24,6163,2025072404049610,SHL,Capital Hub P. Ltd,Kohinoor Investment & Securities Pvt. Ltd.,755,605.0,456775.0,2025-07-24 14:57:45.082282
2025-07-24,6162,2025072404049611,SHL,Agrawal Securities (PVT) Ltd.,Kohinoor Investment & Securities Pvt. Ltd.,2000,605.0,1210000.0,2025-07-24 14:57:45.082583
2025-07-24,6161,2025072404049612,SHL,Property Wiard Limited,Kohinoor Investment & Securities Pvt. Ltd.,500,605.0,302500.0,2025-07-24 14:57:45.082730
2025-07-24,5910,2025072404049681,SHL,Sumeru Securities Pvt. Ltd.,Cristal Kanchanjanga Securites Pvt. Ltd.,500,604.3,302150.0,2025-07-24 14:57:54.082599
2025-07-24,5686,2025072404049802,SHL,Agrawal Securities (PVT) Ltd.,Kohinoor Investment & Securities Pvt. Ltd.,1745,605.0,1055725.0,2025-07-24 14:58:02.646600
2025-07-24,5436,2025072404049915,SHL,Agrawal Securities (PVT) Ltd.,Online Securities Pvt. Ltd.,1000,605.0,605000.0,2025-07-24 14:58:12.107972
2025-07-24,5314,2025072404049933,SHL,Agrawal Securities (PVT) Ltd.,Swarna Laxmi Securities Pvt. Ltd.,706,605.0,427130.0,2025-07-24 14:58:14.530850
2025-07-24,5167,2025072404049972,SHL,Trisul Securities & Invt. Ltd.,Sewa Securities Pvt. Ltd.,55,601.0,33055.0,2025-07-24 14:58:19.675927
2025-07-24,5049,2025072404050010,SHL,Neev Securities Pvt. Ltd.,Dakshinkali Investment & Securities Pvt. Ltd.,200,605.1,121020.0,2025-07-24 14:58:22.967211
2025-07-24,4945,2025072404050039,SHL,Opal Securities Investment (PVT) Ltd.,SUN SECURITIES PVT LTD,200,605.1,121020.0,2025-07-24 14:58:27.277249
2025-07-24,4780,2025072404050124,SHL,Opal Securities Investment (PVT) Ltd.,Bhrikuti Stock Broking Co. Pvt. Ltd.,500,605.1,302550.0,2025-07-24 14:58:32.025799
2025-07-24,4454,2025072404050252,SHL,Opal Securities Investment (PVT) Ltd.,Dipshikha Dhitopatra Karobar Co. Pvt Ltd.,800,605.1,484080.0,2025-07-24 14:58:42.520906
2025-07-24,4453,2025072404050253,SHL,Agrawal Securities (PVT) Ltd.,Dipshikha Dhitopatra Karobar Co. Pvt Ltd.,549,605.0,332145.0,2025-07-24 14:58:42.521200
2025-07-24,4452,2025072404050254,SHL,Nabil Stock Dealer Ltd.,Dipshikha Dhitopatra Karobar Co. Pvt Ltd.,1000,605.0,605000.0,2025-07-24 14:58:42.521320
2025-07-24,4416,2025072404050261,SHL,Garima Securities Limited,Dipshikha Dhitopatra Karobar Co. Pvt Ltd.,200,605.0,121000.0,2025-07-24 14:58:42.888776
2025-07-24,4157,2025072404050328,SHL,Pragyan Securities (PVT) Ltd.,Dipshikha Dhitopatra Karobar Co. Pvt Ltd.,451,605.0,272855.0,2025-07-24 14:58:48.993939
2025-07-24,3797,2025072404050435,SHL,Bhrikuti Stock Broking Co. Pvt. Ltd.,Trishakti Securities Public Limited,300,605.0,181500.0,2025-07-24 14:58:57.629852
2025-07-24,3459,2025072404050566,SHL,Sumeru Securities Pvt. Ltd.,Thrive Brokerage House Pvt. Ltd,500,604.3,302150.0,2025-07-24 14:59:05.795772
2025-07-24,3350,2025072404050597,SHL,Aryatara Investment & Securities,Imperial Securities Company Pvt. Ltd.,6,600.0,3600.0,2025-07-24 14:59:08.909207
2025-07-24,3134,2025072404050693,SHL,Online Securities Pvt. Ltd.,SUN SECURITIES PVT LTD,200,604.3,120860.0,2025-07-24 14:59:14.224052
2025-07-24,3133,2025072404050694,SHL,ABC Securities Private Limited,SUN SECURITIES PVT LTD,100,604.2,60420.0,2025-07-24 14:59:14.224161
2025-07-24,3070,2025072404050705,SHL,Sani Securities Company Ltd.,South Asian Bulls Pvt. Ltd.,34,604.0,20536.0,2025-07-24 14:59:15.252384
2025-07-24,2231,2025072404051023,SHL,Aryatara Investment & Securities,Sagarmatha Securities Private Limited,12,600.0,7200.0,2025-07-24 14:59:29.244712
2025-07-24,885,2025072404051613,SHL,Online Securities Pvt. Ltd.,Kumari Securities Private Limited,1000,604.5,604500.0,2025-07-24 14:59:47.551899
2025-07-24,497,2025072404051767,SHL,Agrawal Securities (PVT) Ltd.,Dynamic Money Managers Securities Pvt. Ltd.,500,605.0,302500.0,2025-07-24 14:59:53.976266
2025-07-24,496,2025072404051768,SHL,Agrawal Securities (PVT) Ltd.,Vision Securities Pvt. Ltd,100,605.0,60500.0,2025-07-24 14:59:53.976476
