Date,S.N.,contract_id,symbol,buyer_broker,seller_broker,volume,price,amount,transaction_time
2025-07-24,153507,2025072404000519,UNHPL,Imperial Securities Company Pvt. Ltd.,Capital Max Securities Ltd,200,421.0,84200.0,2025-07-24 11:02:27.781206
2025-07-24,153426,2025072404000557,UNHPL,Infinity Securities Limited,Capital Max Securities Ltd,500,421.0,210500.0,2025-07-24 11:02:38.163791
2025-07-24,153351,2025072404000580,UNHPL,Kohinoor Investment & Securities Pvt. Ltd.,Capital Max Securities Ltd,200,421.0,84200.0,2025-07-24 11:02:49.680178
2025-07-24,153092,2025072404000721,UNHPL,Trishakti Securities Public Limited,Capital Max Securities Ltd,200,421.0,84200.0,2025-07-24 11:03:09.614418
2025-07-24,152866,2025072404000814,UNHPL,Primo Securities (PVT) Ltd.,Blue Chip Securities Ltd,1000,420.1,420100.0,2025-07-24 11:03:41.091787
2025-07-24,152842,2025072404000825,UNHPL,Ashutosh Brokerage & Securities (PVT) Ltd.,Capital Max Securities Ltd,1000,421.0,421000.0,2025-07-24 11:03:43.448783
2025-07-24,152441,2025072404001008,UNHPL,Opal Securities Investment (PVT) Ltd.,Capital Max Securities Ltd,300,421.0,126300.0,2025-07-24 11:04:29.003046
2025-07-24,151990,2025072404001185,UNHPL,Imperial Securities Company Pvt. Ltd.,Capital Max Securities Ltd,38,421.0,15998.0,2025-07-24 11:05:17.409394
2025-07-24,151883,2025072404001227,UNHPL,Secured Securities Ltd.,Capital Max Securities Ltd,2500,421.0,1052500.0,2025-07-24 11:05:28.026605
2025-07-24,151864,2025072404001232,UNHPL,Midas Stock Broking Company Private Limited,Capital Max Securities Ltd,62,421.0,26102.0,2025-07-24 11:05:29.428252
2025-07-24,151123,2025072404001548,UNHPL,Trishakti Securities Public Limited,Kohinoor Investment & Securities Pvt. Ltd.,10,427.5,4275.0,2025-07-24 11:06:46.469749
2025-07-24,150945,2025072404001614,UNHPL,Naasa Securities Co. Ltd.,Kohinoor Investment & Securities Pvt. Ltd.,90,427.5,38475.0,2025-07-24 11:07:01.139912
2025-07-24,150944,2025072404001615,UNHPL,Naasa Securities Co. Ltd.,Market Securities & Exchange (PVT) Ltd.,10,427.8,4278.0,2025-07-24 11:07:01.139983
2025-07-24,148964,2025072404002240,UNHPL,Asian Securities Private Ltd.,Agrawal Securities (PVT) Ltd.,100,424.0,42400.0,2025-07-24 11:10:22.458253
2025-07-24,148963,2025072404002241,UNHPL,Asian Securities Private Ltd.,Sani Securities Company Ltd.,500,425.0,212500.0,2025-07-24 11:10:22.458392
2025-07-24,148758,2025072404002314,UNHPL,Asian Securities Private Ltd.,Imperial Securities Company Pvt. Ltd.,1000,425.0,425000.0,2025-07-24 11:10:41.053654
2025-07-24,148601,2025072404002341,UNHPL,Asian Securities Private Ltd.,Sani Securities Company Ltd.,400,425.0,170000.0,2025-07-24 11:10:52.004044
2025-07-24,148287,2025072404002445,UNHPL,Kohinoor Investment & Securities Pvt. Ltd.,Sani Securities Company Ltd.,23,425.0,9775.0,2025-07-24 11:11:26.832823
2025-07-24,147894,2025072404002572,UNHPL,Stoxkarts Securities Limited,Vision Securities Pvt. Ltd,20,422.0,8440.0,2025-07-24 11:12:07.368674
2025-07-24,145587,2025072404003271,UNHPL,Nepal Investment And Securities Trading Private Limited,Vision Securities Pvt. Ltd,13,422.0,5486.0,2025-07-24 11:15:44.798437
2025-07-24,144943,2025072404003460,UNHPL,Dakshinkali Investment & Securities Pvt. Ltd.,Capital Max Securities Ltd,500,424.0,212000.0,2025-07-24 11:16:46.826630
2025-07-24,144787,2025072404003517,UNHPL,Nepal Investment And Securities Trading Private Limited,Capital Max Securities Ltd,140,422.0,59080.0,2025-07-24 11:17:00.356366
2025-07-24,144747,2025072404003528,UNHPL,Nepal Investment And Securities Trading Private Limited,Naasa Securities Co. Ltd.,847,422.0,357434.0,2025-07-24 11:17:03.759743
2025-07-24,144746,2025072404003529,UNHPL,Midas Stock Broking Company Private Limited,Naasa Securities Co. Ltd.,52,422.0,21944.0,2025-07-24 11:17:03.759985
2025-07-24,144621,2025072404003582,UNHPL,KALASH STOCK MARKET PVT. LTD.,Naasa Securities Co. Ltd.,101,422.0,42622.0,2025-07-24 11:17:12.135641
2025-07-24,144304,2025072404003680,UNHPL,KALASH STOCK MARKET PVT. LTD.,Naasa Securities Co. Ltd.,49,422.0,20678.0,2025-07-24 11:17:42.125416
2025-07-24,144303,2025072404003681,UNHPL,Dipshikha Dhitopatra Karobar Co. Pvt Ltd.,Naasa Securities Co. Ltd.,500,421.3,210650.0,2025-07-24 11:17:42.125545
2025-07-24,144302,2025072404003682,UNHPL,Linch Stock Market Ltd.,Naasa Securities Co. Ltd.,250,421.1,105275.0,2025-07-24 11:17:42.125598
2025-07-24,144301,2025072404003683,UNHPL,Midas Stock Broking Company Private Limited,Naasa Securities Co. Ltd.,10,421.0,4210.0,2025-07-24 11:17:42.125644
2025-07-24,144269,2025072404003702,UNHPL,Trisul Securities & Invt. Ltd.,Naasa Securities Co. Ltd.,50,421.0,21050.0,2025-07-24 11:17:44.928402
2025-07-24,143824,2025072404003852,UNHPL,Dipshikha Dhitopatra Karobar Co. Pvt Ltd.,Naasa Securities Co. Ltd.,200,419.5,83900.0,2025-07-24 11:18:29.735294
2025-07-24,143823,2025072404003853,UNHPL,Bhrikuti Stock Broking Co. Pvt. Ltd.,Naasa Securities Co. Ltd.,300,419.3,125790.0,2025-07-24 11:18:29.735481
2025-07-24,143101,2025072404004068,UNHPL,Imperial Securities Company Pvt. Ltd.,Naasa Securities Co. Ltd.,200,419.4,83880.0,2025-07-24 11:19:35.011026
2025-07-24,143100,2025072404004069,UNHPL,Bhrikuti Stock Broking Co. Pvt. Ltd.,Naasa Securities Co. Ltd.,600,419.3,251580.0,2025-07-24 11:19:35.011152
2025-07-24,142638,2025072404004215,UNHPL,Bhrikuti Stock Broking Co. Pvt. Ltd.,Agrawal Securities (PVT) Ltd.,100,419.3,41930.0,2025-07-24 11:20:26.665573
2025-07-24,141945,2025072404004378,UNHPL,Kumari Securities Private Limited,Dipshikha Dhitopatra Karobar Co. Pvt Ltd.,20,419.0,8380.0,2025-07-24 11:21:26.061151
2025-07-24,141944,2025072404004379,UNHPL,SUN SECURITIES PVT LTD,Dipshikha Dhitopatra Karobar Co. Pvt Ltd.,480,418.1,200688.0,2025-07-24 11:21:26.061238
2025-07-24,141071,2025072404004657,UNHPL,Dakshinkali Investment & Securities Pvt. Ltd.,Sumeru Securities Pvt. Ltd.,300,418.1,125430.0,2025-07-24 11:22:41.543710
2025-07-24,140056,2025072404004946,UNHPL,Dakshinkali Investment & Securities Pvt. Ltd.,Naasa Securities Co. Ltd.,60,418.3,25098.0,2025-07-24 11:24:14.663310
2025-07-24,140055,2025072404004947,UNHPL,Online Securities Pvt. Ltd.,Naasa Securities Co. Ltd.,940,418.3,393202.0,2025-07-24 11:24:14.663575
2025-07-24,139875,2025072404004996,UNHPL,Trisul Securities & Invt. Ltd.,Siprabi Securities Pvt. Ltd.,200,419.0,83800.0,2025-07-24 11:24:31.735632
2025-07-24,139265,2025072404005236,UNHPL,Sani Securities Company Ltd.,Primo Securities (PVT) Ltd.,310,420.0,130200.0,2025-07-24 11:25:27.628246
2025-07-24,139264,2025072404005237,UNHPL,Sani Securities Company Ltd.,Prabhu Stock Market Limited,20,420.0,8400.0,2025-07-24 11:25:27.628515
2025-07-24,138650,2025072404005434,UNHPL,Trisul Securities & Invt. Ltd.,Sumeru Securities Pvt. Ltd.,400,422.9,169160.0,2025-07-24 11:26:19.068110
2025-07-24,138649,2025072404005435,UNHPL,Trisul Securities & Invt. Ltd.,SHUBHAKAMANA SECURITIES PVT. LTD,155,423.0,65565.0,2025-07-24 11:26:19.068263
2025-07-24,138498,2025072404005510,UNHPL,Trisul Securities & Invt. Ltd.,SHUBHAKAMANA SECURITIES PVT. LTD,95,423.0,40185.0,2025-07-24 11:26:33.429088
2025-07-24,138142,2025072404005631,UNHPL,Sani Securities Company Ltd.,Sumeru Securities Pvt. Ltd.,200,423.9,84780.0,2025-07-24 11:27:03.728308
2025-07-24,135833,2025072404006564,UNHPL,Himalayan Brokerage Company Limited,Sani Securities Company Ltd.,100,421.0,42100.0,2025-07-24 11:30:00.139152
2025-07-24,135832,2025072404006565,UNHPL,Himalayan Brokerage Company Limited,Sumeru Securities Pvt. Ltd.,400,422.9,169160.0,2025-07-24 11:30:00.139332
2025-07-24,133414,2025072404007534,UNHPL,Sani Securities Company Ltd.,Sumeru Securities Pvt. Ltd.,25,422.9,10572.5,2025-07-24 11:33:11.984784
2025-07-24,132877,2025072404007811,UNHPL,SUN SECURITIES PVT LTD,Naasa Securities Co. Ltd.,10,420.2,4202.0,2025-07-24 11:33:52.386443
2025-07-24,132379,2025072404007983,UNHPL,SUN SECURITIES PVT LTD,Naasa Securities Co. Ltd.,10,420.2,4202.0,2025-07-24 11:34:36.225473
2025-07-24,132378,2025072404007984,UNHPL,Naasa Securities Co. Ltd.,Naasa Securities Co. Ltd.,500,420.1,210050.0,2025-07-24 11:34:36.225610
2025-07-24,132377,2025072404007985,UNHPL,Secured Securities Ltd.,Naasa Securities Co. Ltd.,490,420.1,205849.0,2025-07-24 11:34:36.225668
2025-07-24,131981,2025072404008147,UNHPL,Secured Securities Ltd.,Opal Securities Investment (PVT) Ltd.,10,420.1,4201.0,2025-07-24 11:35:12.019170
2025-07-24,131980,2025072404008148,UNHPL,Sani Securities Company Ltd.,Opal Securities Investment (PVT) Ltd.,90,420.0,37800.0,2025-07-24 11:35:12.019443
2025-07-24,131850,2025072404008194,UNHPL,Sani Securities Company Ltd.,Sumeru Securities Pvt. Ltd.,80,420.0,33600.0,2025-07-24 11:35:24.814475
2025-07-24,131849,2025072404008195,UNHPL,Arun Securities (PVT) Ltd.,Sumeru Securities Pvt. Ltd.,140,420.0,58800.0,2025-07-24 11:35:24.814664
2025-07-24,131822,2025072404008202,UNHPL,Sumeru Securities Pvt. Ltd.,Sumeru Securities Pvt. Ltd.,155,420.0,65100.0,2025-07-24 11:35:26.588712
2025-07-24,131804,2025072404008207,UNHPL,Malla & Malla Stock Broking Company Pvt. Limited,Sumeru Securities Pvt. Ltd.,1000,420.0,420000.0,2025-07-24 11:35:29.081772
2025-07-24,131778,2025072404008221,UNHPL,Sani Securities Company Ltd.,SUN SECURITIES PVT LTD,2500,419.2,1048000.0,2025-07-24 11:35:32.009503
2025-07-24,131777,2025072404008222,UNHPL,Naasa Securities Co. Ltd.,SUN SECURITIES PVT LTD,1999,419.2,837980.8,2025-07-24 11:35:32.009618
2025-07-24,131502,2025072404008374,UNHPL,Siprabi Securities Pvt. Ltd.,Sumeru Securities Pvt. Ltd.,615,420.0,258300.0,2025-07-24 11:35:56.260871
2025-07-24,131285,2025072404008490,UNHPL,Trisul Securities & Invt. Ltd.,Blue Chip Securities Ltd,615,420.1,258361.5,2025-07-24 11:36:11.340653
2025-07-24,131284,2025072404008491,UNHPL,Siprabi Securities Pvt. Ltd.,Blue Chip Securities Ltd,85,420.0,35700.0,2025-07-24 11:36:11.340816
2025-07-24,131283,2025072404008492,UNHPL,Bhrikuti Stock Broking Co. Pvt. Ltd.,Blue Chip Securities Ltd,300,419.1,125730.0,2025-07-24 11:36:11.340878
2025-07-24,131098,2025072404008562,UNHPL,Naasa Securities Co. Ltd.,Deevyaa Securities & Stock House Pvt. Ltd,20,419.2,8384.0,2025-07-24 11:36:29.739736
2025-07-24,130424,2025072404008816,UNHPL,Vision Securities Pvt. Ltd,Stoxkarts Securities Limited,500,419.3,209650.0,2025-07-24 11:37:26.164379
2025-07-24,130423,2025072404008817,UNHPL,Naasa Securities Co. Ltd.,Stoxkarts Securities Limited,980,419.2,410816.0,2025-07-24 11:37:26.164709
2025-07-24,130422,2025072404008818,UNHPL,Bhrikuti Stock Broking Co. Pvt. Ltd.,Stoxkarts Securities Limited,700,419.1,293370.0,2025-07-24 11:37:26.164908
2025-07-24,130421,2025072404008819,UNHPL,Trisul Securities & Invt. Ltd.,Stoxkarts Securities Limited,1000,419.1,419100.0,2025-07-24 11:37:26.165095
2025-07-24,130420,2025072404008820,UNHPL,Trisul Securities & Invt. Ltd.,Stoxkarts Securities Limited,355,419.0,148745.0,2025-07-24 11:37:26.165279
2025-07-24,130419,2025072404008821,UNHPL,Online Securities Pvt. Ltd.,Stoxkarts Securities Limited,1465,419.0,613835.0,2025-07-24 11:37:26.165487
2025-07-24,130209,2025072404008937,UNHPL,Kumari Securities Private Limited,Sri Hari Securities Pvt. Ltd.,800,419.5,335600.0,2025-07-24 11:37:44.378951
2025-07-24,130208,2025072404008938,UNHPL,Online Securities Pvt. Ltd.,Sri Hari Securities Pvt. Ltd.,2200,419.0,921800.0,2025-07-24 11:37:44.379211
2025-07-24,129840,2025072404009105,UNHPL,Indira securities pvt. ltd,Sri Hari Securities Pvt. Ltd.,500,420.0,210000.0,2025-07-24 11:38:12.125391
2025-07-24,129642,2025072404009197,UNHPL,Indira securities pvt. ltd,Stoxkarts Securities Limited,250,420.0,105000.0,2025-07-24 11:38:32.049914
2025-07-24,129641,2025072404009198,UNHPL,Naasa Securities Co. Ltd.,Stoxkarts Securities Limited,1000,419.1,419100.0,2025-07-24 11:38:32.050025
2025-07-24,129640,2025072404009199,UNHPL,Online Securities Pvt. Ltd.,Stoxkarts Securities Limited,250,419.0,104750.0,2025-07-24 11:38:32.050090
2025-07-24,128485,2025072404009650,UNHPL,Asian Securities Private Ltd.,Sri Hari Securities Pvt. Ltd.,500,420.0,210000.0,2025-07-24 11:39:51.119199
2025-07-24,128407,2025072404009671,UNHPL,Vision Securities Pvt. Ltd,Capital Max Securities Ltd,300,421.0,126300.0,2025-07-24 11:39:59.688386
2025-07-24,126423,2025072404010409,UNHPL,Agrawal Securities (PVT) Ltd.,Secured Securities Ltd.,100,421.5,42150.0,2025-07-24 11:42:50.970601
2025-07-24,125849,2025072404010617,UNHPL,Agrawal Securities (PVT) Ltd.,KALASH STOCK MARKET PVT. LTD.,200,420.2,84040.0,2025-07-24 11:43:52.575692
2025-07-24,125848,2025072404010618,UNHPL,Roadshow securities limited,KALASH STOCK MARKET PVT. LTD.,200,420.1,84020.0,2025-07-24 11:43:52.575731
2025-07-24,125847,2025072404010619,UNHPL,Asian Securities Private Ltd.,KALASH STOCK MARKET PVT. LTD.,270,420.0,113400.0,2025-07-24 11:43:52.575757
2025-07-24,125846,2025072404010620,UNHPL,J.F. Securites (PVT) Ltd.,KALASH STOCK MARKET PVT. LTD.,60,420.0,25200.0,2025-07-24 11:43:52.575780
2025-07-24,125845,2025072404010621,UNHPL,Asian Securities Private Ltd.,KALASH STOCK MARKET PVT. LTD.,270,420.0,113400.0,2025-07-24 11:43:52.575803
2025-07-24,125413,2025072404010766,UNHPL,Linch Stock Market Ltd.,Online Securities Pvt. Ltd.,50,421.0,21050.0,2025-07-24 11:44:32.315902
2025-07-24,125336,2025072404010788,UNHPL,Trademow Securities Private Limited,Secured Securities Ltd.,300,421.5,126450.0,2025-07-24 11:44:42.860563
2025-07-24,124531,2025072404011094,UNHPL,Sagarmatha Securities Private Limited,Trisul Securities & Invt. Ltd.,100,421.1,42110.0,2025-07-24 11:45:49.058477
2025-07-24,124134,2025072404011255,UNHPL,Sagarmatha Securities Private Limited,SUN SECURITIES PVT LTD,100,421.1,42110.0,2025-07-24 11:46:28.703609
2025-07-24,124030,2025072404011289,UNHPL,Sagarmatha Securities Private Limited,Sani Securities Company Ltd.,300,421.1,126330.0,2025-07-24 11:46:41.267403
2025-07-24,124029,2025072404011290,UNHPL,Linch Stock Market Ltd.,Sani Securities Company Ltd.,700,421.0,294700.0,2025-07-24 11:46:41.267610
2025-07-24,123420,2025072404011504,UNHPL,Thrive Brokerage House Pvt. Ltd,SUN SECURITIES PVT LTD,1500,421.2,631800.0,2025-07-24 11:47:39.077495
2025-07-24,123419,2025072404011505,UNHPL,Linch Stock Market Ltd.,SUN SECURITIES PVT LTD,1250,421.0,526250.0,2025-07-24 11:47:39.077816
2025-07-24,123074,2025072404011606,UNHPL,Kumari Securities Private Limited,SUN SECURITIES PVT LTD,20,421.0,8420.0,2025-07-24 11:48:15.458481
2025-07-24,122486,2025072404011781,UNHPL,Thrive Brokerage House Pvt. Ltd,Dakshinkali Investment & Securities Pvt. Ltd.,100,420.2,42020.0,2025-07-24 11:49:17.340237
2025-07-24,122024,2025072404011917,UNHPL,Opal Securities Investment (PVT) Ltd.,SUN SECURITIES PVT LTD,100,421.0,42100.0,2025-07-24 11:50:12.926473
2025-07-24,121885,2025072404011945,UNHPL,Thrive Brokerage House Pvt. Ltd,Sumeru Securities Pvt. Ltd.,400,420.2,168080.0,2025-07-24 11:50:27.642987
2025-07-24,121884,2025072404011946,UNHPL,Dakshinkali Investment & Securities Pvt. Ltd.,Sumeru Securities Pvt. Ltd.,50,420.2,21010.0,2025-07-24 11:50:27.643040
2025-07-24,121883,2025072404011947,UNHPL,Roadshow securities limited,Sumeru Securities Pvt. Ltd.,200,420.1,84020.0,2025-07-24 11:50:27.643072
2025-07-24,121882,2025072404011948,UNHPL,Asian Securities Private Ltd.,Sumeru Securities Pvt. Ltd.,30,420.0,12600.0,2025-07-24 11:50:27.643124
2025-07-24,121881,2025072404011949,UNHPL,Trishakti Securities Public Limited,Sumeru Securities Pvt. Ltd.,200,420.0,84000.0,2025-07-24 11:50:27.643156
2025-07-24,121880,2025072404011950,UNHPL,Vision Securities Pvt. Ltd,Sumeru Securities Pvt. Ltd.,1000,420.0,420000.0,2025-07-24 11:50:27.643183
2025-07-24,121879,2025072404011951,UNHPL,Kohinoor Investment & Securities Pvt. Ltd.,Sumeru Securities Pvt. Ltd.,100,419.0,41900.0,2025-07-24 11:50:27.643215
2025-07-24,121878,2025072404011952,UNHPL,Online Securities Pvt. Ltd.,Sumeru Securities Pvt. Ltd.,150,419.0,62850.0,2025-07-24 11:50:27.643247
2025-07-24,121877,2025072404011953,UNHPL,Thrive Brokerage House Pvt. Ltd,Sumeru Securities Pvt. Ltd.,200,419.0,83800.0,2025-07-24 11:50:27.643291
2025-07-24,121876,2025072404011954,UNHPL,Shree Krishna Securities Ltd.,Sumeru Securities Pvt. Ltd.,200,419.0,83800.0,2025-07-24 11:50:27.643336
2025-07-24,121875,2025072404011955,UNHPL,Kohinoor Investment & Securities Pvt. Ltd.,Sumeru Securities Pvt. Ltd.,600,419.0,251400.0,2025-07-24 11:50:27.643359
2025-07-24,121874,2025072404011956,UNHPL,Sri Hari Securities Pvt. Ltd.,Sumeru Securities Pvt. Ltd.,50,419.0,20950.0,2025-07-24 11:50:27.643381
2025-07-24,121873,2025072404011957,UNHPL,Siprabi Securities Pvt. Ltd.,Sumeru Securities Pvt. Ltd.,500,418.3,209150.0,2025-07-24 11:50:27.643404
2025-07-24,121872,2025072404011958,UNHPL,Vision Securities Pvt. Ltd,Sumeru Securities Pvt. Ltd.,620,418.2,259284.0,2025-07-24 11:50:27.643428
2025-07-24,121673,2025072404012019,UNHPL,Oxford Securities Pvt. Ltd.,Naasa Securities Co. Ltd.,200,420.2,84040.0,2025-07-24 11:50:47.818077
2025-07-24,121672,2025072404012020,UNHPL,Vision Securities Pvt. Ltd,Naasa Securities Co. Ltd.,380,418.2,158916.0,2025-07-24 11:50:47.818251
2025-07-24,121671,2025072404012021,UNHPL,Sani Securities Company Ltd.,Naasa Securities Co. Ltd.,500,418.2,209100.0,2025-07-24 11:50:47.818334
2025-07-24,121670,2025072404012022,UNHPL,J.F. Securites (PVT) Ltd.,Naasa Securities Co. Ltd.,920,418.2,384744.0,2025-07-24 11:50:47.818397
2025-07-24,121639,2025072404012036,UNHPL,J.F. Securites (PVT) Ltd.,SHUBHAKAMANA SECURITIES PVT. LTD,80,418.2,33456.0,2025-07-24 11:50:51.800767
2025-07-24,121638,2025072404012037,UNHPL,Nepal Investment And Securities Trading Private Limited,SHUBHAKAMANA SECURITIES PVT. LTD,500,418.2,209100.0,2025-07-24 11:50:51.800795
2025-07-24,121637,2025072404012038,UNHPL,Bhrikuti Stock Broking Co. Pvt. Ltd.,SHUBHAKAMANA SECURITIES PVT. LTD,220,418.2,92004.0,2025-07-24 11:50:51.800816
2025-07-24,121426,2025072404012136,UNHPL,Bhrikuti Stock Broking Co. Pvt. Ltd.,Vision Securities Pvt. Ltd,75,418.2,31365.0,2025-07-24 11:51:15.791113
2025-07-24,120837,2025072404012342,UNHPL,Siprabi Securities Pvt. Ltd.,KALASH STOCK MARKET PVT. LTD.,500,419.0,209500.0,2025-07-24 11:52:24.741233
2025-07-24,120836,2025072404012343,UNHPL,Bhrikuti Stock Broking Co. Pvt. Ltd.,KALASH STOCK MARKET PVT. LTD.,705,418.2,294831.0,2025-07-24 11:52:24.741386
2025-07-24,120835,2025072404012344,UNHPL,Opal Securities Investment (PVT) Ltd.,KALASH STOCK MARKET PVT. LTD.,45,418.2,18819.0,2025-07-24 11:52:24.741463
2025-07-24,120834,2025072404012345,UNHPL,Kohinoor Investment & Securities Pvt. Ltd.,KALASH STOCK MARKET PVT. LTD.,72,418.2,30110.4,2025-07-24 11:52:24.741548
2025-07-24,120833,2025072404012346,UNHPL,Trisul Securities & Invt. Ltd.,KALASH STOCK MARKET PVT. LTD.,75,418.0,31350.0,2025-07-24 11:52:24.741644
2025-07-24,120832,2025072404012347,UNHPL,Magnet Securities and Investment Company Private Limited,KALASH STOCK MARKET PVT. LTD.,100,418.0,41800.0,2025-07-24 11:52:24.741710
2025-07-24,120776,2025072404012361,UNHPL,Imperial Securities Company Pvt. Ltd.,Online Securities Pvt. Ltd.,65,418.0,27170.0,2025-07-24 11:52:29.719606
2025-07-24,118314,2025072404013296,UNHPL,J.F. Securites (PVT) Ltd.,ABC Securities Private Limited,50,418.2,20910.0,2025-07-24 11:56:22.608354
2025-07-24,117098,2025072404013819,UNHPL,Sweta Securities Private Limited,Sumeru Securities Pvt. Ltd.,20,419.5,8390.0,2025-07-24 11:58:20.930368
2025-07-24,116972,2025072404013879,UNHPL,Linch Stock Market Ltd.,Sumeru Securities Pvt. Ltd.,90,419.1,37719.0,2025-07-24 11:58:31.048809
2025-07-24,116476,2025072404014075,UNHPL,Thrive Brokerage House Pvt. Ltd,Aryatara Investment & Securities,100,419.2,41920.0,2025-07-24 11:59:19.768499
2025-07-24,116475,2025072404014076,UNHPL,Thrive Brokerage House Pvt. Ltd,Miyo Securities Pvt Ltd,400,419.2,167680.0,2025-07-24 11:59:19.984012
2025-07-24,116474,2025072404014077,UNHPL,Linch Stock Market Ltd.,Miyo Securities Pvt Ltd,10,419.1,4191.0,2025-07-24 11:59:19.984189
2025-07-24,116473,2025072404014078,UNHPL,Deevyaa Securities & Stock House Pvt. Ltd,Miyo Securities Pvt Ltd,1000,419.1,419100.0,2025-07-24 11:59:19.984266
2025-07-24,116472,2025072404014079,UNHPL,Nepal Investment And Securities Trading Private Limited,Miyo Securities Pvt Ltd,590,419.0,247210.0,2025-07-24 11:59:19.984341
2025-07-24,116270,2025072404014156,UNHPL,Nepal Investment And Securities Trading Private Limited,Sri Hari Securities Pvt. Ltd.,4410,419.0,1847790.0,2025-07-24 11:59:36.707575
2025-07-24,115108,2025072404014601,UNHPL,Thrive Brokerage House Pvt. Ltd,Sharepro Securities Private Limited,1000,418.5,418500.0,2025-07-24 12:01:31.924882
2025-07-24,115107,2025072404014602,UNHPL,Aryatara Investment & Securities,Sharepro Securities Private Limited,500,418.4,209200.0,2025-07-24 12:01:31.925081
2025-07-24,115014,2025072404014633,UNHPL,Kohinoor Investment & Securities Pvt. Ltd.,Naasa Securities Co. Ltd.,50,419.5,20975.0,2025-07-24 12:01:42.771059
2025-07-24,114656,2025072404014769,UNHPL,Cristal Kanchanjanga Securites Pvt. Ltd.,Sharepro Securities Private Limited,100,419.0,41900.0,2025-07-24 12:02:28.551183
2025-07-24,114655,2025072404014770,UNHPL,Dakshinkali Investment & Securities Pvt. Ltd.,Sharepro Securities Private Limited,50,418.6,20930.0,2025-07-24 12:02:28.551419
2025-07-24,114654,2025072404014771,UNHPL,Shree Krishna Securities Ltd.,Sharepro Securities Private Limited,350,418.5,146475.0,2025-07-24 12:02:28.551506
2025-07-24,114391,2025072404014883,UNHPL,Online Securities Pvt. Ltd.,Miyo Securities Pvt Ltd,500,420.9,210450.0,2025-07-24 12:02:54.613327
2025-07-24,114379,2025072404014886,UNHPL,Kohinoor Investment & Securities Pvt. Ltd.,Naasa Securities Co. Ltd.,123,420.9,51770.7,2025-07-24 12:02:55.816421
2025-07-24,114092,2025072404014995,UNHPL,Nepal Stock House (PVT) Ltd.,SUN SECURITIES PVT LTD,130,421.0,54730.0,2025-07-24 12:03:27.009577
2025-07-24,114091,2025072404014996,UNHPL,Nepal Stock House (PVT) Ltd.,SUN SECURITIES PVT LTD,170,421.0,71570.0,2025-07-24 12:03:27.009779
2025-07-24,114052,2025072404015007,UNHPL,Dakshinkali Investment & Securities Pvt. Ltd.,SUN SECURITIES PVT LTD,130,421.0,54730.0,2025-07-24 12:03:31.137408
2025-07-24,112663,2025072404015584,UNHPL,ABC Securities Private Limited,Dipshikha Dhitopatra Karobar Co. Pvt Ltd.,50,422.0,21100.0,2025-07-24 12:05:28.936154
2025-07-24,112662,2025072404015585,UNHPL,ABC Securities Private Limited,Capital Max Securities Ltd,100,422.8,42280.0,2025-07-24 12:05:28.936345
2025-07-24,112661,2025072404015586,UNHPL,ABC Securities Private Limited,Sumeru Securities Pvt. Ltd.,250,422.9,105725.0,2025-07-24 12:05:28.936420
2025-07-24,112474,2025072404015691,UNHPL,Trishakti Securities Public Limited,Sumeru Securities Pvt. Ltd.,325,422.9,137442.5,2025-07-24 12:05:42.518173
2025-07-24,112473,2025072404015692,UNHPL,Trishakti Securities Public Limited,Naasa Securities Co. Ltd.,175,423.0,74025.0,2025-07-24 12:05:42.518273
2025-07-24,112430,2025072404015732,UNHPL,Dakshinkali Investment & Securities Pvt. Ltd.,Naasa Securities Co. Ltd.,25,423.0,10575.0,2025-07-24 12:05:43.699839
2025-07-24,112121,2025072404015890,UNHPL,Nepal Investment And Securities Trading Private Limited,Sumeru Securities Pvt. Ltd.,300,423.9,127170.0,2025-07-24 12:06:03.933428
2025-07-24,112120,2025072404015891,UNHPL,Nepal Investment And Securities Trading Private Limited,Capital Max Securities Ltd,510,424.0,216240.0,2025-07-24 12:06:03.933476
2025-07-24,112119,2025072404015892,UNHPL,Nepal Investment And Securities Trading Private Limited,South Asian Bulls Pvt. Ltd.,30,424.9,12747.0,2025-07-24 12:06:03.933508
2025-07-24,112118,2025072404015893,UNHPL,Nepal Investment And Securities Trading Private Limited,KALASH STOCK MARKET PVT. LTD.,500,424.9,212450.0,2025-07-24 12:06:03.933539
2025-07-24,112117,2025072404015894,UNHPL,Nepal Investment And Securities Trading Private Limited,Sani Securities Company Ltd.,77,425.0,32725.0,2025-07-24 12:06:03.933566
2025-07-24,112116,2025072404015895,UNHPL,Nepal Investment And Securities Trading Private Limited,Sri Hari Securities Pvt. Ltd.,1000,425.0,425000.0,2025-07-24 12:06:03.933598
2025-07-24,112115,2025072404015896,UNHPL,Nepal Investment And Securities Trading Private Limited,Imperial Securities Company Pvt. Ltd.,50,425.0,21250.0,2025-07-24 12:06:03.933626
2025-07-24,112114,2025072404015897,UNHPL,Nepal Investment And Securities Trading Private Limited,Cristal Kanchanjanga Securites Pvt. Ltd.,500,425.0,212500.0,2025-07-24 12:06:03.933661
2025-07-24,112113,2025072404015898,UNHPL,Nepal Investment And Securities Trading Private Limited,Dakshinkali Investment & Securities Pvt. Ltd.,33,425.0,14025.0,2025-07-24 12:06:03.933688
2025-07-24,112038,2025072404015948,UNHPL,Midas Stock Broking Company Private Limited,Global IME Securities Limited,700,424.0,296800.0,2025-07-24 12:06:12.466830
2025-07-24,112029,2025072404015950,UNHPL,Nepal Investment And Securities Trading Private Limited,Global IME Securities Limited,300,424.0,127200.0,2025-07-24 12:06:13.145663
2025-07-24,112028,2025072404015951,UNHPL,Nepal Investment And Securities Trading Private Limited,Dakshinkali Investment & Securities Pvt. Ltd.,167,425.0,70975.0,2025-07-24 12:06:13.145769
2025-07-24,112027,2025072404015952,UNHPL,Nepal Investment And Securities Trading Private Limited,Naasa Securities Co. Ltd.,75,425.0,31875.0,2025-07-24 12:06:13.145863
2025-07-24,112026,2025072404015953,UNHPL,Nepal Investment And Securities Trading Private Limited,SHUBHAKAMANA SECURITIES PVT. LTD,500,425.0,212500.0,2025-07-24 12:06:13.145938
2025-07-24,112025,2025072404015954,UNHPL,Nepal Investment And Securities Trading Private Limited,Naasa Securities Co. Ltd.,20,425.0,8500.0,2025-07-24 12:06:13.146047
2025-07-24,112024,2025072404015955,UNHPL,Nepal Investment And Securities Trading Private Limited,KALASH STOCK MARKET PVT. LTD.,500,425.2,212600.0,2025-07-24 12:06:13.146147
2025-07-24,112023,2025072404015956,UNHPL,Nepal Investment And Securities Trading Private Limited,Nabil Stock Dealer Ltd.,200,425.2,85040.0,2025-07-24 12:06:13.146226
2025-07-24,112022,2025072404015957,UNHPL,Nepal Investment And Securities Trading Private Limited,Thrive Brokerage House Pvt. Ltd,200,426.0,85200.0,2025-07-24 12:06:13.146301
2025-07-24,112021,2025072404015958,UNHPL,Nepal Investment And Securities Trading Private Limited,Ashutosh Brokerage & Securities (PVT) Ltd.,100,426.0,42600.0,2025-07-24 12:06:13.146416
2025-07-24,112020,2025072404015959,UNHPL,Nepal Investment And Securities Trading Private Limited,KALASH STOCK MARKET PVT. LTD.,250,426.3,106575.0,2025-07-24 12:06:13.146492
2025-07-24,112019,2025072404015960,UNHPL,Nepal Investment And Securities Trading Private Limited,Aryatara Investment & Securities,50,426.3,21315.0,2025-07-24 12:06:13.146563
2025-07-24,112018,2025072404015961,UNHPL,Nepal Investment And Securities Trading Private Limited,Thrive Brokerage House Pvt. Ltd,35,427.0,14945.0,2025-07-24 12:06:13.146629
2025-07-24,112017,2025072404015962,UNHPL,Nepal Investment And Securities Trading Private Limited,KALASH STOCK MARKET PVT. LTD.,603,427.0,257481.0,2025-07-24 12:06:13.146752
2025-07-24,110366,2025072404016766,UNHPL,Sani Securities Company Ltd.,Market Securities & Exchange (PVT) Ltd.,500,425.0,212500.0,2025-07-24 12:08:55.647212
2025-07-24,109669,2025072404017033,UNHPL,Investment Management Nepal Pvt. Ltd.,Miyo Securities Pvt Ltd,100,425.9,42590.0,2025-07-24 12:10:11.427891
2025-07-24,109342,2025072404017138,UNHPL,Kalika Securities Pvt. Ltd.,Capital Max Securities Ltd,200,425.0,85000.0,2025-07-24 12:10:43.168266
2025-07-24,109182,2025072404017205,UNHPL,Kalika Securities Pvt. Ltd.,Sweta Securities Private Limited,14,425.0,5950.0,2025-07-24 12:10:55.856571
2025-07-24,109056,2025072404017252,UNHPL,Midas Stock Broking Company Private Limited,Sri Hari Securities Pvt. Ltd.,300,424.1,127230.0,2025-07-24 12:11:10.779742
2025-07-24,109017,2025072404017272,UNHPL,Stoxkarts Securities Limited,Sri Hari Securities Pvt. Ltd.,1100,424.0,466400.0,2025-07-24 12:11:15.910884
2025-07-24,108953,2025072404017292,UNHPL,Ashutosh Brokerage & Securities (PVT) Ltd.,Sweta Securities Private Limited,86,425.0,36550.0,2025-07-24 12:11:21.563608
2025-07-24,108809,2025072404017344,UNHPL,Midas Stock Broking Company Private Limited,Capital Max Securities Ltd,100,426.0,42600.0,2025-07-24 12:11:29.182414
2025-07-24,108808,2025072404017345,UNHPL,Midas Stock Broking Company Private Limited,Vision Securities Pvt. Ltd,50,426.0,21300.0,2025-07-24 12:11:29.182617
2025-07-24,108807,2025072404017346,UNHPL,Midas Stock Broking Company Private Limited,Deevyaa Securities & Stock House Pvt. Ltd,150,426.0,63900.0,2025-07-24 12:11:29.182695
2025-07-24,108630,2025072404017397,UNHPL,Capital Max Securities Ltd,Deevyaa Securities & Stock House Pvt. Ltd,1350,426.0,575100.0,2025-07-24 12:11:41.417666
2025-07-24,108378,2025072404017515,UNHPL,Capital Max Securities Ltd,Market Securities & Exchange (PVT) Ltd.,300,426.0,127800.0,2025-07-24 12:12:11.479635
2025-07-24,108304,2025072404017545,UNHPL,Ashutosh Brokerage & Securities (PVT) Ltd.,Naasa Securities Co. Ltd.,414,426.7,176653.8,2025-07-24 12:12:19.681675
2025-07-24,108075,2025072404017685,UNHPL,ABC Securities Private Limited,Naasa Securities Co. Ltd.,446,426.7,190308.2,2025-07-24 12:12:45.388725
2025-07-24,108074,2025072404017686,UNHPL,ABC Securities Private Limited,Himalayan Securities Limited,554,426.9,236502.6,2025-07-24 12:12:45.389084
2025-07-24,107881,2025072404017741,UNHPL,Capital Max Securities Ltd,Sani Securities Company Ltd.,350,426.0,149100.0,2025-07-24 12:12:59.543635
2025-07-24,107645,2025072404017847,UNHPL,Sani Securities Company Ltd.,Sani Securities Company Ltd.,150,426.0,63900.0,2025-07-24 12:13:25.288249
2025-07-24,107622,2025072404017858,UNHPL,Sani Securities Company Ltd.,Imperial Securities Company Pvt. Ltd.,150,426.0,63900.0,2025-07-24 12:13:27.563943
2025-07-24,107621,2025072404017859,UNHPL,Shree Krishna Securities Ltd.,Imperial Securities Company Pvt. Ltd.,70,425.0,29750.0,2025-07-24 12:13:27.564146
2025-07-24,107620,2025072404017860,UNHPL,Sani Securities Company Ltd.,Imperial Securities Company Pvt. Ltd.,280,425.0,119000.0,2025-07-24 12:13:27.564231
2025-07-24,107578,2025072404017875,UNHPL,ABC Securities Private Limited,Naasa Securities Co. Ltd.,500,426.6,213300.0,2025-07-24 12:13:34.739804
2025-07-24,107577,2025072404017876,UNHPL,ABC Securities Private Limited,Himalayan Securities Limited,446,426.9,190397.4,2025-07-24 12:13:34.740002
2025-07-24,107576,2025072404017877,UNHPL,ABC Securities Private Limited,KALASH STOCK MARKET PVT. LTD.,397,427.0,169519.0,2025-07-24 12:13:34.740087
2025-07-24,107575,2025072404017878,UNHPL,ABC Securities Private Limited,Miyo Securities Pvt Ltd,12,427.0,5124.0,2025-07-24 12:13:34.740152
2025-07-24,107574,2025072404017879,UNHPL,ABC Securities Private Limited,Naasa Securities Co. Ltd.,64,427.0,27328.0,2025-07-24 12:13:34.740225
2025-07-24,107573,2025072404017880,UNHPL,ABC Securities Private Limited,Capital Max Securities Ltd,100,427.0,42700.0,2025-07-24 12:13:34.740293
2025-07-24,107572,2025072404017881,UNHPL,ABC Securities Private Limited,KALASH STOCK MARKET PVT. LTD.,481,427.7,205723.7,2025-07-24 12:13:34.740375
2025-07-24,107296,2025072404018009,UNHPL,Sani Securities Company Ltd.,Himalayan Brokerage Company Limited,500,425.0,212500.0,2025-07-24 12:14:11.711218
2025-07-24,107111,2025072404018059,UNHPL,Nepal Investment And Securities Trading Private Limited,Sani Securities Company Ltd.,1000,426.0,426000.0,2025-07-24 12:14:33.901276
2025-07-24,107086,2025072404018063,UNHPL,Sani Securities Company Ltd.,Market Securities & Exchange (PVT) Ltd.,300,426.9,128070.0,2025-07-24 12:14:35.749544
2025-07-24,107085,2025072404018064,UNHPL,Sani Securities Company Ltd.,Nepal Stock House (PVT) Ltd.,50,427.0,21350.0,2025-07-24 12:14:35.749747
2025-07-24,107084,2025072404018065,UNHPL,Sani Securities Company Ltd.,Miyo Securities Pvt Ltd,100,427.0,42700.0,2025-07-24 12:14:35.749819
2025-07-24,106910,2025072404018138,UNHPL,Nepal Investment And Securities Trading Private Limited,KALASH STOCK MARKET PVT. LTD.,19,427.7,8126.3,2025-07-24 12:14:57.731373
2025-07-24,106909,2025072404018139,UNHPL,Nepal Investment And Securities Trading Private Limited,Premier Securities Company Ltd.,500,427.8,213900.0,2025-07-24 12:14:57.731731
2025-07-24,106908,2025072404018140,UNHPL,Nepal Investment And Securities Trading Private Limited,KALASH STOCK MARKET PVT. LTD.,500,427.9,213950.0,2025-07-24 12:14:57.731948
2025-07-24,106907,2025072404018141,UNHPL,Nepal Investment And Securities Trading Private Limited,Capital Max Securities Ltd,100,428.0,42800.0,2025-07-24 12:14:57.732154
2025-07-24,106906,2025072404018142,UNHPL,Nepal Investment And Securities Trading Private Limited,Deevyaa Securities & Stock House Pvt. Ltd,500,428.0,214000.0,2025-07-24 12:14:57.732374
2025-07-24,106905,2025072404018143,UNHPL,Nepal Investment And Securities Trading Private Limited,Vision Securities Pvt. Ltd,180,428.0,77040.0,2025-07-24 12:14:57.732580
2025-07-24,106904,2025072404018144,UNHPL,Nepal Investment And Securities Trading Private Limited,Nepal Investment And Securities Trading Private Limited,45,428.0,19260.0,2025-07-24 12:14:57.732765
2025-07-24,106903,2025072404018145,UNHPL,Nepal Investment And Securities Trading Private Limited,Naasa Securities Co. Ltd.,890,428.0,380920.0,2025-07-24 12:14:57.732964
2025-07-24,106820,2025072404018161,UNHPL,Siprabi Securities Pvt. Ltd.,KALASH STOCK MARKET PVT. LTD.,46,428.5,19711.0,2025-07-24 12:15:08.568173
2025-07-24,106748,2025072404018189,UNHPL,Aryatara Investment & Securities,KALASH STOCK MARKET PVT. LTD.,454,428.5,194539.0,2025-07-24 12:15:17.356265
2025-07-24,106747,2025072404018190,UNHPL,Aryatara Investment & Securities,KALASH STOCK MARKET PVT. LTD.,46,428.6,19715.6,2025-07-24 12:15:17.356646
2025-07-24,106676,2025072404018214,UNHPL,Investment Management Nepal Pvt. Ltd.,Capital Max Securities Ltd,80,428.5,34280.0,2025-07-24 12:15:25.823053
2025-07-24,106675,2025072404018215,UNHPL,Nepal Investment And Securities Trading Private Limited,Capital Max Securities Ltd,20,428.0,8560.0,2025-07-24 12:15:25.823279
2025-07-24,106673,2025072404018217,UNHPL,Siprabi Securities Pvt. Ltd.,KALASH STOCK MARKET PVT. LTD.,100,428.6,42860.0,2025-07-24 12:15:26.622636
2025-07-24,106647,2025072404018222,UNHPL,Shree Krishna Securities Ltd.,KALASH STOCK MARKET PVT. LTD.,354,428.6,151724.4,2025-07-24 12:15:27.759656
2025-07-24,106646,2025072404018223,UNHPL,Shree Krishna Securities Ltd.,Linch Stock Market Ltd.,50,428.6,21430.0,2025-07-24 12:15:27.759891
2025-07-24,106633,2025072404018231,UNHPL,Investment Management Nepal Pvt. Ltd.,KALASH STOCK MARKET PVT. LTD.,100,428.9,42890.0,2025-07-24 12:15:29.238240
2025-07-24,106606,2025072404018241,UNHPL,Sani Securities Company Ltd.,KALASH STOCK MARKET PVT. LTD.,400,428.9,171560.0,2025-07-24 12:15:34.961828
2025-07-24,106605,2025072404018242,UNHPL,Sani Securities Company Ltd.,SHUBHAKAMANA SECURITIES PVT. LTD,150,429.0,64350.0,2025-07-24 12:15:34.962162
2025-07-24,106144,2025072404018423,UNHPL,Shree Krishna Securities Ltd.,Sri Hari Securities Pvt. Ltd.,246,428.6,105435.6,2025-07-24 12:16:28.307363
2025-07-24,106143,2025072404018424,UNHPL,Nepal Investment And Securities Trading Private Limited,Sri Hari Securities Pvt. Ltd.,754,428.0,322712.0,2025-07-24 12:16:28.307563
2025-07-24,106113,2025072404018438,UNHPL,Nepal Investment And Securities Trading Private Limited,Online Securities Pvt. Ltd.,1004,428.0,429712.0,2025-07-24 12:16:32.588854
2025-07-24,106102,2025072404018440,UNHPL,Sani Securities Company Ltd.,South Asian Bulls Pvt. Ltd.,30,428.9,12867.0,2025-07-24 12:16:33.511964
2025-07-24,106101,2025072404018441,UNHPL,Sani Securities Company Ltd.,SHUBHAKAMANA SECURITIES PVT. LTD,350,429.0,150150.0,2025-07-24 12:16:33.512161
2025-07-24,106100,2025072404018442,UNHPL,Sani Securities Company Ltd.,Neev Securities Pvt. Ltd.,90,429.0,38610.0,2025-07-24 12:16:33.512237
2025-07-24,106075,2025072404018450,UNHPL,Nepal Investment And Securities Trading Private Limited,Naasa Securities Co. Ltd.,400,428.0,171200.0,2025-07-24 12:16:35.322351
2025-07-24,105825,2025072404018522,UNHPL,Nepal Investment And Securities Trading Private Limited,Kumari Securities Private Limited,80,428.0,34240.0,2025-07-24 12:16:55.062685
2025-07-24,105361,2025072404018674,UNHPL,ABC Securities Private Limited,Imperial Securities Company Pvt. Ltd.,100,428.9,42890.0,2025-07-24 12:17:41.530137
2025-07-24,105360,2025072404018675,UNHPL,ABC Securities Private Limited,Neev Securities Pvt. Ltd.,210,429.0,90090.0,2025-07-24 12:17:41.530342
2025-07-24,105359,2025072404018676,UNHPL,ABC Securities Private Limited,Dakshinkali Investment & Securities Pvt. Ltd.,500,429.0,214500.0,2025-07-24 12:17:41.530429
2025-07-24,105358,2025072404018677,UNHPL,ABC Securities Private Limited,Capital Max Securities Ltd,100,429.0,42900.0,2025-07-24 12:17:41.530508
2025-07-24,105357,2025072404018678,UNHPL,ABC Securities Private Limited,Kohinoor Investment & Securities Pvt. Ltd.,90,429.0,38610.0,2025-07-24 12:17:41.530591
2025-07-24,104936,2025072404018830,UNHPL,Aryatara Investment & Securities,Premier Securities Company Ltd.,250,428.9,107225.0,2025-07-24 12:18:39.865019
2025-07-24,104862,2025072404018863,UNHPL,Aryatara Investment & Securities,Citizens Share Broker Limited,160,429.0,68640.0,2025-07-24 12:18:48.638868
2025-07-24,104708,2025072404018883,UNHPL,Vision Securities Pvt. Ltd,Citizens Share Broker Limited,70,429.0,30030.0,2025-07-24 12:19:03.259193
2025-07-24,104707,2025072404018884,UNHPL,Vision Securities Pvt. Ltd,Kumari Securities Private Limited,20,429.0,8580.0,2025-07-24 12:19:03.259571
2025-07-24,104706,2025072404018885,UNHPL,Vision Securities Pvt. Ltd,Himalayan Securities Limited,910,429.3,390663.0,2025-07-24 12:19:03.259787
2025-07-24,104329,2025072404018991,UNHPL,Naasa Securities Co. Ltd.,Sri Hari Securities Pvt. Ltd.,34,428.0,14552.0,2025-07-24 12:19:44.643272
2025-07-24,104328,2025072404018992,UNHPL,Thrive Brokerage House Pvt. Ltd,Sri Hari Securities Pvt. Ltd.,465,428.0,199020.0,2025-07-24 12:19:44.643476
2025-07-24,104327,2025072404018993,UNHPL,Ashutosh Brokerage & Securities (PVT) Ltd.,Sri Hari Securities Pvt. Ltd.,500,428.0,214000.0,2025-07-24 12:19:44.643575
2025-07-24,104230,2025072404019035,UNHPL,Sani Securities Company Ltd.,Stoxkarts Securities Limited,200,429.0,85800.0,2025-07-24 12:19:57.269269
2025-07-24,104143,2025072404019074,UNHPL,Nepal Investment And Securities Trading Private Limited,Citizens Share Broker Limited,27,427.0,11529.0,2025-07-24 12:20:10.798914
2025-07-24,104121,2025072404019083,UNHPL,Elite Stock House Limited,Deevyaa Securities & Stock House Pvt. Ltd,500,428.0,214000.0,2025-07-24 12:20:14.124707
2025-07-24,103927,2025072404019147,UNHPL,Nepal Investment And Securities Trading Private Limited,Thrive Brokerage House Pvt. Ltd,330,427.0,140910.0,2025-07-24 12:20:26.629209
2025-07-24,103836,2025072404019188,UNHPL,Nepal Investment And Securities Trading Private Limited,Himalayan Brokerage Company Limited,500,427.0,213500.0,2025-07-24 12:20:35.441005
2025-07-24,103835,2025072404019189,UNHPL,Kumari Securities Private Limited,Cristal Kanchanjanga Securites Pvt. Ltd.,500,428.0,214000.0,2025-07-24 12:20:35.601639
2025-07-24,103834,2025072404019190,UNHPL,Kumari Securities Private Limited,Stoxkarts Securities Limited,2500,429.0,1072500.0,2025-07-24 12:20:35.601690
2025-07-24,103812,2025072404019195,UNHPL,Imperial Securities Company Pvt. Ltd.,Stoxkarts Securities Limited,300,429.0,128700.0,2025-07-24 12:20:38.895223
2025-07-24,103811,2025072404019196,UNHPL,Imperial Securities Company Pvt. Ltd.,Opal Securities Investment (PVT) Ltd.,50,429.0,21450.0,2025-07-24 12:20:38.895428
2025-07-24,103764,2025072404019215,UNHPL,Nepal Investment And Securities Trading Private Limited,Market Securities & Exchange (PVT) Ltd.,143,427.0,61061.0,2025-07-24 12:20:45.022609
2025-07-24,103742,2025072404019229,UNHPL,Nepal Stock House (PVT) Ltd.,Market Securities & Exchange (PVT) Ltd.,357,427.0,152439.0,2025-07-24 12:20:45.863479
2025-07-24,103632,2025072404019266,UNHPL,Nepal Stock House (PVT) Ltd.,Shree Krishna Securities Ltd.,143,428.0,61204.0,2025-07-24 12:20:57.894913
2025-07-24,103240,2025072404019422,UNHPL,Imperial Securities Company Pvt. Ltd.,Himalayan Brokerage Company Limited,50,425.0,21250.0,2025-07-24 12:21:39.784849
2025-07-24,103239,2025072404019423,UNHPL,Nepal Investment And Securities Trading Private Limited,Himalayan Brokerage Company Limited,440,425.0,187000.0,2025-07-24 12:21:39.785194
2025-07-24,103145,2025072404019475,UNHPL,Vision Securities Pvt. Ltd,Naasa Securities Co. Ltd.,5,418.0,2090.0,2025-07-24 12:21:52.737930
2025-07-24,102801,2025072404019686,UNHPL,Nepal Investment And Securities Trading Private Limited,Himalayan Brokerage Company Limited,10,425.0,4250.0,2025-07-24 12:22:17.785755
2025-07-24,102695,2025072404019729,UNHPL,Nepal Investment And Securities Trading Private Limited,Cristal Kanchanjanga Securites Pvt. Ltd.,490,425.0,208250.0,2025-07-24 12:22:30.367916
2025-07-24,102478,2025072404019827,UNHPL,Nepal Investment And Securities Trading Private Limited,Cristal Kanchanjanga Securites Pvt. Ltd.,10,425.0,4250.0,2025-07-24 12:22:55.032282
2025-07-24,102464,2025072404019830,UNHPL,Nepal Investment And Securities Trading Private Limited,Dakshinkali Investment & Securities Pvt. Ltd.,50,425.0,21250.0,2025-07-24 12:22:57.489851
2025-07-24,102441,2025072404019840,UNHPL,Linch Stock Market Ltd.,Dakshinkali Investment & Securities Pvt. Ltd.,10,425.0,4250.0,2025-07-24 12:23:00.188030
2025-07-24,102178,2025072404019918,UNHPL,Linch Stock Market Ltd.,KALASH STOCK MARKET PVT. LTD.,70,426.0,29820.0,2025-07-24 12:23:28.680757
2025-07-24,102177,2025072404019919,UNHPL,ABC Securities Private Limited,KALASH STOCK MARKET PVT. LTD.,930,425.0,395250.0,2025-07-24 12:23:28.680865
2025-07-24,102092,2025072404019933,UNHPL,ABC Securities Private Limited,Naasa Securities Co. Ltd.,70,425.0,29750.0,2025-07-24 12:23:33.623703
2025-07-24,102091,2025072404019934,UNHPL,Linch Stock Market Ltd.,Naasa Securities Co. Ltd.,425,425.0,180625.0,2025-07-24 12:23:33.623920
2025-07-24,101951,2025072404019969,UNHPL,Sumeru Securities Pvt. Ltd.,Naasa Securities Co. Ltd.,500,425.0,212500.0,2025-07-24 12:23:47.246487
2025-07-24,101765,2025072404020020,UNHPL,Deevyaa Securities & Stock House Pvt. Ltd,Kohinoor Investment & Securities Pvt. Ltd.,500,425.0,212500.0,2025-07-24 12:24:08.273367
2025-07-24,100766,2025072404020363,UNHPL,Midas Stock Broking Company Private Limited,Sani Securities Company Ltd.,150,425.5,63825.0,2025-07-24 12:25:56.516372
2025-07-24,100765,2025072404020364,UNHPL,Sumeru Securities Pvt. Ltd.,Sani Securities Company Ltd.,350,425.0,148750.0,2025-07-24 12:25:56.516465
2025-07-24,100273,2025072404020479,UNHPL,Sumeru Securities Pvt. Ltd.,KALASH STOCK MARKET PVT. LTD.,150,425.0,63750.0,2025-07-24 12:26:38.858306
2025-07-24,100272,2025072404020480,UNHPL,ABC Securities Private Limited,KALASH STOCK MARKET PVT. LTD.,10,425.0,4250.0,2025-07-24 12:26:38.858521
2025-07-24,100271,2025072404020481,UNHPL,SUN SECURITIES PVT LTD,KALASH STOCK MARKET PVT. LTD.,340,425.0,144500.0,2025-07-24 12:26:38.858649
2025-07-24,100204,2025072404020500,UNHPL,Sipla Securities Private Limited,Sani Securities Company Ltd.,500,426.0,213000.0,2025-07-24 12:26:47.799816
2025-07-24,100170,2025072404020510,UNHPL,Primo Securities (PVT) Ltd.,Sri Hari Securities Pvt. Ltd.,250,426.0,106500.0,2025-07-24 12:26:50.616070
2025-07-24,99622,2025072404020665,UNHPL,Sweta Securities Private Limited,Aryatara Investment & Securities,92,427.4,39320.8,2025-07-24 12:27:51.437923
2025-07-24,99608,2025072404020673,UNHPL,Midas Stock Broking Company Private Limited,Online Securities Pvt. Ltd.,10,427.2,4272.0,2025-07-24 12:27:54.128790
2025-07-24,99457,2025072404020741,UNHPL,Asian Securities Private Ltd.,Dakshinkali Investment & Securities Pvt. Ltd.,140,427.5,59850.0,2025-07-24 12:28:17.125834
2025-07-24,99417,2025072404020752,UNHPL,Imperial Securities Company Pvt. Ltd.,Deevyaa Securities & Stock House Pvt. Ltd,500,428.0,214000.0,2025-07-24 12:28:24.299739
2025-07-24,99335,2025072404020769,UNHPL,Citizens Share Broker Limited,Secured Securities Ltd.,400,429.0,171600.0,2025-07-24 12:28:28.010618
2025-07-24,99238,2025072404020826,UNHPL,Asian Securities Private Ltd.,Cristal Kanchanjanga Securites Pvt. Ltd.,500,429.2,214600.0,2025-07-24 12:28:38.643929
2025-07-24,99205,2025072404020837,UNHPL,Citizens Share Broker Limited,Sani Securities Company Ltd.,500,429.3,214650.0,2025-07-24 12:28:42.827209
2025-07-24,99204,2025072404020838,UNHPL,Citizens Share Broker Limited,Citizens Share Broker Limited,100,429.4,42940.0,2025-07-24 12:28:42.827454
2025-07-24,99108,2025072404020862,UNHPL,Imperial Securities Company Pvt. Ltd.,Market Securities & Exchange (PVT) Ltd.,200,429.0,85800.0,2025-07-24 12:28:55.757804
2025-07-24,99050,2025072404020896,UNHPL,Aryatara Investment & Securities,Market Securities & Exchange (PVT) Ltd.,400,429.0,171600.0,2025-07-24 12:29:02.613623
2025-07-24,98920,2025072404020948,UNHPL,Aryatara Investment & Securities,Kumari Securities Private Limited,100,429.2,42920.0,2025-07-24 12:29:14.288923
2025-07-24,98772,2025072404021009,UNHPL,ABC Securities Private Limited,Citizens Share Broker Limited,82,429.4,35210.8,2025-07-24 12:29:32.243070
2025-07-24,98771,2025072404021010,UNHPL,ABC Securities Private Limited,Citizens Share Broker Limited,72,429.5,30924.0,2025-07-24 12:29:32.243280
2025-07-24,98770,2025072404021011,UNHPL,ABC Securities Private Limited,SHUBHAKAMANA SECURITIES PVT. LTD,500,429.5,214750.0,2025-07-24 12:29:32.243372
2025-07-24,98769,2025072404021012,UNHPL,ABC Securities Private Limited,Dipshikha Dhitopatra Karobar Co. Pvt Ltd.,500,429.9,214950.0,2025-07-24 12:29:32.243448
2025-07-24,98768,2025072404021013,UNHPL,ABC Securities Private Limited,Premier Securities Company Ltd.,20,429.9,8598.0,2025-07-24 12:29:32.243526
2025-07-24,98767,2025072404021014,UNHPL,ABC Securities Private Limited,Himalayan Securities Limited,1090,429.9,468591.0,2025-07-24 12:29:32.243616
2025-07-24,98766,2025072404021015,UNHPL,ABC Securities Private Limited,Dakshinkali Investment & Securities Pvt. Ltd.,100,430.0,43000.0,2025-07-24 12:29:32.243714
2025-07-24,98765,2025072404021016,UNHPL,ABC Securities Private Limited,Linch Stock Market Ltd.,100,430.0,43000.0,2025-07-24 12:29:32.243796
2025-07-24,98764,2025072404021017,UNHPL,ABC Securities Private Limited,Linch Stock Market Ltd.,150,430.0,64500.0,2025-07-24 12:29:32.243872
2025-07-24,98763,2025072404021018,UNHPL,ABC Securities Private Limited,Swarna Laxmi Securities Pvt. Ltd.,1386,430.0,595980.0,2025-07-24 12:29:32.243949
2025-07-24,98596,2025072404021070,UNHPL,Kohinoor Investment & Securities Pvt. Ltd.,Dakshinkali Investment & Securities Pvt. Ltd.,100,429.0,42900.0,2025-07-24 12:29:54.164610
2025-07-24,98464,2025072404021109,UNHPL,Midas Stock Broking Company Private Limited,Swarna Laxmi Securities Pvt. Ltd.,114,430.0,49020.0,2025-07-24 12:30:07.792397
2025-07-24,98463,2025072404021110,UNHPL,Midas Stock Broking Company Private Limited,Trisul Securities & Invt. Ltd.,286,430.0,122980.0,2025-07-24 12:30:07.792586
2025-07-24,98207,2025072404021200,UNHPL,SUN SECURITIES PVT LTD,Aryatara Investment & Securities,100,429.8,42980.0,2025-07-24 12:30:36.865674
2025-07-24,98206,2025072404021201,UNHPL,SUN SECURITIES PVT LTD,Trisul Securities & Invt. Ltd.,14,430.0,6020.0,2025-07-24 12:30:36.865892
2025-07-24,98205,2025072404021202,UNHPL,SUN SECURITIES PVT LTD,Malla & Malla Stock Broking Company Pvt. Limited,400,430.0,172000.0,2025-07-24 12:30:36.865971
2025-07-24,98204,2025072404021203,UNHPL,SUN SECURITIES PVT LTD,Capital Max Securities Ltd,100,430.0,43000.0,2025-07-24 12:30:36.866042
2025-07-24,98203,2025072404021204,UNHPL,SUN SECURITIES PVT LTD,Global IME Securities Limited,50,430.0,21500.0,2025-07-24 12:30:36.866130
2025-07-24,98202,2025072404021205,UNHPL,SUN SECURITIES PVT LTD,Linch Stock Market Ltd.,50,430.0,21500.0,2025-07-24 12:30:36.866204
2025-07-24,98201,2025072404021206,UNHPL,SUN SECURITIES PVT LTD,Thrive Brokerage House Pvt. Ltd,86,430.0,36980.0,2025-07-24 12:30:36.866278
2025-07-24,98119,2025072404021247,UNHPL,Imperial Securities Company Pvt. Ltd.,Thrive Brokerage House Pvt. Ltd,114,430.0,49020.0,2025-07-24 12:30:48.496963
2025-07-24,98118,2025072404021248,UNHPL,Imperial Securities Company Pvt. Ltd.,Sumeru Securities Pvt. Ltd.,200,430.0,86000.0,2025-07-24 12:30:48.497007
2025-07-24,98117,2025072404021249,UNHPL,Imperial Securities Company Pvt. Ltd.,Midas Stock Broking Company Private Limited,100,430.0,43000.0,2025-07-24 12:30:48.497034
2025-07-24,98116,2025072404021250,UNHPL,Imperial Securities Company Pvt. Ltd.,KALASH STOCK MARKET PVT. LTD.,86,430.0,36980.0,2025-07-24 12:30:48.497067
2025-07-24,98016,2025072404021295,UNHPL,Trisul Securities & Invt. Ltd.,KALASH STOCK MARKET PVT. LTD.,414,430.0,178020.0,2025-07-24 12:31:01.954779
2025-07-24,98015,2025072404021296,UNHPL,Trisul Securities & Invt. Ltd.,Dakshinkali Investment & Securities Pvt. Ltd.,86,430.0,36980.0,2025-07-24 12:31:01.955127
2025-07-24,98001,2025072404021299,UNHPL,Kohinoor Investment & Securities Pvt. Ltd.,Dakshinkali Investment & Securities Pvt. Ltd.,14,430.0,6020.0,2025-07-24 12:31:03.721597
2025-07-24,98000,2025072404021300,UNHPL,Kohinoor Investment & Securities Pvt. Ltd.,Naasa Securities Co. Ltd.,50,430.0,21500.0,2025-07-24 12:31:03.721798
2025-07-24,97999,2025072404021301,UNHPL,Kohinoor Investment & Securities Pvt. Ltd.,Opal Securities Investment (PVT) Ltd.,142,430.0,61060.0,2025-07-24 12:31:03.721872
2025-07-24,97857,2025072404021366,UNHPL,Kohinoor Investment & Securities Pvt. Ltd.,Capital Max Securities Ltd,100,431.0,43100.0,2025-07-24 12:31:17.606603
2025-07-24,97856,2025072404021367,UNHPL,Kohinoor Investment & Securities Pvt. Ltd.,Dakshinkali Investment & Securities Pvt. Ltd.,94,431.0,40514.0,2025-07-24 12:31:17.606794
2025-07-24,97720,2025072404021408,UNHPL,Sani Securities Company Ltd.,Garima Securities Limited,500,430.0,215000.0,2025-07-24 12:31:34.405361
2025-07-24,97562,2025072404021467,UNHPL,Nagarik Stock Dealer ,Sani Securities Company Ltd.,50,432.1,21605.0,2025-07-24 12:31:55.894104
2025-07-24,97561,2025072404021468,UNHPL,Nagarik Stock Dealer ,Himalayan Securities Limited,790,432.9,341991.0,2025-07-24 12:31:55.894519
2025-07-24,97560,2025072404021469,UNHPL,Nagarik Stock Dealer ,Aryatara Investment & Securities,500,433.0,216500.0,2025-07-24 12:31:55.894738
2025-07-24,97559,2025072404021470,UNHPL,Nagarik Stock Dealer ,Online Securities Pvt. Ltd.,50,433.0,21650.0,2025-07-24 12:31:55.894950
2025-07-24,97558,2025072404021471,UNHPL,Nagarik Stock Dealer ,ABC Securities Private Limited,110,433.0,47630.0,2025-07-24 12:31:55.895158
2025-07-24,97483,2025072404021518,UNHPL,Aryatara Investment & Securities,SHUBHAKAMANA SECURITIES PVT. LTD,79,431.0,34049.0,2025-07-24 12:32:03.738647
2025-07-24,97470,2025072404021522,UNHPL,Aryatara Investment & Securities,Sweta Securities Private Limited,421,431.0,181451.0,2025-07-24 12:32:06.129182
2025-07-24,97446,2025072404021534,UNHPL,Trishakti Securities Public Limited,Sweta Securities Private Limited,500,431.0,215500.0,2025-07-24 12:32:09.952559
2025-07-24,97385,2025072404021563,UNHPL,Premier Securities Company Ltd.,Sweta Securities Private Limited,300,431.0,129300.0,2025-07-24 12:32:17.054990
2025-07-24,97378,2025072404021564,UNHPL,Online Securities Pvt. Ltd.,Sweta Securities Private Limited,300,431.0,129300.0,2025-07-24 12:32:18.374518
2025-07-24,97212,2025072404021639,UNHPL,Vision Securities Pvt. Ltd,Sweta Securities Private Limited,79,431.0,34049.0,2025-07-24 12:32:36.127992
2025-07-24,97187,2025072404021648,UNHPL,Asian Securities Private Ltd.,ABC Securities Private Limited,90,433.0,38970.0,2025-07-24 12:32:40.509295
2025-07-24,97186,2025072404021649,UNHPL,Asian Securities Private Ltd.,Neev Securities Pvt. Ltd.,500,433.0,216500.0,2025-07-24 12:32:40.509663
2025-07-24,97185,2025072404021650,UNHPL,Asian Securities Private Ltd.,South Asian Bulls Pvt. Ltd.,200,433.0,86600.0,2025-07-24 12:32:40.509869
2025-07-24,97184,2025072404021651,UNHPL,Asian Securities Private Ltd.,Kalika Securities Pvt. Ltd.,210,433.0,90930.0,2025-07-24 12:32:40.510069
2025-07-24,96486,2025072404021871,UNHPL,Vision Securities Pvt. Ltd,Trisul Securities & Invt. Ltd.,421,431.0,181451.0,2025-07-24 12:34:07.455911
2025-07-24,96485,2025072404021872,UNHPL,Vision Securities Pvt. Ltd,Trisul Securities & Invt. Ltd.,100,430.1,43010.0,2025-07-24 12:34:07.456137
2025-07-24,96484,2025072404021873,UNHPL,Cristal Kanchanjanga Securites Pvt. Ltd.,Trisul Securities & Invt. Ltd.,300,430.1,129030.0,2025-07-24 12:34:07.456215
2025-07-24,96483,2025072404021874,UNHPL,Asian Securities Private Ltd.,Trisul Securities & Invt. Ltd.,400,430.1,172040.0,2025-07-24 12:34:07.456297
2025-07-24,96482,2025072404021875,UNHPL,ABC Securities Private Limited,Trisul Securities & Invt. Ltd.,779,430.1,335047.9,2025-07-24 12:34:07.456383
2025-07-24,95769,2025072404022166,UNHPL,ABC Securities Private Limited,Dakshinkali Investment & Securities Pvt. Ltd.,16,430.1,6881.6,2025-07-24 12:35:21.868751
2025-07-24,95636,2025072404022215,UNHPL,ABC Securities Private Limited,Naasa Securities Co. Ltd.,100,430.1,43010.0,2025-07-24 12:35:35.274032
2025-07-24,95511,2025072404022245,UNHPL,ABC Securities Private Limited,Trisul Securities & Invt. Ltd.,105,430.1,45160.5,2025-07-24 12:35:47.623225
2025-07-24,95510,2025072404022246,UNHPL,Naasa Securities Co. Ltd.,Trisul Securities & Invt. Ltd.,50,430.0,21500.0,2025-07-24 12:35:47.623438
2025-07-24,95509,2025072404022247,UNHPL,Imperial Securities Company Pvt. Ltd.,Trisul Securities & Invt. Ltd.,500,430.0,215000.0,2025-07-24 12:35:47.623532
2025-07-24,95186,2025072404022372,UNHPL,Asian Securities Private Ltd.,KALASH STOCK MARKET PVT. LTD.,200,429.1,85820.0,2025-07-24 12:36:20.666154
2025-07-24,95185,2025072404022373,UNHPL,Aakashbhairab Securities Ltd.,KALASH STOCK MARKET PVT. LTD.,278,428.0,118984.0,2025-07-24 12:36:20.666244
2025-07-24,94933,2025072404022460,UNHPL,Aakashbhairab Securities Ltd.,Ashutosh Brokerage & Securities (PVT) Ltd.,222,428.0,95016.0,2025-07-24 12:36:45.590279
2025-07-24,94932,2025072404022461,UNHPL,Agrawal Securities (PVT) Ltd.,Ashutosh Brokerage & Securities (PVT) Ltd.,78,428.0,33384.0,2025-07-24 12:36:45.590624
2025-07-24,94458,2025072404022669,UNHPL,Sweta Securities Private Limited,Shree Krishna Securities Ltd.,12,427.4,5128.8,2025-07-24 12:37:39.684752
2025-07-24,94457,2025072404022670,UNHPL,Sipla Securities Private Limited,Shree Krishna Securities Ltd.,145,427.4,61973.0,2025-07-24 12:37:39.684948
2025-07-24,94224,2025072404022732,UNHPL,Sipla Securities Private Limited,Vision Securities Pvt. Ltd,355,427.4,151727.0,2025-07-24 12:38:07.124463
2025-07-24,94223,2025072404022733,UNHPL,Midas Stock Broking Company Private Limited,Vision Securities Pvt. Ltd,35,427.2,14952.0,2025-07-24 12:38:07.124669
2025-07-24,94222,2025072404022734,UNHPL,Cristal Kanchanjanga Securites Pvt. Ltd.,Vision Securities Pvt. Ltd,610,427.0,260470.0,2025-07-24 12:38:07.124747
2025-07-24,93732,2025072404022876,UNHPL,Asian Securities Private Ltd.,Creative Securities Pvt Ltd,27,430.0,11610.0,2025-07-24 12:39:12.644811
2025-07-24,93731,2025072404022877,UNHPL,Asian Securities Private Ltd.,Imperial Securities Company Pvt. Ltd.,100,430.0,43000.0,2025-07-24 12:39:12.644923
2025-07-24,93730,2025072404022878,UNHPL,Asian Securities Private Ltd.,Thrive Brokerage House Pvt. Ltd,100,430.9,43090.0,2025-07-24 12:39:12.645006
2025-07-24,93729,2025072404022879,UNHPL,Asian Securities Private Ltd.,Sri Hari Securities Pvt. Ltd.,73,431.0,31463.0,2025-07-24 12:39:12.645114
2025-07-24,92605,2025072404023205,UNHPL,Capital Max Securities Ltd,Thrive Brokerage House Pvt. Ltd,160,430.9,68944.0,2025-07-24 12:41:11.131688
2025-07-24,90722,2025072404023756,UNHPL,Sundhara Securities Limited,Online Securities Pvt. Ltd.,11,428.0,4708.0,2025-07-24 12:45:13.689600
2025-07-24,90318,2025072404023846,UNHPL,Dakshinkali Investment & Securities Pvt. Ltd.,Shree Krishna Securities Ltd.,500,428.1,214050.0,2025-07-24 12:45:59.591828
2025-07-24,89983,2025072404023952,UNHPL,Sundhara Securities Limited,Kalika Securities Pvt. Ltd.,14,428.0,5992.0,2025-07-24 12:46:39.644516
2025-07-24,89557,2025072404024115,UNHPL,Sundhara Securities Limited,Secured Securities Ltd.,10,428.0,4280.0,2025-07-24 12:47:21.733260
2025-07-24,88580,2025072404024459,UNHPL,Infinity Securities Limited,Dakshinkali Investment & Securities Pvt. Ltd.,200,428.2,85640.0,2025-07-24 12:49:08.078398
2025-07-24,88547,2025072404024476,UNHPL,Infinity Securities Limited,Thrive Brokerage House Pvt. Ltd,200,428.1,85620.0,2025-07-24 12:49:11.917767
2025-07-24,88546,2025072404024477,UNHPL,Sundhara Securities Limited,Thrive Brokerage House Pvt. Ltd,215,428.0,92020.0,2025-07-24 12:49:11.918041
2025-07-24,88545,2025072404024478,UNHPL,Dakshinkali Investment & Securities Pvt. Ltd.,Thrive Brokerage House Pvt. Ltd,500,428.0,214000.0,2025-07-24 12:49:11.918131
2025-07-24,88544,2025072404024479,UNHPL,Linch Stock Market Ltd.,Thrive Brokerage House Pvt. Ltd,500,428.0,214000.0,2025-07-24 12:49:11.918220
2025-07-24,88543,2025072404024480,UNHPL,Asian Securities Private Ltd.,Thrive Brokerage House Pvt. Ltd,200,428.0,85600.0,2025-07-24 12:49:11.918300
2025-07-24,88129,2025072404024625,UNHPL,Miyo Securities Pvt Ltd,Online Securities Pvt. Ltd.,300,427.2,128160.0,2025-07-24 12:49:52.470707
2025-07-24,87928,2025072404024685,UNHPL,Miyo Securities Pvt Ltd,Dakshinkali Investment & Securities Pvt. Ltd.,90,427.2,38448.0,2025-07-24 12:50:14.152080
2025-07-24,87809,2025072404024714,UNHPL,Miyo Securities Pvt Ltd,Naasa Securities Co. Ltd.,110,427.2,46992.0,2025-07-24 12:50:26.209287
2025-07-24,87808,2025072404024715,UNHPL,ABC Securities Private Limited,Naasa Securities Co. Ltd.,390,427.1,166569.0,2025-07-24 12:50:26.209565
2025-07-24,87612,2025072404024787,UNHPL,ABC Securities Private Limited,Sri Hari Securities Pvt. Ltd.,610,427.1,260531.0,2025-07-24 12:50:47.195246
2025-07-24,87611,2025072404024788,UNHPL,Cristal Kanchanjanga Securites Pvt. Ltd.,Sri Hari Securities Pvt. Ltd.,317,427.0,135359.0,2025-07-24 12:50:47.195498
2025-07-24,87535,2025072404024805,UNHPL,Cristal Kanchanjanga Securites Pvt. Ltd.,Sri Hari Securities Pvt. Ltd.,73,427.0,31171.0,2025-07-24 12:50:57.125790
2025-07-24,87534,2025072404024806,UNHPL,Naasa Securities Co. Ltd.,Sri Hari Securities Pvt. Ltd.,927,427.0,395829.0,2025-07-24 12:50:57.126040
2025-07-24,87527,2025072404024812,UNHPL,Imperial Securities Company Pvt. Ltd.,Thrive Brokerage House Pvt. Ltd,700,428.0,299600.0,2025-07-24 12:50:57.476081
2025-07-24,87523,2025072404024814,UNHPL,Naasa Securities Co. Ltd.,Trisul Securities & Invt. Ltd.,1073,427.0,458171.0,2025-07-24 12:50:58.736187
2025-07-24,87522,2025072404024815,UNHPL,Agrawal Securities (PVT) Ltd.,Trisul Securities & Invt. Ltd.,200,427.0,85400.0,2025-07-24 12:50:58.736451
2025-07-24,87414,2025072404024862,UNHPL,Online Securities Pvt. Ltd.,Trisul Securities & Invt. Ltd.,72,426.1,30679.2,2025-07-24 12:51:13.317815
2025-07-24,86653,2025072404025125,UNHPL,Online Securities Pvt. Ltd.,Thrive Brokerage House Pvt. Ltd,18,426.1,7669.8,2025-07-24 12:52:22.386168
2025-07-24,86617,2025072404025136,UNHPL,Aryatara Investment & Securities,Naasa Securities Co. Ltd.,500,426.0,213000.0,2025-07-24 12:52:27.525764
2025-07-24,86180,2025072404025247,UNHPL,Naasa Securities Co. Ltd.,Aryatara Investment & Securities,10,427.5,4275.0,2025-07-24 12:53:13.704391
2025-07-24,86066,2025072404025277,UNHPL,Nagarik Stock Dealer ,Indira securities pvt. ltd,100,427.0,42700.0,2025-07-24 12:53:27.608232
2025-07-24,86065,2025072404025278,UNHPL,Sani Securities Company Ltd.,Indira securities pvt. ltd,10,427.0,4270.0,2025-07-24 12:53:27.609622
2025-07-24,85740,2025072404025385,UNHPL,Capital Max Securities Ltd,Dakshinkali Investment & Securities Pvt. Ltd.,10,426.2,4262.0,2025-07-24 12:54:08.472886
2025-07-24,85739,2025072404025386,UNHPL,Capital Max Securities Ltd,Dakshinkali Investment & Securities Pvt. Ltd.,10,426.2,4262.0,2025-07-24 12:54:08.473143
2025-07-24,85517,2025072404025437,UNHPL,Capital Max Securities Ltd,Dakshinkali Investment & Securities Pvt. Ltd.,50,426.2,21310.0,2025-07-24 12:54:39.237493
2025-07-24,85507,2025072404025441,UNHPL,Capital Max Securities Ltd,Shree Krishna Securities Ltd.,10,426.1,4261.0,2025-07-24 12:54:41.183152
2025-07-24,85506,2025072404025442,UNHPL,Naasa Securities Co. Ltd.,Shree Krishna Securities Ltd.,200,426.1,85220.0,2025-07-24 12:54:41.183595
2025-07-24,85505,2025072404025443,UNHPL,Imperial Securities Company Pvt. Ltd.,Shree Krishna Securities Ltd.,200,426.0,85200.0,2025-07-24 12:54:41.183841
2025-07-24,85504,2025072404025444,UNHPL,Miyo Securities Pvt Ltd,Shree Krishna Securities Ltd.,100,426.0,42600.0,2025-07-24 12:54:41.184069
2025-07-24,85503,2025072404025445,UNHPL,Dakshinkali Investment & Securities Pvt. Ltd.,Shree Krishna Securities Ltd.,490,426.0,208740.0,2025-07-24 12:54:41.184300
2025-07-24,84215,2025072404025804,UNHPL,Dakshinkali Investment & Securities Pvt. Ltd.,Sri Hari Securities Pvt. Ltd.,1000,426.0,426000.0,2025-07-24 12:56:51.917503
2025-07-24,83875,2025072404025908,UNHPL,Dakshinkali Investment & Securities Pvt. Ltd.,Online Securities Pvt. Ltd.,220,426.0,93720.0,2025-07-24 12:57:26.934479
2025-07-24,82057,2025072404026477,UNHPL,Premier Securities Company Ltd.,Online Securities Pvt. Ltd.,12,426.1,5113.2,2025-07-24 13:00:55.132562
2025-07-24,81620,2025072404026631,UNHPL,Premier Securities Company Ltd.,Kohinoor Investment & Securities Pvt. Ltd.,108,426.1,46018.8,2025-07-24 13:01:40.728081
2025-07-24,81619,2025072404026632,UNHPL,Dakshinkali Investment & Securities Pvt. Ltd.,Kohinoor Investment & Securities Pvt. Ltd.,290,426.0,123540.0,2025-07-24 13:01:40.728292
2025-07-24,81058,2025072404026806,UNHPL,Sundhara Securities Limited,Imperial Securities Company Pvt. Ltd.,150,425.1,63765.0,2025-07-24 13:02:42.541263
2025-07-24,81057,2025072404026807,UNHPL,Aryatara Investment & Securities,Imperial Securities Company Pvt. Ltd.,500,425.0,212500.0,2025-07-24 13:02:42.541555
2025-07-24,81056,2025072404026808,UNHPL,Naasa Securities Co. Ltd.,Imperial Securities Company Pvt. Ltd.,80,425.0,34000.0,2025-07-24 13:02:42.541647
2025-07-24,81055,2025072404026809,UNHPL,Primo Securities (PVT) Ltd.,Imperial Securities Company Pvt. Ltd.,70,425.0,29750.0,2025-07-24 13:02:42.541764
2025-07-24,80786,2025072404026878,UNHPL,Ashutosh Brokerage & Securities (PVT) Ltd.,Kohinoor Investment & Securities Pvt. Ltd.,100,426.0,42600.0,2025-07-24 13:03:05.980902
2025-07-24,80143,2025072404027033,UNHPL,Primo Securities (PVT) Ltd.,Aryatara Investment & Securities,500,425.0,212500.0,2025-07-24 13:04:07.417129
2025-07-24,79599,2025072404027178,UNHPL,Imperial Securities Company Pvt. Ltd.,KALASH STOCK MARKET PVT. LTD.,500,426.9,213450.0,2025-07-24 13:04:51.857734
2025-07-24,79075,2025072404027309,UNHPL,Primo Securities (PVT) Ltd.,Online Securities Pvt. Ltd.,280,425.0,119000.0,2025-07-24 13:05:45.510008
2025-07-24,79074,2025072404027310,UNHPL,Naasa Securities Co. Ltd.,Online Securities Pvt. Ltd.,10,425.0,4250.0,2025-07-24 13:05:45.510442
2025-07-24,79073,2025072404027311,UNHPL,Primo Securities (PVT) Ltd.,Online Securities Pvt. Ltd.,10,425.0,4250.0,2025-07-24 13:05:45.510677
2025-07-24,78928,2025072404027352,UNHPL,Primo Securities (PVT) Ltd.,KALASH STOCK MARKET PVT. LTD.,190,425.0,80750.0,2025-07-24 13:06:04.728279
2025-07-24,78927,2025072404027353,UNHPL,Naasa Securities Co. Ltd.,KALASH STOCK MARKET PVT. LTD.,200,425.0,85000.0,2025-07-24 13:06:04.728351
2025-07-24,78926,2025072404027354,UNHPL,Bhrikuti Stock Broking Co. Pvt. Ltd.,KALASH STOCK MARKET PVT. LTD.,110,425.0,46750.0,2025-07-24 13:06:04.728385
2025-07-24,78768,2025072404027393,UNHPL,Bhrikuti Stock Broking Co. Pvt. Ltd.,KALASH STOCK MARKET PVT. LTD.,390,425.0,165750.0,2025-07-24 13:06:25.198608
2025-07-24,78767,2025072404027394,UNHPL,Capital Max Securities Ltd,KALASH STOCK MARKET PVT. LTD.,30,425.0,12750.0,2025-07-24 13:06:25.198846
2025-07-24,78766,2025072404027395,UNHPL,Primo Securities (PVT) Ltd.,KALASH STOCK MARKET PVT. LTD.,100,425.0,42500.0,2025-07-24 13:06:25.198947
2025-07-24,78526,2025072404027458,UNHPL,Capital Max Securities Ltd,Capital Max Securities Ltd,100,425.0,42500.0,2025-07-24 13:06:56.671951
2025-07-24,78205,2025072404027568,UNHPL,Capital Max Securities Ltd,J.F. Securites (PVT) Ltd.,40,425.0,17000.0,2025-07-24 13:07:26.818722
2025-07-24,77830,2025072404027649,UNHPL,Capital Max Securities Ltd,Kohinoor Investment & Securities Pvt. Ltd.,100,425.0,42500.0,2025-07-24 13:08:04.674045
2025-07-24,77653,2025072404027680,UNHPL,Capital Max Securities Ltd,KALASH STOCK MARKET PVT. LTD.,260,425.0,110500.0,2025-07-24 13:08:22.834520
2025-07-24,77652,2025072404027681,UNHPL,Naasa Securities Co. Ltd.,KALASH STOCK MARKET PVT. LTD.,150,424.4,63660.0,2025-07-24 13:08:22.834795
2025-07-24,77651,2025072404027682,UNHPL,Naasa Securities Co. Ltd.,KALASH STOCK MARKET PVT. LTD.,800,424.3,339440.0,2025-07-24 13:08:22.834887
2025-07-24,77650,2025072404027683,UNHPL,Siprabi Securities Pvt. Ltd.,KALASH STOCK MARKET PVT. LTD.,50,424.2,21210.0,2025-07-24 13:08:22.834977
2025-07-24,77649,2025072404027684,UNHPL,Sipla Securities Private Limited,KALASH STOCK MARKET PVT. LTD.,740,424.1,313834.0,2025-07-24 13:08:22.835067
2025-07-24,77120,2025072404027808,UNHPL,Sipla Securities Private Limited,Imperial Securities Company Pvt. Ltd.,100,424.1,42410.0,2025-07-24 13:09:25.612180
2025-07-24,76995,2025072404027839,UNHPL,Capital Max Securities Ltd,Indira securities pvt. ltd,390,425.0,165750.0,2025-07-24 13:09:38.069356
2025-07-24,76895,2025072404027860,UNHPL,Capital Max Securities Ltd,KALASH STOCK MARKET PVT. LTD.,480,425.9,204432.0,2025-07-24 13:09:49.479510
2025-07-24,76894,2025072404027861,UNHPL,Capital Max Securities Ltd,Agrawal Securities (PVT) Ltd.,1000,426.0,426000.0,2025-07-24 13:09:49.479770
2025-07-24,75796,2025072404028156,UNHPL,Capital Max Securities Ltd,Dipshikha Dhitopatra Karobar Co. Pvt Ltd.,50,426.0,21300.0,2025-07-24 13:11:41.653829
2025-07-24,75579,2025072404028211,UNHPL,Capital Max Securities Ltd,Online Securities Pvt. Ltd.,470,426.0,200220.0,2025-07-24 13:12:04.370192
2025-07-24,75578,2025072404028212,UNHPL,Miyo Securities Pvt Ltd,Online Securities Pvt. Ltd.,100,426.0,42600.0,2025-07-24 13:12:04.370450
2025-07-24,75384,2025072404028262,UNHPL,Linch Stock Market Ltd.,Online Securities Pvt. Ltd.,250,425.1,106275.0,2025-07-24 13:12:24.887853
2025-07-24,75383,2025072404028263,UNHPL,Capital Max Securities Ltd,Online Securities Pvt. Ltd.,180,425.0,76500.0,2025-07-24 13:12:24.888260
2025-07-24,74996,2025072404028377,UNHPL,Capital Max Securities Ltd,Dakshinkali Investment & Securities Pvt. Ltd.,55,425.0,23375.0,2025-07-24 13:13:06.359963
2025-07-24,74263,2025072404028555,UNHPL,Trisul Securities & Invt. Ltd.,Naasa Securities Co. Ltd.,50,425.1,21255.0,2025-07-24 13:14:23.731749
2025-07-24,73984,2025072404028612,UNHPL,Trisul Securities & Invt. Ltd.,Sani Securities Company Ltd.,10,425.1,4251.0,2025-07-24 13:14:50.202121
2025-07-24,72653,2025072404028937,UNHPL,Capital Max Securities Ltd,Asian Securities Private Ltd.,50,425.2,21260.0,2025-07-24 13:17:11.434789
2025-07-24,72621,2025072404028940,UNHPL,Capital Max Securities Ltd,Nepal Investment And Securities Trading Private Limited,60,425.2,25512.0,2025-07-24 13:17:13.938010
2025-07-24,72620,2025072404028941,UNHPL,Trisul Securities & Invt. Ltd.,Nepal Investment And Securities Trading Private Limited,340,425.1,144534.0,2025-07-24 13:17:13.938255
2025-07-24,72619,2025072404028942,UNHPL,Ashutosh Brokerage & Securities (PVT) Ltd.,Nepal Investment And Securities Trading Private Limited,100,425.1,42510.0,2025-07-24 13:17:13.938348
2025-07-24,72618,2025072404028943,UNHPL,Capital Max Securities Ltd,Nepal Investment And Securities Trading Private Limited,1375,425.0,584375.0,2025-07-24 13:17:13.938430
2025-07-24,72617,2025072404028944,UNHPL,Sani Securities Company Ltd.,Nepal Investment And Securities Trading Private Limited,125,425.0,53125.0,2025-07-24 13:17:13.938510
2025-07-24,72452,2025072404028976,UNHPL,Sani Securities Company Ltd.,Nepal Investment And Securities Trading Private Limited,375,425.0,159375.0,2025-07-24 13:17:30.374525
2025-07-24,72451,2025072404028977,UNHPL,Deevyaa Securities & Stock House Pvt. Ltd,Nepal Investment And Securities Trading Private Limited,100,424.5,42450.0,2025-07-24 13:17:30.374937
2025-07-24,72450,2025072404028978,UNHPL,Naasa Securities Co. Ltd.,Nepal Investment And Securities Trading Private Limited,150,424.4,63660.0,2025-07-24 13:17:30.375184
2025-07-24,72449,2025072404028979,UNHPL,ABC Securities Private Limited,Nepal Investment And Securities Trading Private Limited,1375,424.4,583550.0,2025-07-24 13:17:30.375522
2025-07-24,71608,2025072404029197,UNHPL,Dynamic Money Managers Securities Pvt. Ltd.,Neev Securities Pvt. Ltd.,145,425.2,61654.0,2025-07-24 13:18:49.338461
2025-07-24,70958,2025072404029366,UNHPL,Dynamic Money Managers Securities Pvt. Ltd.,Sumeru Securities Pvt. Ltd.,300,425.2,127560.0,2025-07-24 13:20:03.446291
2025-07-24,70928,2025072404029377,UNHPL,Sani Securities Company Ltd.,Sani Securities Company Ltd.,73,426.0,31098.0,2025-07-24 13:20:05.385367
2025-07-24,70545,2025072404029462,UNHPL,Sani Securities Company Ltd.,Linch Stock Market Ltd.,220,427.0,93940.0,2025-07-24 13:20:48.178999
2025-07-24,70544,2025072404029463,UNHPL,Sani Securities Company Ltd.,Dakshinkali Investment & Securities Pvt. Ltd.,80,427.0,34160.0,2025-07-24 13:20:48.179450
2025-07-24,69250,2025072404029805,UNHPL,Nepal Investment And Securities Trading Private Limited,Capital Max Securities Ltd,100,426.8,42680.0,2025-07-24 13:23:01.600321
2025-07-24,69082,2025072404029839,UNHPL,Sani Securities Company Ltd.,Agrawal Securities (PVT) Ltd.,50,426.9,21345.0,2025-07-24 13:23:15.838456
2025-07-24,67793,2025072404030226,UNHPL,Vision Securities Pvt. Ltd,Sani Securities Company Ltd.,100,426.0,42600.0,2025-07-24 13:25:29.727940
2025-07-24,67509,2025072404030318,UNHPL,Kohinoor Investment & Securities Pvt. Ltd.,Sani Securities Company Ltd.,165,426.0,70290.0,2025-07-24 13:26:04.538622
2025-07-24,67345,2025072404030388,UNHPL,Dynamic Money Managers Securities Pvt. Ltd.,Bhrikuti Stock Broking Co. Pvt. Ltd.,55,425.2,23386.0,2025-07-24 13:26:20.590341
2025-07-24,67344,2025072404030389,UNHPL,Nagarik Stock Dealer ,Bhrikuti Stock Broking Co. Pvt. Ltd.,1000,425.2,425200.0,2025-07-24 13:26:20.590574
2025-07-24,67343,2025072404030390,UNHPL,Dynamic Money Managers Securities Pvt. Ltd.,Bhrikuti Stock Broking Co. Pvt. Ltd.,500,425.0,212500.0,2025-07-24 13:26:20.590666
2025-07-24,67342,2025072404030391,UNHPL,ABC Securities Private Limited,Bhrikuti Stock Broking Co. Pvt. Ltd.,235,425.0,99875.0,2025-07-24 13:26:20.590775
2025-07-24,67341,2025072404030392,UNHPL,Dakshinkali Investment & Securities Pvt. Ltd.,Bhrikuti Stock Broking Co. Pvt. Ltd.,210,425.0,89250.0,2025-07-24 13:26:20.590908
2025-07-24,66228,2025072404030743,UNHPL,Dakshinkali Investment & Securities Pvt. Ltd.,Linch Stock Market Ltd.,125,425.0,53125.0,2025-07-24 13:27:50.450872
2025-07-24,65757,2025072404030866,UNHPL,Dakshinkali Investment & Securities Pvt. Ltd.,Sani Securities Company Ltd.,235,426.0,100110.0,2025-07-24 13:28:30.307926
2025-07-24,65675,2025072404030905,UNHPL,Capital Max Securities Ltd,Trisul Securities & Invt. Ltd.,1000,426.5,426500.0,2025-07-24 13:28:40.025196
2025-07-24,65617,2025072404030940,UNHPL,ABC Securities Private Limited,Agrawal Securities (PVT) Ltd.,950,426.9,405555.0,2025-07-24 13:28:42.361322
2025-07-24,65509,2025072404030968,UNHPL,Capital Max Securities Ltd,Dakshinkali Investment & Securities Pvt. Ltd.,20,427.0,8540.0,2025-07-24 13:28:56.143513
2025-07-24,65508,2025072404030969,UNHPL,Capital Max Securities Ltd,Capital Max Securities Ltd,100,427.0,42700.0,2025-07-24 13:28:56.143769
2025-07-24,65507,2025072404030970,UNHPL,Capital Max Securities Ltd,Imperial Securities Company Pvt. Ltd.,200,427.0,85400.0,2025-07-24 13:28:56.143873
2025-07-24,65506,2025072404030971,UNHPL,Capital Max Securities Ltd,Dipshikha Dhitopatra Karobar Co. Pvt Ltd.,500,427.0,213500.0,2025-07-24 13:28:56.143989
2025-07-24,65505,2025072404030972,UNHPL,Capital Max Securities Ltd,Agrawal Securities (PVT) Ltd.,20,427.0,8540.0,2025-07-24 13:28:56.144103
2025-07-24,65182,2025072404031044,UNHPL,Shree Krishna Securities Ltd.,Aryatara Investment & Securities,40,427.5,17100.0,2025-07-24 13:29:31.060477
2025-07-24,65181,2025072404031045,UNHPL,Shree Krishna Securities Ltd.,Linch Stock Market Ltd.,50,428.0,21400.0,2025-07-24 13:29:31.060591
2025-07-24,65180,2025072404031046,UNHPL,Shree Krishna Securities Ltd.,Capital Max Securities Ltd,160,428.5,68560.0,2025-07-24 13:29:31.060683
2025-07-24,64718,2025072404031175,UNHPL,Trishakti Securities Public Limited,Capital Max Securities Ltd,100,428.5,42850.0,2025-07-24 13:30:18.134963
2025-07-24,64663,2025072404031191,UNHPL,Agrawal Securities (PVT) Ltd.,Capital Max Securities Ltd,240,428.5,102840.0,2025-07-24 13:30:24.531212
2025-07-24,64255,2025072404031294,UNHPL,Capital Max Securities Ltd,Capital Max Securities Ltd,1000,429.0,429000.0,2025-07-24 13:31:12.065085
2025-07-24,64254,2025072404031295,UNHPL,Capital Max Securities Ltd,Linch Stock Market Ltd.,50,429.0,21450.0,2025-07-24 13:31:12.065390
2025-07-24,64253,2025072404031296,UNHPL,Capital Max Securities Ltd,Aryatara Investment & Securities,1700,429.0,729300.0,2025-07-24 13:31:12.065513
2025-07-24,64252,2025072404031297,UNHPL,Capital Max Securities Ltd,Dakshinkali Investment & Securities Pvt. Ltd.,500,429.5,214750.0,2025-07-24 13:31:12.065650
2025-07-24,64251,2025072404031298,UNHPL,Capital Max Securities Ltd,Capital Max Securities Ltd,100,429.9,42990.0,2025-07-24 13:31:12.065797
2025-07-24,64250,2025072404031299,UNHPL,Capital Max Securities Ltd,J.F. Securites (PVT) Ltd.,1000,429.9,429900.0,2025-07-24 13:31:12.065906
2025-07-24,64249,2025072404031300,UNHPL,Capital Max Securities Ltd,Dipshikha Dhitopatra Karobar Co. Pvt Ltd.,50,430.0,21500.0,2025-07-24 13:31:12.065995
2025-07-24,64248,2025072404031301,UNHPL,Capital Max Securities Ltd,Arun Securities (PVT) Ltd.,10,430.0,4300.0,2025-07-24 13:31:12.066086
2025-07-24,64247,2025072404031302,UNHPL,Capital Max Securities Ltd,Bhrikuti Stock Broking Co. Pvt. Ltd.,100,430.0,43000.0,2025-07-24 13:31:12.066175
2025-07-24,64246,2025072404031303,UNHPL,Capital Max Securities Ltd,Sani Securities Company Ltd.,2000,430.0,860000.0,2025-07-24 13:31:12.066278
2025-07-24,64245,2025072404031304,UNHPL,Capital Max Securities Ltd,Aryatara Investment & Securities,1000,430.0,430000.0,2025-07-24 13:31:12.066426
2025-07-24,64244,2025072404031305,UNHPL,Capital Max Securities Ltd,Sagarmatha Securities Private Limited,490,430.0,210700.0,2025-07-24 13:31:12.066555
2025-07-24,64233,2025072404031310,UNHPL,Agrawal Securities (PVT) Ltd.,Investment Management Nepal Pvt. Ltd.,100,428.5,42850.0,2025-07-24 13:31:13.353122
2025-07-24,63996,2025072404031385,UNHPL,Pragyan Securities (PVT) Ltd.,Naasa Securities Co. Ltd.,1,420.0,420.0,2025-07-24 13:31:39.841272
2025-07-24,63744,2025072404031437,UNHPL,Pragyan Securities (PVT) Ltd.,Thrive Brokerage House Pvt. Ltd,9,420.0,3780.0,2025-07-24 13:32:02.334120
2025-07-24,63407,2025072404031572,UNHPL,Naasa Securities Co. Ltd.,Sagarmatha Securities Private Limited,10,430.0,4300.0,2025-07-24 13:32:40.463592
2025-07-24,63406,2025072404031573,UNHPL,Naasa Securities Co. Ltd.,Naasa Securities Co. Ltd.,299,430.8,128809.2,2025-07-24 13:32:40.463795
2025-07-24,62427,2025072404031830,UNHPL,Capital Max Securities Ltd,Investment Management Nepal Pvt. Ltd.,100,430.0,43000.0,2025-07-24 13:34:40.253353
2025-07-24,62426,2025072404031831,UNHPL,Capital Max Securities Ltd,South Asian Bulls Pvt. Ltd.,100,430.0,43000.0,2025-07-24 13:34:40.253654
2025-07-24,62425,2025072404031832,UNHPL,Capital Max Securities Ltd,Trademow Securities Private Limited,3000,430.5,1291500.0,2025-07-24 13:34:40.253780
2025-07-24,62281,2025072404031854,UNHPL,Capital Max Securities Ltd,Online Securities Pvt. Ltd.,220,429.0,94380.0,2025-07-24 13:34:54.588670
2025-07-24,61854,2025072404031986,UNHPL,Pragyan Securities (PVT) Ltd.,Dipshikha Dhitopatra Karobar Co. Pvt Ltd.,6,421.4,2528.4,2025-07-24 13:35:48.420609
2025-07-24,61582,2025072404032098,UNHPL,Indira securities pvt. ltd,Neev Securities Pvt. Ltd.,20,430.0,8600.0,2025-07-24 13:36:17.483407
2025-07-24,61181,2025072404032214,UNHPL,Sewa Securities Pvt. Ltd.,Neev Securities Pvt. Ltd.,10,430.0,4300.0,2025-07-24 13:37:11.012613
2025-07-24,61180,2025072404032215,UNHPL,Sewa Securities Pvt. Ltd.,Naasa Securities Co. Ltd.,190,430.8,81852.0,2025-07-24 13:37:11.013090
2025-07-24,60890,2025072404032320,UNHPL,Ashutosh Brokerage & Securities (PVT) Ltd.,Aakashbhairab Securities Ltd.,100,429.1,42910.0,2025-07-24 13:37:39.708989
2025-07-24,60889,2025072404032321,UNHPL,Capital Max Securities Ltd,Aakashbhairab Securities Ltd.,780,429.0,334620.0,2025-07-24 13:37:39.709258
2025-07-24,60888,2025072404032322,UNHPL,Pragyan Securities (PVT) Ltd.,Aakashbhairab Securities Ltd.,200,428.6,85720.0,2025-07-24 13:37:39.709360
2025-07-24,60887,2025072404032323,UNHPL,Dynamic Money Managers Securities Pvt. Ltd.,Aakashbhairab Securities Ltd.,10,428.6,4286.0,2025-07-24 13:37:39.709462
2025-07-24,60886,2025072404032324,UNHPL,Agrawal Securities (PVT) Ltd.,Aakashbhairab Securities Ltd.,160,428.5,68560.0,2025-07-24 13:37:39.709549
2025-07-24,60885,2025072404032325,UNHPL,Sewa Securities Pvt. Ltd.,Aakashbhairab Securities Ltd.,861,428.5,368938.5,2025-07-24 13:37:39.709635
2025-07-24,60510,2025072404032426,UNHPL,Capital Max Securities Ltd,Agrawal Securities (PVT) Ltd.,1800,430.0,774000.0,2025-07-24 13:38:29.897106
2025-07-24,60044,2025072404032596,UNHPL,Capital Max Securities Ltd,Capital Max Securities Ltd,100,430.0,43000.0,2025-07-24 13:39:20.278138
2025-07-24,60043,2025072404032597,UNHPL,Capital Max Securities Ltd,Trisul Securities & Invt. Ltd.,1000,430.0,430000.0,2025-07-24 13:39:20.278392
2025-07-24,59061,2025072404032842,UNHPL,Capital Max Securities Ltd,Deevyaa Securities & Stock House Pvt. Ltd,50,430.0,21500.0,2025-07-24 13:41:25.792250
2025-07-24,59060,2025072404032843,UNHPL,Capital Max Securities Ltd,Trishakti Securities Public Limited,95,430.0,40850.0,2025-07-24 13:41:25.792503
2025-07-24,59059,2025072404032844,UNHPL,Capital Max Securities Ltd,South Asian Bulls Pvt. Ltd.,500,430.0,215000.0,2025-07-24 13:41:25.792604
2025-07-24,58998,2025072404032864,UNHPL,Capital Max Securities Ltd,Naasa Securities Co. Ltd.,250,430.0,107500.0,2025-07-24 13:41:34.817618
2025-07-24,58648,2025072404032931,UNHPL,Capital Max Securities Ltd,Investment Management Nepal Pvt. Ltd.,100,430.0,43000.0,2025-07-24 13:42:14.065832
2025-07-24,57367,2025072404033293,UNHPL,Himalayan Brokerage Company Limited,Investment Management Nepal Pvt. Ltd.,100,429.0,42900.0,2025-07-24 13:45:18.084586
2025-07-24,57093,2025072404033367,UNHPL,Capital Max Securities Ltd,Deevyaa Securities & Stock House Pvt. Ltd,1000,430.4,430400.0,2025-07-24 13:45:48.983029
2025-07-24,57092,2025072404033368,UNHPL,Capital Max Securities Ltd,South Asian Bulls Pvt. Ltd.,100,430.4,43040.0,2025-07-24 13:45:48.983280
2025-07-24,57078,2025072404033370,UNHPL,Himalayan Brokerage Company Limited,KALASH STOCK MARKET PVT. LTD.,1115,429.0,478335.0,2025-07-24 13:45:51.963880
2025-07-24,56854,2025072404033432,UNHPL,Himalayan Brokerage Company Limited,Kohinoor Investment & Securities Pvt. Ltd.,502,429.0,215358.0,2025-07-24 13:46:23.242173
2025-07-24,56514,2025072404033545,UNHPL,Himalayan Brokerage Company Limited,Kohinoor Investment & Securities Pvt. Ltd.,80,429.0,34320.0,2025-07-24 13:47:09.744707
2025-07-24,56502,2025072404033551,UNHPL,Himalayan Brokerage Company Limited,Dynamic Money Managers Securities Pvt. Ltd.,100,429.0,42900.0,2025-07-24 13:47:12.747688
2025-07-24,56010,2025072404033632,UNHPL,Himalayan Brokerage Company Limited,Capital Max Securities Ltd,100,429.0,42900.0,2025-07-24 13:47:52.579507
2025-07-24,55475,2025072404033809,UNHPL,Naasa Securities Co. Ltd.,Sri Hari Securities Pvt. Ltd.,10,430.4,4304.0,2025-07-24 13:48:52.447564
2025-07-24,55319,2025072404033842,UNHPL,Primo Securities (PVT) Ltd.,Dynamic Money Managers Securities Pvt. Ltd.,1000,430.0,430000.0,2025-07-24 13:49:13.108521
2025-07-24,55116,2025072404033899,UNHPL,Primo Securities (PVT) Ltd.,Kumari Securities Private Limited,100,430.0,43000.0,2025-07-24 13:49:42.131652
2025-07-24,55111,2025072404033900,UNHPL,Capital Max Securities Ltd,Sri Hari Securities Pvt. Ltd.,190,430.4,81776.0,2025-07-24 13:49:43.366977
2025-07-24,55110,2025072404033901,UNHPL,Capital Max Securities Ltd,Deevyaa Securities & Stock House Pvt. Ltd,50,430.5,21525.0,2025-07-24 13:49:43.367487
2025-07-24,55109,2025072404033902,UNHPL,Capital Max Securities Ltd,South Asian Bulls Pvt. Ltd.,50,430.5,21525.0,2025-07-24 13:49:43.367794
2025-07-24,55108,2025072404033903,UNHPL,Capital Max Securities Ltd,Dynamic Money Managers Securities Pvt. Ltd.,10,430.5,4305.0,2025-07-24 13:49:43.368080
2025-07-24,55107,2025072404033904,UNHPL,Capital Max Securities Ltd,Global IME Securities Limited,1000,430.5,430500.0,2025-07-24 13:49:43.368353
2025-07-24,55106,2025072404033905,UNHPL,Capital Max Securities Ltd,South Asian Bulls Pvt. Ltd.,50,430.5,21525.0,2025-07-24 13:49:43.368621
2025-07-24,55105,2025072404033906,UNHPL,Capital Max Securities Ltd,South Asian Bulls Pvt. Ltd.,30,430.6,12918.0,2025-07-24 13:49:43.368884
2025-07-24,55104,2025072404033907,UNHPL,Capital Max Securities Ltd,Deevyaa Securities & Stock House Pvt. Ltd,500,430.6,215300.0,2025-07-24 13:49:43.369148
2025-07-24,55103,2025072404033908,UNHPL,Capital Max Securities Ltd,Neev Securities Pvt. Ltd.,100,430.7,43070.0,2025-07-24 13:49:43.369405
2025-07-24,55102,2025072404033909,UNHPL,Capital Max Securities Ltd,Naasa Securities Co. Ltd.,20,430.8,8616.0,2025-07-24 13:49:43.369700
2025-07-24,54942,2025072404033944,UNHPL,Primo Securities (PVT) Ltd.,Primo Securities (PVT) Ltd.,11,430.0,4730.0,2025-07-24 13:50:05.102619
2025-07-24,54400,2025072404034094,UNHPL,Creative Securities Pvt Ltd,Bhrikuti Stock Broking Co. Pvt. Ltd.,50,429.5,21475.0,2025-07-24 13:51:17.836903
2025-07-24,54392,2025072404034095,UNHPL,Linch Stock Market Ltd.,Primo Securities (PVT) Ltd.,339,430.0,145770.0,2025-07-24 13:51:19.314814
2025-07-24,54038,2025072404034189,UNHPL,Linch Stock Market Ltd.,Nagarik Stock Dealer ,661,430.0,284230.0,2025-07-24 13:52:00.117961
2025-07-24,53944,2025072404034214,UNHPL,Creative Securities Pvt Ltd,Trishakti Securities Public Limited,50,429.5,21475.0,2025-07-24 13:52:15.094472
2025-07-24,53373,2025072404034340,UNHPL,Miyo Securities Pvt Ltd,Deevyaa Securities & Stock House Pvt. Ltd,20,429.0,8580.0,2025-07-24 13:53:38.235792
2025-07-24,52827,2025072404034449,UNHPL,Creative Securities Pvt Ltd,Sani Securities Company Ltd.,400,428.6,171440.0,2025-07-24 13:54:45.672745
2025-07-24,52826,2025072404034450,UNHPL,Sewa Securities Pvt. Ltd.,Sani Securities Company Ltd.,139,428.5,59561.5,2025-07-24 13:54:45.673000
2025-07-24,52825,2025072404034451,UNHPL,Capital Max Securities Ltd,Sani Securities Company Ltd.,461,428.2,197400.2,2025-07-24 13:54:45.673108
2025-07-24,52710,2025072404034466,UNHPL,Sewa Securities Pvt. Ltd.,Himalayan Securities Limited,100,429.0,42900.0,2025-07-24 13:55:00.912768
2025-07-24,52574,2025072404034502,UNHPL,Sewa Securities Pvt. Ltd.,KALASH STOCK MARKET PVT. LTD.,100,429.0,42900.0,2025-07-24 13:55:22.513151
2025-07-24,52361,2025072404034555,UNHPL,Sewa Securities Pvt. Ltd.,Investment Management Nepal Pvt. Ltd.,70,429.0,30030.0,2025-07-24 13:55:51.678459
2025-07-24,51958,2025072404034666,UNHPL,Capital Max Securities Ltd,Investment Management Nepal Pvt. Ltd.,30,429.0,12870.0,2025-07-24 13:56:49.504656
2025-07-24,51957,2025072404034667,UNHPL,Capital Max Securities Ltd,Linch Stock Market Ltd.,50,429.0,21450.0,2025-07-24 13:56:49.504953
2025-07-24,51956,2025072404034668,UNHPL,Capital Max Securities Ltd,Asian Securities Private Ltd.,400,429.3,171720.0,2025-07-24 13:56:49.505050
2025-07-24,51955,2025072404034669,UNHPL,Capital Max Securities Ltd,Thrive Brokerage House Pvt. Ltd,1000,429.4,429400.0,2025-07-24 13:56:49.505144
2025-07-24,51954,2025072404034670,UNHPL,Capital Max Securities Ltd,Aryatara Investment & Securities,500,429.5,214750.0,2025-07-24 13:56:49.505237
2025-07-24,51953,2025072404034671,UNHPL,Capital Max Securities Ltd,Sani Securities Company Ltd.,1000,429.8,429800.0,2025-07-24 13:56:49.505339
2025-07-24,51952,2025072404034672,UNHPL,Capital Max Securities Ltd,Nagarik Stock Dealer ,1339,430.0,575770.0,2025-07-24 13:56:49.505433
2025-07-24,51951,2025072404034673,UNHPL,Capital Max Securities Ltd,Dipshikha Dhitopatra Karobar Co. Pvt Ltd.,50,430.0,21500.0,2025-07-24 13:56:49.505526
2025-07-24,51950,2025072404034674,UNHPL,Capital Max Securities Ltd,Magnet Securities and Investment Company Private Limited,2290,430.0,984700.0,2025-07-24 13:56:49.505614
2025-07-24,51909,2025072404034684,UNHPL,Capital Max Securities Ltd,Kalika Securities Pvt. Ltd.,700,430.0,301000.0,2025-07-24 13:57:00.258527
2025-07-24,51734,2025072404034747,UNHPL,Capital Max Securities Ltd,Kalika Securities Pvt. Ltd.,65,430.0,27950.0,2025-07-24 13:57:28.386931
2025-07-24,51723,2025072404034754,UNHPL,Capital Max Securities Ltd,SHUBHAKAMANA SECURITIES PVT. LTD,500,430.0,215000.0,2025-07-24 13:57:29.931649
2025-07-24,51196,2025072404034903,UNHPL,Secured Securities Ltd.,Secured Securities Ltd.,500,430.0,215000.0,2025-07-24 13:58:54.711147
2025-07-24,51195,2025072404034904,UNHPL,Capital Max Securities Ltd,Secured Securities Ltd.,500,429.1,214550.0,2025-07-24 13:58:54.711480
2025-07-24,50814,2025072404034988,UNHPL,Capital Max Securities Ltd,Aakashbhairab Securities Ltd.,1576,429.1,676261.6,2025-07-24 13:59:42.200849
2025-07-24,50219,2025072404035154,UNHPL,Capital Max Securities Ltd,Kohinoor Investment & Securities Pvt. Ltd.,610,429.0,261690.0,2025-07-24 14:01:07.883602
2025-07-24,50036,2025072404035204,UNHPL,Bhrikuti Stock Broking Co. Pvt. Ltd.,Sani Securities Company Ltd.,200,429.8,85960.0,2025-07-24 14:01:37.152847
2025-07-24,49983,2025072404035207,UNHPL,Capital Max Securities Ltd,Capital Max Securities Ltd,100,430.0,43000.0,2025-07-24 14:01:41.386777
2025-07-24,49982,2025072404035208,UNHPL,Capital Max Securities Ltd,Aryatara Investment & Securities,70,430.0,30100.0,2025-07-24 14:01:41.387263
2025-07-24,49981,2025072404035209,UNHPL,Capital Max Securities Ltd,KALASH STOCK MARKET PVT. LTD.,100,430.0,43000.0,2025-07-24 14:01:41.387566
2025-07-24,49980,2025072404035210,UNHPL,Capital Max Securities Ltd,ABC Securities Private Limited,200,430.5,86100.0,2025-07-24 14:01:41.387846
2025-07-24,49979,2025072404035211,UNHPL,Capital Max Securities Ltd,J.F. Securites (PVT) Ltd.,1085,430.6,467201.0,2025-07-24 14:01:41.388127
2025-07-24,49978,2025072404035212,UNHPL,Capital Max Securities Ltd,Naasa Securities Co. Ltd.,121,430.8,52126.8,2025-07-24 14:01:41.388405
2025-07-24,49977,2025072404035213,UNHPL,Capital Max Securities Ltd,South Asian Bulls Pvt. Ltd.,50,430.8,21540.0,2025-07-24 14:01:41.388657
2025-07-24,49976,2025072404035214,UNHPL,Capital Max Securities Ltd,Primo Securities (PVT) Ltd.,50,430.8,21540.0,2025-07-24 14:01:41.388916
2025-07-24,49975,2025072404035215,UNHPL,Capital Max Securities Ltd,Market Securities & Exchange (PVT) Ltd.,395,430.9,170205.5,2025-07-24 14:01:41.389182
2025-07-24,49974,2025072404035216,UNHPL,Capital Max Securities Ltd,Aryatara Investment & Securities,100,431.0,43100.0,2025-07-24 14:01:41.389464
2025-07-24,49973,2025072404035217,UNHPL,Capital Max Securities Ltd,Thrive Brokerage House Pvt. Ltd,200,431.0,86200.0,2025-07-24 14:01:41.389726
2025-07-24,49972,2025072404035218,UNHPL,Capital Max Securities Ltd,Linch Stock Market Ltd.,100,431.0,43100.0,2025-07-24 14:01:41.389977
2025-07-24,49971,2025072404035219,UNHPL,Capital Max Securities Ltd,KALASH STOCK MARKET PVT. LTD.,100,431.0,43100.0,2025-07-24 14:01:41.390228
2025-07-24,49970,2025072404035220,UNHPL,Capital Max Securities Ltd,Capital Max Securities Ltd,100,431.0,43100.0,2025-07-24 14:01:41.390493
2025-07-24,49969,2025072404035221,UNHPL,Capital Max Securities Ltd,Investment Management Nepal Pvt. Ltd.,10,431.0,4310.0,2025-07-24 14:01:41.390772
2025-07-24,49645,2025072404035304,UNHPL,Capital Max Securities Ltd,Aakashbhairab Securities Ltd.,2219,430.0,954170.0,2025-07-24 14:02:23.161084
2025-07-24,47599,2025072404035835,UNHPL,Bhrikuti Stock Broking Co. Pvt. Ltd.,Capital Max Securities Ltd,72,431.9,31096.8,2025-07-24 14:06:40.281237
2025-07-24,47598,2025072404035836,UNHPL,Bhrikuti Stock Broking Co. Pvt. Ltd.,Sani Securities Company Ltd.,100,432.0,43200.0,2025-07-24 14:06:40.281529
2025-07-24,47597,2025072404035837,UNHPL,Bhrikuti Stock Broking Co. Pvt. Ltd.,Aryatara Investment & Securities,20,432.0,8640.0,2025-07-24 14:06:40.281631
2025-07-24,47596,2025072404035838,UNHPL,Bhrikuti Stock Broking Co. Pvt. Ltd.,Secured Securities Ltd.,200,432.0,86400.0,2025-07-24 14:06:40.281744
2025-07-24,47595,2025072404035839,UNHPL,Bhrikuti Stock Broking Co. Pvt. Ltd.,SUN SECURITIES PVT LTD,200,432.0,86400.0,2025-07-24 14:06:40.281848
2025-07-24,47594,2025072404035840,UNHPL,Bhrikuti Stock Broking Co. Pvt. Ltd.,Trisul Securities & Invt. Ltd.,168,432.0,72576.0,2025-07-24 14:06:40.281944
2025-07-24,46996,2025072404036121,UNHPL,Sri Hari Securities Pvt. Ltd.,Investment Management Nepal Pvt. Ltd.,100,429.5,42950.0,2025-07-24 14:07:50.707674
2025-07-24,46883,2025072404036151,UNHPL,Sri Hari Securities Pvt. Ltd.,Himalayan Brokerage Company Limited,100,429.5,42950.0,2025-07-24 14:08:03.638889
2025-07-24,46882,2025072404036152,UNHPL,Capital Max Securities Ltd,Himalayan Brokerage Company Limited,400,429.0,171600.0,2025-07-24 14:08:03.639168
2025-07-24,45101,2025072404036685,UNHPL,Capital Max Securities Ltd,Naasa Securities Co. Ltd.,75,430.0,32250.0,2025-07-24 14:11:22.038254
2025-07-24,45100,2025072404036686,UNHPL,Capital Max Securities Ltd,Naasa Securities Co. Ltd.,125,430.0,53750.0,2025-07-24 14:11:22.038567
2025-07-24,44986,2025072404036739,UNHPL,Capital Max Securities Ltd,Naasa Securities Co. Ltd.,375,430.0,161250.0,2025-07-24 14:11:37.334917
2025-07-24,44985,2025072404036740,UNHPL,Capital Max Securities Ltd,Agrawal Securities (PVT) Ltd.,1000,430.0,430000.0,2025-07-24 14:11:37.335174
2025-07-24,44861,2025072404036761,UNHPL,Secured Securities Ltd.,Investment Management Nepal Pvt. Ltd.,100,431.0,43100.0,2025-07-24 14:11:53.552395
2025-07-24,44766,2025072404036786,UNHPL,Secured Securities Ltd.,Aakashbhairab Securities Ltd.,200,431.0,86200.0,2025-07-24 14:12:07.513502
2025-07-24,43994,2025072404037001,UNHPL,Dakshinkali Investment & Securities Pvt. Ltd.,Linch Stock Market Ltd.,500,431.0,215500.0,2025-07-24 14:13:32.512228
2025-07-24,43935,2025072404037019,UNHPL,Dakshinkali Investment & Securities Pvt. Ltd.,Linch Stock Market Ltd.,200,431.0,86200.0,2025-07-24 14:13:41.692879
2025-07-24,43721,2025072404037081,UNHPL,Citizens Share Broker Limited,Linch Stock Market Ltd.,100,431.0,43100.0,2025-07-24 14:14:02.671159
2025-07-24,43196,2025072404037236,UNHPL,Sumeru Securities Pvt. Ltd.,Linch Stock Market Ltd.,320,431.0,137920.0,2025-07-24 14:14:43.165215
2025-07-24,43195,2025072404037237,UNHPL,Sumeru Securities Pvt. Ltd.,Imperial Securities Company Pvt. Ltd.,14,431.0,6034.0,2025-07-24 14:14:43.165684
2025-07-24,43194,2025072404037238,UNHPL,Sumeru Securities Pvt. Ltd.,KALASH STOCK MARKET PVT. LTD.,66,431.0,28446.0,2025-07-24 14:14:43.165963
2025-07-24,43067,2025072404037246,UNHPL,Nepal Stock House (PVT) Ltd.,KALASH STOCK MARKET PVT. LTD.,34,431.0,14654.0,2025-07-24 14:14:49.271100
2025-07-24,43066,2025072404037247,UNHPL,Nepal Stock House (PVT) Ltd.,Trisul Securities & Invt. Ltd.,32,432.0,13824.0,2025-07-24 14:14:49.271426
2025-07-24,43065,2025072404037248,UNHPL,Nepal Stock House (PVT) Ltd.,Naasa Securities Co. Ltd.,50,432.0,21600.0,2025-07-24 14:14:49.271518
2025-07-24,42957,2025072404037277,UNHPL,Nepal Stock House (PVT) Ltd.,ABC Securities Private Limited,200,432.8,86560.0,2025-07-24 14:15:02.151679
2025-07-24,42842,2025072404037311,UNHPL,Nepal Stock House (PVT) Ltd.,Linch Stock Market Ltd.,100,432.8,43280.0,2025-07-24 14:15:14.337767
2025-07-24,42689,2025072404037362,UNHPL,Nepal Stock House (PVT) Ltd.,Deevyaa Securities & Stock House Pvt. Ltd,54,432.9,23376.6,2025-07-24 14:15:29.266279
2025-07-24,42208,2025072404037540,UNHPL,Bhrikuti Stock Broking Co. Pvt. Ltd.,Deevyaa Securities & Stock House Pvt. Ltd,46,432.9,19913.4,2025-07-24 14:16:15.847812
2025-07-24,42207,2025072404037541,UNHPL,Bhrikuti Stock Broking Co. Pvt. Ltd.,SHUBHAKAMANA SECURITIES PVT. LTD,500,432.9,216450.0,2025-07-24 14:16:15.848063
2025-07-24,42206,2025072404037542,UNHPL,Bhrikuti Stock Broking Co. Pvt. Ltd.,Naasa Securities Co. Ltd.,640,432.9,277056.0,2025-07-24 14:16:15.848155
2025-07-24,42205,2025072404037543,UNHPL,Bhrikuti Stock Broking Co. Pvt. Ltd.,Bhrikuti Stock Broking Co. Pvt. Ltd.,100,433.0,43300.0,2025-07-24 14:16:15.848246
2025-07-24,42204,2025072404037544,UNHPL,Bhrikuti Stock Broking Co. Pvt. Ltd.,Capital Max Securities Ltd,100,433.0,43300.0,2025-07-24 14:16:15.848344
2025-07-24,42203,2025072404037545,UNHPL,Bhrikuti Stock Broking Co. Pvt. Ltd.,Cristal Kanchanjanga Securites Pvt. Ltd.,100,433.0,43300.0,2025-07-24 14:16:15.848432
2025-07-24,42202,2025072404037546,UNHPL,Bhrikuti Stock Broking Co. Pvt. Ltd.,Aryatara Investment & Securities,14,433.0,6062.0,2025-07-24 14:16:15.848517
2025-07-24,41942,2025072404037607,UNHPL,Nepal Stock House (PVT) Ltd.,Aryatara Investment & Securities,36,433.0,15588.0,2025-07-24 14:16:30.805759
2025-07-24,41941,2025072404037608,UNHPL,Nepal Stock House (PVT) Ltd.,Sumeru Securities Pvt. Ltd.,70,433.0,30310.0,2025-07-24 14:16:30.806045
2025-07-24,41940,2025072404037609,UNHPL,Nepal Stock House (PVT) Ltd.,Dynamic Money Managers Securities Pvt. Ltd.,15,433.0,6495.0,2025-07-24 14:16:30.806231
2025-07-24,41939,2025072404037610,UNHPL,Nepal Stock House (PVT) Ltd.,Elite Stock House Limited,59,433.0,25547.0,2025-07-24 14:16:30.806405
2025-07-24,41425,2025072404037750,UNHPL,Nepal Stock House (PVT) Ltd.,Elite Stock House Limited,440,433.0,190520.0,2025-07-24 14:17:21.015096
2025-07-24,40461,2025072404038072,UNHPL,Sri Hari Securities Pvt. Ltd.,KALASH STOCK MARKET PVT. LTD.,100,433.0,43300.0,2025-07-24 14:18:49.109299
2025-07-24,39843,2025072404038257,UNHPL,Midas Stock Broking Company Private Limited,Investment Management Nepal Pvt. Ltd.,100,433.0,43300.0,2025-07-24 14:19:39.309784
2025-07-24,39771,2025072404038283,UNHPL,Sri Hari Securities Pvt. Ltd.,Thrive Brokerage House Pvt. Ltd,50,433.0,21650.0,2025-07-24 14:19:45.985577
2025-07-24,39733,2025072404038296,UNHPL,Oxford Securities Pvt. Ltd.,South Asian Bulls Pvt. Ltd.,30,433.4,13002.0,2025-07-24 14:19:50.782305
2025-07-24,39732,2025072404038297,UNHPL,Oxford Securities Pvt. Ltd.,KALASH STOCK MARKET PVT. LTD.,100,433.4,43340.0,2025-07-24 14:19:50.782793
2025-07-24,39731,2025072404038298,UNHPL,Oxford Securities Pvt. Ltd.,Aryatara Investment & Securities,470,433.5,203745.0,2025-07-24 14:19:50.783071
2025-07-24,39707,2025072404038309,UNHPL,Sri Hari Securities Pvt. Ltd.,Investment Management Nepal Pvt. Ltd.,100,433.0,43300.0,2025-07-24 14:19:52.422232
2025-07-24,37343,2025072404039279,UNHPL,Dakshinkali Investment & Securities Pvt. Ltd.,Aryatara Investment & Securities,30,433.5,13005.0,2025-07-24 14:23:12.560396
2025-07-24,37169,2025072404039332,UNHPL,Premier Securities Company Ltd.,South Asian Bulls Pvt. Ltd.,25,434.0,10850.0,2025-07-24 14:23:28.844218
2025-07-24,37168,2025072404039333,UNHPL,Premier Securities Company Ltd.,KALASH STOCK MARKET PVT. LTD.,100,434.0,43400.0,2025-07-24 14:23:28.844480
2025-07-24,37167,2025072404039334,UNHPL,Premier Securities Company Ltd.,Capital Max Securities Ltd,75,434.0,32550.0,2025-07-24 14:23:28.844587
2025-07-24,37061,2025072404039365,UNHPL,Midas Stock Broking Company Private Limited,Capital Max Securities Ltd,25,434.0,10850.0,2025-07-24 14:23:36.307938
2025-07-24,37060,2025072404039366,UNHPL,Midas Stock Broking Company Private Limited,Primo Securities (PVT) Ltd.,10,434.0,4340.0,2025-07-24 14:23:36.308210
2025-07-24,37059,2025072404039367,UNHPL,Midas Stock Broking Company Private Limited,Kumari Securities Private Limited,200,434.0,86800.0,2025-07-24 14:23:36.308308
2025-07-24,37058,2025072404039368,UNHPL,Midas Stock Broking Company Private Limited,Trisul Securities & Invt. Ltd.,730,434.0,316820.0,2025-07-24 14:23:36.308409
2025-07-24,36948,2025072404039408,UNHPL,Aakashbhairab Securities Ltd.,Trisul Securities & Invt. Ltd.,270,434.0,117180.0,2025-07-24 14:23:48.517209
2025-07-24,36548,2025072404039539,UNHPL,Sundhara Securities Limited,Aryatara Investment & Securities,20,434.4,8688.0,2025-07-24 14:24:25.372135
2025-07-24,36491,2025072404039550,UNHPL,Aakashbhairab Securities Ltd.,Thrive Brokerage House Pvt. Ltd,730,434.0,316820.0,2025-07-24 14:24:31.551086
2025-07-24,36406,2025072404039574,UNHPL,Dakshinkali Investment & Securities Pvt. Ltd.,Thrive Brokerage House Pvt. Ltd,100,433.5,43350.0,2025-07-24 14:24:37.948385
2025-07-24,36367,2025072404039582,UNHPL,Sani Securities Company Ltd.,Thrive Brokerage House Pvt. Ltd,270,434.0,117180.0,2025-07-24 14:24:41.056280
2025-07-24,36366,2025072404039583,UNHPL,Sani Securities Company Ltd.,Deevyaa Securities & Stock House Pvt. Ltd,200,434.5,86900.0,2025-07-24 14:24:41.056359
2025-07-24,36365,2025072404039584,UNHPL,Sani Securities Company Ltd.,Thrive Brokerage House Pvt. Ltd,530,434.5,230285.0,2025-07-24 14:24:41.056388
2025-07-24,36174,2025072404039627,UNHPL,Nepal Stock House (PVT) Ltd.,Kumari Securities Private Limited,50,434.4,21720.0,2025-07-24 14:24:59.267798
2025-07-24,36173,2025072404039628,UNHPL,Nepal Stock House (PVT) Ltd.,Thrive Brokerage House Pvt. Ltd,70,434.5,30415.0,2025-07-24 14:24:59.268093
2025-07-24,36172,2025072404039629,UNHPL,Nepal Stock House (PVT) Ltd.,Arun Securities (PVT) Ltd.,40,434.5,17380.0,2025-07-24 14:24:59.268184
2025-07-24,36171,2025072404039630,UNHPL,Nepal Stock House (PVT) Ltd.,Global IME Securities Limited,340,434.8,147832.0,2025-07-24 14:24:59.268272
2025-07-24,36085,2025072404039656,UNHPL,Nepal Stock House (PVT) Ltd.,Dipshikha Dhitopatra Karobar Co. Pvt Ltd.,300,434.0,130200.0,2025-07-24 14:25:08.718280
2025-07-24,35968,2025072404039671,UNHPL,Dakshinkali Investment & Securities Pvt. Ltd.,Sani Securities Company Ltd.,70,433.5,30345.0,2025-07-24 14:25:19.875509
2025-07-24,35967,2025072404039672,UNHPL,Citizens Share Broker Limited,Sani Securities Company Ltd.,50,433.0,21650.0,2025-07-24 14:25:19.875864
2025-07-24,35966,2025072404039673,UNHPL,Nepal Investment And Securities Trading Private Limited,Sani Securities Company Ltd.,930,433.0,402690.0,2025-07-24 14:25:19.876007
2025-07-24,35957,2025072404039679,UNHPL,Nepal Investment And Securities Trading Private Limited,Investment Management Nepal Pvt. Ltd.,70,433.0,30310.0,2025-07-24 14:25:21.024339
2025-07-24,35925,2025072404039695,UNHPL,Kohinoor Investment & Securities Pvt. Ltd.,Investment Management Nepal Pvt. Ltd.,30,433.0,12990.0,2025-07-24 14:25:24.840511
2025-07-24,35924,2025072404039696,UNHPL,Kohinoor Investment & Securities Pvt. Ltd.,Dipshikha Dhitopatra Karobar Co. Pvt Ltd.,13,434.0,5642.0,2025-07-24 14:25:24.840933
2025-07-24,35384,2025072404039824,UNHPL,Oxford Securities Pvt. Ltd.,Dipshikha Dhitopatra Karobar Co. Pvt Ltd.,30,434.0,13020.0,2025-07-24 14:26:21.508757
2025-07-24,34936,2025072404039959,UNHPL,Pragyan Securities (PVT) Ltd.,Thrive Brokerage House Pvt. Ltd,7,428.0,2996.0,2025-07-24 14:27:11.839963
2025-07-24,34724,2025072404040031,UNHPL,Creative Securities Pvt Ltd,Aakashbhairab Securities Ltd.,100,432.0,43200.0,2025-07-24 14:27:31.360759
2025-07-24,34723,2025072404040032,UNHPL,Naasa Securities Co. Ltd.,Aakashbhairab Securities Ltd.,900,431.9,388710.0,2025-07-24 14:27:31.361011
2025-07-24,34050,2025072404040240,UNHPL,Naasa Securities Co. Ltd.,Cristal Kanchanjanga Securites Pvt. Ltd.,100,431.9,43190.0,2025-07-24 14:28:28.584006
2025-07-24,33846,2025072404040295,UNHPL,SHUBHAKAMANA SECURITIES PVT. LTD,Cristal Kanchanjanga Securites Pvt. Ltd.,400,431.9,172760.0,2025-07-24 14:28:47.803976
2025-07-24,33455,2025072404040380,UNHPL,SHUBHAKAMANA SECURITIES PVT. LTD,Sri Hari Securities Pvt. Ltd.,237,431.9,102360.3,2025-07-24 14:29:20.307363
2025-07-24,33454,2025072404040381,UNHPL,Nabil Stock Dealer Ltd.,Sri Hari Securities Pvt. Ltd.,10,431.8,4318.0,2025-07-24 14:29:20.307619
2025-07-24,33453,2025072404040382,UNHPL,Sani Securities Company Ltd.,Sri Hari Securities Pvt. Ltd.,300,431.8,129540.0,2025-07-24 14:29:20.307718
2025-07-24,33452,2025072404040383,UNHPL,Nagarik Stock Dealer ,Sri Hari Securities Pvt. Ltd.,400,431.7,172680.0,2025-07-24 14:29:20.307812
