contract_id,symbol,buyer_member_id,seller_member_id,volume,price,amount,buyer_broker,seller_broker,transaction_time
2026042004000093,AHPC,58,62,30,295.0,8850.0,Naasa Securities Co. Ltd.,Capital Max Securities Ltd,2026-04-20 11:00:39.309478
2026042004000179,AHPC,40,22,143,290.1,41484.3,Creative Securities Pvt Ltd,Siprabi Securities Pvt. Ltd.,2026-04-20 11:02:07.175784
2026042004000180,AHPC,52,21,100,293.0,29300.0,Sundhara Securities Limited,Midas Stock Broking Company Private Limited,2026-04-20 11:02:13.164575
2026042004000197,AHPC,50,21,230,293.0,67390.0,Cristal Kanchanjanga Securites Pvt. Ltd.,Midas Stock Broking Company Private Limited,2026-04-20 11:02:33.271874
2026042004000226,AHPC,58,45,10,294.5,2945.0,Naasa Securities Co. Ltd.,Imperial Securities Company Pvt. Ltd.,2026-04-20 11:03:04.730951
2026042004000309,AHPC,50,42,150,293.0,43950.0,Cristal Kanchanjanga Securites Pvt. Ltd.,Sani Securities Company Ltd.,2026-04-20 11:04:44.528926
2026042004000342,AHPC,50,58,100,293.0,29300.0,Cristal Kanchanjanga Securites Pvt. Ltd.,Naasa Securities Co. Ltd.,2026-04-20 11:05:24.799466
2026042004000344,AHPC,50,35,40,293.0,11720.0,Cristal Kanchanjanga Securites Pvt. Ltd.,Kohinoor Investment & Securities Pvt. Ltd.,2026-04-20 11:05:25.623411
2026042004000368,AHPC,63,35,20,293.0,5860.0,Himalayan Brokerage Company Limited,Kohinoor Investment & Securities Pvt. Ltd.,2026-04-20 11:05:55.389513
2026042004000809,AHPC,40,46,30,290.1,8703.0,Creative Securities Pvt Ltd,Kalika Securities Pvt. Ltd.,2026-04-20 11:10:35.466859
2026042004000900,AHPC,40,100,827,290.1,239912.7,Creative Securities Pvt Ltd,Sunrise Securities Limited,2026-04-20 11:11:52.825525
2026042004000901,AHPC,54,100,73,290.1,21177.3,Sewa Securities Pvt. Ltd.,Sunrise Securities Limited,2026-04-20 11:11:52.825570
2026042004001152,AHPC,54,62,70,290.1,20307.0,Sewa Securities Pvt. Ltd.,Capital Max Securities Ltd,2026-04-20 11:14:27.808784
2026042004001163,AHPC,58,62,70,289.2,20244.0,Naasa Securities Co. Ltd.,Capital Max Securities Ltd,2026-04-20 11:14:33.117967
2026042004001247,AHPC,58,58,19,290.1,5511.9,Naasa Securities Co. Ltd.,Naasa Securities Co. Ltd.,2026-04-20 11:15:44.948741
2026042004001294,AHPC,66,34,12,290.0,3480.0,Miyo Securities Pvt Ltd,Vision Securities Pvt. Ltd,2026-04-20 11:16:18.646400
2026042004001295,AHPC,40,34,188,290.0,54520.0,Creative Securities Pvt Ltd,Vision Securities Pvt. Ltd,2026-04-20 11:16:19.127598
2026042004001296,AHPC,40,58,31,290.1,8993.1,Creative Securities Pvt Ltd,Naasa Securities Co. Ltd.,2026-04-20 11:16:19.127746
2026042004001297,AHPC,40,35,40,290.1,11604.0,Creative Securities Pvt Ltd,Kohinoor Investment & Securities Pvt. Ltd.,2026-04-20 11:16:19.127819
2026042004001344,AHPC,41,33,105,290.2,30471.0,Linch Stock Market Ltd.,Dakshinkali Investment & Securities Pvt. Ltd.,2026-04-20 11:17:11.007768
2026042004001345,AHPC,40,33,741,290.1,214964.1,Creative Securities Pvt Ltd,Dakshinkali Investment & Securities Pvt. Ltd.,2026-04-20 11:17:11.007934
2026042004001378,AHPC,44,100,700,289.2,202440.0,Dynamic Money Managers Securities Pvt. Ltd.,Sunrise Securities Limited,2026-04-20 11:17:32.798082
2026042004001389,AHPC,44,1,24,289.2,6940.8,Dynamic Money Managers Securities Pvt. Ltd.,Kumari Securities Private Limited,2026-04-20 11:17:43.058247
2026042004001465,AHPC,52,33,100,290.0,29000.0,Sundhara Securities Limited,Dakshinkali Investment & Securities Pvt. Ltd.,2026-04-20 11:17:54.554373
2026042004001515,AHPC,44,33,50,289.2,14460.0,Dynamic Money Managers Securities Pvt. Ltd.,Dakshinkali Investment & Securities Pvt. Ltd.,2026-04-20 11:18:06.311124
2026042004001651,AHPC,1,33,200,290.0,58000.0,Kumari Securities Private Limited,Dakshinkali Investment & Securities Pvt. Ltd.,2026-04-20 11:19:52.464524
2026042004001702,AHPC,7,32,30,289.3,8679.0,J.F. Securites (PVT) Ltd.,Premier Securities Company Ltd.,2026-04-20 11:20:43.417605
2026042004001713,AHPC,41,33,47,290.0,13630.0,Linch Stock Market Ltd.,Dakshinkali Investment & Securities Pvt. Ltd.,2026-04-20 11:20:57.004264
2026042004001714,AHPC,41,8,453,290.0,131370.0,Linch Stock Market Ltd.,Brilliant Securities Pvt. Ltd.,2026-04-20 11:20:57.004484
2026042004001753,AHPC,45,8,100,290.0,29000.0,Imperial Securities Company Pvt. Ltd.,Brilliant Securities Pvt. Ltd.,2026-04-20 11:21:39.180467
2026042004001776,AHPC,7,52,919,289.3,265866.7,J.F. Securites (PVT) Ltd.,Sundhara Securities Limited,2026-04-20 11:22:06.618924
2026042004001793,AHPC,7,22,17,289.3,4918.1,J.F. Securites (PVT) Ltd.,Siprabi Securities Pvt. Ltd.,2026-04-20 11:22:28.099445
2026042004001864,AHPC,44,8,36,290.0,10440.0,Dynamic Money Managers Securities Pvt. Ltd.,Brilliant Securities Pvt. Ltd.,2026-04-20 11:23:27.536165
2026042004001913,AHPC,50,8,411,290.0,119190.0,Cristal Kanchanjanga Securites Pvt. Ltd.,Brilliant Securities Pvt. Ltd.,2026-04-20 11:24:06.510670
2026042004001914,AHPC,50,74,400,290.0,116000.0,Cristal Kanchanjanga Securites Pvt. Ltd.,KALASH STOCK MARKET PVT. LTD.,2026-04-20 11:24:06.510814
2026042004001924,AHPC,58,50,10,292.0,2920.0,Naasa Securities Co. Ltd.,Cristal Kanchanjanga Securites Pvt. Ltd.,2026-04-20 11:24:22.449801
2026042004002266,AHPC,39,50,200,292.0,58400.0,Sumeru Securities Pvt. Ltd.,Cristal Kanchanjanga Securites Pvt. Ltd.,2026-04-20 11:28:56.861607
2026042004002512,AHPC,42,49,10,291.0,2910.0,Sani Securities Company Ltd.,Online Securities Pvt. Ltd.,2026-04-20 11:33:06.013911
2026042004002513,AHPC,40,49,300,290.2,87060.0,Creative Securities Pvt Ltd,Online Securities Pvt. Ltd.,2026-04-20 11:33:06.014097
2026042004002514,AHPC,39,49,500,290.1,145050.0,Sumeru Securities Pvt. Ltd.,Online Securities Pvt. Ltd.,2026-04-20 11:33:06.014176
2026042004002515,AHPC,50,49,189,290.0,54810.0,Cristal Kanchanjanga Securites Pvt. Ltd.,Online Securities Pvt. Ltd.,2026-04-20 11:33:06.014249
2026042004002516,AHPC,57,49,77,290.0,22330.0,Aryatara Investment & Securities,Online Securities Pvt. Ltd.,2026-04-20 11:33:06.014338
2026042004002517,AHPC,42,49,10,290.0,2900.0,Sani Securities Company Ltd.,Online Securities Pvt. Ltd.,2026-04-20 11:33:06.014423
2026042004002518,AHPC,8,49,16,290.0,4640.0,Brilliant Securities Pvt. Ltd.,Online Securities Pvt. Ltd.,2026-04-20 11:33:06.014511
2026042004002861,AHPC,42,42,155,289.6,44888.0,Sani Securities Company Ltd.,Sani Securities Company Ltd.,2026-04-20 11:36:11.419487
2026042004002862,AHPC,51,42,200,289.6,57920.0,Oxford Securities Pvt. Ltd.,Sani Securities Company Ltd.,2026-04-20 11:36:11.419720
2026042004002863,AHPC,51,42,200,289.5,57900.0,Oxford Securities Pvt. Ltd.,Sani Securities Company Ltd.,2026-04-20 11:36:11.419803
2026042004002864,AHPC,43,42,745,289.4,215603.0,South Asian Bulls Pvt. Ltd.,Sani Securities Company Ltd.,2026-04-20 11:36:11.419891
2026042004003010,AHPC,43,57,155,289.4,44857.0,South Asian Bulls Pvt. Ltd.,Aryatara Investment & Securities,2026-04-20 11:37:19.297878
2026042004003011,AHPC,7,57,34,289.3,9836.2,J.F. Securites (PVT) Ltd.,Aryatara Investment & Securities,2026-04-20 11:37:19.298128
2026042004003012,AHPC,54,57,1000,289.3,289300.0,Sewa Securities Pvt. Ltd.,Aryatara Investment & Securities,2026-04-20 11:37:19.298221
2026042004003042,AHPC,44,49,226,289.2,65359.2,Dynamic Money Managers Securities Pvt. Ltd.,Online Securities Pvt. Ltd.,2026-04-20 11:37:51.692249
2026042004003043,AHPC,14,49,200,289.1,57820.0,Nepal Stock House (PVT) Ltd.,Online Securities Pvt. Ltd.,2026-04-20 11:37:51.692470
2026042004003044,AHPC,11,49,100,289.0,28900.0,Malla & Malla Stock Broking Company Pvt. Limited,Online Securities Pvt. Ltd.,2026-04-20 11:37:51.692548
2026042004003045,AHPC,33,49,1000,289.0,289000.0,Dakshinkali Investment & Securities Pvt. Ltd.,Online Securities Pvt. Ltd.,2026-04-20 11:37:51.692631
2026042004003046,AHPC,25,49,100,289.0,28900.0,Sweta Securities Private Limited,Online Securities Pvt. Ltd.,2026-04-20 11:37:51.692705
2026042004003047,AHPC,51,49,100,289.0,28900.0,Oxford Securities Pvt. Ltd.,Online Securities Pvt. Ltd.,2026-04-20 11:37:51.692776
2026042004003048,AHPC,51,49,200,289.0,57800.0,Oxford Securities Pvt. Ltd.,Online Securities Pvt. Ltd.,2026-04-20 11:37:51.692849
2026042004003049,AHPC,57,49,250,289.0,72250.0,Aryatara Investment & Securities,Online Securities Pvt. Ltd.,2026-04-20 11:37:51.692934
2026042004003050,AHPC,45,49,200,289.0,57800.0,Imperial Securities Company Pvt. Ltd.,Online Securities Pvt. Ltd.,2026-04-20 11:37:51.693006
2026042004003051,AHPC,42,49,10,289.0,2890.0,Sani Securities Company Ltd.,Online Securities Pvt. Ltd.,2026-04-20 11:37:51.693077
2026042004003052,AHPC,13,49,200,289.0,57800.0,Thrive Brokerage House Pvt. Ltd,Online Securities Pvt. Ltd.,2026-04-20 11:37:51.693149
2026042004003374,AHPC,52,35,56,288.2,16139.2,Sundhara Securities Limited,Kohinoor Investment & Securities Pvt. Ltd.,2026-04-20 11:42:19.073158
2026042004003416,AHPC,52,57,144,288.2,41500.8,Sundhara Securities Limited,Aryatara Investment & Securities,2026-04-20 11:42:47.061085
2026042004003417,AHPC,44,57,500,288.2,144100.0,Dynamic Money Managers Securities Pvt. Ltd.,Aryatara Investment & Securities,2026-04-20 11:42:47.061468
2026042004003418,AHPC,42,57,100,288.2,28820.0,Sani Securities Company Ltd.,Aryatara Investment & Securities,2026-04-20 11:42:47.061707
2026042004003419,AHPC,7,57,200,288.1,57620.0,J.F. Securites (PVT) Ltd.,Aryatara Investment & Securities,2026-04-20 11:42:47.061941
2026042004003420,AHPC,38,57,56,288.1,16133.6,Dipshikha Dhitopatra Karobar Co. Pvt Ltd.,Aryatara Investment & Securities,2026-04-20 11:42:47.062183
2026042004003448,AHPC,38,58,241,288.1,69432.1,Dipshikha Dhitopatra Karobar Co. Pvt Ltd.,Naasa Securities Co. Ltd.,2026-04-20 11:42:58.922769
2026042004003450,AHPC,38,57,203,288.1,58484.3,Dipshikha Dhitopatra Karobar Co. Pvt Ltd.,Aryatara Investment & Securities,2026-04-20 11:43:00.431391
2026042004003451,AHPC,57,57,240,288.0,69120.0,Aryatara Investment & Securities,Aryatara Investment & Securities,2026-04-20 11:43:00.431560
2026042004003452,AHPC,33,57,557,288.0,160416.0,Dakshinkali Investment & Securities Pvt. Ltd.,Aryatara Investment & Securities,2026-04-20 11:43:00.431637
2026042004003455,AHPC,33,7,22,288.0,6336.0,Dakshinkali Investment & Securities Pvt. Ltd.,J.F. Securites (PVT) Ltd.,2026-04-20 11:43:04.125107
2026042004003489,AHPC,33,57,921,288.0,265248.0,Dakshinkali Investment & Securities Pvt. Ltd.,Aryatara Investment & Securities,2026-04-20 11:43:32.226269
2026042004003490,AHPC,33,57,79,288.0,22752.0,Dakshinkali Investment & Securities Pvt. Ltd.,Aryatara Investment & Securities,2026-04-20 11:43:32.226577
2026042004003515,AHPC,33,1,1000,288.0,288000.0,Dakshinkali Investment & Securities Pvt. Ltd.,Kumari Securities Private Limited,2026-04-20 11:43:41.327153
2026042004003517,AHPC,58,49,100,289.0,28900.0,Naasa Securities Co. Ltd.,Online Securities Pvt. Ltd.,2026-04-20 11:43:41.715131
2026042004003519,AHPC,33,57,421,288.0,121248.0,Dakshinkali Investment & Securities Pvt. Ltd.,Aryatara Investment & Securities,2026-04-20 11:43:45.520660
2026042004003520,AHPC,33,57,180,288.0,51840.0,Dakshinkali Investment & Securities Pvt. Ltd.,Aryatara Investment & Securities,2026-04-20 11:43:45.520867
2026042004003521,AHPC,48,57,399,288.0,114912.0,Trishakti Securities Public Limited,Aryatara Investment & Securities,2026-04-20 11:43:45.520945
2026042004003652,AHPC,48,58,10,288.0,2880.0,Trishakti Securities Public Limited,Naasa Securities Co. Ltd.,2026-04-20 11:45:05.793407
2026042004003725,AHPC,48,49,591,288.0,170208.0,Trishakti Securities Public Limited,Online Securities Pvt. Ltd.,2026-04-20 11:46:00.701494
2026042004003726,AHPC,14,49,909,288.0,261792.0,Nepal Stock House (PVT) Ltd.,Online Securities Pvt. Ltd.,2026-04-20 11:46:00.701689
2026042004003731,AHPC,14,57,100,288.0,28800.0,Nepal Stock House (PVT) Ltd.,Aryatara Investment & Securities,2026-04-20 11:46:06.618029
2026042004003751,AHPC,14,49,3991,288.0,1149408.0,Nepal Stock House (PVT) Ltd.,Online Securities Pvt. Ltd.,2026-04-20 11:46:21.114804
2026042004003752,AHPC,57,49,150,288.0,43200.0,Aryatara Investment & Securities,Online Securities Pvt. Ltd.,2026-04-20 11:46:21.115180
2026042004003753,AHPC,58,49,10,288.0,2880.0,Naasa Securities Co. Ltd.,Online Securities Pvt. Ltd.,2026-04-20 11:46:21.115504
2026042004003754,AHPC,51,49,60,288.0,17280.0,Oxford Securities Pvt. Ltd.,Online Securities Pvt. Ltd.,2026-04-20 11:46:21.115748
2026042004003773,AHPC,58,49,20,288.0,5760.0,Naasa Securities Co. Ltd.,Online Securities Pvt. Ltd.,2026-04-20 11:46:29.797457
2026042004003817,AHPC,44,58,20,287.3,5746.0,Dynamic Money Managers Securities Pvt. Ltd.,Naasa Securities Co. Ltd.,2026-04-20 11:47:13.452258
2026042004003873,AHPC,44,49,200,287.3,57460.0,Dynamic Money Managers Securities Pvt. Ltd.,Online Securities Pvt. Ltd.,2026-04-20 11:47:51.896907
2026042004003954,AHPC,44,44,315,287.3,90499.5,Dynamic Money Managers Securities Pvt. Ltd.,Dynamic Money Managers Securities Pvt. Ltd.,2026-04-20 11:48:56.040554
2026042004004100,AHPC,39,81,100,287.9,28790.0,Sumeru Securities Pvt. Ltd.,Aakashbhairab Securities Ltd.,2026-04-20 11:50:23.259679
2026042004004142,AHPC,44,38,465,287.3,133594.5,Dynamic Money Managers Securities Pvt. Ltd.,Dipshikha Dhitopatra Karobar Co. Pvt Ltd.,2026-04-20 11:50:46.476084
2026042004004143,AHPC,48,38,435,287.3,124975.5,Trishakti Securities Public Limited,Dipshikha Dhitopatra Karobar Co. Pvt Ltd.,2026-04-20 11:50:46.476297
2026042004004144,AHPC,42,38,100,287.1,28710.0,Sani Securities Company Ltd.,Dipshikha Dhitopatra Karobar Co. Pvt Ltd.,2026-04-20 11:50:46.476401
2026042004004203,AHPC,41,81,50,287.9,14395.0,Linch Stock Market Ltd.,Aakashbhairab Securities Ltd.,2026-04-20 11:51:16.199810
2026042004004213,AHPC,49,57,15,287.0,4305.0,Online Securities Pvt. Ltd.,Aryatara Investment & Securities,2026-04-20 11:51:24.971722
2026042004004261,AHPC,42,1,200,287.1,57420.0,Sani Securities Company Ltd.,Kumari Securities Private Limited,2026-04-20 11:52:10.319446
2026042004004323,AHPC,42,58,10,287.5,2875.0,Sani Securities Company Ltd.,Naasa Securities Co. Ltd.,2026-04-20 11:52:46.248015
2026042004004324,AHPC,42,58,10,287.2,2872.0,Sani Securities Company Ltd.,Naasa Securities Co. Ltd.,2026-04-20 11:52:46.248252
2026042004004325,AHPC,49,58,174,287.1,49955.4,Online Securities Pvt. Ltd.,Naasa Securities Co. Ltd.,2026-04-20 11:52:46.248352
2026042004004373,AHPC,49,58,20,287.1,5742.0,Online Securities Pvt. Ltd.,Naasa Securities Co. Ltd.,2026-04-20 11:53:07.819226
2026042004004511,AHPC,32,49,764,288.0,220032.0,Premier Securities Company Ltd.,Online Securities Pvt. Ltd.,2026-04-20 11:54:40.394477
2026042004004698,AHPC,58,62,11,287.8,3165.8,Naasa Securities Co. Ltd.,Capital Max Securities Ltd,2026-04-20 11:57:13.524364
2026042004004742,AHPC,50,32,56,287.3,16088.8,Cristal Kanchanjanga Securites Pvt. Ltd.,Premier Securities Company Ltd.,2026-04-20 11:57:35.140304
2026042004004743,AHPC,45,32,250,287.2,71800.0,Imperial Securities Company Pvt. Ltd.,Premier Securities Company Ltd.,2026-04-20 11:57:35.140532
2026042004004744,AHPC,49,32,56,287.1,16077.6,Online Securities Pvt. Ltd.,Premier Securities Company Ltd.,2026-04-20 11:57:35.140623
2026042004004745,AHPC,49,32,250,287.1,71775.0,Online Securities Pvt. Ltd.,Premier Securities Company Ltd.,2026-04-20 11:57:35.140714
2026042004004746,AHPC,49,32,985,287.0,282695.0,Online Securities Pvt. Ltd.,Premier Securities Company Ltd.,2026-04-20 11:57:35.140804
2026042004004747,AHPC,51,32,500,287.0,143500.0,Oxford Securities Pvt. Ltd.,Premier Securities Company Ltd.,2026-04-20 11:57:35.140903
2026042004004748,AHPC,38,32,50,287.0,14350.0,Dipshikha Dhitopatra Karobar Co. Pvt Ltd.,Premier Securities Company Ltd.,2026-04-20 11:57:35.140992
2026042004004749,AHPC,54,32,1000,287.0,287000.0,Sewa Securities Pvt. Ltd.,Premier Securities Company Ltd.,2026-04-20 11:57:35.141080
2026042004004750,AHPC,51,32,100,287.0,28700.0,Oxford Securities Pvt. Ltd.,Premier Securities Company Ltd.,2026-04-20 11:57:35.141171
2026042004004751,AHPC,58,32,10,287.0,2870.0,Naasa Securities Co. Ltd.,Premier Securities Company Ltd.,2026-04-20 11:57:35.141257
2026042004004752,AHPC,72,32,743,287.0,213241.0,Hatemalo Financial Services Private Limited,Premier Securities Company Ltd.,2026-04-20 11:57:35.141348
2026042004004970,AHPC,84,59,156,287.1,44787.6,MILKY WAY SHARE BROKER COMPANY LTD ,Deevyaa Securities & Stock House Pvt. Ltd,2026-04-20 12:00:07.826543
2026042004005074,AHPC,84,49,15,287.1,4306.5,MILKY WAY SHARE BROKER COMPANY LTD ,Online Securities Pvt. Ltd.,2026-04-20 12:01:44.823439
2026042004005237,AHPC,84,33,255,287.1,73210.5,MILKY WAY SHARE BROKER COMPANY LTD ,Dakshinkali Investment & Securities Pvt. Ltd.,2026-04-20 12:04:06.481253
2026042004005286,AHPC,84,42,74,287.1,21245.4,MILKY WAY SHARE BROKER COMPANY LTD ,Sani Securities Company Ltd.,2026-04-20 12:05:06.038730
2026042004005287,AHPC,42,42,100,287.1,28710.0,Sani Securities Company Ltd.,Sani Securities Company Ltd.,2026-04-20 12:05:06.038988
2026042004005288,AHPC,72,42,257,287.0,73759.0,Hatemalo Financial Services Private Limited,Sani Securities Company Ltd.,2026-04-20 12:05:06.039082
2026042004005289,AHPC,50,42,50,287.0,14350.0,Cristal Kanchanjanga Securites Pvt. Ltd.,Sani Securities Company Ltd.,2026-04-20 12:05:06.039177
2026042004005290,AHPC,77,42,94,287.0,26978.0,Nabil Stock Dealer Ltd.,Sani Securities Company Ltd.,2026-04-20 12:05:06.039267
2026042004005421,AHPC,48,62,100,287.1,28710.0,Trishakti Securities Public Limited,Capital Max Securities Ltd,2026-04-20 12:07:30.844195
2026042004005422,AHPC,45,62,1000,287.0,287000.0,Imperial Securities Company Pvt. Ltd.,Capital Max Securities Ltd,2026-04-20 12:07:30.844684
2026042004005423,AHPC,42,62,10,287.0,2870.0,Sani Securities Company Ltd.,Capital Max Securities Ltd,2026-04-20 12:07:30.844957
2026042004005424,AHPC,11,62,100,287.0,28700.0,Malla & Malla Stock Broking Company Pvt. Limited,Capital Max Securities Ltd,2026-04-20 12:07:30.845218
2026042004005425,AHPC,8,62,300,287.0,86100.0,Brilliant Securities Pvt. Ltd.,Capital Max Securities Ltd,2026-04-20 12:07:30.845501
2026042004005426,AHPC,48,62,50,287.0,14350.0,Trishakti Securities Public Limited,Capital Max Securities Ltd,2026-04-20 12:07:30.845763
2026042004005430,AHPC,3,62,300,287.0,86100.0,Arun Securities (PVT) Ltd.,Capital Max Securities Ltd,2026-04-20 12:07:38.335818
2026042004005487,AHPC,21,6,8,278.5,2228.0,Midas Stock Broking Company Private Limited,Agrawal Securities (PVT) Ltd.,2026-04-20 12:08:26.893235
2026042004005527,AHPC,35,62,100,287.0,28700.0,Kohinoor Investment & Securities Pvt. Ltd.,Capital Max Securities Ltd,2026-04-20 12:09:24.863062
2026042004005540,AHPC,58,62,400,287.0,114800.0,Naasa Securities Co. Ltd.,Capital Max Securities Ltd,2026-04-20 12:09:43.439021
2026042004005631,AHPC,32,62,1500,287.0,430500.0,Premier Securities Company Ltd.,Capital Max Securities Ltd,2026-04-20 12:11:25.805135
2026042004005639,AHPC,17,62,200,287.0,57400.0,ABC Securities Private Limited,Capital Max Securities Ltd,2026-04-20 12:11:38.740769
2026042004005731,AHPC,85,62,1000,287.0,287000.0,Capital Hub P. Ltd,Capital Max Securities Ltd,2026-04-20 12:12:34.585472
2026042004005823,AHPC,58,62,100,287.0,28700.0,Naasa Securities Co. Ltd.,Capital Max Securities Ltd,2026-04-20 12:13:57.804103
2026042004005841,AHPC,52,62,4829,287.0,1385923.0,Sundhara Securities Limited,Capital Max Securities Ltd,2026-04-20 12:14:11.030871
2026042004005842,AHPC,52,19,2100,287.0,602700.0,Sundhara Securities Limited,Nepal Investment And Securities Trading Private Limited,2026-04-20 12:14:11.031188
2026042004005845,AHPC,52,4,100,287.0,28700.0,Sundhara Securities Limited,Opal Securities Investment (PVT) Ltd.,2026-04-20 12:14:12.937269
2026042004005866,AHPC,21,14,3,285.0,855.0,Midas Stock Broking Company Private Limited,Nepal Stock House (PVT) Ltd.,2026-04-20 12:14:43.946146
2026042004005876,AHPC,42,34,13,287.0,3731.0,Sani Securities Company Ltd.,Vision Securities Pvt. Ltd,2026-04-20 12:14:58.621286
2026042004005900,AHPC,1,58,106,287.8,30506.8,Kumari Securities Private Limited,Naasa Securities Co. Ltd.,2026-04-20 12:15:25.448456
2026042004005908,AHPC,42,4,187,287.0,53669.0,Sani Securities Company Ltd.,Opal Securities Investment (PVT) Ltd.,2026-04-20 12:15:37.349720
2026042004006078,AHPC,34,38,36,287.9,10364.4,Vision Securities Pvt. Ltd,Dipshikha Dhitopatra Karobar Co. Pvt Ltd.,2026-04-20 12:18:04.282864
2026042004006086,AHPC,62,4,150,287.1,43065.0,Capital Max Securities Ltd,Opal Securities Investment (PVT) Ltd.,2026-04-20 12:18:10.515200
2026042004006138,AHPC,62,4,50,287.1,14355.0,Capital Max Securities Ltd,Opal Securities Investment (PVT) Ltd.,2026-04-20 12:18:40.400583
2026042004006168,AHPC,47,38,100,287.9,28790.0,Neev Securities Pvt. Ltd.,Dipshikha Dhitopatra Karobar Co. Pvt Ltd.,2026-04-20 12:19:14.725159
2026042004006171,AHPC,56,4,50,287.0,14350.0,Sri Hari Securities Pvt. Ltd.,Opal Securities Investment (PVT) Ltd.,2026-04-20 12:19:19.849477
2026042004006172,AHPC,51,4,50,287.0,14350.0,Oxford Securities Pvt. Ltd.,Opal Securities Investment (PVT) Ltd.,2026-04-20 12:19:19.849723
2026042004006173,AHPC,52,4,100,287.0,28700.0,Sundhara Securities Limited,Opal Securities Investment (PVT) Ltd.,2026-04-20 12:19:19.849830
2026042004006174,AHPC,32,4,50,287.0,14350.0,Premier Securities Company Ltd.,Opal Securities Investment (PVT) Ltd.,2026-04-20 12:19:20.565373
2026042004006192,AHPC,14,38,1000,287.9,287900.0,Nepal Stock House (PVT) Ltd.,Dipshikha Dhitopatra Karobar Co. Pvt Ltd.,2026-04-20 12:19:41.847925
2026042004006232,AHPC,94,38,500,287.9,143950.0,K.B.L. Securities Limited ,Dipshikha Dhitopatra Karobar Co. Pvt Ltd.,2026-04-20 12:20:23.242525
2026042004006256,AHPC,50,4,250,287.1,71775.0,Cristal Kanchanjanga Securites Pvt. Ltd.,Opal Securities Investment (PVT) Ltd.,2026-04-20 12:20:48.029475
2026042004006291,AHPC,1,38,350,287.9,100765.0,Kumari Securities Private Limited,Dipshikha Dhitopatra Karobar Co. Pvt Ltd.,2026-04-20 12:21:33.448704
2026042004006328,AHPC,42,38,14,287.9,4030.6,Sani Securities Company Ltd.,Dipshikha Dhitopatra Karobar Co. Pvt Ltd.,2026-04-20 12:22:14.936054
2026042004006388,AHPC,58,80,85,288.0,24480.0,Naasa Securities Co. Ltd.,Indira securities pvt. ltd,2026-04-20 12:23:18.576109
2026042004006389,AHPC,58,17,35,288.0,10080.0,Naasa Securities Co. Ltd.,ABC Securities Private Limited,2026-04-20 12:23:18.576714
2026042004006395,AHPC,14,17,50,288.0,14400.0,Nepal Stock House (PVT) Ltd.,ABC Securities Private Limited,2026-04-20 12:23:24.177123
2026042004006428,AHPC,50,7,22,287.1,6316.2,Cristal Kanchanjanga Securites Pvt. Ltd.,J.F. Securites (PVT) Ltd.,2026-04-20 12:23:56.402263
2026042004006469,AHPC,58,17,20,288.0,5760.0,Naasa Securities Co. Ltd.,ABC Securities Private Limited,2026-04-20 12:24:26.974915
2026042004006483,AHPC,58,52,94,288.0,27072.0,Naasa Securities Co. Ltd.,Sundhara Securities Limited,2026-04-20 12:24:34.776632
2026042004006528,AHPC,50,1,728,287.1,209008.8,Cristal Kanchanjanga Securites Pvt. Ltd.,Kumari Securities Private Limited,2026-04-20 12:25:09.650295
2026042004006529,AHPC,49,1,200,287.1,57420.0,Online Securities Pvt. Ltd.,Kumari Securities Private Limited,2026-04-20 12:25:09.650836
2026042004006530,AHPC,57,1,72,287.1,20671.2,Aryatara Investment & Securities,Kumari Securities Private Limited,2026-04-20 12:25:09.651175
2026042004006553,AHPC,57,52,28,287.1,8038.8,Aryatara Investment & Securities,Sundhara Securities Limited,2026-04-20 12:25:25.847237
2026042004006554,AHPC,32,52,450,287.0,129150.0,Premier Securities Company Ltd.,Sundhara Securities Limited,2026-04-20 12:25:25.847528
2026042004006555,AHPC,45,52,200,287.0,57400.0,Imperial Securities Company Pvt. Ltd.,Sundhara Securities Limited,2026-04-20 12:25:25.847647
2026042004006556,AHPC,51,52,100,287.0,28700.0,Oxford Securities Pvt. Ltd.,Sundhara Securities Limited,2026-04-20 12:25:25.847755
2026042004006557,AHPC,6,52,128,287.0,36736.0,Agrawal Securities (PVT) Ltd.,Sundhara Securities Limited,2026-04-20 12:25:25.847859
2026042004006639,AHPC,91,49,400,287.0,114800.0,Citizens Share Broker Limited,Online Securities Pvt. Ltd.,2026-04-20 12:26:46.803668
2026042004006667,AHPC,8,49,200,288.0,57600.0,Brilliant Securities Pvt. Ltd.,Online Securities Pvt. Ltd.,2026-04-20 12:26:57.937402
2026042004006833,AHPC,14,49,10,288.0,2880.0,Nepal Stock House (PVT) Ltd.,Online Securities Pvt. Ltd.,2026-04-20 12:30:14.691449
2026042004006899,AHPC,90,29,200,287.1,57420.0,Sajilo Broker Limited,Trisul Securities & Invt. Ltd.,2026-04-20 12:31:37.637199
2026042004006900,AHPC,91,29,100,287.0,28700.0,Citizens Share Broker Limited,Trisul Securities & Invt. Ltd.,2026-04-20 12:31:37.637785
2026042004006901,AHPC,6,29,372,287.0,106764.0,Agrawal Securities (PVT) Ltd.,Trisul Securities & Invt. Ltd.,2026-04-20 12:31:37.638141
2026042004006902,AHPC,47,29,328,287.0,94136.0,Neev Securities Pvt. Ltd.,Trisul Securities & Invt. Ltd.,2026-04-20 12:31:37.638505
2026042004006983,AHPC,47,58,131,287.0,37597.0,Neev Securities Pvt. Ltd.,Naasa Securities Co. Ltd.,2026-04-20 12:34:04.815338
2026042004006987,AHPC,47,28,41,287.0,11767.0,Neev Securities Pvt. Ltd.,Shree Krishna Securities Ltd.,2026-04-20 12:34:10.417576
2026042004006988,AHPC,45,28,159,287.0,45633.0,Imperial Securities Company Pvt. Ltd.,Shree Krishna Securities Ltd.,2026-04-20 12:34:10.417903
2026042004007043,AHPC,36,49,17,288.0,4896.0,Secured Securities Ltd.,Online Securities Pvt. Ltd.,2026-04-20 12:35:34.627814
2026042004007070,AHPC,45,34,131,287.0,37597.0,Imperial Securities Company Pvt. Ltd.,Vision Securities Pvt. Ltd,2026-04-20 12:36:27.908482
2026042004007071,AHPC,28,34,10,287.0,2870.0,Shree Krishna Securities Ltd.,Vision Securities Pvt. Ltd,2026-04-20 12:36:27.908806
2026042004007072,AHPC,47,34,300,287.0,86100.0,Neev Securities Pvt. Ltd.,Vision Securities Pvt. Ltd,2026-04-20 12:36:27.908924
2026042004007073,AHPC,35,34,59,287.0,16933.0,Kohinoor Investment & Securities Pvt. Ltd.,Vision Securities Pvt. Ltd,2026-04-20 12:36:27.909038
2026042004007074,AHPC,44,49,13,288.0,3744.0,Dynamic Money Managers Securities Pvt. Ltd.,Online Securities Pvt. Ltd.,2026-04-20 12:36:29.529696
2026042004007084,AHPC,35,71,141,287.0,40467.0,Kohinoor Investment & Securities Pvt. Ltd.,SHUBHAKAMANA SECURITIES PVT. LTD,2026-04-20 12:36:47.456022
2026042004007085,AHPC,47,71,1359,286.8,389761.2,Neev Securities Pvt. Ltd.,SHUBHAKAMANA SECURITIES PVT. LTD,2026-04-20 12:36:47.456570
2026042004007181,AHPC,44,58,375,287.0,107625.0,Dynamic Money Managers Securities Pvt. Ltd.,Naasa Securities Co. Ltd.,2026-04-20 12:39:26.543956
2026042004007192,AHPC,70,49,500,288.0,144000.0,Infinity Securities Limited,Online Securities Pvt. Ltd.,2026-04-20 12:39:54.458420
2026042004007208,AHPC,66,49,10,288.0,2880.0,Miyo Securities Pvt Ltd,Online Securities Pvt. Ltd.,2026-04-20 12:40:23.091868
2026042004007240,AHPC,7,71,1500,287.1,430650.0,J.F. Securites (PVT) Ltd.,SHUBHAKAMANA SECURITIES PVT. LTD,2026-04-20 12:41:07.855754
2026042004007247,AHPC,14,49,46,288.0,13248.0,Nepal Stock House (PVT) Ltd.,Online Securities Pvt. Ltd.,2026-04-20 12:41:25.831797
2026042004007266,AHPC,44,21,125,287.0,35875.0,Dynamic Money Managers Securities Pvt. Ltd.,Midas Stock Broking Company Private Limited,2026-04-20 12:42:01.562743
2026042004007267,AHPC,42,21,200,287.0,57400.0,Sani Securities Company Ltd.,Midas Stock Broking Company Private Limited,2026-04-20 12:42:01.563039
2026042004007268,AHPC,32,21,20,287.0,5740.0,Premier Securities Company Ltd.,Midas Stock Broking Company Private Limited,2026-04-20 12:42:01.563182
2026042004007269,AHPC,49,21,195,287.0,55965.0,Online Securities Pvt. Ltd.,Midas Stock Broking Company Private Limited,2026-04-20 12:42:01.563296
2026042004007345,AHPC,49,34,10,287.0,2870.0,Online Securities Pvt. Ltd.,Vision Securities Pvt. Ltd,2026-04-20 12:43:42.923525
2026042004007371,AHPC,35,42,22,287.5,6325.0,Kohinoor Investment & Securities Pvt. Ltd.,Sani Securities Company Ltd.,2026-04-20 12:44:11.486272
2026042004007382,AHPC,14,42,28,287.5,8050.0,Nepal Stock House (PVT) Ltd.,Sani Securities Company Ltd.,2026-04-20 12:44:39.142332
2026042004007418,AHPC,14,77,10,287.5,2875.0,Nepal Stock House (PVT) Ltd.,Nabil Stock Dealer Ltd.,2026-04-20 12:45:40.499185
2026042004007463,AHPC,58,58,1,280.0,280.0,Naasa Securities Co. Ltd.,Naasa Securities Co. Ltd.,2026-04-20 12:47:02.469074
2026042004007495,AHPC,58,52,1,284.0,284.0,Naasa Securities Co. Ltd.,Sundhara Securities Limited,2026-04-20 12:47:49.770284
2026042004007576,AHPC,58,47,1,286.1,286.1,Naasa Securities Co. Ltd.,Neev Securities Pvt. Ltd.,2026-04-20 12:49:18.926613
2026042004007596,AHPC,1,49,102,288.0,29376.0,Kumari Securities Private Limited,Online Securities Pvt. Ltd.,2026-04-20 12:49:45.536685
2026042004007597,AHPC,1,28,92,288.0,26496.0,Kumari Securities Private Limited,Shree Krishna Securities Ltd.,2026-04-20 12:49:45.537039
2026042004007653,AHPC,6,10,500,287.6,143800.0,Agrawal Securities (PVT) Ltd.,Pragyan Securities (PVT) Ltd.,2026-04-20 12:51:05.447302
2026042004007664,AHPC,14,28,36,288.0,10368.0,Nepal Stock House (PVT) Ltd.,Shree Krishna Securities Ltd.,2026-04-20 12:51:24.163437
2026042004007707,AHPC,58,28,111,288.0,31968.0,Naasa Securities Co. Ltd.,Shree Krishna Securities Ltd.,2026-04-20 12:51:56.234671
2026042004007708,AHPC,11,47,51,288.0,14688.0,Malla & Malla Stock Broking Company Pvt. Limited,Neev Securities Pvt. Ltd.,2026-04-20 12:52:01.266659
2026042004007797,AHPC,58,47,11,288.0,3168.0,Naasa Securities Co. Ltd.,Neev Securities Pvt. Ltd.,2026-04-20 12:53:28.947204
2026042004007804,AHPC,42,59,80,287.5,23000.0,Sani Securities Company Ltd.,Deevyaa Securities & Stock House Pvt. Ltd,2026-04-20 12:53:46.629890
2026042004007846,AHPC,42,92,225,287.5,64687.5,Sani Securities Company Ltd.,Roadshow securities limited,2026-04-20 12:55:01.469245
2026042004007847,AHPC,39,92,65,287.5,18687.5,Sumeru Securities Pvt. Ltd.,Roadshow securities limited,2026-04-20 12:55:01.469891
2026042004007875,AHPC,39,49,35,287.5,10062.5,Sumeru Securities Pvt. Ltd.,Online Securities Pvt. Ltd.,2026-04-20 12:55:29.046149
2026042004007876,AHPC,56,49,25,287.5,7187.5,Sri Hari Securities Pvt. Ltd.,Online Securities Pvt. Ltd.,2026-04-20 12:55:29.046485
2026042004007877,AHPC,1,49,500,287.3,143650.0,Kumari Securities Private Limited,Online Securities Pvt. Ltd.,2026-04-20 12:55:29.046614
2026042004007878,AHPC,26,49,440,287.2,126368.0,Asian Securities Private Ltd.,Online Securities Pvt. Ltd.,2026-04-20 12:55:29.046746
2026042004007904,AHPC,26,92,10,287.2,2872.0,Asian Securities Private Ltd.,Roadshow securities limited,2026-04-20 12:56:08.589042
2026042004007934,AHPC,44,47,138,288.0,39744.0,Dynamic Money Managers Securities Pvt. Ltd.,Neev Securities Pvt. Ltd.,2026-04-20 12:57:10.240555
2026042004007965,AHPC,44,50,62,288.0,17856.0,Dynamic Money Managers Securities Pvt. Ltd.,Cristal Kanchanjanga Securites Pvt. Ltd.,2026-04-20 12:57:32.439029
2026042004008001,AHPC,4,50,10,288.0,2880.0,Opal Securities Investment (PVT) Ltd.,Cristal Kanchanjanga Securites Pvt. Ltd.,2026-04-20 12:58:32.621338
2026042004008041,AHPC,47,50,28,288.0,8064.0,Neev Securities Pvt. Ltd.,Cristal Kanchanjanga Securites Pvt. Ltd.,2026-04-20 12:59:40.114744
2026042004008049,AHPC,47,59,750,288.0,216000.0,Neev Securities Pvt. Ltd.,Deevyaa Securities & Stock House Pvt. Ltd,2026-04-20 12:59:56.180924
2026042004008065,AHPC,47,57,200,288.0,57600.0,Neev Securities Pvt. Ltd.,Aryatara Investment & Securities,2026-04-20 13:00:34.038533
2026042004008085,AHPC,66,44,10,288.7,2887.0,Miyo Securities Pvt Ltd,Dynamic Money Managers Securities Pvt. Ltd.,2026-04-20 13:01:14.178674
2026042004008143,AHPC,47,52,25,288.0,7200.0,Neev Securities Pvt. Ltd.,Sundhara Securities Limited,2026-04-20 13:02:05.416462
2026042004008150,AHPC,58,22,1,280.0,280.0,Naasa Securities Co. Ltd.,Siprabi Securities Pvt. Ltd.,2026-04-20 13:02:23.367547
2026042004008192,AHPC,47,6,1000,288.0,288000.0,Neev Securities Pvt. Ltd.,Agrawal Securities (PVT) Ltd.,2026-04-20 13:02:59.148884
2026042004008193,AHPC,47,52,497,288.0,143136.0,Neev Securities Pvt. Ltd.,Sundhara Securities Limited,2026-04-20 13:02:59.820357
2026042004008194,AHPC,7,52,40,288.0,11520.0,J.F. Securites (PVT) Ltd.,Sundhara Securities Limited,2026-04-20 13:02:59.820648
2026042004008456,AHPC,39,49,80,288.0,23040.0,Sumeru Securities Pvt. Ltd.,Online Securities Pvt. Ltd.,2026-04-20 13:10:07.654345
2026042004008532,AHPC,49,19,200,287.5,57500.0,Online Securities Pvt. Ltd.,Nepal Investment And Securities Trading Private Limited,2026-04-20 13:10:55.160730
2026042004008552,AHPC,58,42,5,290.0,1450.0,Naasa Securities Co. Ltd.,Sani Securities Company Ltd.,2026-04-20 13:11:19.585483
2026042004008586,AHPC,49,7,140,287.5,40250.0,Online Securities Pvt. Ltd.,J.F. Securites (PVT) Ltd.,2026-04-20 13:11:51.575301
2026042004008647,AHPC,46,7,100,287.5,28750.0,Kalika Securities Pvt. Ltd.,J.F. Securites (PVT) Ltd.,2026-04-20 13:13:25.403855
2026042004008721,AHPC,46,7,100,287.5,28750.0,Kalika Securities Pvt. Ltd.,J.F. Securites (PVT) Ltd.,2026-04-20 13:15:06.534137
2026042004008761,AHPC,46,7,250,287.5,71875.0,Kalika Securities Pvt. Ltd.,J.F. Securites (PVT) Ltd.,2026-04-20 13:16:34.057834
2026042004008766,AHPC,38,7,410,287.5,117875.0,Dipshikha Dhitopatra Karobar Co. Pvt Ltd.,J.F. Securites (PVT) Ltd.,2026-04-20 13:16:50.512992
2026042004008814,AHPC,6,49,30,288.0,8640.0,Agrawal Securities (PVT) Ltd.,Online Securities Pvt. Ltd.,2026-04-20 13:18:26.286979
2026042004008949,AHPC,38,46,90,287.5,25875.0,Dipshikha Dhitopatra Karobar Co. Pvt Ltd.,Kalika Securities Pvt. Ltd.,2026-04-20 13:23:15.011276
2026042004008950,AHPC,26,46,10,287.2,2872.0,Asian Securities Private Ltd.,Kalika Securities Pvt. Ltd.,2026-04-20 13:23:15.011918
2026042004008994,AHPC,58,49,275,287.5,79062.5,Naasa Securities Co. Ltd.,Online Securities Pvt. Ltd.,2026-04-20 13:24:24.429923
2026042004009110,AHPC,43,49,60,288.0,17280.0,South Asian Bulls Pvt. Ltd.,Online Securities Pvt. Ltd.,2026-04-20 13:27:12.384284
2026042004009265,AHPC,11,49,100,288.0,28800.0,Malla & Malla Stock Broking Company Pvt. Limited,Online Securities Pvt. Ltd.,2026-04-20 13:30:46.942410
2026042004009322,AHPC,58,49,42,288.0,12096.0,Naasa Securities Co. Ltd.,Online Securities Pvt. Ltd.,2026-04-20 13:32:34.993285
2026042004009484,AHPC,44,58,220,288.5,63470.0,Dynamic Money Managers Securities Pvt. Ltd.,Naasa Securities Co. Ltd.,2026-04-20 13:37:24.914856
2026042004009638,AHPC,57,44,130,288.7,37531.0,Aryatara Investment & Securities,Dynamic Money Managers Securities Pvt. Ltd.,2026-04-20 13:40:10.587843
2026042004009639,AHPC,44,85,748,288.5,215798.0,Dynamic Money Managers Securities Pvt. Ltd.,Capital Hub P. Ltd,2026-04-20 13:40:12.062011
2026042004009700,AHPC,44,45,32,288.6,9235.2,Dynamic Money Managers Securities Pvt. Ltd.,Imperial Securities Company Pvt. Ltd.,2026-04-20 13:41:50.568912
2026042004009752,AHPC,14,85,106,288.0,30528.0,Nepal Stock House (PVT) Ltd.,Capital Hub P. Ltd,2026-04-20 13:42:58.382481
2026042004009762,AHPC,47,85,1141,287.8,328379.8,Neev Securities Pvt. Ltd.,Capital Hub P. Ltd,2026-04-20 13:43:13.705253
2026042004009767,AHPC,58,85,245,287.5,70437.5,Naasa Securities Co. Ltd.,Capital Hub P. Ltd,2026-04-20 13:43:30.048386
2026042004009768,AHPC,49,85,510,287.5,146625.0,Online Securities Pvt. Ltd.,Capital Hub P. Ltd,2026-04-20 13:43:30.048769
2026042004009769,AHPC,45,85,245,287.5,70437.5,Imperial Securities Company Pvt. Ltd.,Capital Hub P. Ltd,2026-04-20 13:43:30.048917
2026042004009808,AHPC,45,85,153,287.5,43987.5,Imperial Securities Company Pvt. Ltd.,Capital Hub P. Ltd,2026-04-20 13:44:44.154593
2026042004009845,AHPC,58,45,11,288.0,3168.0,Naasa Securities Co. Ltd.,Imperial Securities Company Pvt. Ltd.,2026-04-20 13:45:43.856369
2026042004009863,AHPC,49,45,225,288.0,64800.0,Online Securities Pvt. Ltd.,Imperial Securities Company Pvt. Ltd.,2026-04-20 13:46:28.107205
2026042004009911,AHPC,45,34,102,287.5,29325.0,Imperial Securities Company Pvt. Ltd.,Vision Securities Pvt. Ltd,2026-04-20 13:48:13.140808
2026042004009912,AHPC,51,34,298,287.5,85675.0,Oxford Securities Pvt. Ltd.,Vision Securities Pvt. Ltd,2026-04-20 13:48:13.141158
2026042004010001,AHPC,45,45,713,288.0,205344.0,Imperial Securities Company Pvt. Ltd.,Imperial Securities Company Pvt. Ltd.,2026-04-20 13:50:16.871963
2026042004010025,AHPC,80,45,300,288.0,86400.0,Indira securities pvt. ltd,Imperial Securities Company Pvt. Ltd.,2026-04-20 13:51:15.759568
2026042004010067,AHPC,14,45,300,288.0,86400.0,Nepal Stock House (PVT) Ltd.,Imperial Securities Company Pvt. Ltd.,2026-04-20 13:52:15.230488
2026042004010102,AHPC,4,58,51,287.7,14672.7,Opal Securities Investment (PVT) Ltd.,Naasa Securities Co. Ltd.,2026-04-20 13:53:02.330599
2026042004010170,AHPC,42,45,200,288.0,57600.0,Sani Securities Company Ltd.,Imperial Securities Company Pvt. Ltd.,2026-04-20 13:53:58.533479
2026042004010193,AHPC,45,45,30,288.0,8640.0,Imperial Securities Company Pvt. Ltd.,Imperial Securities Company Pvt. Ltd.,2026-04-20 13:54:12.975702
2026042004010228,AHPC,41,63,200,287.9,57580.0,Linch Stock Market Ltd.,Himalayan Brokerage Company Limited,2026-04-20 13:54:49.937113
2026042004010229,AHPC,41,45,100,288.0,28800.0,Linch Stock Market Ltd.,Imperial Securities Company Pvt. Ltd.,2026-04-20 13:54:49.937825
2026042004010291,AHPC,41,45,200,288.0,57600.0,Linch Stock Market Ltd.,Imperial Securities Company Pvt. Ltd.,2026-04-20 13:56:01.432553
2026042004010340,AHPC,6,45,38,288.0,10944.0,Agrawal Securities (PVT) Ltd.,Imperial Securities Company Pvt. Ltd.,2026-04-20 13:57:16.106863
2026042004010372,AHPC,38,64,15,287.8,4317.0,Dipshikha Dhitopatra Karobar Co. Pvt Ltd.,SUN SECURITIES PVT LTD,2026-04-20 13:57:53.819411
2026042004010508,AHPC,58,45,30,288.0,8640.0,Naasa Securities Co. Ltd.,Imperial Securities Company Pvt. Ltd.,2026-04-20 14:02:31.596894
2026042004010558,AHPC,42,28,4,288.0,1152.0,Sani Securities Company Ltd.,Shree Krishna Securities Ltd.,2026-04-20 14:04:27.888671
2026042004010564,AHPC,81,45,853,288.0,245664.0,Aakashbhairab Securities Ltd.,Imperial Securities Company Pvt. Ltd.,2026-04-20 14:04:40.849540
2026042004010565,AHPC,81,14,20,288.0,5760.0,Aakashbhairab Securities Ltd.,Nepal Stock House (PVT) Ltd.,2026-04-20 14:04:40.850293
2026042004010566,AHPC,81,35,100,288.0,28800.0,Aakashbhairab Securities Ltd.,Kohinoor Investment & Securities Pvt. Ltd.,2026-04-20 14:04:40.850770
2026042004010577,AHPC,81,97,27,288.0,7776.0,Aakashbhairab Securities Ltd.,R.B.B. Securities Company Ltd,2026-04-20 14:05:02.731392
2026042004010578,AHPC,58,97,23,287.9,6621.7,Naasa Securities Co. Ltd.,R.B.B. Securities Company Ltd,2026-04-20 14:05:02.732075
2026042004010953,AHPC,67,44,360,288.7,103932.0,Property Wiard Limited,Dynamic Money Managers Securities Pvt. Ltd.,2026-04-20 14:10:29.307245
2026042004011160,AHPC,50,36,120,288.8,34656.0,Cristal Kanchanjanga Securites Pvt. Ltd.,Secured Securities Ltd.,2026-04-20 14:12:51.722176
2026042004011246,AHPC,44,36,100,288.3,28830.0,Dynamic Money Managers Securities Pvt. Ltd.,Secured Securities Ltd.,2026-04-20 14:13:50.024782
2026042004011363,AHPC,44,63,100,288.2,28820.0,Dynamic Money Managers Securities Pvt. Ltd.,Himalayan Brokerage Company Limited,2026-04-20 14:16:02.743879
2026042004011431,AHPC,59,36,104,288.3,29983.2,Deevyaa Securities & Stock House Pvt. Ltd,Secured Securities Ltd.,2026-04-20 14:17:13.629857
2026042004011451,AHPC,47,36,205,288.3,59101.5,Neev Securities Pvt. Ltd.,Secured Securities Ltd.,2026-04-20 14:17:41.097484
2026042004011452,AHPC,42,36,50,288.3,14415.0,Sani Securities Company Ltd.,Secured Securities Ltd.,2026-04-20 14:17:44.729291
2026042004011578,AHPC,1,36,240,288.3,69192.0,Kumari Securities Private Limited,Secured Securities Ltd.,2026-04-20 14:19:58.690998
2026042004011713,AHPC,39,58,25,288.5,7212.5,Sumeru Securities Pvt. Ltd.,Naasa Securities Co. Ltd.,2026-04-20 14:21:42.563938
2026042004011878,AHPC,56,49,130,288.5,37505.0,Sri Hari Securities Pvt. Ltd.,Online Securities Pvt. Ltd.,2026-04-20 14:24:00.415719
2026042004011938,AHPC,56,22,70,288.5,20195.0,Sri Hari Securities Pvt. Ltd.,Siprabi Securities Pvt. Ltd.,2026-04-20 14:24:35.591014
2026042004011939,AHPC,26,22,10,288.5,2885.0,Asian Securities Private Ltd.,Siprabi Securities Pvt. Ltd.,2026-04-20 14:24:35.591426
2026042004011978,AHPC,47,22,1920,288.5,553920.0,Neev Securities Pvt. Ltd.,Siprabi Securities Pvt. Ltd.,2026-04-20 14:24:47.798746
2026042004011979,AHPC,47,47,10,288.8,2888.0,Neev Securities Pvt. Ltd.,Neev Securities Pvt. Ltd.,2026-04-20 14:24:47.799525
2026042004011980,AHPC,47,63,100,288.8,28880.0,Neev Securities Pvt. Ltd.,Himalayan Brokerage Company Limited,2026-04-20 14:24:47.800054
2026042004011981,AHPC,47,63,470,288.9,135783.0,Neev Securities Pvt. Ltd.,Himalayan Brokerage Company Limited,2026-04-20 14:24:47.800584
2026042004012058,AHPC,4,22,30,288.8,8664.0,Opal Securities Investment (PVT) Ltd.,Siprabi Securities Pvt. Ltd.,2026-04-20 14:25:25.511031
2026042004012063,AHPC,47,22,1970,288.8,568936.0,Neev Securities Pvt. Ltd.,Siprabi Securities Pvt. Ltd.,2026-04-20 14:25:33.737712
2026042004012064,AHPC,47,63,30,288.9,8667.0,Neev Securities Pvt. Ltd.,Himalayan Brokerage Company Limited,2026-04-20 14:25:33.738130
2026042004012065,AHPC,47,42,500,289.0,144500.0,Neev Securities Pvt. Ltd.,Sani Securities Company Ltd.,2026-04-20 14:25:33.738287
2026042004012218,AHPC,47,39,100,288.2,28820.0,Neev Securities Pvt. Ltd.,Sumeru Securities Pvt. Ltd.,2026-04-20 14:26:55.046184
2026042004012231,AHPC,47,52,81,288.2,23344.2,Neev Securities Pvt. Ltd.,Sundhara Securities Limited,2026-04-20 14:27:05.173210
2026042004012232,AHPC,63,52,419,288.0,120672.0,Himalayan Brokerage Company Limited,Sundhara Securities Limited,2026-04-20 14:27:05.173642
2026042004012308,AHPC,63,45,81,288.0,23328.0,Himalayan Brokerage Company Limited,Imperial Securities Company Pvt. Ltd.,2026-04-20 14:27:53.337146
2026042004012309,AHPC,26,45,319,288.0,91872.0,Asian Securities Private Ltd.,Imperial Securities Company Pvt. Ltd.,2026-04-20 14:27:53.337979
2026042004012354,AHPC,26,39,100,288.0,28800.0,Asian Securities Private Ltd.,Sumeru Securities Pvt. Ltd.,2026-04-20 14:28:31.541173
2026042004012371,AHPC,26,45,103,288.0,29664.0,Asian Securities Private Ltd.,Imperial Securities Company Pvt. Ltd.,2026-04-20 14:28:49.592692
2026042004012388,AHPC,26,47,10,288.0,2880.0,Asian Securities Private Ltd.,Neev Securities Pvt. Ltd.,2026-04-20 14:28:57.870913
2026042004012403,AHPC,5,22,240,288.7,69288.0,Market Securities & Exchange (PVT) Ltd.,Siprabi Securities Pvt. Ltd.,2026-04-20 14:29:09.363572
2026042004012404,AHPC,5,16,10,288.7,2887.0,Market Securities & Exchange (PVT) Ltd.,Primo Securities (PVT) Ltd.,2026-04-20 14:29:09.363945
2026042004012405,AHPC,26,58,168,288.0,48384.0,Asian Securities Private Ltd.,Naasa Securities Co. Ltd.,2026-04-20 14:29:09.854753
2026042004012406,AHPC,25,58,50,288.0,14400.0,Sweta Securities Private Limited,Naasa Securities Co. Ltd.,2026-04-20 14:29:09.855132
2026042004012407,AHPC,59,58,500,288.0,144000.0,Deevyaa Securities & Stock House Pvt. Ltd,Naasa Securities Co. Ltd.,2026-04-20 14:29:09.855287
2026042004012408,AHPC,56,58,21,288.0,6048.0,Sri Hari Securities Pvt. Ltd.,Naasa Securities Co. Ltd.,2026-04-20 14:29:09.855482
2026042004012409,AHPC,58,58,100,288.0,28800.0,Naasa Securities Co. Ltd.,Naasa Securities Co. Ltd.,2026-04-20 14:29:09.855632
2026042004012410,AHPC,35,58,161,288.0,46368.0,Kohinoor Investment & Securities Pvt. Ltd.,Naasa Securities Co. Ltd.,2026-04-20 14:29:09.855778
2026042004012422,AHPC,35,14,12,288.0,3456.0,Kohinoor Investment & Securities Pvt. Ltd.,Nepal Stock House (PVT) Ltd.,2026-04-20 14:29:19.868803
2026042004012423,AHPC,35,14,20,288.0,5760.0,Kohinoor Investment & Securities Pvt. Ltd.,Nepal Stock House (PVT) Ltd.,2026-04-20 14:29:19.869207
2026042004012424,AHPC,74,14,93,288.0,26784.0,KALASH STOCK MARKET PVT. LTD.,Nepal Stock House (PVT) Ltd.,2026-04-20 14:29:19.869363
2026042004012425,AHPC,21,14,100,288.0,28800.0,Midas Stock Broking Company Private Limited,Nepal Stock House (PVT) Ltd.,2026-04-20 14:29:19.869510
2026042004012426,AHPC,35,14,100,288.0,28800.0,Kohinoor Investment & Securities Pvt. Ltd.,Nepal Stock House (PVT) Ltd.,2026-04-20 14:29:19.869655
2026042004012483,AHPC,65,14,175,288.0,50400.0,Sharepro Securities Private Limited,Nepal Stock House (PVT) Ltd.,2026-04-20 14:29:32.606363
2026042004012484,AHPC,65,21,25,288.0,7200.0,Sharepro Securities Private Limited,Midas Stock Broking Company Private Limited,2026-04-20 14:29:32.606696
2026042004012531,AHPC,58,39,10,287.9,2879.0,Naasa Securities Co. Ltd.,Sumeru Securities Pvt. Ltd.,2026-04-20 14:30:09.174172
2026042004012532,AHPC,34,39,90,287.9,25911.0,Vision Securities Pvt. Ltd,Sumeru Securities Pvt. Ltd.,2026-04-20 14:30:09.174917
2026042004012533,AHPC,34,21,85,287.9,24471.5,Vision Securities Pvt. Ltd,Midas Stock Broking Company Private Limited,2026-04-20 14:30:09.557660
2026042004012534,AHPC,34,21,190,287.8,54682.0,Vision Securities Pvt. Ltd,Midas Stock Broking Company Private Limited,2026-04-20 14:30:09.558037
2026042004012535,AHPC,34,45,11,287.8,3165.8,Vision Securities Pvt. Ltd,Imperial Securities Company Pvt. Ltd.,2026-04-20 14:30:09.773413
2026042004012747,AHPC,34,49,149,287.8,42882.2,Vision Securities Pvt. Ltd,Online Securities Pvt. Ltd.,2026-04-20 14:32:07.710426
2026042004012748,AHPC,58,49,10,287.8,2878.0,Naasa Securities Co. Ltd.,Online Securities Pvt. Ltd.,2026-04-20 14:32:07.711099
2026042004012749,AHPC,4,49,319,287.7,91776.3,Opal Securities Investment (PVT) Ltd.,Online Securities Pvt. Ltd.,2026-04-20 14:32:07.711705
2026042004012759,AHPC,21,68,42,287.6,12079.2,Midas Stock Broking Company Private Limited,Elite Stock House Limited,2026-04-20 14:32:16.464449
2026042004012760,AHPC,51,68,392,287.5,112700.0,Oxford Securities Pvt. Ltd.,Elite Stock House Limited,2026-04-20 14:32:16.465117
2026042004012761,AHPC,35,68,50,287.5,14375.0,Kohinoor Investment & Securities Pvt. Ltd.,Elite Stock House Limited,2026-04-20 14:32:16.465591
2026042004012762,AHPC,34,68,200,287.5,57500.0,Vision Securities Pvt. Ltd,Elite Stock House Limited,2026-04-20 14:32:16.466020
2026042004012763,AHPC,57,68,275,287.5,79062.5,Aryatara Investment & Securities,Elite Stock House Limited,2026-04-20 14:32:16.466471
2026042004012764,AHPC,21,68,41,287.3,11779.3,Midas Stock Broking Company Private Limited,Elite Stock House Limited,2026-04-20 14:32:16.466904
2026042004012768,AHPC,21,68,159,287.3,45680.7,Midas Stock Broking Company Private Limited,Elite Stock House Limited,2026-04-20 14:32:24.577836
2026042004012769,AHPC,50,68,841,287.3,241619.3,Cristal Kanchanjanga Securites Pvt. Ltd.,Elite Stock House Limited,2026-04-20 14:32:24.578201
2026042004012775,AHPC,50,68,625,287.3,179562.5,Cristal Kanchanjanga Securites Pvt. Ltd.,Elite Stock House Limited,2026-04-20 14:32:33.467869
2026042004012972,AHPC,21,21,50,287.4,14370.0,Midas Stock Broking Company Private Limited,Midas Stock Broking Company Private Limited,2026-04-20 14:35:11.012928
2026042004013034,AHPC,35,49,20,287.7,5754.0,Kohinoor Investment & Securities Pvt. Ltd.,Online Securities Pvt. Ltd.,2026-04-20 14:36:42.760669
2026042004013123,AHPC,90,58,100,287.6,28760.0,Sajilo Broker Limited,Naasa Securities Co. Ltd.,2026-04-20 14:38:06.135992
2026042004013204,AHPC,90,53,100,287.6,28760.0,Sajilo Broker Limited,Investment Management Nepal Pvt. Ltd.,2026-04-20 14:38:42.248732
2026042004013205,AHPC,41,53,50,287.5,14375.0,Linch Stock Market Ltd.,Investment Management Nepal Pvt. Ltd.,2026-04-20 14:38:42.248801
2026042004013206,AHPC,21,53,50,287.4,14370.0,Midas Stock Broking Company Private Limited,Investment Management Nepal Pvt. Ltd.,2026-04-20 14:38:42.248830
2026042004013207,AHPC,49,53,95,287.4,27303.0,Online Securities Pvt. Ltd.,Investment Management Nepal Pvt. Ltd.,2026-04-20 14:38:42.248855
2026042004013208,AHPC,58,53,10,287.4,2874.0,Naasa Securities Co. Ltd.,Investment Management Nepal Pvt. Ltd.,2026-04-20 14:38:42.248883
2026042004013209,AHPC,50,53,34,287.3,9768.2,Cristal Kanchanjanga Securites Pvt. Ltd.,Investment Management Nepal Pvt. Ltd.,2026-04-20 14:38:42.248907
2026042004013210,AHPC,50,53,661,287.3,189905.3,Cristal Kanchanjanga Securites Pvt. Ltd.,Investment Management Nepal Pvt. Ltd.,2026-04-20 14:38:42.248931
2026042004013327,AHPC,54,1,7,287.0,2009.0,Sewa Securities Pvt. Ltd.,Kumari Securities Private Limited,2026-04-20 14:39:59.088698
2026042004013337,AHPC,40,16,200,288.7,57740.0,Creative Securities Pvt Ltd,Primo Securities (PVT) Ltd.,2026-04-20 14:40:11.812407
2026042004013491,AHPC,76,63,30,288.6,8658.0,Machhapuchchhre Securities Limited,Himalayan Brokerage Company Limited,2026-04-20 14:43:14.892055
2026042004013568,AHPC,1,63,60,288.5,17310.0,Kumari Securities Private Limited,Himalayan Brokerage Company Limited,2026-04-20 14:44:35.978351
2026042004013707,AHPC,22,43,28,288.0,8064.0,Siprabi Securities Pvt. Ltd.,South Asian Bulls Pvt. Ltd.,2026-04-20 14:45:48.500270
2026042004013856,AHPC,22,63,22,288.0,6336.0,Siprabi Securities Pvt. Ltd.,Himalayan Brokerage Company Limited,2026-04-20 14:47:39.853382
2026042004013857,AHPC,42,63,10,288.0,2880.0,Sani Securities Company Ltd.,Himalayan Brokerage Company Limited,2026-04-20 14:47:39.853773
2026042004013858,AHPC,32,63,40,287.6,11504.0,Premier Securities Company Ltd.,Himalayan Brokerage Company Limited,2026-04-20 14:47:39.853924
2026042004013859,AHPC,7,63,40,287.6,11504.0,J.F. Securites (PVT) Ltd.,Himalayan Brokerage Company Limited,2026-04-20 14:47:39.854072
2026042004013860,AHPC,35,63,100,287.5,28750.0,Kohinoor Investment & Securities Pvt. Ltd.,Himalayan Brokerage Company Limited,2026-04-20 14:47:39.854279
2026042004013861,AHPC,42,63,173,287.5,49737.5,Sani Securities Company Ltd.,Himalayan Brokerage Company Limited,2026-04-20 14:47:39.854492
2026042004013879,AHPC,6,63,585,287.5,168187.5,Agrawal Securities (PVT) Ltd.,Himalayan Brokerage Company Limited,2026-04-20 14:47:45.768371
2026042004013905,AHPC,6,40,415,287.7,119395.5,Agrawal Securities (PVT) Ltd.,Creative Securities Pvt Ltd,2026-04-20 14:48:07.756088
2026042004013906,AHPC,44,40,585,287.4,168129.0,Dynamic Money Managers Securities Pvt. Ltd.,Creative Securities Pvt Ltd,2026-04-20 14:48:07.756152
2026042004014033,AHPC,44,42,25,287.4,7185.0,Dynamic Money Managers Securities Pvt. Ltd.,Sani Securities Company Ltd.,2026-04-20 14:49:16.977109
2026042004014253,AHPC,1,39,2,289.0,578.0,Kumari Securities Private Limited,Sumeru Securities Pvt. Ltd.,2026-04-20 14:51:03.921173
2026042004014258,AHPC,22,63,79,287.5,22712.5,Siprabi Securities Pvt. Ltd.,Himalayan Brokerage Company Limited,2026-04-20 14:51:09.131082
2026042004014259,AHPC,44,63,361,287.4,103751.4,Dynamic Money Managers Securities Pvt. Ltd.,Himalayan Brokerage Company Limited,2026-04-20 14:51:09.131760
2026042004014319,AHPC,58,63,500,287.6,143800.0,Naasa Securities Co. Ltd.,Himalayan Brokerage Company Limited,2026-04-20 14:51:42.106057
2026042004014320,AHPC,35,63,470,287.5,135125.0,Kohinoor Investment & Securities Pvt. Ltd.,Himalayan Brokerage Company Limited,2026-04-20 14:51:42.106733
2026042004014369,AHPC,35,40,30,287.5,8625.0,Kohinoor Investment & Securities Pvt. Ltd.,Creative Securities Pvt Ltd,2026-04-20 14:52:06.284143
2026042004014370,AHPC,44,40,29,287.4,8334.6,Dynamic Money Managers Securities Pvt. Ltd.,Creative Securities Pvt Ltd,2026-04-20 14:52:06.284255
2026042004014371,AHPC,58,40,1700,287.4,488580.0,Naasa Securities Co. Ltd.,Creative Securities Pvt Ltd,2026-04-20 14:52:06.284285
2026042004014372,AHPC,51,40,25,287.4,7185.0,Oxford Securities Pvt. Ltd.,Creative Securities Pvt Ltd,2026-04-20 14:52:06.284324
2026042004014373,AHPC,35,40,50,287.4,14370.0,Kohinoor Investment & Securities Pvt. Ltd.,Creative Securities Pvt Ltd,2026-04-20 14:52:06.284353
2026042004014374,AHPC,58,40,166,287.4,47708.4,Naasa Securities Co. Ltd.,Creative Securities Pvt Ltd,2026-04-20 14:52:06.284377
2026042004014399,AHPC,58,63,330,287.4,94842.0,Naasa Securities Co. Ltd.,Himalayan Brokerage Company Limited,2026-04-20 14:52:19.373939
2026042004014462,AHPC,39,39,75,287.9,21592.5,Sumeru Securities Pvt. Ltd.,Sumeru Securities Pvt. Ltd.,2026-04-20 14:52:42.607137
2026042004014535,AHPC,39,63,500,287.9,143950.0,Sumeru Securities Pvt. Ltd.,Himalayan Brokerage Company Limited,2026-04-20 14:52:58.972616
2026042004014570,AHPC,39,58,50,287.9,14395.0,Sumeru Securities Pvt. Ltd.,Naasa Securities Co. Ltd.,2026-04-20 14:53:09.289031
2026042004014718,AHPC,19,58,13,288.0,3744.0,Nepal Investment And Securities Trading Private Limited,Naasa Securities Co. Ltd.,2026-04-20 14:53:52.867852
2026042004014719,AHPC,19,39,87,288.0,25056.0,Nepal Investment And Securities Trading Private Limited,Sumeru Securities Pvt. Ltd.,2026-04-20 14:53:52.868189
2026042004014725,AHPC,39,16,175,287.9,50382.5,Sumeru Securities Pvt. Ltd.,Primo Securities (PVT) Ltd.,2026-04-20 14:53:54.634826
2026042004014782,AHPC,58,16,504,287.5,144900.0,Naasa Securities Co. Ltd.,Primo Securities (PVT) Ltd.,2026-04-20 14:54:10.297383
2026042004014929,AHPC,35,34,910,287.5,261625.0,Kohinoor Investment & Securities Pvt. Ltd.,Vision Securities Pvt. Ltd,2026-04-20 14:55:03.870276
2026042004014931,AHPC,35,5,90,287.5,25875.0,Kohinoor Investment & Securities Pvt. Ltd.,Market Securities & Exchange (PVT) Ltd.,2026-04-20 14:55:05.250402
2026042004015044,AHPC,6,5,100,287.4,28740.0,Agrawal Securities (PVT) Ltd.,Market Securities & Exchange (PVT) Ltd.,2026-04-20 14:55:38.355436
2026042004015045,AHPC,14,5,64,287.4,18393.6,Nepal Stock House (PVT) Ltd.,Market Securities & Exchange (PVT) Ltd.,2026-04-20 14:55:38.356087
2026042004015046,AHPC,50,5,246,287.3,70675.8,Cristal Kanchanjanga Securites Pvt. Ltd.,Market Securities & Exchange (PVT) Ltd.,2026-04-20 14:55:38.356537
2026042004015212,AHPC,58,13,10,287.5,2875.0,Naasa Securities Co. Ltd.,Thrive Brokerage House Pvt. Ltd,2026-04-20 14:56:23.331218
2026042004015235,AHPC,35,13,200,287.5,57500.0,Kohinoor Investment & Securities Pvt. Ltd.,Thrive Brokerage House Pvt. Ltd,2026-04-20 14:56:33.236389
2026042004015270,AHPC,28,16,611,287.9,175906.9,Shree Krishna Securities Ltd.,Primo Securities (PVT) Ltd.,2026-04-20 14:56:41.648411
2026042004015271,AHPC,28,65,120,287.9,34548.0,Shree Krishna Securities Ltd.,Sharepro Securities Private Limited,2026-04-20 14:56:41.648742
2026042004015272,AHPC,28,39,42,288.0,12096.0,Shree Krishna Securities Ltd.,Sumeru Securities Pvt. Ltd.,2026-04-20 14:56:41.648894
2026042004015389,AHPC,35,98,300,287.5,86250.0,Kohinoor Investment & Securities Pvt. Ltd.,Trademow Securities Private Limited,2026-04-20 14:57:06.161112
2026042004015390,AHPC,52,98,500,287.5,143750.0,Sundhara Securities Limited,Trademow Securities Private Limited,2026-04-20 14:57:06.161788
2026042004015391,AHPC,50,98,593,287.3,170368.9,Cristal Kanchanjanga Securites Pvt. Ltd.,Trademow Securities Private Limited,2026-04-20 14:57:06.162235
2026042004015392,AHPC,50,98,400,287.3,114920.0,Cristal Kanchanjanga Securites Pvt. Ltd.,Trademow Securities Private Limited,2026-04-20 14:57:06.162694
2026042004015393,AHPC,42,98,100,287.3,28730.0,Sani Securities Company Ltd.,Trademow Securities Private Limited,2026-04-20 14:57:06.163140
2026042004015394,AHPC,26,98,2040,287.2,585888.0,Asian Securities Private Ltd.,Trademow Securities Private Limited,2026-04-20 14:57:06.163599
2026042004015395,AHPC,52,98,100,287.2,28720.0,Sundhara Securities Limited,Trademow Securities Private Limited,2026-04-20 14:57:06.164048
2026042004015396,AHPC,35,98,167,287.2,47962.4,Kohinoor Investment & Securities Pvt. Ltd.,Trademow Securities Private Limited,2026-04-20 14:57:06.164512
2026042004015452,AHPC,35,1,833,287.2,239237.6,Kohinoor Investment & Securities Pvt. Ltd.,Kumari Securities Private Limited,2026-04-20 14:57:20.520641
2026042004015453,AHPC,57,1,100,287.2,28720.0,Aryatara Investment & Securities,Kumari Securities Private Limited,2026-04-20 14:57:20.521002
2026042004015454,AHPC,8,1,67,287.1,19235.7,Brilliant Securities Pvt. Ltd.,Kumari Securities Private Limited,2026-04-20 14:57:20.521162
2026042004015594,AHPC,35,39,161,288.0,46368.0,Kohinoor Investment & Securities Pvt. Ltd.,Sumeru Securities Pvt. Ltd.,2026-04-20 14:57:46.877206
2026042004015598,AHPC,35,11,339,288.0,97632.0,Kohinoor Investment & Securities Pvt. Ltd.,Malla & Malla Stock Broking Company Pvt. Limited,2026-04-20 14:57:50.157763
2026042004015599,AHPC,8,11,161,287.1,46223.1,Brilliant Securities Pvt. Ltd.,Malla & Malla Stock Broking Company Pvt. Limited,2026-04-20 14:57:50.158123
2026042004015710,AHPC,36,17,300,288.0,86400.0,Secured Securities Ltd.,ABC Securities Private Limited,2026-04-20 14:58:16.716487
2026042004015750,AHPC,8,45,672,287.1,192931.2,Brilliant Securities Pvt. Ltd.,Imperial Securities Company Pvt. Ltd.,2026-04-20 14:58:26.069497
2026042004015751,AHPC,49,45,200,287.0,57400.0,Online Securities Pvt. Ltd.,Imperial Securities Company Pvt. Ltd.,2026-04-20 14:58:26.069556
2026042004015752,AHPC,57,45,180,287.0,51660.0,Aryatara Investment & Securities,Imperial Securities Company Pvt. Ltd.,2026-04-20 14:58:26.069586
2026042004015753,AHPC,72,45,293,287.0,84091.0,Hatemalo Financial Services Private Limited,Imperial Securities Company Pvt. Ltd.,2026-04-20 14:58:26.069611
2026042004015820,AHPC,72,49,189,287.0,54243.0,Hatemalo Financial Services Private Limited,Online Securities Pvt. Ltd.,2026-04-20 14:58:39.765980
2026042004016049,AHPC,35,11,1000,287.3,287300.0,Kohinoor Investment & Securities Pvt. Ltd.,Malla & Malla Stock Broking Company Pvt. Limited,2026-04-20 14:59:02.840237
2026042004016050,AHPC,72,11,18,287.0,5166.0,Hatemalo Financial Services Private Limited,Malla & Malla Stock Broking Company Pvt. Limited,2026-04-20 14:59:02.840576
2026042004016051,AHPC,42,11,75,287.0,21525.0,Sani Securities Company Ltd.,Malla & Malla Stock Broking Company Pvt. Limited,2026-04-20 14:59:02.840730
2026042004016052,AHPC,6,11,500,287.0,143500.0,Agrawal Securities (PVT) Ltd.,Malla & Malla Stock Broking Company Pvt. Limited,2026-04-20 14:59:02.840874
2026042004016053,AHPC,74,11,50,287.0,14350.0,KALASH STOCK MARKET PVT. LTD.,Malla & Malla Stock Broking Company Pvt. Limited,2026-04-20 14:59:02.841025
2026042004016054,AHPC,96,11,170,287.0,48790.0,Himalayan Securities Limited,Malla & Malla Stock Broking Company Pvt. Limited,2026-04-20 14:59:02.841171
2026042004016055,AHPC,49,11,200,287.0,57400.0,Online Securities Pvt. Ltd.,Malla & Malla Stock Broking Company Pvt. Limited,2026-04-20 14:59:02.841320
2026042004016056,AHPC,35,11,20,287.0,5740.0,Kohinoor Investment & Securities Pvt. Ltd.,Malla & Malla Stock Broking Company Pvt. Limited,2026-04-20 14:59:02.841468
2026042004016057,AHPC,58,11,300,287.0,86100.0,Naasa Securities Co. Ltd.,Malla & Malla Stock Broking Company Pvt. Limited,2026-04-20 14:59:02.841614
2026042004016058,AHPC,74,11,300,287.0,86100.0,KALASH STOCK MARKET PVT. LTD.,Malla & Malla Stock Broking Company Pvt. Limited,2026-04-20 14:59:02.841762
2026042004016059,AHPC,13,11,190,287.0,54530.0,Thrive Brokerage House Pvt. Ltd,Malla & Malla Stock Broking Company Pvt. Limited,2026-04-20 14:59:02.841906
2026042004016060,AHPC,22,11,150,287.0,43050.0,Siprabi Securities Pvt. Ltd.,Malla & Malla Stock Broking Company Pvt. Limited,2026-04-20 14:59:02.842050
2026042004016061,AHPC,38,11,185,287.0,53095.0,Dipshikha Dhitopatra Karobar Co. Pvt Ltd.,Malla & Malla Stock Broking Company Pvt. Limited,2026-04-20 14:59:02.842188
2026042004016062,AHPC,42,11,100,287.0,28700.0,Sani Securities Company Ltd.,Malla & Malla Stock Broking Company Pvt. Limited,2026-04-20 14:59:02.842338
2026042004016063,AHPC,59,11,250,287.0,71750.0,Deevyaa Securities & Stock House Pvt. Ltd,Malla & Malla Stock Broking Company Pvt. Limited,2026-04-20 14:59:02.842480
2026042004016064,AHPC,42,11,175,287.0,50225.0,Sani Securities Company Ltd.,Malla & Malla Stock Broking Company Pvt. Limited,2026-04-20 14:59:02.842619
2026042004016065,AHPC,11,11,100,287.0,28700.0,Malla & Malla Stock Broking Company Pvt. Limited,Malla & Malla Stock Broking Company Pvt. Limited,2026-04-20 14:59:02.842764
2026042004016066,AHPC,39,11,500,287.0,143500.0,Sumeru Securities Pvt. Ltd.,Malla & Malla Stock Broking Company Pvt. Limited,2026-04-20 14:59:02.842904
2026042004016067,AHPC,42,11,400,287.0,114800.0,Sani Securities Company Ltd.,Malla & Malla Stock Broking Company Pvt. Limited,2026-04-20 14:59:02.843036
2026042004016068,AHPC,19,11,100,287.0,28700.0,Nepal Investment And Securities Trading Private Limited,Malla & Malla Stock Broking Company Pvt. Limited,2026-04-20 14:59:02.843176
2026042004016069,AHPC,38,11,100,287.0,28700.0,Dipshikha Dhitopatra Karobar Co. Pvt Ltd.,Malla & Malla Stock Broking Company Pvt. Limited,2026-04-20 14:59:02.843310
2026042004016070,AHPC,5,11,17,287.0,4879.0,Market Securities & Exchange (PVT) Ltd.,Malla & Malla Stock Broking Company Pvt. Limited,2026-04-20 14:59:02.843455
2026042004016102,AHPC,29,17,10,288.0,2880.0,Trisul Securities & Invt. Ltd.,ABC Securities Private Limited,2026-04-20 14:59:10.573496
2026042004016226,AHPC,35,17,190,287.8,54682.0,Kohinoor Investment & Securities Pvt. Ltd.,ABC Securities Private Limited,2026-04-20 14:59:28.076192
2026042004016227,AHPC,35,39,900,287.9,259110.0,Kohinoor Investment & Securities Pvt. Ltd.,Sumeru Securities Pvt. Ltd.,2026-04-20 14:59:28.076521
2026042004016228,AHPC,35,58,606,288.0,174528.0,Kohinoor Investment & Securities Pvt. Ltd.,Naasa Securities Co. Ltd.,2026-04-20 14:59:28.076692
2026042004016229,AHPC,35,13,160,288.0,46080.0,Kohinoor Investment & Securities Pvt. Ltd.,Thrive Brokerage House Pvt. Ltd,2026-04-20 14:59:28.076832
2026042004016230,AHPC,35,42,105,288.0,30240.0,Kohinoor Investment & Securities Pvt. Ltd.,Sani Securities Company Ltd.,2026-04-20 14:59:28.076976
2026042004016231,AHPC,35,74,25,288.1,7202.5,Kohinoor Investment & Securities Pvt. Ltd.,KALASH STOCK MARKET PVT. LTD.,2026-04-20 14:59:28.077112
2026042004016365,AHPC,29,59,10,289.0,2890.0,Trisul Securities & Invt. Ltd.,Deevyaa Securities & Stock House Pvt. Ltd,2026-04-20 14:59:47.116030
2026042004016618,AHPC,29,14,10,288.9,2889.0,Trisul Securities & Invt. Ltd.,Nepal Stock House (PVT) Ltd.,2026-04-20 14:59:58.623994
