contractId,stockSymbol,buyerMemberId,sellerMemberId,quantity,rate,amount,businessDate,tradeBookId,stockId,buyerBrokerName,sellerBrokerName,transaction_time,securityName
2026042003000009,ALICL,34,34,10,488.2,4882.0,2026-04-20,186947963,385,Vision Securities Pvt. Ltd,Vision Securities Pvt. Ltd,2026-04-20 10:46:00.048834,Asian Life Insurance Co. Limited
2026042003000197,ALICL,58,1,10,473.6,4736.0,2026-04-20,186969014,385,Naasa Securities Co. Ltd.,Kumari Securities Private Limited,2026-04-20 11:11:00.135834,Asian Life Insurance Co. Limited
2026042003000222,ALICL,36,90,20,473.5,9470.0,2026-04-20,186970714,385,Secured Securities Ltd.,Sajilo Broker Limited,2026-04-20 11:11:46.506418,Asian Life Insurance Co. Limited
2026042003000259,ALICL,58,41,50,470.0,23500.0,2026-04-20,186974762,385,Naasa Securities Co. Ltd.,Linch Stock Market Ltd.,2026-04-20 11:14:00.048808,Asian Life Insurance Co. Limited
2026042003000325,ALICL,25,34,50,460.0,23000.0,2026-04-20,186981230,385,Sweta Securities Private Limited,Vision Securities Pvt. Ltd,2026-04-20 11:17:11.787255,Asian Life Insurance Co. Limited
2026042003000326,ALICL,52,34,21,456.0,9576.0,2026-04-20,186981231,385,Sundhara Securities Limited,Vision Securities Pvt. Ltd,2026-04-20 11:17:11.787408,Asian Life Insurance Co. Limited
2026042003000420,ALICL,19,46,32,457.0,14624.0,2026-04-20,186990850,385,Nepal Investment And Securities Trading Private Limited,Kalika Securities Pvt. Ltd.,2026-04-20 11:22:13.636795,Asian Life Insurance Co. Limited
2026042003000421,ALICL,38,46,200,456.1,91220.0,2026-04-20,186990852,385,Dipshikha Dhitopatra Karobar Co. Pvt Ltd.,Kalika Securities Pvt. Ltd.,2026-04-20 11:22:13.636974,Asian Life Insurance Co. Limited
2026042003000422,ALICL,52,46,199,456.0,90744.0,2026-04-20,186990854,385,Sundhara Securities Limited,Kalika Securities Pvt. Ltd.,2026-04-20 11:22:13.637055,Asian Life Insurance Co. Limited
2026042003000423,ALICL,52,46,85,456.0,38760.0,2026-04-20,186990857,385,Sundhara Securities Limited,Kalika Securities Pvt. Ltd.,2026-04-20 11:22:13.637125,Asian Life Insurance Co. Limited
2026042003000424,ALICL,25,46,10,453.0,4530.0,2026-04-20,186990861,385,Sweta Securities Private Limited,Kalika Securities Pvt. Ltd.,2026-04-20 11:22:13.637186,Asian Life Insurance Co. Limited
2026042003000425,ALICL,45,46,209,453.0,94677.0,2026-04-20,186990863,385,Imperial Securities Company Pvt. Ltd.,Kalika Securities Pvt. Ltd.,2026-04-20 11:22:13.637251,Asian Life Insurance Co. Limited
2026042003000512,ALICL,88,58,10,465.0,4650.0,2026-04-20,186998314,385,Blue Chip Securities Ltd,Naasa Securities Co. Ltd.,2026-04-20 11:27:29.371948,Asian Life Insurance Co. Limited
2026042003000816,ALICL,88,58,10,465.0,4650.0,2026-04-20,187013604,385,Blue Chip Securities Ltd,Naasa Securities Co. Ltd.,2026-04-20 11:39:34.605372,Asian Life Insurance Co. Limited
2026042003001311,ALICL,51,58,31,462.0,14322.0,2026-04-20,187034328,385,Oxford Securities Pvt. Ltd.,Naasa Securities Co. Ltd.,2026-04-20 11:56:18.352146,Asian Life Insurance Co. Limited
2026042003001417,ALICL,51,58,19,462.0,8778.0,2026-04-20,187036344,385,Oxford Securities Pvt. Ltd.,Naasa Securities Co. Ltd.,2026-04-20 11:57:54.445217,Asian Life Insurance Co. Limited
2026042003001461,ALICL,42,44,200,461.9,92380.0,2026-04-20,187038071,385,Sani Securities Company Ltd.,Dynamic Money Managers Securities Pvt. Ltd.,2026-04-20 11:59:29.205300,Asian Life Insurance Co. Limited
2026042003001462,ALICL,42,58,61,462.0,28182.0,2026-04-20,187038073,385,Sani Securities Company Ltd.,Naasa Securities Co. Ltd.,2026-04-20 11:59:29.205500,Asian Life Insurance Co. Limited
2026042003001463,ALICL,42,48,50,462.8,23140.0,2026-04-20,187038075,385,Sani Securities Company Ltd.,Trishakti Securities Public Limited,2026-04-20 11:59:29.205582,Asian Life Insurance Co. Limited
2026042003001464,ALICL,42,45,137,462.9,63417.3,2026-04-20,187038078,385,Sani Securities Company Ltd.,Imperial Securities Company Pvt. Ltd.,2026-04-20 11:59:29.205659,Asian Life Insurance Co. Limited
2026042003001930,ALICL,21,62,2,449.1,898.2,2026-04-20,187055861,385,Midas Stock Broking Company Private Limited,Capital Max Securities Ltd,2026-04-20 12:19:12.091532,Asian Life Insurance Co. Limited
2026042003002120,ALICL,7,4,50,462.6,23130.0,2026-04-20,187061943,385,J.F. Securites (PVT) Ltd.,Opal Securities Investment (PVT) Ltd.,2026-04-20 12:26:17.383908,Asian Life Insurance Co. Limited
2026042003002154,ALICL,7,57,150,462.6,69390.0,2026-04-20,187063110,385,J.F. Securites (PVT) Ltd.,Aryatara Investment & Securities,2026-04-20 12:27:54.276475,Asian Life Insurance Co. Limited
2026042003002191,ALICL,57,39,140,460.0,64400.0,2026-04-20,187064514,385,Aryatara Investment & Securities,Sumeru Securities Pvt. Ltd.,2026-04-20 12:30:11.063410,Asian Life Insurance Co. Limited
2026042003002192,ALICL,33,39,58,460.0,26680.0,2026-04-20,187064516,385,Dakshinkali Investment & Securities Pvt. Ltd.,Sumeru Securities Pvt. Ltd.,2026-04-20 12:30:11.063640,Asian Life Insurance Co. Limited
2026042003002193,ALICL,49,39,100,459.0,45900.0,2026-04-20,187064518,385,Online Securities Pvt. Ltd.,Sumeru Securities Pvt. Ltd.,2026-04-20 12:30:11.063730,Asian Life Insurance Co. Limited
2026042003002194,ALICL,19,39,30,458.0,13740.0,2026-04-20,187064520,385,Nepal Investment And Securities Trading Private Limited,Sumeru Securities Pvt. Ltd.,2026-04-20 12:30:11.063811,Asian Life Insurance Co. Limited
2026042003002195,ALICL,32,39,10,457.2,4572.0,2026-04-20,187064522,385,Premier Securities Company Ltd.,Sumeru Securities Pvt. Ltd.,2026-04-20 12:30:11.063892,Asian Life Insurance Co. Limited
2026042003002196,ALICL,58,39,162,457.2,74066.4,2026-04-20,187064523,385,Naasa Securities Co. Ltd.,Sumeru Securities Pvt. Ltd.,2026-04-20 12:30:11.063970,Asian Life Insurance Co. Limited
2026042003002599,ALICL,34,56,20,461.0,9220.0,2026-04-20,187077984,385,Vision Securities Pvt. Ltd,Sri Hari Securities Pvt. Ltd.,2026-04-20 12:50:52.233505,Asian Life Insurance Co. Limited
2026042003002896,ALICL,13,36,10,459.0,4590.0,2026-04-20,187085954,385,Thrive Brokerage House Pvt. Ltd,Secured Securities Ltd.,2026-04-20 13:04:19.909307,Asian Life Insurance Co. Limited
2026042003002897,ALICL,45,36,25,458.0,11450.0,2026-04-20,187085956,385,Imperial Securities Company Pvt. Ltd.,Secured Securities Ltd.,2026-04-20 13:04:19.909408,Asian Life Insurance Co. Limited
2026042003002898,ALICL,62,36,65,458.0,29770.0,2026-04-20,187085957,385,Capital Max Securities Ltd,Secured Securities Ltd.,2026-04-20 13:04:19.909488,Asian Life Insurance Co. Limited
2026042003003240,ALICL,21,54,1,449.1,449.1,2026-04-20,187093233,385,Midas Stock Broking Company Private Limited,Sewa Securities Pvt. Ltd.,2026-04-20 13:16:52.565687,Asian Life Insurance Co. Limited
2026042003003585,ALICL,21,54,1,449.1,449.1,2026-04-20,187103679,385,Midas Stock Broking Company Private Limited,Sewa Securities Pvt. Ltd.,2026-04-20 13:35:46.983391,Asian Life Insurance Co. Limited
2026042003003699,ALICL,38,57,10,462.0,4620.0,2026-04-20,187110492,385,Dipshikha Dhitopatra Karobar Co. Pvt Ltd.,Aryatara Investment & Securities,2026-04-20 13:43:51.501881,Asian Life Insurance Co. Limited
2026042003003753,ALICL,58,45,1,459.0,459.0,2026-04-20,187114105,385,Naasa Securities Co. Ltd.,Imperial Securities Company Pvt. Ltd.,2026-04-20 13:47:31.058150,Asian Life Insurance Co. Limited
2026042003003762,ALICL,21,35,40,461.9,18476.0,2026-04-20,187114310,385,Midas Stock Broking Company Private Limited,Kohinoor Investment & Securities Pvt. Ltd.,2026-04-20 13:47:43.424790,Asian Life Insurance Co. Limited
2026042003003886,ALICL,40,35,19,461.9,8776.1,2026-04-20,187121842,385,Creative Securities Pvt Ltd,Kohinoor Investment & Securities Pvt. Ltd.,2026-04-20 13:54:59.823335,Asian Life Insurance Co. Limited
2026042003003952,ALICL,10,35,25,461.0,11525.0,2026-04-20,187124686,385,Pragyan Securities (PVT) Ltd.,Kohinoor Investment & Securities Pvt. Ltd.,2026-04-20 13:59:00.275828,Asian Life Insurance Co. Limited
2026042003003953,ALICL,33,35,16,460.0,7360.0,2026-04-20,187124687,385,Dakshinkali Investment & Securities Pvt. Ltd.,Kohinoor Investment & Securities Pvt. Ltd.,2026-04-20 13:59:00.276090,Asian Life Insurance Co. Limited
2026042003004100,ALICL,13,63,27,461.9,12471.3,2026-04-20,187130722,385,Thrive Brokerage House Pvt. Ltd,Himalayan Brokerage Company Limited,2026-04-20 14:07:47.305447,Asian Life Insurance Co. Limited
2026042003004233,ALICL,7,48,4,450.0,1800.0,2026-04-20,187134333,385,J.F. Securites (PVT) Ltd.,Trishakti Securities Public Limited,2026-04-20 14:12:43.568067,Asian Life Insurance Co. Limited
2026042003004289,ALICL,21,45,1,449.1,449.1,2026-04-20,187136157,385,Midas Stock Broking Company Private Limited,Imperial Securities Company Pvt. Ltd.,2026-04-20 14:15:24.539090,Asian Life Insurance Co. Limited
2026042003004291,ALICL,7,63,20,461.9,9238.0,2026-04-20,187136210,385,J.F. Securites (PVT) Ltd.,Himalayan Brokerage Company Limited,2026-04-20 14:15:29.029372,Asian Life Insurance Co. Limited
2026042003004300,ALICL,66,57,100,461.9,46190.0,2026-04-20,187136351,385,Miyo Securities Pvt Ltd,Aryatara Investment & Securities,2026-04-20 14:15:43.804915,Asian Life Insurance Co. Limited
2026042003004301,ALICL,66,35,16,461.9,7390.4,2026-04-20,187136353,385,Miyo Securities Pvt Ltd,Kohinoor Investment & Securities Pvt. Ltd.,2026-04-20 14:15:43.805038,Asian Life Insurance Co. Limited
2026042003004302,ALICL,66,57,340,462.0,157080.0,2026-04-20,187136355,385,Miyo Securities Pvt Ltd,Aryatara Investment & Securities,2026-04-20 14:15:43.805118,Asian Life Insurance Co. Limited
2026042003004303,ALICL,66,65,487,462.0,224994.0,2026-04-20,187136357,385,Miyo Securities Pvt Ltd,Sharepro Securities Private Limited,2026-04-20 14:15:43.805195,Asian Life Insurance Co. Limited
2026042003004304,ALICL,66,45,328,462.9,151831.2,2026-04-20,187136359,385,Miyo Securities Pvt Ltd,Imperial Securities Company Pvt. Ltd.,2026-04-20 14:15:43.805274,Asian Life Insurance Co. Limited
2026042003004305,ALICL,66,17,229,462.9,106004.1,2026-04-20,187136362,385,Miyo Securities Pvt Ltd,ABC Securities Private Limited,2026-04-20 14:15:43.805349,Asian Life Insurance Co. Limited
2026042003004319,ALICL,47,17,19,462.9,8795.1,2026-04-20,187136982,385,Neev Securities Pvt. Ltd.,ABC Securities Private Limited,2026-04-20 14:16:39.907211,Asian Life Insurance Co. Limited
2026042003004384,ALICL,4,10,100,462.8,46280.0,2026-04-20,187138427,385,Opal Securities Investment (PVT) Ltd.,Pragyan Securities (PVT) Ltd.,2026-04-20 14:19:26.545343,Asian Life Insurance Co. Limited
2026042003004385,ALICL,4,17,252,462.9,116650.8,2026-04-20,187138429,385,Opal Securities Investment (PVT) Ltd.,ABC Securities Private Limited,2026-04-20 14:19:26.545776,Asian Life Insurance Co. Limited
2026042003004386,ALICL,4,60,648,463.0,300024.0,2026-04-20,187138432,385,Opal Securities Investment (PVT) Ltd.,Nagarik Stock Dealer ,2026-04-20 14:19:26.546110,Asian Life Insurance Co. Limited
2026042003004485,ALICL,1,60,10,463.0,4630.0,2026-04-20,187140752,385,Kumari Securities Private Limited,Nagarik Stock Dealer ,2026-04-20 14:22:53.804801,Asian Life Insurance Co. Limited
2026042003004544,ALICL,36,1,24,461.0,11064.0,2026-04-20,187143204,385,Secured Securities Ltd.,Kumari Securities Private Limited,2026-04-20 14:25:44.658001,Asian Life Insurance Co. Limited
2026042003005079,ALICL,33,1,66,461.0,30426.0,2026-04-20,187156477,385,Dakshinkali Investment & Securities Pvt. Ltd.,Kumari Securities Private Limited,2026-04-20 14:44:08.855246,Asian Life Insurance Co. Limited
2026042003005080,ALICL,33,58,18,461.0,8298.0,2026-04-20,187156480,385,Dakshinkali Investment & Securities Pvt. Ltd.,Naasa Securities Co. Ltd.,2026-04-20 14:44:08.855471,Asian Life Insurance Co. Limited
2026042003005290,ALICL,34,63,100,460.3,46030.0,2026-04-20,187160760,385,Vision Securities Pvt. Ltd,Himalayan Brokerage Company Limited,2026-04-20 14:48:51.495014,Asian Life Insurance Co. Limited
2026042003005291,ALICL,19,63,111,460.3,51093.3,2026-04-20,187160762,385,Nepal Investment And Securities Trading Private Limited,Himalayan Brokerage Company Limited,2026-04-20 14:48:51.495245,Asian Life Insurance Co. Limited
2026042003005292,ALICL,57,63,500,460.1,230050.0,2026-04-20,187160764,385,Aryatara Investment & Securities,Himalayan Brokerage Company Limited,2026-04-20 14:48:51.495337,Asian Life Insurance Co. Limited
2026042003005293,ALICL,4,63,589,460.0,270940.0,2026-04-20,187160765,385,Opal Securities Investment (PVT) Ltd.,Himalayan Brokerage Company Limited,2026-04-20 14:48:51.495425,Asian Life Insurance Co. Limited
2026042003005327,ALICL,4,63,411,460.0,189060.0,2026-04-20,187161316,385,Opal Securities Investment (PVT) Ltd.,Himalayan Brokerage Company Limited,2026-04-20 14:49:26.409448,Asian Life Insurance Co. Limited
2026042003005328,ALICL,57,63,60,460.0,27600.0,2026-04-20,187161318,385,Aryatara Investment & Securities,Himalayan Brokerage Company Limited,2026-04-20 14:49:26.409662,Asian Life Insurance Co. Limited
2026042003005329,ALICL,49,63,12,460.0,5520.0,2026-04-20,187161320,385,Online Securities Pvt. Ltd.,Himalayan Brokerage Company Limited,2026-04-20 14:49:26.409753,Asian Life Insurance Co. Limited
2026042003005330,ALICL,38,63,21,460.0,9660.0,2026-04-20,187161321,385,Dipshikha Dhitopatra Karobar Co. Pvt Ltd.,Himalayan Brokerage Company Limited,2026-04-20 14:49:26.409839,Asian Life Insurance Co. Limited
2026042003005646,ALICL,38,63,14,460.0,6440.0,2026-04-20,187167748,385,Dipshikha Dhitopatra Karobar Co. Pvt Ltd.,Himalayan Brokerage Company Limited,2026-04-20 14:54:52.694235,Asian Life Insurance Co. Limited
2026042003005647,ALICL,20,63,186,458.2,85225.2,2026-04-20,187167749,385,Sipla Securities Private Limited,Himalayan Brokerage Company Limited,2026-04-20 14:54:52.694680,Asian Life Insurance Co. Limited
2026042003005814,ALICL,62,57,5,458.0,2290.0,2026-04-20,187170553,385,Capital Max Securities Ltd,Aryatara Investment & Securities,2026-04-20 14:56:37.522261,Asian Life Insurance Co. Limited
2026042003005856,ALICL,34,14,10,460.0,4600.0,2026-04-20,187171336,385,Vision Securities Pvt. Ltd,Nepal Stock House (PVT) Ltd.,2026-04-20 14:57:04.873523,Asian Life Insurance Co. Limited
2026042003006032,ALICL,58,14,20,460.0,9200.0,2026-04-20,187174880,385,Naasa Securities Co. Ltd.,Nepal Stock House (PVT) Ltd.,2026-04-20 14:58:45.571143,Asian Life Insurance Co. Limited
2026042003006078,ALICL,58,63,200,459.0,91800.0,2026-04-20,187176658,385,Naasa Securities Co. Ltd.,Himalayan Brokerage Company Limited,2026-04-20 14:59:17.204056,Asian Life Insurance Co. Limited
2026042003006079,ALICL,48,63,200,458.5,91700.0,2026-04-20,187176660,385,Trishakti Securities Public Limited,Himalayan Brokerage Company Limited,2026-04-20 14:59:17.204252,Asian Life Insurance Co. Limited
2026042003006080,ALICL,25,63,10,458.3,4583.0,2026-04-20,187176662,385,Sweta Securities Private Limited,Himalayan Brokerage Company Limited,2026-04-20 14:59:17.204343,Asian Life Insurance Co. Limited
2026042003006081,ALICL,20,63,90,458.2,41238.0,2026-04-20,187176663,385,Sipla Securities Private Limited,Himalayan Brokerage Company Limited,2026-04-20 14:59:17.204431,Asian Life Insurance Co. Limited
2026042003006130,ALICL,45,10,100,459.9,45990.0,2026-04-20,187177514,385,Imperial Securities Company Pvt. Ltd.,Pragyan Securities (PVT) Ltd.,2026-04-20 14:59:29.922460,Asian Life Insurance Co. Limited
2026042003006181,ALICL,20,57,150,458.2,68730.0,2026-04-20,187178651,385,Sipla Securities Private Limited,Aryatara Investment & Securities,2026-04-20 14:59:45.539423,Asian Life Insurance Co. Limited
2026042003006212,ALICL,85,43,10,458.5,4585.0,2026-04-20,187179218,385,Capital Hub P. Ltd,South Asian Bulls Pvt. Ltd.,2026-04-20 14:59:52.498719,Asian Life Insurance Co. Limited
