contractId,stockSymbol,buyerMemberId,sellerMemberId,quantity,rate,amount,businessDate,tradeBookId,stockId,buyerBrokerName,sellerBrokerName,transaction_time,securityName
2026042004000004,BPCL,34,49,10,731.8,7318.0,2026-04-20,186947918,153,Vision Securities Pvt. Ltd,Online Securities Pvt. Ltd.,2026-04-20 10:46:00.023024,Butwal Power Company Limited
2026042004000229,BPCL,49,38,10,715.0,7150.0,2026-04-20,186954334,153,Online Securities Pvt. Ltd.,Dipshikha Dhitopatra Karobar Co. Pvt Ltd.,2026-04-20 11:03:08.969088,Butwal Power Company Limited
2026042004000237,BPCL,58,11,15,700.0,10500.0,2026-04-20,186954819,153,Naasa Securities Co. Ltd.,Malla & Malla Stock Broking Company Pvt. Limited,2026-04-20 11:03:22.750933,Butwal Power Company Limited
2026042004000238,BPCL,58,38,85,715.0,60775.0,2026-04-20,186954822,153,Naasa Securities Co. Ltd.,Dipshikha Dhitopatra Karobar Co. Pvt Ltd.,2026-04-20 11:03:22.751022,Butwal Power Company Limited
2026042004000388,BPCL,36,81,200,700.0,140000.0,2026-04-20,186960164,153,Secured Securities Ltd.,Aakashbhairab Securities Ltd.,2026-04-20 11:06:22.809067,Butwal Power Company Limited
2026042004000406,BPCL,19,81,30,700.0,21000.0,2026-04-20,186960584,153,Nepal Investment And Securities Trading Private Limited,Aakashbhairab Securities Ltd.,2026-04-20 11:06:31.992805,Butwal Power Company Limited
2026042004000597,BPCL,48,41,250,699.0,174750.0,2026-04-20,186964376,153,Trishakti Securities Public Limited,Linch Stock Market Ltd.,2026-04-20 11:08:19.674072,Butwal Power Company Limited
2026042004000628,BPCL,48,81,300,700.0,210000.0,2026-04-20,186964894,153,Trishakti Securities Public Limited,Aakashbhairab Securities Ltd.,2026-04-20 11:08:35.941708,Butwal Power Company Limited
2026042004000660,BPCL,48,81,100,700.0,70000.0,2026-04-20,186965450,153,Trishakti Securities Public Limited,Aakashbhairab Securities Ltd.,2026-04-20 11:08:57.762200,Butwal Power Company Limited
2026042004000781,BPCL,22,81,17,700.0,11900.0,2026-04-20,186967730,153,Siprabi Securities Pvt. Ltd.,Aakashbhairab Securities Ltd.,2026-04-20 11:10:08.131295,Butwal Power Company Limited
2026042004000978,BPCL,48,81,297,699.0,207603.0,2026-04-20,186972291,153,Trishakti Securities Public Limited,Aakashbhairab Securities Ltd.,2026-04-20 11:12:40.302561,Butwal Power Company Limited
2026042004000979,BPCL,48,81,353,700.0,247100.0,2026-04-20,186972293,153,Trishakti Securities Public Limited,Aakashbhairab Securities Ltd.,2026-04-20 11:12:40.302605,Butwal Power Company Limited
2026042004000980,BPCL,48,64,350,701.0,245350.0,2026-04-20,186972296,153,Trishakti Securities Public Limited,SUN SECURITIES PVT LTD,2026-04-20 11:12:40.302633,Butwal Power Company Limited
2026042004001011,BPCL,48,64,50,701.0,35050.0,2026-04-20,186972660,153,Trishakti Securities Public Limited,SUN SECURITIES PVT LTD,2026-04-20 11:12:51.474279,Butwal Power Company Limited
2026042004001655,BPCL,29,81,20,697.0,13940.0,2026-04-20,186987276,153,Trisul Securities & Invt. Ltd.,Aakashbhairab Securities Ltd.,2026-04-20 11:20:00.180551,Butwal Power Company Limited
2026042004001656,BPCL,26,81,40,697.0,27880.0,2026-04-20,186987278,153,Asian Securities Private Ltd.,Aakashbhairab Securities Ltd.,2026-04-20 11:20:00.180821,Butwal Power Company Limited
2026042004001659,BPCL,42,81,100,697.0,69700.0,2026-04-20,186987448,153,Sani Securities Company Ltd.,Aakashbhairab Securities Ltd.,2026-04-20 11:20:07.515045,Butwal Power Company Limited
2026042004001728,BPCL,48,81,68,697.0,47396.0,2026-04-20,186989368,153,Trishakti Securities Public Limited,Aakashbhairab Securities Ltd.,2026-04-20 11:21:17.509994,Butwal Power Company Limited
2026042004001827,BPCL,48,46,400,692.0,276800.0,2026-04-20,186992093,153,Trishakti Securities Public Limited,Kalika Securities Pvt. Ltd.,2026-04-20 11:22:55.388504,Butwal Power Company Limited
2026042004002278,BPCL,58,37,100,691.1,69110.0,2026-04-20,187000445,153,Naasa Securities Co. Ltd.,Swarna Laxmi Securities Pvt. Ltd.,2026-04-20 11:29:08.036555,Butwal Power Company Limited
2026042004002335,BPCL,48,42,10,700.0,7000.0,2026-04-20,187001605,153,Trishakti Securities Public Limited,Sani Securities Company Ltd.,2026-04-20 11:30:09.921665,Butwal Power Company Limited
2026042004002336,BPCL,48,3,90,700.0,63000.0,2026-04-20,187001607,153,Trishakti Securities Public Limited,Arun Securities (PVT) Ltd.,2026-04-20 11:30:09.921762,Butwal Power Company Limited
2026042004002337,BPCL,48,21,18,701.0,12618.0,2026-04-20,187001610,153,Trishakti Securities Public Limited,Midas Stock Broking Company Private Limited,2026-04-20 11:30:09.921843,Butwal Power Company Limited
2026042004002452,BPCL,48,45,158,701.0,110758.0,2026-04-20,187004432,153,Trishakti Securities Public Limited,Imperial Securities Company Pvt. Ltd.,2026-04-20 11:32:20.471778,Butwal Power Company Limited
2026042004002928,BPCL,22,37,10,695.0,6950.0,2026-04-20,187009786,153,Siprabi Securities Pvt. Ltd.,Swarna Laxmi Securities Pvt. Ltd.,2026-04-20 11:36:31.531063,Butwal Power Company Limited
2026042004002929,BPCL,13,37,40,695.0,27800.0,2026-04-20,187009787,153,Thrive Brokerage House Pvt. Ltd,Swarna Laxmi Securities Pvt. Ltd.,2026-04-20 11:36:31.531370,Butwal Power Company Limited
2026042004003686,BPCL,13,56,60,695.0,41700.0,2026-04-20,187020694,153,Thrive Brokerage House Pvt. Ltd,Sri Hari Securities Pvt. Ltd.,2026-04-20 11:45:26.770150,Butwal Power Company Limited
2026042004003687,BPCL,45,56,45,695.0,31275.0,2026-04-20,187020696,153,Imperial Securities Company Pvt. Ltd.,Sri Hari Securities Pvt. Ltd.,2026-04-20 11:45:26.770473,Butwal Power Company Limited
2026042004003688,BPCL,25,56,100,693.0,69300.0,2026-04-20,187020698,153,Sweta Securities Private Limited,Sri Hari Securities Pvt. Ltd.,2026-04-20 11:45:26.770716,Butwal Power Company Limited
2026042004003689,BPCL,58,56,50,692.0,34600.0,2026-04-20,187020700,153,Naasa Securities Co. Ltd.,Sri Hari Securities Pvt. Ltd.,2026-04-20 11:45:26.770906,Butwal Power Company Limited
2026042004003690,BPCL,101,56,245,690.3,169123.5,2026-04-20,187020701,153,APPLE SECURITIES PRIVATE LIMITED,Sri Hari Securities Pvt. Ltd.,2026-04-20 11:45:26.771133,Butwal Power Company Limited
2026042004003868,BPCL,101,37,55,690.3,37966.5,2026-04-20,187023852,153,APPLE SECURITIES PRIVATE LIMITED,Swarna Laxmi Securities Pvt. Ltd.,2026-04-20 11:47:50.530393,Butwal Power Company Limited
2026042004003869,BPCL,6,37,45,690.3,31063.5,2026-04-20,187023853,153,Agrawal Securities (PVT) Ltd.,Swarna Laxmi Securities Pvt. Ltd.,2026-04-20 11:47:50.530574,Butwal Power Company Limited
2026042004004857,BPCL,29,56,500,690.5,345250.0,2026-04-20,187037590,153,Trisul Securities & Invt. Ltd.,Sri Hari Securities Pvt. Ltd.,2026-04-20 11:59:01.873010,Butwal Power Company Limited
2026042004004858,BPCL,58,56,200,690.4,138080.0,2026-04-20,187037592,153,Naasa Securities Co. Ltd.,Sri Hari Securities Pvt. Ltd.,2026-04-20 11:59:01.873209,Butwal Power Company Limited
2026042004004859,BPCL,58,56,200,690.4,138080.0,2026-04-20,187037594,153,Naasa Securities Co. Ltd.,Sri Hari Securities Pvt. Ltd.,2026-04-20 11:59:01.873297,Butwal Power Company Limited
2026042004004860,BPCL,6,56,55,690.3,37966.5,2026-04-20,187037596,153,Agrawal Securities (PVT) Ltd.,Sri Hari Securities Pvt. Ltd.,2026-04-20 11:59:01.873365,Butwal Power Company Limited
2026042004004861,BPCL,6,56,45,690.3,31063.5,2026-04-20,187037597,153,Agrawal Securities (PVT) Ltd.,Sri Hari Securities Pvt. Ltd.,2026-04-20 11:59:01.873430,Butwal Power Company Limited
2026042004005006,BPCL,6,22,15,690.3,10354.5,2026-04-20,187039529,153,Agrawal Securities (PVT) Ltd.,Siprabi Securities Pvt. Ltd.,2026-04-20 12:00:42.401416,Butwal Power Company Limited
2026042004005524,BPCL,49,7,15,692.0,10380.0,2026-04-20,187046771,153,Online Securities Pvt. Ltd.,J.F. Securites (PVT) Ltd.,2026-04-20 12:09:21.310786,Butwal Power Company Limited
2026042004005942,BPCL,28,38,15,692.2,10383.0,2026-04-20,187052981,153,Shree Krishna Securities Ltd.,Dipshikha Dhitopatra Karobar Co. Pvt Ltd.,2026-04-20 12:15:54.726450,Butwal Power Company Limited
2026042004006462,BPCL,48,82,12,697.0,8364.0,2026-04-20,187060476,153,Trishakti Securities Public Limited,N.M.B. SECURITIES LIMITED,2026-04-20 12:24:21.224989,Butwal Power Company Limited
2026042004006853,BPCL,58,59,80,698.0,55840.0,2026-04-20,187064699,153,Naasa Securities Co. Ltd.,Deevyaa Securities & Stock House Pvt. Ltd,2026-04-20 12:30:25.537638,Butwal Power Company Limited
2026042004007112,BPCL,58,42,20,698.0,13960.0,2026-04-20,187069850,153,Naasa Securities Co. Ltd.,Sani Securities Company Ltd.,2026-04-20 12:38:07.360904,Butwal Power Company Limited
2026042004007113,BPCL,21,42,37,698.0,25826.0,2026-04-20,187069851,153,Midas Stock Broking Company Private Limited,Sani Securities Company Ltd.,2026-04-20 12:38:07.361246,Butwal Power Company Limited
2026042004007312,BPCL,21,45,43,698.0,30014.0,2026-04-20,187073150,153,Midas Stock Broking Company Private Limited,Imperial Securities Company Pvt. Ltd.,2026-04-20 12:43:02.156945,Butwal Power Company Limited
2026042004007817,BPCL,4,57,17,700.0,11900.0,2026-04-20,187079968,153,Opal Securities Investment (PVT) Ltd.,Aryatara Investment & Securities,2026-04-20 12:53:49.919528,Butwal Power Company Limited
2026042004007895,BPCL,77,17,15,698.0,10470.0,2026-04-20,187081435,153,Nabil Stock Dealer Ltd.,ABC Securities Private Limited,2026-04-20 12:55:56.248332,Butwal Power Company Limited
2026042004007910,BPCL,4,58,15,700.0,10500.0,2026-04-20,187081699,153,Opal Securities Investment (PVT) Ltd.,Naasa Securities Co. Ltd.,2026-04-20 12:56:26.259616,Butwal Power Company Limited
2026042004007911,BPCL,4,45,30,700.0,21000.0,2026-04-20,187081701,153,Opal Securities Investment (PVT) Ltd.,Imperial Securities Company Pvt. Ltd.,2026-04-20 12:56:26.260030,Butwal Power Company Limited
2026042004007912,BPCL,4,28,37,700.0,25900.0,2026-04-20,187081703,153,Opal Securities Investment (PVT) Ltd.,Shree Krishna Securities Ltd.,2026-04-20 12:56:26.260284,Butwal Power Company Limited
2026042004007913,BPCL,4,49,100,700.0,70000.0,2026-04-20,187081706,153,Opal Securities Investment (PVT) Ltd.,Online Securities Pvt. Ltd.,2026-04-20 12:56:26.260497,Butwal Power Company Limited
2026042004008029,BPCL,68,74,20,698.0,13960.0,2026-04-20,187083219,153,Elite Stock House Limited,KALASH STOCK MARKET PVT. LTD.,2026-04-20 12:59:25.936242,Butwal Power Company Limited
2026042004008047,BPCL,34,38,5,685.0,3425.0,2026-04-20,187083433,153,Vision Securities Pvt. Ltd,Dipshikha Dhitopatra Karobar Co. Pvt Ltd.,2026-04-20 12:59:46.686159,Butwal Power Company Limited
2026042004008055,BPCL,34,32,5,690.3,3451.5,2026-04-20,187083553,153,Vision Securities Pvt. Ltd,Premier Securities Company Ltd.,2026-04-20 13:00:05.584722,Butwal Power Company Limited
2026042004008363,BPCL,4,33,500,698.0,349000.0,2026-04-20,187087758,153,Opal Securities Investment (PVT) Ltd.,Dakshinkali Investment & Securities Pvt. Ltd.,2026-04-20 13:07:15.670430,Butwal Power Company Limited
2026042004008403,BPCL,4,32,104,699.0,72696.0,2026-04-20,187088401,153,Opal Securities Investment (PVT) Ltd.,Premier Securities Company Ltd.,2026-04-20 13:08:25.787735,Butwal Power Company Limited
2026042004008404,BPCL,4,34,386,699.0,269814.0,2026-04-20,187088404,153,Opal Securities Investment (PVT) Ltd.,Vision Securities Pvt. Ltd,2026-04-20 13:08:25.788123,Butwal Power Company Limited
2026042004008585,BPCL,4,34,100,699.0,69900.0,2026-04-20,187090314,153,Opal Securities Investment (PVT) Ltd.,Vision Securities Pvt. Ltd,2026-04-20 13:11:50.406158,Butwal Power Company Limited
2026042004009024,BPCL,58,74,25,700.0,17500.0,2026-04-20,187097824,153,Naasa Securities Co. Ltd.,KALASH STOCK MARKET PVT. LTD.,2026-04-20 13:25:33.677201,Butwal Power Company Limited
2026042004009034,BPCL,22,74,10,700.0,7000.0,2026-04-20,187097940,153,Siprabi Securities Pvt. Ltd.,KALASH STOCK MARKET PVT. LTD.,2026-04-20 13:25:43.525145,Butwal Power Company Limited
2026042004009096,BPCL,57,19,10,696.0,6960.0,2026-04-20,187098622,153,Aryatara Investment & Securities,Nepal Investment And Securities Trading Private Limited,2026-04-20 13:27:03.729177,Butwal Power Company Limited
2026042004009189,BPCL,49,19,90,696.0,62640.0,2026-04-20,187099428,153,Online Securities Pvt. Ltd.,Nepal Investment And Securities Trading Private Limited,2026-04-20 13:28:15.793798,Butwal Power Company Limited
2026042004009420,BPCL,57,3,10,696.0,6960.0,2026-04-20,187103692,153,Aryatara Investment & Securities,Arun Securities (PVT) Ltd.,2026-04-20 13:35:47.772349,Butwal Power Company Limited
2026042004009421,BPCL,25,3,50,695.0,34750.0,2026-04-20,187103694,153,Sweta Securities Private Limited,Arun Securities (PVT) Ltd.,2026-04-20 13:35:47.772463,Butwal Power Company Limited
2026042004009422,BPCL,77,3,10,695.0,6950.0,2026-04-20,187103696,153,Nabil Stock Dealer Ltd.,Arun Securities (PVT) Ltd.,2026-04-20 13:35:47.772538,Butwal Power Company Limited
2026042004009423,BPCL,28,3,35,694.1,24293.5,2026-04-20,187103698,153,Shree Krishna Securities Ltd.,Arun Securities (PVT) Ltd.,2026-04-20 13:35:47.772614,Butwal Power Company Limited
2026042004009424,BPCL,63,3,395,694.1,274169.5,2026-04-20,187103699,153,Himalayan Brokerage Company Limited,Arun Securities (PVT) Ltd.,2026-04-20 13:35:47.772687,Butwal Power Company Limited
2026042004009501,BPCL,42,3,100,694.2,69420.0,2026-04-20,187105353,153,Sani Securities Company Ltd.,Arun Securities (PVT) Ltd.,2026-04-20 13:37:55.494168,Butwal Power Company Limited
2026042004009988,BPCL,53,67,100,694.2,69420.0,2026-04-20,187118668,153,Investment Management Nepal Pvt. Ltd.,Property Wiard Limited,2026-04-20 13:50:04.897374,Butwal Power Company Limited
2026042004009989,BPCL,42,67,10,694.2,6942.0,2026-04-20,187118670,153,Sani Securities Company Ltd.,Property Wiard Limited,2026-04-20 13:50:04.897773,Butwal Power Company Limited
2026042004010006,BPCL,58,67,20,694.2,13884.0,2026-04-20,187119116,153,Naasa Securities Co. Ltd.,Property Wiard Limited,2026-04-20 13:50:40.333680,Butwal Power Company Limited
2026042004010009,BPCL,38,67,70,694.2,48594.0,2026-04-20,187119151,153,Dipshikha Dhitopatra Karobar Co. Pvt Ltd.,Property Wiard Limited,2026-04-20 13:50:45.507387,Butwal Power Company Limited
2026042004010024,BPCL,38,14,5,692.0,3460.0,2026-04-20,187119449,153,Dipshikha Dhitopatra Karobar Co. Pvt Ltd.,Nepal Stock House (PVT) Ltd.,2026-04-20 13:51:15.189967,Butwal Power Company Limited
2026042004010034,BPCL,38,67,20,694.2,13884.0,2026-04-20,187119692,153,Dipshikha Dhitopatra Karobar Co. Pvt Ltd.,Property Wiard Limited,2026-04-20 13:51:37.909704,Butwal Power Company Limited
2026042004010035,BPCL,63,67,205,694.1,142290.5,2026-04-20,187119694,153,Himalayan Brokerage Company Limited,Property Wiard Limited,2026-04-20 13:51:37.909808,Butwal Power Company Limited
2026042004010036,BPCL,46,67,81,694.1,56222.1,2026-04-20,187119696,153,Kalika Securities Pvt. Ltd.,Property Wiard Limited,2026-04-20 13:51:37.909923,Butwal Power Company Limited
2026042004010037,BPCL,75,67,194,693.6,134558.4,2026-04-20,187119697,153,N.I.M.B. Stock Markets Limited,Property Wiard Limited,2026-04-20 13:51:37.909996,Butwal Power Company Limited
2026042004010520,BPCL,50,3,100,694.1,69410.0,2026-04-20,187127150,153,Cristal Kanchanjanga Securites Pvt. Ltd.,Arun Securities (PVT) Ltd.,2026-04-20 14:03:02.550998,Butwal Power Company Limited
2026042004010521,BPCL,58,3,10,694.0,6940.0,2026-04-20,187127152,153,Naasa Securities Co. Ltd.,Arun Securities (PVT) Ltd.,2026-04-20 14:03:02.551063,Butwal Power Company Limited
2026042004010522,BPCL,4,3,15,694.0,10410.0,2026-04-20,187127154,153,Opal Securities Investment (PVT) Ltd.,Arun Securities (PVT) Ltd.,2026-04-20 14:03:02.551088,Butwal Power Company Limited
2026042004010523,BPCL,99,3,100,694.0,69400.0,2026-04-20,187127156,153,Prabhu Stock Market Limited,Arun Securities (PVT) Ltd.,2026-04-20 14:03:02.551111,Butwal Power Company Limited
2026042004010524,BPCL,48,3,250,694.0,173500.0,2026-04-20,187127158,153,Trishakti Securities Public Limited,Arun Securities (PVT) Ltd.,2026-04-20 14:03:02.551134,Butwal Power Company Limited
2026042004010525,BPCL,38,3,25,694.0,17350.0,2026-04-20,187127159,153,Dipshikha Dhitopatra Karobar Co. Pvt Ltd.,Arun Securities (PVT) Ltd.,2026-04-20 14:03:02.551157,Butwal Power Company Limited
2026042004010612,BPCL,64,94,1000,698.9,698900.0,2026-04-20,187128935,153,SUN SECURITIES PVT LTD,K.B.L. Securities Limited ,2026-04-20 14:05:42.314114,Butwal Power Company Limited
2026042004010613,BPCL,64,47,500,699.0,349500.0,2026-04-20,187128937,153,SUN SECURITIES PVT LTD,Neev Securities Pvt. Ltd.,2026-04-20 14:05:42.314231,Butwal Power Company Limited
2026042004010614,BPCL,64,57,25,699.0,17475.0,2026-04-20,187128939,153,SUN SECURITIES PVT LTD,Aryatara Investment & Securities,2026-04-20 14:05:42.314308,Butwal Power Company Limited
2026042004010615,BPCL,64,49,400,699.0,279600.0,2026-04-20,187128941,153,SUN SECURITIES PVT LTD,Online Securities Pvt. Ltd.,2026-04-20 14:05:42.314404,Butwal Power Company Limited
2026042004010616,BPCL,64,74,15,700.0,10500.0,2026-04-20,187128943,153,SUN SECURITIES PVT LTD,KALASH STOCK MARKET PVT. LTD.,2026-04-20 14:05:42.314475,Butwal Power Company Limited
2026042004010617,BPCL,64,6,100,700.0,70000.0,2026-04-20,187128945,153,SUN SECURITIES PVT LTD,Agrawal Securities (PVT) Ltd.,2026-04-20 14:05:42.314536,Butwal Power Company Limited
2026042004010618,BPCL,64,49,56,700.0,39200.0,2026-04-20,187128947,153,SUN SECURITIES PVT LTD,Online Securities Pvt. Ltd.,2026-04-20 14:05:42.314622,Butwal Power Company Limited
2026042004010619,BPCL,64,66,904,700.0,632800.0,2026-04-20,187128950,153,SUN SECURITIES PVT LTD,Miyo Securities Pvt Ltd,2026-04-20 14:05:42.314674,Butwal Power Company Limited
2026042004011230,BPCL,75,45,10,699.0,6990.0,2026-04-20,187134985,153,N.I.M.B. Stock Markets Limited,Imperial Securities Company Pvt. Ltd.,2026-04-20 14:13:36.287509,Butwal Power Company Limited
2026042004011231,BPCL,75,72,250,699.9,174975.0,2026-04-20,187134987,153,N.I.M.B. Stock Markets Limited,Hatemalo Financial Services Private Limited,2026-04-20 14:13:36.287924,Butwal Power Company Limited
2026042004011232,BPCL,75,66,96,700.0,67200.0,2026-04-20,187134989,153,N.I.M.B. Stock Markets Limited,Miyo Securities Pvt Ltd,2026-04-20 14:13:36.288164,Butwal Power Company Limited
2026042004011233,BPCL,75,34,6514,700.0,4559800.0,2026-04-20,187134991,153,N.I.M.B. Stock Markets Limited,Vision Securities Pvt. Ltd,2026-04-20 14:13:36.288431,Butwal Power Company Limited
2026042004011234,BPCL,75,43,100,700.0,70000.0,2026-04-20,187134993,153,N.I.M.B. Stock Markets Limited,South Asian Bulls Pvt. Ltd.,2026-04-20 14:13:36.288685,Butwal Power Company Limited
2026042004011386,BPCL,48,67,100,702.0,70200.0,2026-04-20,187136905,153,Trishakti Securities Public Limited,Property Wiard Limited,2026-04-20 14:16:33.072740,Butwal Power Company Limited
2026042004011387,BPCL,48,3,200,703.0,140600.0,2026-04-20,187136907,153,Trishakti Securities Public Limited,Arun Securities (PVT) Ltd.,2026-04-20 14:16:33.072953,Butwal Power Company Limited
2026042004011388,BPCL,48,48,200,704.0,140800.0,2026-04-20,187136910,153,Trishakti Securities Public Limited,Trishakti Securities Public Limited,2026-04-20 14:16:33.073037,Butwal Power Company Limited
2026042004011518,BPCL,39,48,100,704.0,70400.0,2026-04-20,187138302,153,Sumeru Securities Pvt. Ltd.,Trishakti Securities Public Limited,2026-04-20 14:19:10.442440,Butwal Power Company Limited
2026042004011867,BPCL,43,48,10,704.0,7040.0,2026-04-20,187141734,153,South Asian Bulls Pvt. Ltd.,Trishakti Securities Public Limited,2026-04-20 14:23:52.472990,Butwal Power Company Limited
2026042004012145,BPCL,39,68,100,697.0,69700.0,2026-04-20,187143528,153,Sumeru Securities Pvt. Ltd.,Elite Stock House Limited,2026-04-20 14:26:07.789341,Butwal Power Company Limited
2026042004012146,BPCL,38,68,1000,697.0,697000.0,2026-04-20,187143530,153,Dipshikha Dhitopatra Karobar Co. Pvt Ltd.,Elite Stock House Limited,2026-04-20 14:26:07.789721,Butwal Power Company Limited
2026042004012147,BPCL,3,68,31,697.0,21607.0,2026-04-20,187143531,153,Arun Securities (PVT) Ltd.,Elite Stock House Limited,2026-04-20 14:26:07.789969,Butwal Power Company Limited
2026042004012170,BPCL,3,98,69,697.0,48093.0,2026-04-20,187143842,153,Arun Securities (PVT) Ltd.,Trademow Securities Private Limited,2026-04-20 14:26:28.541495,Butwal Power Company Limited
2026042004012171,BPCL,87,98,31,696.1,21579.1,2026-04-20,187143843,153,S.P.S.A. Securities Limited,Trademow Securities Private Limited,2026-04-20 14:26:28.541758,Butwal Power Company Limited
2026042004012951,BPCL,58,3,70,699.0,48930.0,2026-04-20,187149922,153,Naasa Securities Co. Ltd.,Arun Securities (PVT) Ltd.,2026-04-20 14:34:42.263230,Butwal Power Company Limited
2026042004013501,BPCL,42,3,10,699.0,6990.0,2026-04-20,187155988,153,Sani Securities Company Ltd.,Arun Securities (PVT) Ltd.,2026-04-20 14:43:27.959352,Butwal Power Company Limited
2026042004013815,BPCL,42,58,500,698.0,349000.0,2026-04-20,187158985,153,Sani Securities Company Ltd.,Naasa Securities Co. Ltd.,2026-04-20 14:47:09.701538,Butwal Power Company Limited
2026042004013820,BPCL,39,3,10,699.0,6990.0,2026-04-20,187159033,153,Sumeru Securities Pvt. Ltd.,Arun Securities (PVT) Ltd.,2026-04-20 14:47:13.750229,Butwal Power Company Limited
2026042004013821,BPCL,39,21,190,699.0,132810.0,2026-04-20,187159036,153,Sumeru Securities Pvt. Ltd.,Midas Stock Broking Company Private Limited,2026-04-20 14:47:13.750485,Butwal Power Company Limited
2026042004013941,BPCL,42,45,150,698.0,104700.0,2026-04-20,187160229,153,Sani Securities Company Ltd.,Imperial Securities Company Pvt. Ltd.,2026-04-20 14:48:22.041722,Butwal Power Company Limited
2026042004014115,BPCL,56,21,60,699.0,41940.0,2026-04-20,187161921,153,Sri Hari Securities Pvt. Ltd.,Midas Stock Broking Company Private Limited,2026-04-20 14:50:01.078641,Butwal Power Company Limited
2026042004014116,BPCL,56,38,140,699.0,97860.0,2026-04-20,187161924,153,Sri Hari Securities Pvt. Ltd.,Dipshikha Dhitopatra Karobar Co. Pvt Ltd.,2026-04-20 14:50:01.079058,Butwal Power Company Limited
2026042004014398,BPCL,42,90,100,698.0,69800.0,2026-04-20,187164165,153,Sani Securities Company Ltd.,Sajilo Broker Limited,2026-04-20 14:52:18.877173,Butwal Power Company Limited
2026042004014544,BPCL,62,68,100,697.6,69760.0,2026-04-20,187165156,153,Capital Max Securities Ltd,Elite Stock House Limited,2026-04-20 14:53:03.316519,Butwal Power Company Limited
2026042004014545,BPCL,39,68,200,697.0,139400.0,2026-04-20,187165158,153,Sumeru Securities Pvt. Ltd.,Elite Stock House Limited,2026-04-20 14:53:03.317006,Butwal Power Company Limited
2026042004014546,BPCL,4,68,10,697.0,6970.0,2026-04-20,187165159,153,Opal Securities Investment (PVT) Ltd.,Elite Stock House Limited,2026-04-20 14:53:03.317266,Butwal Power Company Limited
2026042004014597,BPCL,58,38,60,699.0,41940.0,2026-04-20,187165465,153,Naasa Securities Co. Ltd.,Dipshikha Dhitopatra Karobar Co. Pvt Ltd.,2026-04-20 14:53:18.474799,Butwal Power Company Limited
2026042004014598,BPCL,58,16,40,699.0,27960.0,2026-04-20,187165468,153,Naasa Securities Co. Ltd.,Primo Securities (PVT) Ltd.,2026-04-20 14:53:18.475188,Butwal Power Company Limited
2026042004015106,BPCL,39,64,50,697.5,34875.0,2026-04-20,187169386,153,Sumeru Securities Pvt. Ltd.,SUN SECURITIES PVT LTD,2026-04-20 14:55:53.622771,Butwal Power Company Limited
2026042004015107,BPCL,63,64,200,697.0,139400.0,2026-04-20,187169388,153,Himalayan Brokerage Company Limited,SUN SECURITIES PVT LTD,2026-04-20 14:55:53.623005,Butwal Power Company Limited
2026042004015290,BPCL,87,48,240,696.1,167064.0,2026-04-20,187170801,153,S.P.S.A. Securities Limited,Trishakti Securities Public Limited,2026-04-20 14:56:45.489525,Butwal Power Company Limited
2026042004015340,BPCL,87,6,29,696.1,20186.9,2026-04-20,187171096,153,S.P.S.A. Securities Limited,Agrawal Securities (PVT) Ltd.,2026-04-20 14:56:57.298889,Butwal Power Company Limited
2026042004015341,BPCL,63,6,171,696.0,119016.0,2026-04-20,187171097,153,Himalayan Brokerage Company Limited,Agrawal Securities (PVT) Ltd.,2026-04-20 14:56:57.299109,Butwal Power Company Limited
2026042004015416,BPCL,63,58,29,696.0,20184.0,2026-04-20,187171560,153,Himalayan Brokerage Company Limited,Naasa Securities Co. Ltd.,2026-04-20 14:57:13.428299,Butwal Power Company Limited
2026042004015574,BPCL,75,6,80,695.2,55616.0,2026-04-20,187172669,153,N.I.M.B. Stock Markets Limited,Agrawal Securities (PVT) Ltd.,2026-04-20 14:57:41.231393,Butwal Power Company Limited
2026042004015739,BPCL,75,70,226,695.2,157115.2,2026-04-20,187174146,153,N.I.M.B. Stock Markets Limited,Infinity Securities Limited,2026-04-20 14:58:23.228190,Butwal Power Company Limited
2026042004015740,BPCL,7,70,274,695.1,190457.4,2026-04-20,187174147,153,J.F. Securites (PVT) Ltd.,Infinity Securities Limited,2026-04-20 14:58:23.228590,Butwal Power Company Limited
2026042004015914,BPCL,7,58,271,695.1,188372.1,2026-04-20,187175111,153,J.F. Securites (PVT) Ltd.,Naasa Securities Co. Ltd.,2026-04-20 14:58:49.652847,Butwal Power Company Limited
2026042004016008,BPCL,34,64,175,697.0,121975.0,2026-04-20,187175731,153,Vision Securities Pvt. Ltd,SUN SECURITIES PVT LTD,2026-04-20 14:58:58.166915,Butwal Power Company Limited
2026042004016009,BPCL,34,16,10,698.0,6980.0,2026-04-20,187175737,153,Vision Securities Pvt. Ltd,Primo Securities (PVT) Ltd.,2026-04-20 14:58:58.167018,Butwal Power Company Limited
2026042004016168,BPCL,7,7,155,695.1,107740.5,2026-04-20,187176978,153,J.F. Securites (PVT) Ltd.,J.F. Securites (PVT) Ltd.,2026-04-20 14:59:21.131333,Butwal Power Company Limited
2026042004016169,BPCL,7,7,300,695.1,208530.0,2026-04-20,187176980,153,J.F. Securites (PVT) Ltd.,J.F. Securites (PVT) Ltd.,2026-04-20 14:59:21.131568,Butwal Power Company Limited
2026042004016170,BPCL,91,7,290,695.1,201579.0,2026-04-20,187176982,153,Citizens Share Broker Limited,J.F. Securites (PVT) Ltd.,2026-04-20 14:59:21.131662,Butwal Power Company Limited
2026042004016171,BPCL,41,7,50,695.0,34750.0,2026-04-20,187176984,153,Linch Stock Market Ltd.,J.F. Securites (PVT) Ltd.,2026-04-20 14:59:21.131751,Butwal Power Company Limited
2026042004016172,BPCL,14,7,105,695.0,72975.0,2026-04-20,187176985,153,Nepal Stock House (PVT) Ltd.,J.F. Securites (PVT) Ltd.,2026-04-20 14:59:21.131837,Butwal Power Company Limited
2026042004016396,BPCL,14,34,90,695.0,62550.0,2026-04-20,187179129,153,Nepal Stock House (PVT) Ltd.,Vision Securities Pvt. Ltd,2026-04-20 14:59:50.892305,Butwal Power Company Limited
2026042004016457,BPCL,19,49,1000,697.9,697900.0,2026-04-20,187180079,153,Nepal Investment And Securities Trading Private Limited,Online Securities Pvt. Ltd.,2026-04-20 14:59:58.109103,Butwal Power Company Limited
