contractId,stockSymbol,buyerMemberId,sellerMemberId,quantity,rate,amount,businessDate,tradeBookId,stockId,buyerBrokerName,sellerBrokerName,transaction_time,securityName
2026042005000539,CIT,33,41,10,1800.0,18000.0,2026-04-20,186963226,210,Dakshinkali Investment & Securities Pvt. Ltd.,Linch Stock Market Ltd.,2026-04-20 11:07:45.230446,Citizen Investment Trust
2026042005001029,CIT,45,26,10,1790.0,17900.0,2026-04-20,186974452,210,Imperial Securities Company Pvt. Ltd.,Asian Securities Private Ltd.,2026-04-20 11:13:49.804215,Citizen Investment Trust
2026042005001104,CIT,46,26,10,1790.0,17900.0,2026-04-20,186976558,210,Kalika Securities Pvt. Ltd.,Asian Securities Private Ltd.,2026-04-20 11:14:52.151261,Citizen Investment Trust
2026042005001858,CIT,57,26,10,1790.0,17900.0,2026-04-20,186992946,210,Aryatara Investment & Securities,Asian Securities Private Ltd.,2026-04-20 11:23:28.630164,Citizen Investment Trust
2026042005002311,CIT,7,26,20,1790.0,35800.0,2026-04-20,187002734,210,J.F. Securites (PVT) Ltd.,Asian Securities Private Ltd.,2026-04-20 11:30:52.473151,Citizen Investment Trust
2026042005002590,CIT,58,41,26,1789.0,46514.0,2026-04-20,187007264,210,Naasa Securities Co. Ltd.,Linch Stock Market Ltd.,2026-04-20 11:34:40.944582,Citizen Investment Trust
2026042005003475,CIT,3,8,40,1782.0,71280.0,2026-04-20,187021085,210,Arun Securities (PVT) Ltd.,Brilliant Securities Pvt. Ltd.,2026-04-20 11:45:46.385079,Citizen Investment Trust
2026042005003506,CIT,89,41,18,1789.0,32202.0,2026-04-20,187021420,210,Global IME Securities Limited,Linch Stock Market Ltd.,2026-04-20 11:46:04.333626,Citizen Investment Trust
2026042005003619,CIT,45,8,50,1789.0,89450.0,2026-04-20,187022823,210,Imperial Securities Company Pvt. Ltd.,Brilliant Securities Pvt. Ltd.,2026-04-20 11:47:07.331025,Citizen Investment Trust
2026042005003689,CIT,45,58,10,1789.0,17890.0,2026-04-20,187023391,210,Imperial Securities Company Pvt. Ltd.,Naasa Securities Co. Ltd.,2026-04-20 11:47:23.808274,Citizen Investment Trust
2026042005003886,CIT,45,34,40,1789.0,71560.0,2026-04-20,187026243,210,Imperial Securities Company Pvt. Ltd.,Vision Securities Pvt. Ltd,2026-04-20 11:49:53.275497,Citizen Investment Trust
2026042005004830,CIT,49,6,1,1737.0,1737.0,2026-04-20,187037263,210,Online Securities Pvt. Ltd.,Agrawal Securities (PVT) Ltd.,2026-04-20 11:58:41.597977,Citizen Investment Trust
2026042005005342,CIT,11,14,1,1736.0,1736.0,2026-04-20,187043739,210,Malla & Malla Stock Broking Company Pvt. Limited,Nepal Stock House (PVT) Ltd.,2026-04-20 12:05:17.185879,Citizen Investment Trust
2026042005005697,CIT,7,42,10,1780.2,17802.0,2026-04-20,187048192,210,J.F. Securites (PVT) Ltd.,Sani Securities Company Ltd.,2026-04-20 12:10:46.368271,Citizen Investment Trust
2026042005005698,CIT,58,42,10,1780.1,17801.0,2026-04-20,187048194,210,Naasa Securities Co. Ltd.,Sani Securities Company Ltd.,2026-04-20 12:10:46.368564,Citizen Investment Trust
2026042005005699,CIT,14,42,80,1780.1,142408.0,2026-04-20,187048195,210,Nepal Stock House (PVT) Ltd.,Sani Securities Company Ltd.,2026-04-20 12:10:46.368722,Citizen Investment Trust
2026042005006036,CIT,54,22,100,1783.0,178300.0,2026-04-20,187052437,210,Sewa Securities Pvt. Ltd.,Siprabi Securities Pvt. Ltd.,2026-04-20 12:15:16.069199,Citizen Investment Trust
2026042005006037,CIT,54,58,50,1783.0,89150.0,2026-04-20,187052440,210,Sewa Securities Pvt. Ltd.,Naasa Securities Co. Ltd.,2026-04-20 12:15:16.069369,Citizen Investment Trust
2026042005006288,CIT,38,58,50,1783.0,89150.0,2026-04-20,187055328,210,Dipshikha Dhitopatra Karobar Co. Pvt Ltd.,Naasa Securities Co. Ltd.,2026-04-20 12:18:38.874341,Citizen Investment Trust
2026042005006580,CIT,11,14,1,1730.0,1730.0,2026-04-20,187059053,210,Malla & Malla Stock Broking Company Pvt. Limited,Nepal Stock House (PVT) Ltd.,2026-04-20 12:22:32.482145,Citizen Investment Trust
2026042005006717,CIT,52,58,23,1783.0,41009.0,2026-04-20,187060737,210,Sundhara Securities Limited,Naasa Securities Co. Ltd.,2026-04-20 12:24:38.200871,Citizen Investment Trust
2026042005007688,CIT,48,58,70,1780.3,124621.0,2026-04-20,187071639,210,Trishakti Securities Public Limited,Naasa Securities Co. Ltd.,2026-04-20 12:40:41.742945,Citizen Investment Trust
2026042005007724,CIT,48,13,30,1780.3,53409.0,2026-04-20,187072060,210,Trishakti Securities Public Limited,Thrive Brokerage House Pvt. Ltd,2026-04-20 12:41:18.887548,Citizen Investment Trust
2026042005007725,CIT,41,13,10,1780.2,17802.0,2026-04-20,187072062,210,Linch Stock Market Ltd.,Thrive Brokerage House Pvt. Ltd,2026-04-20 12:41:18.887871,Citizen Investment Trust
2026042005007726,CIT,91,13,10,1780.2,17802.0,2026-04-20,187072063,210,Citizens Share Broker Limited,Thrive Brokerage House Pvt. Ltd,2026-04-20 12:41:18.888046,Citizen Investment Trust
2026042005007885,CIT,29,42,14,1781.0,24934.0,2026-04-20,187073930,210,Trisul Securities & Invt. Ltd.,Sani Securities Company Ltd.,2026-04-20 12:44:28.854226,Citizen Investment Trust
2026042005007892,CIT,91,45,10,1780.2,17802.0,2026-04-20,187074008,210,Citizens Share Broker Limited,Imperial Securities Company Pvt. Ltd.,2026-04-20 12:44:39.619627,Citizen Investment Trust
2026042005007893,CIT,16,45,40,1780.2,71208.0,2026-04-20,187074010,210,Primo Securities (PVT) Ltd.,Imperial Securities Company Pvt. Ltd.,2026-04-20 12:44:39.620054,Citizen Investment Trust
2026042005007894,CIT,14,45,20,1780.1,35602.0,2026-04-20,187074012,210,Nepal Stock House (PVT) Ltd.,Imperial Securities Company Pvt. Ltd.,2026-04-20 12:44:39.620266,Citizen Investment Trust
2026042005007895,CIT,29,45,30,1780.1,53403.0,2026-04-20,187074013,210,Trisul Securities & Invt. Ltd.,Imperial Securities Company Pvt. Ltd.,2026-04-20 12:44:39.620468,Citizen Investment Trust
2026042005007936,CIT,29,45,100,1780.1,178010.0,2026-04-20,187074439,210,Trisul Securities & Invt. Ltd.,Imperial Securities Company Pvt. Ltd.,2026-04-20 12:45:24.511730,Citizen Investment Trust
2026042005008039,CIT,29,45,70,1780.1,124607.0,2026-04-20,187075206,210,Trisul Securities & Invt. Ltd.,Imperial Securities Company Pvt. Ltd.,2026-04-20 12:46:49.024864,Citizen Investment Trust
2026042005008040,CIT,29,45,30,1780.1,53403.0,2026-04-20,187075207,210,Trisul Securities & Invt. Ltd.,Imperial Securities Company Pvt. Ltd.,2026-04-20 12:46:49.025215,Citizen Investment Trust
2026042005008192,CIT,29,1,170,1780.1,302617.0,2026-04-20,187077048,210,Trisul Securities & Invt. Ltd.,Kumari Securities Private Limited,2026-04-20 12:49:17.451470,Citizen Investment Trust
2026042005008198,CIT,57,1,10,1780.0,17800.0,2026-04-20,187077182,210,Aryatara Investment & Securities,Kumari Securities Private Limited,2026-04-20 12:49:31.668080,Citizen Investment Trust
2026042005008199,CIT,19,1,275,1780.0,489500.0,2026-04-20,187077184,210,Nepal Investment And Securities Trading Private Limited,Kumari Securities Private Limited,2026-04-20 12:49:31.668405,Citizen Investment Trust
2026042005008200,CIT,42,1,20,1780.0,35600.0,2026-04-20,187077186,210,Sani Securities Company Ltd.,Kumari Securities Private Limited,2026-04-20 12:49:31.668576,Citizen Investment Trust
2026042005008201,CIT,19,1,25,1780.0,44500.0,2026-04-20,187077187,210,Nepal Investment And Securities Trading Private Limited,Kumari Securities Private Limited,2026-04-20 12:49:31.668738,Citizen Investment Trust
2026042005008382,CIT,19,50,50,1780.0,89000.0,2026-04-20,187078966,210,Nepal Investment And Securities Trading Private Limited,Cristal Kanchanjanga Securites Pvt. Ltd.,2026-04-20 12:52:21.528812,Citizen Investment Trust
2026042005008461,CIT,48,42,11,1781.0,19591.0,2026-04-20,187080044,210,Trishakti Securities Public Limited,Sani Securities Company Ltd.,2026-04-20 12:53:51.982707,Citizen Investment Trust
2026042005008482,CIT,42,45,10,1780.0,17800.0,2026-04-20,187080368,210,Sani Securities Company Ltd.,Imperial Securities Company Pvt. Ltd.,2026-04-20 12:54:25.074514,Citizen Investment Trust
2026042005008483,CIT,45,45,10,1780.0,17800.0,2026-04-20,187080370,210,Imperial Securities Company Pvt. Ltd.,Imperial Securities Company Pvt. Ltd.,2026-04-20 12:54:25.074630,Citizen Investment Trust
2026042005008484,CIT,41,45,50,1776.0,88800.0,2026-04-20,187080371,210,Linch Stock Market Ltd.,Imperial Securities Company Pvt. Ltd.,2026-04-20 12:54:25.074750,Citizen Investment Trust
2026042005009127,CIT,35,42,42,1781.0,74802.0,2026-04-20,187087514,210,Kohinoor Investment & Securities Pvt. Ltd.,Sani Securities Company Ltd.,2026-04-20 13:06:45.561971,Citizen Investment Trust
2026042005009430,CIT,36,1,19,1780.0,33820.0,2026-04-20,187090521,210,Secured Securities Ltd.,Kumari Securities Private Limited,2026-04-20 13:12:06.420737,Citizen Investment Trust
2026042005009431,CIT,36,42,51,1781.0,90831.0,2026-04-20,187090524,210,Secured Securities Ltd.,Sani Securities Company Ltd.,2026-04-20 13:12:06.421075,Citizen Investment Trust
2026042005009573,CIT,65,42,30,1781.0,53430.0,2026-04-20,187092393,210,Sharepro Securities Private Limited,Sani Securities Company Ltd.,2026-04-20 13:15:15.060716,Citizen Investment Trust
2026042005009704,CIT,51,35,10,1780.0,17800.0,2026-04-20,187093654,210,Oxford Securities Pvt. Ltd.,Kohinoor Investment & Securities Pvt. Ltd.,2026-04-20 13:17:42.050421,Citizen Investment Trust
2026042005009705,CIT,58,35,20,1778.0,35560.0,2026-04-20,187093656,210,Naasa Securities Co. Ltd.,Kohinoor Investment & Securities Pvt. Ltd.,2026-04-20 13:17:42.050760,Citizen Investment Trust
2026042005009706,CIT,58,35,10,1778.0,17780.0,2026-04-20,187093658,210,Naasa Securities Co. Ltd.,Kohinoor Investment & Securities Pvt. Ltd.,2026-04-20 13:17:42.050937,Citizen Investment Trust
2026042005009707,CIT,41,35,10,1776.0,17760.0,2026-04-20,187093660,210,Linch Stock Market Ltd.,Kohinoor Investment & Securities Pvt. Ltd.,2026-04-20 13:17:42.051109,Citizen Investment Trust
2026042005009708,CIT,41,35,10,1776.0,17760.0,2026-04-20,187093662,210,Linch Stock Market Ltd.,Kohinoor Investment & Securities Pvt. Ltd.,2026-04-20 13:17:42.051276,Citizen Investment Trust
2026042005009709,CIT,58,35,40,1776.0,71040.0,2026-04-20,187093663,210,Naasa Securities Co. Ltd.,Kohinoor Investment & Securities Pvt. Ltd.,2026-04-20 13:17:42.051440,Citizen Investment Trust
2026042005009739,CIT,58,35,10,1776.0,17760.0,2026-04-20,187094022,210,Naasa Securities Co. Ltd.,Kohinoor Investment & Securities Pvt. Ltd.,2026-04-20 13:18:18.715066,Citizen Investment Trust
2026042005009740,CIT,5,35,40,1775.1,71004.0,2026-04-20,187094024,210,Market Securities & Exchange (PVT) Ltd.,Kohinoor Investment & Securities Pvt. Ltd.,2026-04-20 13:18:18.715260,Citizen Investment Trust
2026042005009741,CIT,35,35,10,1775.0,17750.0,2026-04-20,187094026,210,Kohinoor Investment & Securities Pvt. Ltd.,Kohinoor Investment & Securities Pvt. Ltd.,2026-04-20 13:18:18.715326,Citizen Investment Trust
2026042005009806,CIT,58,47,11,1775.0,19525.0,2026-04-20,187094814,210,Naasa Securities Co. Ltd.,Neev Securities Pvt. Ltd.,2026-04-20 13:19:58.655139,Citizen Investment Trust
2026042005009807,CIT,58,47,20,1775.0,35500.0,2026-04-20,187094816,210,Naasa Securities Co. Ltd.,Neev Securities Pvt. Ltd.,2026-04-20 13:19:58.655428,Citizen Investment Trust
2026042005009808,CIT,41,47,10,1775.0,17750.0,2026-04-20,187094818,210,Linch Stock Market Ltd.,Neev Securities Pvt. Ltd.,2026-04-20 13:19:58.655599,Citizen Investment Trust
2026042005009809,CIT,57,47,50,1775.0,88750.0,2026-04-20,187094820,210,Aryatara Investment & Securities,Neev Securities Pvt. Ltd.,2026-04-20 13:19:58.655759,Citizen Investment Trust
2026042005009810,CIT,58,47,20,1775.0,35500.0,2026-04-20,187094822,210,Naasa Securities Co. Ltd.,Neev Securities Pvt. Ltd.,2026-04-20 13:19:58.655910,Citizen Investment Trust
2026042005009811,CIT,21,47,10,1775.0,17750.0,2026-04-20,187094824,210,Midas Stock Broking Company Private Limited,Neev Securities Pvt. Ltd.,2026-04-20 13:19:58.656058,Citizen Investment Trust
2026042005009812,CIT,56,47,20,1775.0,35500.0,2026-04-20,187094826,210,Sri Hari Securities Pvt. Ltd.,Neev Securities Pvt. Ltd.,2026-04-20 13:19:58.656213,Citizen Investment Trust
2026042005009813,CIT,51,47,10,1775.0,17750.0,2026-04-20,187094828,210,Oxford Securities Pvt. Ltd.,Neev Securities Pvt. Ltd.,2026-04-20 13:19:58.656399,Citizen Investment Trust
2026042005009814,CIT,36,47,45,1775.0,79875.0,2026-04-20,187094830,210,Secured Securities Ltd.,Neev Securities Pvt. Ltd.,2026-04-20 13:19:58.656574,Citizen Investment Trust
2026042005009815,CIT,59,47,50,1775.0,88750.0,2026-04-20,187094832,210,Deevyaa Securities & Stock House Pvt. Ltd,Neev Securities Pvt. Ltd.,2026-04-20 13:19:58.656732,Citizen Investment Trust
2026042005009816,CIT,52,47,50,1775.0,88750.0,2026-04-20,187094834,210,Sundhara Securities Limited,Neev Securities Pvt. Ltd.,2026-04-20 13:19:58.656881,Citizen Investment Trust
2026042005009817,CIT,48,47,10,1775.0,17750.0,2026-04-20,187094836,210,Trishakti Securities Public Limited,Neev Securities Pvt. Ltd.,2026-04-20 13:19:58.657032,Citizen Investment Trust
2026042005009996,CIT,45,47,94,1775.0,166850.0,2026-04-20,187096621,210,Imperial Securities Company Pvt. Ltd.,Neev Securities Pvt. Ltd.,2026-04-20 13:23:29.905368,Citizen Investment Trust
2026042005010086,CIT,52,57,2,1783.0,3566.0,2026-04-20,187097475,210,Sundhara Securities Limited,Aryatara Investment & Securities,2026-04-20 13:24:54.074946,Citizen Investment Trust
2026042005010938,CIT,8,38,20,1780.0,35600.0,2026-04-20,187110217,210,Brilliant Securities Pvt. Ltd.,Dipshikha Dhitopatra Karobar Co. Pvt Ltd.,2026-04-20 13:43:31.914943,Citizen Investment Trust
2026042005011237,CIT,32,29,15,1777.0,26655.0,2026-04-20,187119342,210,Premier Securities Company Ltd.,Trisul Securities & Invt. Ltd.,2026-04-20 13:51:06.454167,Citizen Investment Trust
2026042005011263,CIT,5,29,20,1777.0,35540.0,2026-04-20,187119570,210,Market Securities & Exchange (PVT) Ltd.,Trisul Securities & Invt. Ltd.,2026-04-20 13:51:26.568638,Citizen Investment Trust
2026042005011329,CIT,58,77,10,1776.0,17760.0,2026-04-20,187120500,210,Naasa Securities Co. Ltd.,Nabil Stock Dealer Ltd.,2026-04-20 13:52:58.279321,Citizen Investment Trust
2026042005011330,CIT,14,77,40,1776.0,71040.0,2026-04-20,187120501,210,Nepal Stock House (PVT) Ltd.,Nabil Stock Dealer Ltd.,2026-04-20 13:52:58.279498,Citizen Investment Trust
2026042005011335,CIT,44,29,30,1777.0,53310.0,2026-04-20,187120604,210,Dynamic Money Managers Securities Pvt. Ltd.,Trisul Securities & Invt. Ltd.,2026-04-20 13:53:10.872354,Citizen Investment Trust
2026042005011391,CIT,42,29,35,1777.0,62195.0,2026-04-20,187121432,210,Sani Securities Company Ltd.,Trisul Securities & Invt. Ltd.,2026-04-20 13:54:17.883580,Citizen Investment Trust
2026042005011540,CIT,17,42,10,1781.0,17810.0,2026-04-20,187123436,210,ABC Securities Private Limited,Sani Securities Company Ltd.,2026-04-20 13:56:57.368437,Citizen Investment Trust
2026042005012118,CIT,49,44,100,1780.5,178050.0,2026-04-20,187131140,210,Online Securities Pvt. Ltd.,Dynamic Money Managers Securities Pvt. Ltd.,2026-04-20 14:08:21.738181,Citizen Investment Trust
2026042005012121,CIT,11,95,5,1750.0,8750.0,2026-04-20,187131183,210,Malla & Malla Stock Broking Company Pvt. Limited,Magnet Securities and Investment Company Private Limited,2026-04-20 14:08:25.685352,Citizen Investment Trust
2026042005012363,CIT,58,42,10,1781.0,17810.0,2026-04-20,187133422,210,Naasa Securities Co. Ltd.,Sani Securities Company Ltd.,2026-04-20 14:11:16.289646,Citizen Investment Trust
2026042005012451,CIT,58,42,28,1781.0,49868.0,2026-04-20,187134494,210,Naasa Securities Co. Ltd.,Sani Securities Company Ltd.,2026-04-20 14:12:55.839070,Citizen Investment Trust
2026042005012558,CIT,45,45,20,1783.0,35660.0,2026-04-20,187135654,210,Imperial Securities Company Pvt. Ltd.,Imperial Securities Company Pvt. Ltd.,2026-04-20 14:14:42.116552,Citizen Investment Trust
2026042005012644,CIT,39,45,10,1783.0,17830.0,2026-04-20,187136724,210,Sumeru Securities Pvt. Ltd.,Imperial Securities Company Pvt. Ltd.,2026-04-20 14:16:15.314072,Citizen Investment Trust
2026042005012941,CIT,44,45,25,1783.0,44575.0,2026-04-20,187139430,210,Dynamic Money Managers Securities Pvt. Ltd.,Imperial Securities Company Pvt. Ltd.,2026-04-20 14:20:52.823197,Citizen Investment Trust
2026042005013003,CIT,14,45,20,1783.0,35660.0,2026-04-20,187140268,210,Nepal Stock House (PVT) Ltd.,Imperial Securities Company Pvt. Ltd.,2026-04-20 14:22:11.349750,Citizen Investment Trust
2026042005014220,CIT,59,45,10,1783.0,17830.0,2026-04-20,187152022,210,Deevyaa Securities & Stock House Pvt. Ltd,Imperial Securities Company Pvt. Ltd.,2026-04-20 14:38:09.109547,Citizen Investment Trust
2026042005014423,CIT,54,53,11,1782.0,19602.0,2026-04-20,187153961,210,Sewa Securities Pvt. Ltd.,Investment Management Nepal Pvt. Ltd.,2026-04-20 14:40:18.439185,Citizen Investment Trust
2026042005014442,CIT,54,41,13,1782.0,23166.0,2026-04-20,187154215,210,Sewa Securities Pvt. Ltd.,Linch Stock Market Ltd.,2026-04-20 14:40:41.492413,Citizen Investment Trust
2026042005014502,CIT,54,29,26,1782.0,46332.0,2026-04-20,187154698,210,Sewa Securities Pvt. Ltd.,Trisul Securities & Invt. Ltd.,2026-04-20 14:41:34.860833,Citizen Investment Trust
2026042005014845,CIT,49,29,45,1782.0,80190.0,2026-04-20,187158058,210,Online Securities Pvt. Ltd.,Trisul Securities & Invt. Ltd.,2026-04-20 14:45:55.403602,Citizen Investment Trust
2026042005014887,CIT,48,29,10,1782.0,17820.0,2026-04-20,187158458,210,Trishakti Securities Public Limited,Trisul Securities & Invt. Ltd.,2026-04-20 14:46:25.944467,Citizen Investment Trust
2026042005014897,CIT,7,29,84,1782.0,149688.0,2026-04-20,187158580,210,J.F. Securites (PVT) Ltd.,Trisul Securities & Invt. Ltd.,2026-04-20 14:46:37.693658,Citizen Investment Trust
2026042005014910,CIT,7,45,15,1783.0,26745.0,2026-04-20,187158714,210,J.F. Securites (PVT) Ltd.,Imperial Securities Company Pvt. Ltd.,2026-04-20 14:46:47.778987,Citizen Investment Trust
2026042005014940,CIT,7,26,500,1784.0,892000.0,2026-04-20,187158933,210,J.F. Securites (PVT) Ltd.,Asian Securities Private Ltd.,2026-04-20 14:47:06.369626,Citizen Investment Trust
2026042005014941,CIT,7,26,50,1784.0,89200.0,2026-04-20,187158935,210,J.F. Securites (PVT) Ltd.,Asian Securities Private Ltd.,2026-04-20 14:47:06.369927,Citizen Investment Trust
2026042005014942,CIT,7,38,200,1784.0,356800.0,2026-04-20,187158938,210,J.F. Securites (PVT) Ltd.,Dipshikha Dhitopatra Karobar Co. Pvt Ltd.,2026-04-20 14:47:06.370102,Citizen Investment Trust
2026042005015034,CIT,7,77,50,1784.9,89245.0,2026-04-20,187159564,210,J.F. Securites (PVT) Ltd.,Nabil Stock Dealer Ltd.,2026-04-20 14:47:46.693139,Citizen Investment Trust
2026042005015478,CIT,7,33,250,1784.0,446000.0,2026-04-20,187163276,210,J.F. Securites (PVT) Ltd.,Dakshinkali Investment & Securities Pvt. Ltd.,2026-04-20 14:51:25.169597,Citizen Investment Trust
2026042005015564,CIT,57,42,10,1785.0,17850.0,2026-04-20,187163942,210,Aryatara Investment & Securities,Sani Securities Company Ltd.,2026-04-20 14:52:04.226992,Citizen Investment Trust
2026042005015675,CIT,58,42,10,1785.0,17850.0,2026-04-20,187165296,210,Naasa Securities Co. Ltd.,Sani Securities Company Ltd.,2026-04-20 14:53:09.207886,Citizen Investment Trust
2026042005016263,CIT,45,59,32,1781.0,56992.0,2026-04-20,187170662,210,Imperial Securities Company Pvt. Ltd.,Deevyaa Securities & Stock House Pvt. Ltd,2026-04-20 14:56:40.187278,Citizen Investment Trust
2026042005016264,CIT,57,59,50,1781.0,89050.0,2026-04-20,187170663,210,Aryatara Investment & Securities,Deevyaa Securities & Stock House Pvt. Ltd,2026-04-20 14:56:40.187599,Citizen Investment Trust
2026042005016572,CIT,7,4,102,1783.0,181866.0,2026-04-20,187172880,210,J.F. Securites (PVT) Ltd.,Opal Securities Investment (PVT) Ltd.,2026-04-20 14:57:48.305058,Citizen Investment Trust
2026042005016607,CIT,7,39,60,1784.9,107094.0,2026-04-20,187173139,210,J.F. Securites (PVT) Ltd.,Sumeru Securities Pvt. Ltd.,2026-04-20 14:57:57.423342,Citizen Investment Trust
2026042005016608,CIT,7,57,15,1784.9,26773.5,2026-04-20,187173142,210,J.F. Securites (PVT) Ltd.,Aryatara Investment & Securities,2026-04-20 14:57:57.423717,Citizen Investment Trust
2026042005016646,CIT,7,42,80,1785.0,142800.0,2026-04-20,187173401,210,J.F. Securites (PVT) Ltd.,Sani Securities Company Ltd.,2026-04-20 14:58:04.711949,Citizen Investment Trust
2026042005016647,CIT,7,14,45,1785.0,80325.0,2026-04-20,187173403,210,J.F. Securites (PVT) Ltd.,Nepal Stock House (PVT) Ltd.,2026-04-20 14:58:04.712106,Citizen Investment Trust
2026042005016648,CIT,7,19,119,1785.0,212415.0,2026-04-20,187173405,210,J.F. Securites (PVT) Ltd.,Nepal Investment And Securities Trading Private Limited,2026-04-20 14:58:04.712165,Citizen Investment Trust
2026042005016649,CIT,7,54,240,1785.0,428400.0,2026-04-20,187173408,210,J.F. Securites (PVT) Ltd.,Sewa Securities Pvt. Ltd.,2026-04-20 14:58:04.712226,Citizen Investment Trust
2026042005017161,CIT,7,42,50,1785.0,89250.0,2026-04-20,187177424,210,J.F. Securites (PVT) Ltd.,Sani Securities Company Ltd.,2026-04-20 14:59:27.899755,Citizen Investment Trust
