contractId,stockSymbol,buyerMemberId,sellerMemberId,quantity,rate,amount,businessDate,tradeBookId,stockId,buyerBrokerName,sellerBrokerName,transaction_time,securityName
2026042004000295,DHPL,34,42,10,317.0,3170.0,2026-04-20,186957158,2754,Vision Securities Pvt. Ltd,Sani Securities Company Ltd.,2026-04-20 11:04:34.072246,Dibyashwori Hydropower Ltd.
2026042004000717,DHPL,45,42,89,316.5,28168.5,2026-04-20,186966637,2754,Imperial Securities Company Pvt. Ltd.,Sani Securities Company Ltd.,2026-04-20 11:09:34.638771,Dibyashwori Hydropower Ltd.
2026042004000718,DHPL,45,7,500,316.8,158400.0,2026-04-20,186966639,2754,Imperial Securities Company Pvt. Ltd.,J.F. Securites (PVT) Ltd.,2026-04-20 11:09:34.638829,Dibyashwori Hydropower Ltd.
2026042004000719,DHPL,45,16,13,316.9,4119.7,2026-04-20,186966642,2754,Imperial Securities Company Pvt. Ltd.,Primo Securities (PVT) Ltd.,2026-04-20 11:09:34.638853,Dibyashwori Hydropower Ltd.
2026042004000782,DHPL,45,16,487,316.9,154330.3,2026-04-20,186967759,2754,Imperial Securities Company Pvt. Ltd.,Primo Securities (PVT) Ltd.,2026-04-20 11:10:09.473574,Dibyashwori Hydropower Ltd.
2026042004000783,DHPL,45,38,13,317.0,4121.0,2026-04-20,186967762,2754,Imperial Securities Company Pvt. Ltd.,Dipshikha Dhitopatra Karobar Co. Pvt Ltd.,2026-04-20 11:10:09.473623,Dibyashwori Hydropower Ltd.
2026042004000798,DHPL,45,38,27,317.0,8559.0,2026-04-20,186968225,2754,Imperial Securities Company Pvt. Ltd.,Dipshikha Dhitopatra Karobar Co. Pvt Ltd.,2026-04-20 11:10:28.808961,Dibyashwori Hydropower Ltd.
2026042004000799,DHPL,45,22,200,317.0,63400.0,2026-04-20,186968227,2754,Imperial Securities Company Pvt. Ltd.,Siprabi Securities Pvt. Ltd.,2026-04-20 11:10:28.809075,Dibyashwori Hydropower Ltd.
2026042004000800,DHPL,45,42,73,317.0,23141.0,2026-04-20,186968230,2754,Imperial Securities Company Pvt. Ltd.,Sani Securities Company Ltd.,2026-04-20 11:10:28.809151,Dibyashwori Hydropower Ltd.
2026042004001575,DHPL,56,22,10,316.9,3169.0,2026-04-20,186984142,2754,Sri Hari Securities Pvt. Ltd.,Siprabi Securities Pvt. Ltd.,2026-04-20 11:18:39.144357,Dibyashwori Hydropower Ltd.
2026042004001691,DHPL,19,43,10,310.0,3100.0,2026-04-20,186988307,2754,Nepal Investment And Securities Trading Private Limited,South Asian Bulls Pvt. Ltd.,2026-04-20 11:20:37.713398,Dibyashwori Hydropower Ltd.
2026042004003833,DHPL,90,28,46,310.1,14264.6,2026-04-20,187023492,2754,Sajilo Broker Limited,Shree Krishna Securities Ltd.,2026-04-20 11:47:32.628143,Dibyashwori Hydropower Ltd.
2026042004003834,DHPL,19,28,95,310.0,29450.0,2026-04-20,187023494,2754,Nepal Investment And Securities Trading Private Limited,Shree Krishna Securities Ltd.,2026-04-20 11:47:32.628234,Dibyashwori Hydropower Ltd.
2026042004003835,DHPL,38,28,30,310.0,9300.0,2026-04-20,187023496,2754,Dipshikha Dhitopatra Karobar Co. Pvt Ltd.,Shree Krishna Securities Ltd.,2026-04-20 11:47:32.628271,Dibyashwori Hydropower Ltd.
2026042004003836,DHPL,17,28,50,310.0,15500.0,2026-04-20,187023498,2754,ABC Securities Private Limited,Shree Krishna Securities Ltd.,2026-04-20 11:47:32.628302,Dibyashwori Hydropower Ltd.
2026042004003894,DHPL,34,28,50,310.0,15500.0,2026-04-20,187024112,2754,Vision Securities Pvt. Ltd,Shree Krishna Securities Ltd.,2026-04-20 11:48:06.430645,Dibyashwori Hydropower Ltd.
2026042004004029,DHPL,17,44,899,309.3,278060.7,2026-04-20,187025895,2754,ABC Securities Private Limited,Dynamic Money Managers Securities Pvt. Ltd.,2026-04-20 11:49:34.914965,Dibyashwori Hydropower Ltd.
2026042004004487,DHPL,17,45,100,309.3,30930.0,2026-04-20,187031619,2754,ABC Securities Private Limited,Imperial Securities Company Pvt. Ltd.,2026-04-20 11:54:12.211792,Dibyashwori Hydropower Ltd.
2026042004005281,DHPL,45,17,40,309.0,12360.0,2026-04-20,187043476,2754,Imperial Securities Company Pvt. Ltd.,ABC Securities Private Limited,2026-04-20 12:05:01.626381,Dibyashwori Hydropower Ltd.
2026042004007013,DHPL,58,17,84,308.0,25872.0,2026-04-20,187067548,2754,Naasa Securities Co. Ltd.,ABC Securities Private Limited,2026-04-20 12:35:02.989912,Dibyashwori Hydropower Ltd.
2026042004007049,DHPL,38,17,186,307.5,57195.0,2026-04-20,187068263,2754,Dipshikha Dhitopatra Karobar Co. Pvt Ltd.,ABC Securities Private Limited,2026-04-20 12:35:55.260559,Dibyashwori Hydropower Ltd.
2026042004007191,DHPL,38,13,10,307.5,3075.0,2026-04-20,187071239,2754,Dipshikha Dhitopatra Karobar Co. Pvt Ltd.,Thrive Brokerage House Pvt. Ltd,2026-04-20 12:39:51.791065,Dibyashwori Hydropower Ltd.
2026042004008980,DHPL,46,48,50,307.0,15350.0,2026-04-20,187097133,2754,Kalika Securities Pvt. Ltd.,Trishakti Securities Public Limited,2026-04-20 13:24:17.204809,Dibyashwori Hydropower Ltd.
2026042004009932,DHPL,41,48,100,307.2,30720.0,2026-04-20,187116329,2754,Linch Stock Market Ltd.,Trishakti Securities Public Limited,2026-04-20 13:48:53.888531,Dibyashwori Hydropower Ltd.
2026042004010069,DHPL,41,58,200,307.2,61440.0,2026-04-20,187120106,2754,Linch Stock Market Ltd.,Naasa Securities Co. Ltd.,2026-04-20 13:52:17.347419,Dibyashwori Hydropower Ltd.
2026042004010070,DHPL,28,58,442,307.0,135694.0,2026-04-20,187120107,2754,Shree Krishna Securities Ltd.,Naasa Securities Co. Ltd.,2026-04-20 13:52:17.347599,Dibyashwori Hydropower Ltd.
2026042004011314,DHPL,33,1,70,309.5,21665.0,2026-04-20,187136032,2754,Dakshinkali Investment & Securities Pvt. Ltd.,Kumari Securities Private Limited,2026-04-20 14:15:12.001726,Dibyashwori Hydropower Ltd.
2026042004012997,DHPL,7,57,50,309.5,15475.0,2026-04-20,187150410,2754,J.F. Securites (PVT) Ltd.,Aryatara Investment & Securities,2026-04-20 14:35:45.424389,Dibyashwori Hydropower Ltd.
2026042004013042,DHPL,33,57,200,307.7,61540.0,2026-04-20,187151220,2754,Dakshinkali Investment & Securities Pvt. Ltd.,Aryatara Investment & Securities,2026-04-20 14:36:55.317717,Dibyashwori Hydropower Ltd.
2026042004013076,DHPL,41,57,245,307.4,75313.0,2026-04-20,187151633,2754,Linch Stock Market Ltd.,Aryatara Investment & Securities,2026-04-20 14:37:30.369355,Dibyashwori Hydropower Ltd.
2026042004013509,DHPL,41,58,55,307.4,16907.0,2026-04-20,187156042,2754,Linch Stock Market Ltd.,Naasa Securities Co. Ltd.,2026-04-20 14:43:31.617742,Dibyashwori Hydropower Ltd.
2026042004013510,DHPL,41,58,15,307.4,4611.0,2026-04-20,187156043,2754,Linch Stock Market Ltd.,Naasa Securities Co. Ltd.,2026-04-20 14:43:31.617820,Dibyashwori Hydropower Ltd.
2026042004013921,DHPL,41,49,185,307.4,56869.0,2026-04-20,187160096,2754,Linch Stock Market Ltd.,Online Securities Pvt. Ltd.,2026-04-20 14:48:13.693680,Dibyashwori Hydropower Ltd.
2026042004013922,DHPL,38,49,40,307.3,12292.0,2026-04-20,187160098,2754,Dipshikha Dhitopatra Karobar Co. Pvt Ltd.,Online Securities Pvt. Ltd.,2026-04-20 14:48:13.693890,Dibyashwori Hydropower Ltd.
2026042004013923,DHPL,57,49,500,307.3,153650.0,2026-04-20,187160100,2754,Aryatara Investment & Securities,Online Securities Pvt. Ltd.,2026-04-20 14:48:13.694035,Dibyashwori Hydropower Ltd.
2026042004013924,DHPL,28,49,558,307.0,171306.0,2026-04-20,187160102,2754,Shree Krishna Securities Ltd.,Online Securities Pvt. Ltd.,2026-04-20 14:48:13.694160,Dibyashwori Hydropower Ltd.
2026042004013925,DHPL,28,49,217,307.0,66619.0,2026-04-20,187160103,2754,Shree Krishna Securities Ltd.,Online Securities Pvt. Ltd.,2026-04-20 14:48:13.694288,Dibyashwori Hydropower Ltd.
2026042004013943,DHPL,28,29,10,307.0,3070.0,2026-04-20,187160275,2754,Shree Krishna Securities Ltd.,Trisul Securities & Invt. Ltd.,2026-04-20 14:48:27.308920,Dibyashwori Hydropower Ltd.
2026042004013959,DHPL,28,49,773,307.0,237311.0,2026-04-20,187160624,2754,Shree Krishna Securities Ltd.,Online Securities Pvt. Ltd.,2026-04-20 14:48:42.885465,Dibyashwori Hydropower Ltd.
2026042004013960,DHPL,28,49,100,307.0,30700.0,2026-04-20,187160626,2754,Shree Krishna Securities Ltd.,Online Securities Pvt. Ltd.,2026-04-20 14:48:42.885584,Dibyashwori Hydropower Ltd.
2026042004013961,DHPL,58,49,100,307.0,30700.0,2026-04-20,187160628,2754,Naasa Securities Co. Ltd.,Online Securities Pvt. Ltd.,2026-04-20 14:48:42.885629,Dibyashwori Hydropower Ltd.
2026042004013962,DHPL,22,49,340,307.0,104380.0,2026-04-20,187160630,2754,Siprabi Securities Pvt. Ltd.,Online Securities Pvt. Ltd.,2026-04-20 14:48:42.885672,Dibyashwori Hydropower Ltd.
2026042004013963,DHPL,52,49,13,307.0,3991.0,2026-04-20,187160632,2754,Sundhara Securities Limited,Online Securities Pvt. Ltd.,2026-04-20 14:48:42.885712,Dibyashwori Hydropower Ltd.
2026042004014158,DHPL,41,49,174,307.0,53418.0,2026-04-20,187162219,2754,Linch Stock Market Ltd.,Online Securities Pvt. Ltd.,2026-04-20 14:50:18.003940,Dibyashwori Hydropower Ltd.
2026042004014732,DHPL,42,45,163,308.0,50204.0,2026-04-20,187166474,2754,Sani Securities Company Ltd.,Imperial Securities Company Pvt. Ltd.,2026-04-20 14:53:56.319052,Dibyashwori Hydropower Ltd.
2026042004014953,DHPL,41,48,26,307.0,7982.0,2026-04-20,187168272,2754,Linch Stock Market Ltd.,Trishakti Securities Public Limited,2026-04-20 14:55:16.972557,Dibyashwori Hydropower Ltd.
2026042004015213,DHPL,42,43,25,306.0,7650.0,2026-04-20,187170102,2754,Sani Securities Company Ltd.,South Asian Bulls Pvt. Ltd.,2026-04-20 14:56:23.833208,Dibyashwori Hydropower Ltd.
2026042004015214,DHPL,58,43,10,306.0,3060.0,2026-04-20,187170104,2754,Naasa Securities Co. Ltd.,South Asian Bulls Pvt. Ltd.,2026-04-20 14:56:23.833426,Dibyashwori Hydropower Ltd.
2026042004015215,DHPL,34,43,107,305.5,32688.5,2026-04-20,187170105,2754,Vision Securities Pvt. Ltd,South Asian Bulls Pvt. Ltd.,2026-04-20 14:56:23.833614,Dibyashwori Hydropower Ltd.
2026042004015336,DHPL,49,67,270,305.6,82512.0,2026-04-20,187171072,2754,Online Securities Pvt. Ltd.,Property Wiard Limited,2026-04-20 14:56:56.450115,Dibyashwori Hydropower Ltd.
2026042004015337,DHPL,34,67,93,305.5,28411.5,2026-04-20,187171074,2754,Vision Securities Pvt. Ltd,Property Wiard Limited,2026-04-20 14:56:56.450211,Dibyashwori Hydropower Ltd.
2026042004015338,DHPL,58,67,65,305.5,19857.5,2026-04-20,187171076,2754,Naasa Securities Co. Ltd.,Property Wiard Limited,2026-04-20 14:56:56.450260,Dibyashwori Hydropower Ltd.
2026042004015397,DHPL,33,48,86,305.4,26264.4,2026-04-20,187171389,2754,Dakshinkali Investment & Securities Pvt. Ltd.,Trishakti Securities Public Limited,2026-04-20 14:57:06.244221,Dibyashwori Hydropower Ltd.
2026042004015408,DHPL,33,45,117,305.4,35731.8,2026-04-20,187171445,2754,Dakshinkali Investment & Securities Pvt. Ltd.,Imperial Securities Company Pvt. Ltd.,2026-04-20 14:57:08.470498,Dibyashwori Hydropower Ltd.
2026042004015413,DHPL,33,67,72,305.4,21988.8,2026-04-20,187171515,2754,Dakshinkali Investment & Securities Pvt. Ltd.,Property Wiard Limited,2026-04-20 14:57:12.059671,Dibyashwori Hydropower Ltd.
2026042004015872,DHPL,33,19,100,305.4,30540.0,2026-04-20,187174993,2754,Dakshinkali Investment & Securities Pvt. Ltd.,Nepal Investment And Securities Trading Private Limited,2026-04-20 14:58:48.024405,Dibyashwori Hydropower Ltd.
