contractId,stockSymbol,buyerMemberId,sellerMemberId,quantity,rate,amount,businessDate,tradeBookId,stockId,buyerBrokerName,sellerBrokerName,transaction_time,securityName
2026042003000005,GMFIL,34,14,10,502.0,5020.0,2026-04-20,186947920,263,Vision Securities Pvt. Ltd,Nepal Stock House (PVT) Ltd.,2026-04-20 10:46:00.037989,Guheshowori Merchant Bank & Finance Co. Ltd.
2026042003000069,GMFIL,14,48,10,490.1,4901.0,2026-04-20,186957015,263,Nepal Stock House (PVT) Ltd.,Trishakti Securities Public Limited,2026-04-20 11:04:29.307317,Guheshowori Merchant Bank & Finance Co. Ltd.
2026042003000079,GMFIL,14,8,40,490.1,19604.0,2026-04-20,186958199,263,Nepal Stock House (PVT) Ltd.,Brilliant Securities Pvt. Ltd.,2026-04-20 11:05:13.742251,Guheshowori Merchant Bank & Finance Co. Ltd.
2026042003000245,GMFIL,14,48,100,480.1,48010.0,2026-04-20,186973686,263,Nepal Stock House (PVT) Ltd.,Trishakti Securities Public Limited,2026-04-20 11:13:23.269707,Guheshowori Merchant Bank & Finance Co. Ltd.
2026042003000246,GMFIL,4,48,25,480.1,12002.5,2026-04-20,186973688,263,Opal Securities Investment (PVT) Ltd.,Trishakti Securities Public Limited,2026-04-20 11:13:23.269793,Guheshowori Merchant Bank & Finance Co. Ltd.
2026042003000355,GMFIL,7,48,75,476.0,35700.0,2026-04-20,186984335,263,J.F. Securites (PVT) Ltd.,Trishakti Securities Public Limited,2026-04-20 11:18:46.582068,Guheshowori Merchant Bank & Finance Co. Ltd.
2026042003000694,GMFIL,58,29,2,470.0,940.0,2026-04-20,187008789,263,Naasa Securities Co. Ltd.,Trisul Securities & Invt. Ltd.,2026-04-20 11:35:54.798855,Guheshowori Merchant Bank & Finance Co. Ltd.
2026042003000712,GMFIL,14,53,10,477.2,4772.0,2026-04-20,187009260,263,Nepal Stock House (PVT) Ltd.,Investment Management Nepal Pvt. Ltd.,2026-04-20 11:36:13.390356,Guheshowori Merchant Bank & Finance Co. Ltd.
2026042003000713,GMFIL,62,53,200,477.0,95400.0,2026-04-20,187009262,263,Capital Max Securities Ltd,Investment Management Nepal Pvt. Ltd.,2026-04-20 11:36:13.390561,Guheshowori Merchant Bank & Finance Co. Ltd.
2026042003000714,GMFIL,74,53,500,476.3,238150.0,2026-04-20,187009264,263,KALASH STOCK MARKET PVT. LTD.,Investment Management Nepal Pvt. Ltd.,2026-04-20 11:36:13.390698,Guheshowori Merchant Bank & Finance Co. Ltd.
2026042003000715,GMFIL,90,53,50,476.1,23805.0,2026-04-20,187009266,263,Sajilo Broker Limited,Investment Management Nepal Pvt. Ltd.,2026-04-20 11:36:13.390831,Guheshowori Merchant Bank & Finance Co. Ltd.
2026042003000716,GMFIL,7,53,125,476.0,59500.0,2026-04-20,187009268,263,J.F. Securites (PVT) Ltd.,Investment Management Nepal Pvt. Ltd.,2026-04-20 11:36:13.390962,Guheshowori Merchant Bank & Finance Co. Ltd.
2026042003000752,GMFIL,29,53,10,476.0,4760.0,2026-04-20,187010264,263,Trisul Securities & Invt. Ltd.,Investment Management Nepal Pvt. Ltd.,2026-04-20 11:36:53.098968,Guheshowori Merchant Bank & Finance Co. Ltd.
2026042003000903,GMFIL,39,33,600,472.0,283200.0,2026-04-20,187017541,263,Sumeru Securities Pvt. Ltd.,Dakshinkali Investment & Securities Pvt. Ltd.,2026-04-20 11:42:56.950365,Guheshowori Merchant Bank & Finance Co. Ltd.
2026042003000997,GMFIL,35,53,385,472.5,181912.5,2026-04-20,187020801,263,Kohinoor Investment & Securities Pvt. Ltd.,Investment Management Nepal Pvt. Ltd.,2026-04-20 11:45:30.862488,Guheshowori Merchant Bank & Finance Co. Ltd.
2026042003001180,GMFIL,35,53,40,472.5,18900.0,2026-04-20,187028116,263,Kohinoor Investment & Securities Pvt. Ltd.,Investment Management Nepal Pvt. Ltd.,2026-04-20 11:51:37.039280,Guheshowori Merchant Bank & Finance Co. Ltd.
2026042003001181,GMFIL,32,53,45,471.5,21217.5,2026-04-20,187028118,263,Premier Securities Company Ltd.,Investment Management Nepal Pvt. Ltd.,2026-04-20 11:51:37.039390,Guheshowori Merchant Bank & Finance Co. Ltd.
2026042003001182,GMFIL,42,53,15,471.0,7065.0,2026-04-20,187028120,263,Sani Securities Company Ltd.,Investment Management Nepal Pvt. Ltd.,2026-04-20 11:51:37.039437,Guheshowori Merchant Bank & Finance Co. Ltd.
2026042003001183,GMFIL,6,53,50,470.2,23510.0,2026-04-20,187028122,263,Agrawal Securities (PVT) Ltd.,Investment Management Nepal Pvt. Ltd.,2026-04-20 11:51:37.039481,Guheshowori Merchant Bank & Finance Co. Ltd.
2026042003001184,GMFIL,14,53,40,470.1,18804.0,2026-04-20,187028124,263,Nepal Stock House (PVT) Ltd.,Investment Management Nepal Pvt. Ltd.,2026-04-20 11:51:37.039525,Guheshowori Merchant Bank & Finance Co. Ltd.
2026042003001185,GMFIL,42,53,10,470.0,4700.0,2026-04-20,187028126,263,Sani Securities Company Ltd.,Investment Management Nepal Pvt. Ltd.,2026-04-20 11:51:37.039570,Guheshowori Merchant Bank & Finance Co. Ltd.
2026042003001186,GMFIL,6,53,47,470.0,22090.0,2026-04-20,187028128,263,Agrawal Securities (PVT) Ltd.,Investment Management Nepal Pvt. Ltd.,2026-04-20 11:51:37.039613,Guheshowori Merchant Bank & Finance Co. Ltd.
2026042003001187,GMFIL,81,53,100,470.0,47000.0,2026-04-20,187028130,263,Aakashbhairab Securities Ltd.,Investment Management Nepal Pvt. Ltd.,2026-04-20 11:51:37.039657,Guheshowori Merchant Bank & Finance Co. Ltd.
2026042003001232,GMFIL,42,33,98,467.1,45775.8,2026-04-20,187030389,263,Sani Securities Company Ltd.,Dakshinkali Investment & Securities Pvt. Ltd.,2026-04-20 11:53:12.786087,Guheshowori Merchant Bank & Finance Co. Ltd.
2026042003001712,GMFIL,42,53,12,470.0,5640.0,2026-04-20,187046498,263,Sani Securities Company Ltd.,Investment Management Nepal Pvt. Ltd.,2026-04-20 12:09:00.898433,Guheshowori Merchant Bank & Finance Co. Ltd.
2026042003001724,GMFIL,34,53,100,470.0,47000.0,2026-04-20,187046842,263,Vision Securities Pvt. Ltd,Investment Management Nepal Pvt. Ltd.,2026-04-20 12:09:25.306658,Guheshowori Merchant Bank & Finance Co. Ltd.
2026042003001765,GMFIL,62,11,100,470.0,47000.0,2026-04-20,187049196,263,Capital Max Securities Ltd,Malla & Malla Stock Broking Company Pvt. Limited,2026-04-20 12:11:51.919640,Guheshowori Merchant Bank & Finance Co. Ltd.
2026042003001775,GMFIL,71,11,600,469.0,281400.0,2026-04-20,187050336,263,SHUBHAKAMANA SECURITIES PVT. LTD,Malla & Malla Stock Broking Company Pvt. Limited,2026-04-20 12:12:47.971433,Guheshowori Merchant Bank & Finance Co. Ltd.
2026042003001783,GMFIL,74,11,50,468.0,23400.0,2026-04-20,187050628,263,KALASH STOCK MARKET PVT. LTD.,Malla & Malla Stock Broking Company Pvt. Limited,2026-04-20 12:13:05.572206,Guheshowori Merchant Bank & Finance Co. Ltd.
2026042003001787,GMFIL,39,11,150,468.0,70200.0,2026-04-20,187050841,263,Sumeru Securities Pvt. Ltd.,Malla & Malla Stock Broking Company Pvt. Limited,2026-04-20 12:13:21.514765,Guheshowori Merchant Bank & Finance Co. Ltd.
2026042003002060,GMFIL,47,45,10,474.0,4740.0,2026-04-20,187060156,263,Neev Securities Pvt. Ltd.,Imperial Securities Company Pvt. Ltd.,2026-04-20 12:23:50.655318,Guheshowori Merchant Bank & Finance Co. Ltd.
2026042003002170,GMFIL,21,49,100,470.1,47010.0,2026-04-20,187063696,263,Midas Stock Broking Company Private Limited,Online Securities Pvt. Ltd.,2026-04-20 12:28:50.133685,Guheshowori Merchant Bank & Finance Co. Ltd.
2026042003002171,GMFIL,64,49,272,470.0,127840.0,2026-04-20,187063697,263,SUN SECURITIES PVT LTD,Online Securities Pvt. Ltd.,2026-04-20 12:28:50.133952,Guheshowori Merchant Bank & Finance Co. Ltd.
2026042003002180,GMFIL,64,53,228,470.0,107160.0,2026-04-20,187064128,263,SUN SECURITIES PVT LTD,Investment Management Nepal Pvt. Ltd.,2026-04-20 12:29:35.720524,Guheshowori Merchant Bank & Finance Co. Ltd.
2026042003002181,GMFIL,39,53,113,470.0,53110.0,2026-04-20,187064129,263,Sumeru Securities Pvt. Ltd.,Investment Management Nepal Pvt. Ltd.,2026-04-20 12:29:35.720661,Guheshowori Merchant Bank & Finance Co. Ltd.
2026042003002407,GMFIL,39,13,33,470.2,15516.6,2026-04-20,187072533,263,Sumeru Securities Pvt. Ltd.,Thrive Brokerage House Pvt. Ltd,2026-04-20 12:41:59.644396,Guheshowori Merchant Bank & Finance Co. Ltd.
2026042003002979,GMFIL,28,32,249,472.0,117528.0,2026-04-20,187087377,263,Shree Krishna Securities Ltd.,Premier Securities Company Ltd.,2026-04-20 13:06:30.758956,Guheshowori Merchant Bank & Finance Co. Ltd.
2026042003003807,GMFIL,71,50,10,471.3,4713.0,2026-04-20,187118945,263,SHUBHAKAMANA SECURITIES PVT. LTD,Cristal Kanchanjanga Securites Pvt. Ltd.,2026-04-20 13:50:17.260287,Guheshowori Merchant Bank & Finance Co. Ltd.
2026042003004330,GMFIL,47,45,10,474.0,4740.0,2026-04-20,187137138,263,Neev Securities Pvt. Ltd.,Imperial Securities Company Pvt. Ltd.,2026-04-20 14:16:52.592727,Guheshowori Merchant Bank & Finance Co. Ltd.
2026042003004365,GMFIL,68,32,30,473.0,14190.0,2026-04-20,187137962,263,Elite Stock House Limited,Premier Securities Company Ltd.,2026-04-20 14:18:33.409272,Guheshowori Merchant Bank & Finance Co. Ltd.
2026042003005018,GMFIL,71,4,190,471.9,89661.0,2026-04-20,187155060,263,SHUBHAKAMANA SECURITIES PVT. LTD,Opal Securities Investment (PVT) Ltd.,2026-04-20 14:42:05.352417,Guheshowori Merchant Bank & Finance Co. Ltd.
2026042003005019,GMFIL,13,4,50,471.8,23590.0,2026-04-20,187155062,263,Thrive Brokerage House Pvt. Ltd,Opal Securities Investment (PVT) Ltd.,2026-04-20 14:42:05.352568,Guheshowori Merchant Bank & Finance Co. Ltd.
2026042003005020,GMFIL,58,4,51,471.8,24061.8,2026-04-20,187155063,263,Naasa Securities Co. Ltd.,Opal Securities Investment (PVT) Ltd.,2026-04-20 14:42:05.352625,Guheshowori Merchant Bank & Finance Co. Ltd.
2026042003005332,GMFIL,58,45,50,472.0,23600.0,2026-04-20,187161335,263,Naasa Securities Co. Ltd.,Imperial Securities Company Pvt. Ltd.,2026-04-20 14:49:27.105141,Guheshowori Merchant Bank & Finance Co. Ltd.
2026042003005415,GMFIL,39,45,20,474.0,9480.0,2026-04-20,187163107,263,Sumeru Securities Pvt. Ltd.,Imperial Securities Company Pvt. Ltd.,2026-04-20 14:51:14.044990,Guheshowori Merchant Bank & Finance Co. Ltd.
2026042003005416,GMFIL,39,58,29,474.0,13746.0,2026-04-20,187163109,263,Sumeru Securities Pvt. Ltd.,Naasa Securities Co. Ltd.,2026-04-20 14:51:14.045134,Guheshowori Merchant Bank & Finance Co. Ltd.
2026042003005417,GMFIL,39,45,50,474.0,23700.0,2026-04-20,187163112,263,Sumeru Securities Pvt. Ltd.,Imperial Securities Company Pvt. Ltd.,2026-04-20 14:51:14.045189,Guheshowori Merchant Bank & Finance Co. Ltd.
2026042003005648,GMFIL,34,16,10,475.8,4758.0,2026-04-20,187167762,263,Vision Securities Pvt. Ltd,Primo Securities (PVT) Ltd.,2026-04-20 14:54:53.420434,Guheshowori Merchant Bank & Finance Co. Ltd.
2026042003005735,GMFIL,6,45,10,473.0,4730.0,2026-04-20,187169220,263,Agrawal Securities (PVT) Ltd.,Imperial Securities Company Pvt. Ltd.,2026-04-20 14:55:47.564850,Guheshowori Merchant Bank & Finance Co. Ltd.
2026042003005736,GMFIL,58,45,39,472.0,18408.0,2026-04-20,187169222,263,Naasa Securities Co. Ltd.,Imperial Securities Company Pvt. Ltd.,2026-04-20 14:55:47.564975,Guheshowori Merchant Bank & Finance Co. Ltd.
2026042003005737,GMFIL,39,45,164,471.8,77375.2,2026-04-20,187169223,263,Sumeru Securities Pvt. Ltd.,Imperial Securities Company Pvt. Ltd.,2026-04-20 14:55:47.565052,Guheshowori Merchant Bank & Finance Co. Ltd.
2026042003005830,GMFIL,1,25,100,471.7,47170.0,2026-04-20,187170878,263,Kumari Securities Private Limited,Sweta Securities Private Limited,2026-04-20 14:56:48.303914,Guheshowori Merchant Bank & Finance Co. Ltd.
2026042003005831,GMFIL,35,25,20,471.5,9430.0,2026-04-20,187170880,263,Kohinoor Investment & Securities Pvt. Ltd.,Sweta Securities Private Limited,2026-04-20 14:56:48.304053,Guheshowori Merchant Bank & Finance Co. Ltd.
2026042003005832,GMFIL,58,25,50,471.5,23575.0,2026-04-20,187170882,263,Naasa Securities Co. Ltd.,Sweta Securities Private Limited,2026-04-20 14:56:48.304110,Guheshowori Merchant Bank & Finance Co. Ltd.
2026042003005833,GMFIL,7,25,100,471.4,47140.0,2026-04-20,187170884,263,J.F. Securites (PVT) Ltd.,Sweta Securities Private Limited,2026-04-20 14:56:48.304163,Guheshowori Merchant Bank & Finance Co. Ltd.
2026042003005834,GMFIL,42,25,50,471.4,23570.0,2026-04-20,187170886,263,Sani Securities Company Ltd.,Sweta Securities Private Limited,2026-04-20 14:56:48.304215,Guheshowori Merchant Bank & Finance Co. Ltd.
2026042003005835,GMFIL,57,25,20,471.2,9424.0,2026-04-20,187170888,263,Aryatara Investment & Securities,Sweta Securities Private Limited,2026-04-20 14:56:48.304269,Guheshowori Merchant Bank & Finance Co. Ltd.
2026042003005836,GMFIL,39,25,87,470.0,40890.0,2026-04-20,187170890,263,Sumeru Securities Pvt. Ltd.,Sweta Securities Private Limited,2026-04-20 14:56:48.304320,Guheshowori Merchant Bank & Finance Co. Ltd.
2026042003005837,GMFIL,39,25,73,470.0,34310.0,2026-04-20,187170891,263,Sumeru Securities Pvt. Ltd.,Sweta Securities Private Limited,2026-04-20 14:56:48.304370,Guheshowori Merchant Bank & Finance Co. Ltd.
2026042003005898,GMFIL,58,16,80,470.1,37608.0,2026-04-20,187172260,263,Naasa Securities Co. Ltd.,Primo Securities (PVT) Ltd.,2026-04-20 14:57:28.985846,Guheshowori Merchant Bank & Finance Co. Ltd.
2026042003005899,GMFIL,39,16,77,470.0,36190.0,2026-04-20,187172262,263,Sumeru Securities Pvt. Ltd.,Primo Securities (PVT) Ltd.,2026-04-20 14:57:28.985999,Guheshowori Merchant Bank & Finance Co. Ltd.
2026042003005900,GMFIL,26,16,200,470.0,94000.0,2026-04-20,187172264,263,Asian Securities Private Ltd.,Primo Securities (PVT) Ltd.,2026-04-20 14:57:28.986066,Guheshowori Merchant Bank & Finance Co. Ltd.
2026042003005901,GMFIL,57,16,500,470.0,235000.0,2026-04-20,187172266,263,Aryatara Investment & Securities,Primo Securities (PVT) Ltd.,2026-04-20 14:57:28.986118,Guheshowori Merchant Bank & Finance Co. Ltd.
2026042003005902,GMFIL,32,16,83,470.0,39010.0,2026-04-20,187172267,263,Premier Securities Company Ltd.,Primo Securities (PVT) Ltd.,2026-04-20 14:57:28.986164,Guheshowori Merchant Bank & Finance Co. Ltd.
2026042003006015,GMFIL,6,54,13,472.0,6136.0,2026-04-20,187174488,263,Agrawal Securities (PVT) Ltd.,Sewa Securities Pvt. Ltd.,2026-04-20 14:58:34.969451,Guheshowori Merchant Bank & Finance Co. Ltd.
2026042003006016,GMFIL,32,54,67,470.0,31490.0,2026-04-20,187174490,263,Premier Securities Company Ltd.,Sewa Securities Pvt. Ltd.,2026-04-20 14:58:34.969715,Guheshowori Merchant Bank & Finance Co. Ltd.
2026042003006017,GMFIL,6,54,40,470.0,18800.0,2026-04-20,187174492,263,Agrawal Securities (PVT) Ltd.,Sewa Securities Pvt. Ltd.,2026-04-20 14:58:34.969905,Guheshowori Merchant Bank & Finance Co. Ltd.
2026042003006038,GMFIL,5,45,290,469.0,136010.0,2026-04-20,187175283,263,Market Securities & Exchange (PVT) Ltd.,Imperial Securities Company Pvt. Ltd.,2026-04-20 14:58:52.442546,Guheshowori Merchant Bank & Finance Co. Ltd.
2026042003006207,GMFIL,19,58,10,474.9,4749.0,2026-04-20,187179144,263,Nepal Investment And Securities Trading Private Limited,Naasa Securities Co. Ltd.,2026-04-20 14:59:51.442859,Guheshowori Merchant Bank & Finance Co. Ltd.
2026042003006210,GMFIL,5,54,10,469.0,4690.0,2026-04-20,187179212,263,Market Securities & Exchange (PVT) Ltd.,Sewa Securities Pvt. Ltd.,2026-04-20 14:59:52.399114,Guheshowori Merchant Bank & Finance Co. Ltd.
2026042003006211,GMFIL,71,54,60,468.0,28080.0,2026-04-20,187179213,263,SHUBHAKAMANA SECURITIES PVT. LTD,Sewa Securities Pvt. Ltd.,2026-04-20 14:59:52.399254,Guheshowori Merchant Bank & Finance Co. Ltd.
2026042003006283,GMFIL,42,58,10,474.9,4749.0,2026-04-20,187180494,263,Sani Securities Company Ltd.,Naasa Securities Co. Ltd.,2026-04-20 14:59:59.349862,Guheshowori Merchant Bank & Finance Co. Ltd.
