contractId,stockSymbol,buyerMemberId,sellerMemberId,quantity,rate,amount,businessDate,tradeBookId,stockId,buyerBrokerName,sellerBrokerName,transaction_time,securityName
2026042005000264,HIDCL,45,58,18,278.1,5005.8,2026-04-20,186954828,2742,Imperial Securities Company Pvt. Ltd.,Naasa Securities Co. Ltd.,2026-04-20 11:03:23.341878,Hydorelectricity Investment and Development Company Ltd
2026042005000373,HIDCL,17,54,152,279.0,42408.0,2026-04-20,186959111,2742,ABC Securities Private Limited,Sewa Securities Pvt. Ltd.,2026-04-20 11:05:46.653247,Hydorelectricity Investment and Development Company Ltd
2026042005000374,HIDCL,17,57,148,280.0,41440.0,2026-04-20,186959114,2742,ABC Securities Private Limited,Aryatara Investment & Securities,2026-04-20 11:05:46.653409,Hydorelectricity Investment and Development Company Ltd
2026042005000392,HIDCL,35,26,73,278.0,20294.0,2026-04-20,186960087,2742,Kohinoor Investment & Securities Pvt. Ltd.,Asian Securities Private Ltd.,2026-04-20 11:06:20.114405,Hydorelectricity Investment and Development Company Ltd
2026042005000412,HIDCL,35,39,27,278.0,7506.0,2026-04-20,186960616,2742,Kohinoor Investment & Securities Pvt. Ltd.,Sumeru Securities Pvt. Ltd.,2026-04-20 11:06:33.410968,Hydorelectricity Investment and Development Company Ltd
2026042005000413,HIDCL,45,39,73,278.0,20294.0,2026-04-20,186960617,2742,Imperial Securities Company Pvt. Ltd.,Sumeru Securities Pvt. Ltd.,2026-04-20 11:06:33.411045,Hydorelectricity Investment and Development Company Ltd
2026042005000425,HIDCL,45,58,127,278.0,35306.0,2026-04-20,186960780,2742,Imperial Securities Company Pvt. Ltd.,Naasa Securities Co. Ltd.,2026-04-20 11:06:38.503780,Hydorelectricity Investment and Development Company Ltd
2026042005000426,HIDCL,11,58,300,278.0,83400.0,2026-04-20,186960782,2742,Malla & Malla Stock Broking Company Pvt. Limited,Naasa Securities Co. Ltd.,2026-04-20 11:06:38.503864,Hydorelectricity Investment and Development Company Ltd
2026042005000427,HIDCL,57,58,809,278.0,224902.0,2026-04-20,186960783,2742,Aryatara Investment & Securities,Naasa Securities Co. Ltd.,2026-04-20 11:06:38.503899,Hydorelectricity Investment and Development Company Ltd
2026042005000440,HIDCL,57,19,142,278.0,39476.0,2026-04-20,186961029,2742,Aryatara Investment & Securities,Nepal Investment And Securities Trading Private Limited,2026-04-20 11:06:46.473105,Hydorelectricity Investment and Development Company Ltd
2026042005000748,HIDCL,57,39,49,278.0,13622.0,2026-04-20,186968372,2742,Aryatara Investment & Securities,Sumeru Securities Pvt. Ltd.,2026-04-20 11:10:34.748094,Hydorelectricity Investment and Development Company Ltd
2026042005000749,HIDCL,91,39,20,278.0,5560.0,2026-04-20,186968374,2742,Citizens Share Broker Limited,Sumeru Securities Pvt. Ltd.,2026-04-20 11:10:34.748199,Hydorelectricity Investment and Development Company Ltd
2026042005000750,HIDCL,21,39,10,278.0,2780.0,2026-04-20,186968376,2742,Midas Stock Broking Company Private Limited,Sumeru Securities Pvt. Ltd.,2026-04-20 11:10:34.748237,Hydorelectricity Investment and Development Company Ltd
2026042005000898,HIDCL,53,36,200,275.4,55080.0,2026-04-20,186971233,2742,Investment Management Nepal Pvt. Ltd.,Secured Securities Ltd.,2026-04-20 11:12:02.418957,Hydorelectricity Investment and Development Company Ltd
2026042005000956,HIDCL,53,56,15,275.4,4131.0,2026-04-20,186973225,2742,Investment Management Nepal Pvt. Ltd.,Sri Hari Securities Pvt. Ltd.,2026-04-20 11:13:07.242498,Hydorelectricity Investment and Development Company Ltd
2026042005001019,HIDCL,53,36,20,275.4,5508.0,2026-04-20,186974407,2742,Investment Management Nepal Pvt. Ltd.,Secured Securities Ltd.,2026-04-20 11:13:48.318168,Hydorelectricity Investment and Development Company Ltd
2026042005001085,HIDCL,53,95,765,275.4,210681.0,2026-04-20,186976158,2742,Investment Management Nepal Pvt. Ltd.,Magnet Securities and Investment Company Private Limited,2026-04-20 11:14:37.855061,Hydorelectricity Investment and Development Company Ltd
2026042005001086,HIDCL,53,95,200,275.4,55080.0,2026-04-20,186976160,2742,Investment Management Nepal Pvt. Ltd.,Magnet Securities and Investment Company Private Limited,2026-04-20 11:14:37.855128,Hydorelectricity Investment and Development Company Ltd
2026042005001087,HIDCL,58,95,222,275.3,61116.6,2026-04-20,186976162,2742,Naasa Securities Co. Ltd.,Magnet Securities and Investment Company Private Limited,2026-04-20 11:14:37.855179,Hydorelectricity Investment and Development Company Ltd
2026042005001088,HIDCL,38,95,500,275.1,137550.0,2026-04-20,186976164,2742,Dipshikha Dhitopatra Karobar Co. Pvt Ltd.,Magnet Securities and Investment Company Private Limited,2026-04-20 11:14:37.855204,Hydorelectricity Investment and Development Company Ltd
2026042005001089,HIDCL,36,95,50,275.0,13750.0,2026-04-20,186976166,2742,Secured Securities Ltd.,Magnet Securities and Investment Company Private Limited,2026-04-20 11:14:37.855226,Hydorelectricity Investment and Development Company Ltd
2026042005001090,HIDCL,38,95,30,275.0,8250.0,2026-04-20,186976168,2742,Dipshikha Dhitopatra Karobar Co. Pvt Ltd.,Magnet Securities and Investment Company Private Limited,2026-04-20 11:14:37.855249,Hydorelectricity Investment and Development Company Ltd
2026042005001091,HIDCL,51,95,200,275.0,55000.0,2026-04-20,186976170,2742,Oxford Securities Pvt. Ltd.,Magnet Securities and Investment Company Private Limited,2026-04-20 11:14:37.855288,Hydorelectricity Investment and Development Company Ltd
2026042005001092,HIDCL,42,95,33,273.0,9009.0,2026-04-20,186976171,2742,Sani Securities Company Ltd.,Magnet Securities and Investment Company Private Limited,2026-04-20 11:14:37.855308,Hydorelectricity Investment and Development Company Ltd
2026042005001152,HIDCL,42,48,337,273.0,92001.0,2026-04-20,186977250,2742,Sani Securities Company Ltd.,Trishakti Securities Public Limited,2026-04-20 11:15:03.254017,Hydorelectricity Investment and Development Company Ltd
2026042005001153,HIDCL,45,48,100,273.0,27300.0,2026-04-20,186977252,2742,Imperial Securities Company Pvt. Ltd.,Trishakti Securities Public Limited,2026-04-20 11:15:03.254127,Hydorelectricity Investment and Development Company Ltd
2026042005001162,HIDCL,53,48,63,273.0,17199.0,2026-04-20,186977533,2742,Investment Management Nepal Pvt. Ltd.,Trishakti Securities Public Limited,2026-04-20 11:15:13.588323,Hydorelectricity Investment and Development Company Ltd
2026042005001376,HIDCL,46,6,10,275.0,2750.0,2026-04-20,186981719,2742,Kalika Securities Pvt. Ltd.,Agrawal Securities (PVT) Ltd.,2026-04-20 11:17:29.791737,Hydorelectricity Investment and Development Company Ltd
2026042005001460,HIDCL,78,40,1,266.8,266.8,2026-04-20,186983673,2742,Garima Securities Limited,Creative Securities Pvt Ltd,2026-04-20 11:18:27.651139,Hydorelectricity Investment and Development Company Ltd
2026042005001960,HIDCL,45,74,14,277.9,3890.6,2026-04-20,186994970,2742,Imperial Securities Company Pvt. Ltd.,KALASH STOCK MARKET PVT. LTD.,2026-04-20 11:24:47.428601,Hydorelectricity Investment and Development Company Ltd
2026042005002055,HIDCL,34,58,10,277.0,2770.0,2026-04-20,186997438,2742,Vision Securities Pvt. Ltd,Naasa Securities Co. Ltd.,2026-04-20 11:26:47.839717,Hydorelectricity Investment and Development Company Ltd
2026042005002060,HIDCL,34,58,30,277.0,8310.0,2026-04-20,186997618,2742,Vision Securities Pvt. Ltd,Naasa Securities Co. Ltd.,2026-04-20 11:26:54.258170,Hydorelectricity Investment and Development Company Ltd
2026042005002171,HIDCL,36,58,10,277.0,2770.0,2026-04-20,186999246,2742,Secured Securities Ltd.,Naasa Securities Co. Ltd.,2026-04-20 11:28:11.236648,Hydorelectricity Investment and Development Company Ltd
2026042005002178,HIDCL,6,35,100,276.0,27600.0,2026-04-20,186999499,2742,Agrawal Securities (PVT) Ltd.,Kohinoor Investment & Securities Pvt. Ltd.,2026-04-20 11:28:19.956773,Hydorelectricity Investment and Development Company Ltd
2026042005002214,HIDCL,6,58,15,276.0,4140.0,2026-04-20,187000205,2742,Agrawal Securities (PVT) Ltd.,Naasa Securities Co. Ltd.,2026-04-20 11:28:57.578321,Hydorelectricity Investment and Development Company Ltd
2026042005002290,HIDCL,11,39,21,278.0,5838.0,2026-04-20,187002140,2742,Malla & Malla Stock Broking Company Pvt. Limited,Sumeru Securities Pvt. Ltd.,2026-04-20 11:30:27.746186,Hydorelectricity Investment and Development Company Ltd
2026042005002821,HIDCL,89,17,50,278.0,13900.0,2026-04-20,187010904,2742,Global IME Securities Limited,ABC Securities Private Limited,2026-04-20 11:37:13.614682,Hydorelectricity Investment and Development Company Ltd
2026042005002855,HIDCL,21,29,10,277.0,2770.0,2026-04-20,187011666,2742,Midas Stock Broking Company Private Limited,Trisul Securities & Invt. Ltd.,2026-04-20 11:37:51.974129,Hydorelectricity Investment and Development Company Ltd
2026042005002856,HIDCL,62,29,63,277.0,17451.0,2026-04-20,187011667,2742,Capital Max Securities Ltd,Trisul Securities & Invt. Ltd.,2026-04-20 11:37:51.974303,Hydorelectricity Investment and Development Company Ltd
2026042005002923,HIDCL,62,57,10,277.0,2770.0,2026-04-20,187012832,2742,Capital Max Securities Ltd,Aryatara Investment & Securities,2026-04-20 11:38:49.185064,Hydorelectricity Investment and Development Company Ltd
2026042005002924,HIDCL,48,57,10,276.1,2761.0,2026-04-20,187012834,2742,Trishakti Securities Public Limited,Aryatara Investment & Securities,2026-04-20 11:38:49.185413,Hydorelectricity Investment and Development Company Ltd
2026042005002925,HIDCL,6,57,385,276.0,106260.0,2026-04-20,187012836,2742,Agrawal Securities (PVT) Ltd.,Aryatara Investment & Securities,2026-04-20 11:38:49.185604,Hydorelectricity Investment and Development Company Ltd
2026042005002926,HIDCL,47,57,15,276.0,4140.0,2026-04-20,187012838,2742,Neev Securities Pvt. Ltd.,Aryatara Investment & Securities,2026-04-20 11:38:49.185832,Hydorelectricity Investment and Development Company Ltd
2026042005002927,HIDCL,58,57,30,276.0,8280.0,2026-04-20,187012840,2742,Naasa Securities Co. Ltd.,Aryatara Investment & Securities,2026-04-20 11:38:49.186006,Hydorelectricity Investment and Development Company Ltd
2026042005002928,HIDCL,62,57,550,276.0,151800.0,2026-04-20,187012841,2742,Capital Max Securities Ltd,Aryatara Investment & Securities,2026-04-20 11:38:49.186182,Hydorelectricity Investment and Development Company Ltd
2026042005003034,HIDCL,62,17,10,276.0,2760.0,2026-04-20,187014507,2742,Capital Max Securities Ltd,ABC Securities Private Limited,2026-04-20 11:40:19.900558,Hydorelectricity Investment and Development Company Ltd
2026042005003035,HIDCL,62,41,43,276.0,11868.0,2026-04-20,187014532,2742,Capital Max Securities Ltd,Linch Stock Market Ltd.,2026-04-20 11:40:20.627873,Hydorelectricity Investment and Development Company Ltd
2026042005003052,HIDCL,22,42,100,277.0,27700.0,2026-04-20,187014852,2742,Siprabi Securities Pvt. Ltd.,Sani Securities Company Ltd.,2026-04-20 11:40:39.387176,Hydorelectricity Investment and Development Company Ltd
2026042005003074,HIDCL,62,57,397,276.0,109572.0,2026-04-20,187015398,2742,Capital Max Securities Ltd,Aryatara Investment & Securities,2026-04-20 11:41:10.528305,Hydorelectricity Investment and Development Company Ltd
2026042005003075,HIDCL,46,57,20,276.0,5520.0,2026-04-20,187015400,2742,Kalika Securities Pvt. Ltd.,Aryatara Investment & Securities,2026-04-20 11:41:10.528707,Hydorelectricity Investment and Development Company Ltd
2026042005003076,HIDCL,41,57,583,276.0,160908.0,2026-04-20,187015401,2742,Linch Stock Market Ltd.,Aryatara Investment & Securities,2026-04-20 11:41:10.528896,Hydorelectricity Investment and Development Company Ltd
2026042005003277,HIDCL,22,42,100,277.0,27700.0,2026-04-20,187018716,2742,Siprabi Securities Pvt. Ltd.,Sani Securities Company Ltd.,2026-04-20 11:43:58.250213,Hydorelectricity Investment and Development Company Ltd
2026042005003692,HIDCL,42,42,20,277.0,5540.0,2026-04-20,187023546,2742,Sani Securities Company Ltd.,Sani Securities Company Ltd.,2026-04-20 11:47:34.175720,Hydorelectricity Investment and Development Company Ltd
2026042005003759,HIDCL,58,42,7,273.0,1911.0,2026-04-20,187024455,2742,Naasa Securities Co. Ltd.,Sani Securities Company Ltd.,2026-04-20 11:48:25.807661,Hydorelectricity Investment and Development Company Ltd
2026042005004078,HIDCL,42,58,10,276.5,2765.0,2026-04-20,187028426,2742,Sani Securities Company Ltd.,Naasa Securities Co. Ltd.,2026-04-20 11:51:51.361650,Hydorelectricity Investment and Development Company Ltd
2026042005004079,HIDCL,42,58,10,276.3,2763.0,2026-04-20,187028428,2742,Sani Securities Company Ltd.,Naasa Securities Co. Ltd.,2026-04-20 11:51:51.361861,Hydorelectricity Investment and Development Company Ltd
2026042005004080,HIDCL,41,58,105,276.0,28980.0,2026-04-20,187028429,2742,Linch Stock Market Ltd.,Naasa Securities Co. Ltd.,2026-04-20 11:51:51.361938,Hydorelectricity Investment and Development Company Ltd
2026042005004110,HIDCL,41,58,312,276.0,86112.0,2026-04-20,187028760,2742,Linch Stock Market Ltd.,Naasa Securities Co. Ltd.,2026-04-20 11:52:10.115877,Hydorelectricity Investment and Development Company Ltd
2026042005004111,HIDCL,42,58,10,276.0,2760.0,2026-04-20,187028762,2742,Sani Securities Company Ltd.,Naasa Securities Co. Ltd.,2026-04-20 11:52:10.115920,Hydorelectricity Investment and Development Company Ltd
2026042005004112,HIDCL,48,58,110,275.5,30305.0,2026-04-20,187028764,2742,Trishakti Securities Public Limited,Naasa Securities Co. Ltd.,2026-04-20 11:52:10.115985,Hydorelectricity Investment and Development Company Ltd
2026042005004113,HIDCL,62,58,500,275.1,137550.0,2026-04-20,187028766,2742,Capital Max Securities Ltd,Naasa Securities Co. Ltd.,2026-04-20 11:52:10.116022,Hydorelectricity Investment and Development Company Ltd
2026042005004114,HIDCL,46,58,68,275.0,18700.0,2026-04-20,187028767,2742,Kalika Securities Pvt. Ltd.,Naasa Securities Co. Ltd.,2026-04-20 11:52:10.116047,Hydorelectricity Investment and Development Company Ltd
2026042005004465,HIDCL,51,57,10,275.1,2751.0,2026-04-20,187032730,2742,Oxford Securities Pvt. Ltd.,Aryatara Investment & Securities,2026-04-20 11:54:58.521456,Hydorelectricity Investment and Development Company Ltd
2026042005004466,HIDCL,41,57,18,275.1,4951.8,2026-04-20,187032731,2742,Linch Stock Market Ltd.,Aryatara Investment & Securities,2026-04-20 11:54:58.521879,Hydorelectricity Investment and Development Company Ltd
2026042005004654,HIDCL,42,58,10,275.2,2752.0,2026-04-20,187034548,2742,Sani Securities Company Ltd.,Naasa Securities Co. Ltd.,2026-04-20 11:56:32.656514,Hydorelectricity Investment and Development Company Ltd
2026042005004655,HIDCL,41,58,20,275.1,5502.0,2026-04-20,187034550,2742,Linch Stock Market Ltd.,Naasa Securities Co. Ltd.,2026-04-20 11:56:32.656741,Hydorelectricity Investment and Development Company Ltd
2026042005004675,HIDCL,41,58,11,275.1,3026.1,2026-04-20,187035037,2742,Linch Stock Market Ltd.,Naasa Securities Co. Ltd.,2026-04-20 11:56:50.550407,Hydorelectricity Investment and Development Company Ltd
2026042005004694,HIDCL,52,42,33,277.0,9141.0,2026-04-20,187035252,2742,Sundhara Securities Limited,Sani Securities Company Ltd.,2026-04-20 11:56:55.620804,Hydorelectricity Investment and Development Company Ltd
2026042005004876,HIDCL,41,36,25,275.1,6877.5,2026-04-20,187037677,2742,Linch Stock Market Ltd.,Secured Securities Ltd.,2026-04-20 11:59:06.884477,Hydorelectricity Investment and Development Company Ltd
2026042005004920,HIDCL,34,36,150,276.0,41400.0,2026-04-20,187038342,2742,Vision Securities Pvt. Ltd,Secured Securities Ltd.,2026-04-20 11:59:44.498510,Hydorelectricity Investment and Development Company Ltd
2026042005005084,HIDCL,14,36,10,276.0,2760.0,2026-04-20,187040466,2742,Nepal Stock House (PVT) Ltd.,Secured Securities Ltd.,2026-04-20 12:01:34.002657,Hydorelectricity Investment and Development Company Ltd
2026042005005166,HIDCL,56,36,200,276.0,55200.0,2026-04-20,187041442,2742,Sri Hari Securities Pvt. Ltd.,Secured Securities Ltd.,2026-04-20 12:02:30.670770,Hydorelectricity Investment and Development Company Ltd
2026042005005249,HIDCL,49,36,2000,276.0,552000.0,2026-04-20,187042438,2742,Online Securities Pvt. Ltd.,Secured Securities Ltd.,2026-04-20 12:03:44.739781,Hydorelectricity Investment and Development Company Ltd
2026042005005266,HIDCL,51,47,20,275.2,5504.0,2026-04-20,187042504,2742,Oxford Securities Pvt. Ltd.,Neev Securities Pvt. Ltd.,2026-04-20 12:03:50.475723,Hydorelectricity Investment and Development Company Ltd
2026042005005267,HIDCL,41,47,26,275.1,7152.6,2026-04-20,187042506,2742,Linch Stock Market Ltd.,Neev Securities Pvt. Ltd.,2026-04-20 12:03:50.476053,Hydorelectricity Investment and Development Company Ltd
2026042005005268,HIDCL,38,47,250,275.1,68775.0,2026-04-20,187042508,2742,Dipshikha Dhitopatra Karobar Co. Pvt Ltd.,Neev Securities Pvt. Ltd.,2026-04-20 12:03:50.476256,Hydorelectricity Investment and Development Company Ltd
2026042005005269,HIDCL,46,47,22,275.0,6050.0,2026-04-20,187042510,2742,Kalika Securities Pvt. Ltd.,Neev Securities Pvt. Ltd.,2026-04-20 12:03:50.476480,Hydorelectricity Investment and Development Company Ltd
2026042005005270,HIDCL,36,47,10,275.0,2750.0,2026-04-20,187042512,2742,Secured Securities Ltd.,Neev Securities Pvt. Ltd.,2026-04-20 12:03:50.476682,Hydorelectricity Investment and Development Company Ltd
2026042005005271,HIDCL,58,47,472,275.0,129800.0,2026-04-20,187042513,2742,Naasa Securities Co. Ltd.,Neev Securities Pvt. Ltd.,2026-04-20 12:03:50.476872,Hydorelectricity Investment and Development Company Ltd
2026042005005448,HIDCL,38,36,155,276.0,42780.0,2026-04-20,187044983,2742,Dipshikha Dhitopatra Karobar Co. Pvt Ltd.,Secured Securities Ltd.,2026-04-20 12:06:58.409182,Hydorelectricity Investment and Development Company Ltd
2026042005005449,HIDCL,38,51,22,276.0,6072.0,2026-04-20,187044986,2742,Dipshikha Dhitopatra Karobar Co. Pvt Ltd.,Oxford Securities Pvt. Ltd.,2026-04-20 12:06:58.409377,Hydorelectricity Investment and Development Company Ltd
2026042005005647,HIDCL,49,42,50,277.0,13850.0,2026-04-20,187047626,2742,Online Securities Pvt. Ltd.,Sani Securities Company Ltd.,2026-04-20 12:10:12.387562,Hydorelectricity Investment and Development Company Ltd
2026042005005990,HIDCL,58,42,36,277.0,9972.0,2026-04-20,187051936,2742,Naasa Securities Co. Ltd.,Sani Securities Company Ltd.,2026-04-20 12:14:33.327810,Hydorelectricity Investment and Development Company Ltd
2026042005006068,HIDCL,52,42,21,277.0,5817.0,2026-04-20,187052820,2742,Sundhara Securities Limited,Sani Securities Company Ltd.,2026-04-20 12:15:45.483444,Hydorelectricity Investment and Development Company Ltd
2026042005006101,HIDCL,36,42,19,277.0,5263.0,2026-04-20,187053132,2742,Secured Securities Ltd.,Sani Securities Company Ltd.,2026-04-20 12:16:06.737471,Hydorelectricity Investment and Development Company Ltd
2026042005006207,HIDCL,58,42,81,277.0,22437.0,2026-04-20,187054575,2742,Naasa Securities Co. Ltd.,Sani Securities Company Ltd.,2026-04-20 12:17:43.937754,Hydorelectricity Investment and Development Company Ltd
2026042005006208,HIDCL,58,58,19,277.0,5263.0,2026-04-20,187054578,2742,Naasa Securities Co. Ltd.,Naasa Securities Co. Ltd.,2026-04-20 12:17:43.937890,Hydorelectricity Investment and Development Company Ltd
2026042005006354,HIDCL,13,76,17,276.0,4692.0,2026-04-20,187055909,2742,Thrive Brokerage House Pvt. Ltd,Machhapuchchhre Securities Limited,2026-04-20 12:19:15.784752,Hydorelectricity Investment and Development Company Ltd
2026042005006383,HIDCL,25,58,21,277.0,5817.0,2026-04-20,187056559,2742,Sweta Securities Private Limited,Naasa Securities Co. Ltd.,2026-04-20 12:19:44.898132,Hydorelectricity Investment and Development Company Ltd
2026042005006384,HIDCL,25,17,15,277.0,4155.0,2026-04-20,187056562,2742,Sweta Securities Private Limited,ABC Securities Private Limited,2026-04-20 12:19:44.898374,Hydorelectricity Investment and Development Company Ltd
2026042005006563,HIDCL,13,61,983,276.0,271308.0,2026-04-20,187058778,2742,Thrive Brokerage House Pvt. Ltd,BHOLE GANESH SECURITIES LTD,2026-04-20 12:22:14.851239,Hydorelectricity Investment and Development Company Ltd
2026042005006564,HIDCL,1,61,20,276.0,5520.0,2026-04-20,187058779,2742,Kumari Securities Private Limited,BHOLE GANESH SECURITIES LTD,2026-04-20 12:22:14.851319,Hydorelectricity Investment and Development Company Ltd
2026042005006610,HIDCL,17,17,8,270.0,2160.0,2026-04-20,187059675,2742,ABC Securities Private Limited,ABC Securities Private Limited,2026-04-20 12:23:11.113589,Hydorelectricity Investment and Development Company Ltd
2026042005006611,HIDCL,1,29,142,276.0,39192.0,2026-04-20,187059677,2742,Kumari Securities Private Limited,Trisul Securities & Invt. Ltd.,2026-04-20 12:23:11.238862,Hydorelectricity Investment and Development Company Ltd
2026042005006613,HIDCL,100,17,35,277.0,9695.0,2026-04-20,187059685,2742,Sunrise Securities Limited,ABC Securities Private Limited,2026-04-20 12:23:12.412527,Hydorelectricity Investment and Development Company Ltd
2026042005006614,HIDCL,100,57,115,277.0,31855.0,2026-04-20,187059688,2742,Sunrise Securities Limited,Aryatara Investment & Securities,2026-04-20 12:23:12.412742,Hydorelectricity Investment and Development Company Ltd
2026042005006812,HIDCL,1,42,70,276.0,19320.0,2026-04-20,187061633,2742,Kumari Securities Private Limited,Sani Securities Company Ltd.,2026-04-20 12:25:53.573024,Hydorelectricity Investment and Development Company Ltd
2026042005007113,HIDCL,1,38,718,276.0,198168.0,2026-04-20,187064162,2742,Kumari Securities Private Limited,Dipshikha Dhitopatra Karobar Co. Pvt Ltd.,2026-04-20 12:29:39.477719,Hydorelectricity Investment and Development Company Ltd
2026042005007114,HIDCL,48,38,1000,276.0,276000.0,2026-04-20,187064164,2742,Trishakti Securities Public Limited,Dipshikha Dhitopatra Karobar Co. Pvt Ltd.,2026-04-20 12:29:39.478084,Hydorelectricity Investment and Development Company Ltd
2026042005007186,HIDCL,49,7,20,275.0,5500.0,2026-04-20,187065292,2742,Online Securities Pvt. Ltd.,J.F. Securites (PVT) Ltd.,2026-04-20 12:31:33.014446,Hydorelectricity Investment and Development Company Ltd
2026042005007187,HIDCL,44,7,10,275.0,2750.0,2026-04-20,187065294,2742,Dynamic Money Managers Securities Pvt. Ltd.,J.F. Securites (PVT) Ltd.,2026-04-20 12:31:33.014503,Hydorelectricity Investment and Development Company Ltd
2026042005007188,HIDCL,36,7,10,275.0,2750.0,2026-04-20,187065296,2742,Secured Securities Ltd.,J.F. Securites (PVT) Ltd.,2026-04-20 12:31:33.014535,Hydorelectricity Investment and Development Company Ltd
2026042005007189,HIDCL,8,7,100,275.0,27500.0,2026-04-20,187065298,2742,Brilliant Securities Pvt. Ltd.,J.F. Securites (PVT) Ltd.,2026-04-20 12:31:33.014565,Hydorelectricity Investment and Development Company Ltd
2026042005007190,HIDCL,41,7,360,275.0,99000.0,2026-04-20,187065299,2742,Linch Stock Market Ltd.,J.F. Securites (PVT) Ltd.,2026-04-20 12:31:33.014596,Hydorelectricity Investment and Development Company Ltd
2026042005007486,HIDCL,41,38,140,275.0,38500.0,2026-04-20,187069524,2742,Linch Stock Market Ltd.,Dipshikha Dhitopatra Karobar Co. Pvt Ltd.,2026-04-20 12:37:35.597221,Hydorelectricity Investment and Development Company Ltd
2026042005007487,HIDCL,99,38,20,275.0,5500.0,2026-04-20,187069526,2742,Prabhu Stock Market Limited,Dipshikha Dhitopatra Karobar Co. Pvt Ltd.,2026-04-20 12:37:35.597506,Hydorelectricity Investment and Development Company Ltd
2026042005007488,HIDCL,58,38,122,275.0,33550.0,2026-04-20,187069527,2742,Naasa Securities Co. Ltd.,Dipshikha Dhitopatra Karobar Co. Pvt Ltd.,2026-04-20 12:37:35.597588,Hydorelectricity Investment and Development Company Ltd
2026042005007543,HIDCL,58,42,28,275.0,7700.0,2026-04-20,187070186,2742,Naasa Securities Co. Ltd.,Sani Securities Company Ltd.,2026-04-20 12:38:34.145157,Hydorelectricity Investment and Development Company Ltd
2026042005007544,HIDCL,79,42,30,275.0,8250.0,2026-04-20,187070187,2742,pahiinvestment,Sani Securities Company Ltd.,2026-04-20 12:38:34.145384,Hydorelectricity Investment and Development Company Ltd
2026042005007719,HIDCL,11,22,50,275.1,13755.0,2026-04-20,187072003,2742,Malla & Malla Stock Broking Company Pvt. Limited,Siprabi Securities Pvt. Ltd.,2026-04-20 12:41:11.519660,Hydorelectricity Investment and Development Company Ltd
2026042005007785,HIDCL,11,42,100,275.1,27510.0,2026-04-20,187072704,2742,Malla & Malla Stock Broking Company Pvt. Limited,Sani Securities Company Ltd.,2026-04-20 12:42:18.770458,Hydorelectricity Investment and Development Company Ltd
2026042005007786,HIDCL,22,42,20,275.1,5502.0,2026-04-20,187072705,2742,Siprabi Securities Pvt. Ltd.,Sani Securities Company Ltd.,2026-04-20 12:42:18.770867,Hydorelectricity Investment and Development Company Ltd
2026042005007853,HIDCL,22,42,38,275.1,10453.8,2026-04-20,187073533,2742,Siprabi Securities Pvt. Ltd.,Sani Securities Company Ltd.,2026-04-20 12:43:45.483966,Hydorelectricity Investment and Development Company Ltd
2026042005007975,HIDCL,22,45,57,275.1,15680.7,2026-04-20,187074867,2742,Siprabi Securities Pvt. Ltd.,Imperial Securities Company Pvt. Ltd.,2026-04-20 12:46:17.297893,Hydorelectricity Investment and Development Company Ltd
2026042005007984,HIDCL,22,38,52,275.1,14305.2,2026-04-20,187075021,2742,Siprabi Securities Pvt. Ltd.,Dipshikha Dhitopatra Karobar Co. Pvt Ltd.,2026-04-20 12:46:34.770493,Hydorelectricity Investment and Development Company Ltd
2026042005008124,HIDCL,36,43,90,275.2,24768.0,2026-04-20,187075987,2742,Secured Securities Ltd.,South Asian Bulls Pvt. Ltd.,2026-04-20 12:47:58.331108,Hydorelectricity Investment and Development Company Ltd
2026042005008186,HIDCL,11,58,15,275.9,4138.5,2026-04-20,187076908,2742,Malla & Malla Stock Broking Company Pvt. Limited,Naasa Securities Co. Ltd.,2026-04-20 12:49:07.245199,Hydorelectricity Investment and Development Company Ltd
2026042005008261,HIDCL,13,58,500,275.9,137950.0,2026-04-20,187077838,2742,Thrive Brokerage House Pvt. Ltd,Naasa Securities Co. Ltd.,2026-04-20 12:50:39.000688,Hydorelectricity Investment and Development Company Ltd
2026042005008456,HIDCL,58,58,50,275.9,13795.0,2026-04-20,187079900,2742,Naasa Securities Co. Ltd.,Naasa Securities Co. Ltd.,2026-04-20 12:53:45.981217,Hydorelectricity Investment and Development Company Ltd
2026042005008534,HIDCL,35,58,15,275.3,4129.5,2026-04-20,187081031,2742,Kohinoor Investment & Securities Pvt. Ltd.,Naasa Securities Co. Ltd.,2026-04-20 12:55:25.504658,Hydorelectricity Investment and Development Company Ltd
2026042005008727,HIDCL,100,58,20,275.9,5518.0,2026-04-20,187083160,2742,Sunrise Securities Limited,Naasa Securities Co. Ltd.,2026-04-20 12:59:17.022369,Hydorelectricity Investment and Development Company Ltd
2026042005008760,HIDCL,33,50,75,275.4,20655.0,2026-04-20,187083492,2742,Dakshinkali Investment & Securities Pvt. Ltd.,Cristal Kanchanjanga Securites Pvt. Ltd.,2026-04-20 12:59:57.603804,Hydorelectricity Investment and Development Company Ltd
2026042005008772,HIDCL,67,50,26,275.4,7160.4,2026-04-20,187083643,2742,Property Wiard Limited,Cristal Kanchanjanga Securites Pvt. Ltd.,2026-04-20 13:00:15.171381,Hydorelectricity Investment and Development Company Ltd
2026042005008774,HIDCL,67,61,74,275.4,20379.6,2026-04-20,187083656,2742,Property Wiard Limited,BHOLE GANESH SECURITIES LTD,2026-04-20 13:00:16.091308,Hydorelectricity Investment and Development Company Ltd
2026042005008775,HIDCL,35,61,285,275.3,78460.5,2026-04-20,187083658,2742,Kohinoor Investment & Securities Pvt. Ltd.,BHOLE GANESH SECURITIES LTD,2026-04-20 13:00:16.091389,Hydorelectricity Investment and Development Company Ltd
2026042005008776,HIDCL,35,61,500,275.3,137650.0,2026-04-20,187083660,2742,Kohinoor Investment & Securities Pvt. Ltd.,BHOLE GANESH SECURITIES LTD,2026-04-20 13:00:16.091412,Hydorelectricity Investment and Development Company Ltd
2026042005008777,HIDCL,41,61,10,275.3,2753.0,2026-04-20,187083662,2742,Linch Stock Market Ltd.,BHOLE GANESH SECURITIES LTD,2026-04-20 13:00:16.091452,Hydorelectricity Investment and Development Company Ltd
2026042005008778,HIDCL,41,61,100,275.3,27530.0,2026-04-20,187083664,2742,Linch Stock Market Ltd.,BHOLE GANESH SECURITIES LTD,2026-04-20 13:00:16.091473,Hydorelectricity Investment and Development Company Ltd
2026042005008779,HIDCL,35,61,500,275.3,137650.0,2026-04-20,187083666,2742,Kohinoor Investment & Securities Pvt. Ltd.,BHOLE GANESH SECURITIES LTD,2026-04-20 13:00:16.091496,Hydorelectricity Investment and Development Company Ltd
2026042005008780,HIDCL,36,61,60,275.2,16512.0,2026-04-20,187083668,2742,Secured Securities Ltd.,BHOLE GANESH SECURITIES LTD,2026-04-20 13:00:16.091519,Hydorelectricity Investment and Development Company Ltd
2026042005008781,HIDCL,58,61,100,275.2,27520.0,2026-04-20,187083670,2742,Naasa Securities Co. Ltd.,BHOLE GANESH SECURITIES LTD,2026-04-20 13:00:16.091543,Hydorelectricity Investment and Development Company Ltd
2026042005008782,HIDCL,57,61,10,275.2,2752.0,2026-04-20,187083672,2742,Aryatara Investment & Securities,BHOLE GANESH SECURITIES LTD,2026-04-20 13:00:16.091581,Hydorelectricity Investment and Development Company Ltd
2026042005008783,HIDCL,78,61,361,275.1,99311.1,2026-04-20,187083673,2742,Garima Securities Limited,BHOLE GANESH SECURITIES LTD,2026-04-20 13:00:16.091631,Hydorelectricity Investment and Development Company Ltd
2026042005008832,HIDCL,35,50,18,275.5,4959.0,2026-04-20,187084190,2742,Kohinoor Investment & Securities Pvt. Ltd.,Cristal Kanchanjanga Securites Pvt. Ltd.,2026-04-20 13:01:11.715413,Hydorelectricity Investment and Development Company Ltd
2026042005008887,HIDCL,78,58,10,275.1,2751.0,2026-04-20,187084791,2742,Garima Securities Limited,Naasa Securities Co. Ltd.,2026-04-20 13:02:09.819939,Hydorelectricity Investment and Development Company Ltd
2026042005009143,HIDCL,78,58,11,275.1,3026.1,2026-04-20,187087647,2742,Garima Securities Limited,Naasa Securities Co. Ltd.,2026-04-20 13:06:59.082729,Hydorelectricity Investment and Development Company Ltd
2026042005009292,HIDCL,44,50,100,275.5,27550.0,2026-04-20,187088888,2742,Dynamic Money Managers Securities Pvt. Ltd.,Cristal Kanchanjanga Securites Pvt. Ltd.,2026-04-20 13:09:22.294137,Hydorelectricity Investment and Development Company Ltd
2026042005009344,HIDCL,78,58,1618,275.1,445111.8,2026-04-20,187089454,2742,Garima Securities Limited,Naasa Securities Co. Ltd.,2026-04-20 13:10:26.476239,Hydorelectricity Investment and Development Company Ltd
2026042005009345,HIDCL,11,58,30,275.1,8253.0,2026-04-20,187089456,2742,Malla & Malla Stock Broking Company Pvt. Limited,Naasa Securities Co. Ltd.,2026-04-20 13:10:26.476661,Hydorelectricity Investment and Development Company Ltd
2026042005009356,HIDCL,11,58,30,275.1,8253.0,2026-04-20,187089548,2742,Malla & Malla Stock Broking Company Pvt. Limited,Naasa Securities Co. Ltd.,2026-04-20 13:10:37.140640,Hydorelectricity Investment and Development Company Ltd
2026042005009488,HIDCL,54,58,427,275.1,117467.7,2026-04-20,187091409,2742,Sewa Securities Pvt. Ltd.,Naasa Securities Co. Ltd.,2026-04-20 13:13:35.553453,Hydorelectricity Investment and Development Company Ltd
2026042005009489,HIDCL,54,50,382,275.5,105241.0,2026-04-20,187091411,2742,Sewa Securities Pvt. Ltd.,Cristal Kanchanjanga Securites Pvt. Ltd.,2026-04-20 13:13:35.553920,Hydorelectricity Investment and Development Company Ltd
2026042005009490,HIDCL,54,88,191,276.0,52716.0,2026-04-20,187091414,2742,Sewa Securities Pvt. Ltd.,Blue Chip Securities Ltd,2026-04-20 13:13:35.554213,Hydorelectricity Investment and Development Company Ltd
2026042005009545,HIDCL,58,88,80,276.0,22080.0,2026-04-20,187091890,2742,Naasa Securities Co. Ltd.,Blue Chip Securities Ltd,2026-04-20 13:14:33.653967,Hydorelectricity Investment and Development Company Ltd
2026042005009546,HIDCL,26,34,10,275.1,2751.0,2026-04-20,187091902,2742,Asian Securities Private Ltd.,Vision Securities Pvt. Ltd,2026-04-20 13:14:36.439435,Hydorelectricity Investment and Development Company Ltd
2026042005009547,HIDCL,42,34,28,275.0,7700.0,2026-04-20,187091903,2742,Sani Securities Company Ltd.,Vision Securities Pvt. Ltd,2026-04-20 13:14:36.439675,Hydorelectricity Investment and Development Company Ltd
2026042005009636,HIDCL,14,42,1,275.5,275.5,2026-04-20,187093129,2742,Nepal Stock House (PVT) Ltd.,Sani Securities Company Ltd.,2026-04-20 13:16:41.862869,Hydorelectricity Investment and Development Company Ltd
2026042005009668,HIDCL,13,58,66,275.5,18183.0,2026-04-20,187093409,2742,Thrive Brokerage House Pvt. Ltd,Naasa Securities Co. Ltd.,2026-04-20 13:17:11.898987,Hydorelectricity Investment and Development Company Ltd
2026042005010143,HIDCL,13,36,34,275.5,9367.0,2026-04-20,187098086,2742,Thrive Brokerage House Pvt. Ltd,Secured Securities Ltd.,2026-04-20 13:26:07.891938,Hydorelectricity Investment and Development Company Ltd
2026042005010144,HIDCL,19,36,100,275.2,27520.0,2026-04-20,187098088,2742,Nepal Investment And Securities Trading Private Limited,Secured Securities Ltd.,2026-04-20 13:26:07.891984,Hydorelectricity Investment and Development Company Ltd
2026042005010145,HIDCL,35,36,30,275.1,8253.0,2026-04-20,187098090,2742,Kohinoor Investment & Securities Pvt. Ltd.,Secured Securities Ltd.,2026-04-20 13:26:07.892011,Hydorelectricity Investment and Development Company Ltd
2026042005010146,HIDCL,42,36,248,275.0,68200.0,2026-04-20,187098091,2742,Sani Securities Company Ltd.,Secured Securities Ltd.,2026-04-20 13:26:07.892032,Hydorelectricity Investment and Development Company Ltd
2026042005010241,HIDCL,57,21,2000,275.1,550200.0,2026-04-20,187099433,2742,Aryatara Investment & Securities,Midas Stock Broking Company Private Limited,2026-04-20 13:28:16.299189,Hydorelectricity Investment and Development Company Ltd
2026042005010294,HIDCL,35,21,10,275.1,2751.0,2026-04-20,187100230,2742,Kohinoor Investment & Securities Pvt. Ltd.,Midas Stock Broking Company Private Limited,2026-04-20 13:29:48.957371,Hydorelectricity Investment and Development Company Ltd
2026042005010295,HIDCL,42,21,224,275.0,61600.0,2026-04-20,187100232,2742,Sani Securities Company Ltd.,Midas Stock Broking Company Private Limited,2026-04-20 13:29:48.957597,Hydorelectricity Investment and Development Company Ltd
2026042005010296,HIDCL,45,21,141,275.0,38775.0,2026-04-20,187100234,2742,Imperial Securities Company Pvt. Ltd.,Midas Stock Broking Company Private Limited,2026-04-20 13:29:48.957686,Hydorelectricity Investment and Development Company Ltd
2026042005010297,HIDCL,42,21,625,275.0,171875.0,2026-04-20,187100235,2742,Sani Securities Company Ltd.,Midas Stock Broking Company Private Limited,2026-04-20 13:29:48.957776,Hydorelectricity Investment and Development Company Ltd
2026042005010310,HIDCL,58,88,20,276.0,5520.0,2026-04-20,187100362,2742,Naasa Securities Co. Ltd.,Blue Chip Securities Ltd,2026-04-20 13:29:58.667094,Hydorelectricity Investment and Development Company Ltd
2026042005010312,HIDCL,42,21,375,275.0,103125.0,2026-04-20,187100390,2742,Sani Securities Company Ltd.,Midas Stock Broking Company Private Limited,2026-04-20 13:30:04.063263,Hydorelectricity Investment and Development Company Ltd
2026042005010313,HIDCL,37,21,49,275.0,13475.0,2026-04-20,187100392,2742,Swarna Laxmi Securities Pvt. Ltd.,Midas Stock Broking Company Private Limited,2026-04-20 13:30:04.063497,Hydorelectricity Investment and Development Company Ltd
2026042005010314,HIDCL,58,21,36,275.0,9900.0,2026-04-20,187100394,2742,Naasa Securities Co. Ltd.,Midas Stock Broking Company Private Limited,2026-04-20 13:30:04.063587,Hydorelectricity Investment and Development Company Ltd
2026042005010315,HIDCL,54,21,82,275.0,22550.0,2026-04-20,187100396,2742,Sewa Securities Pvt. Ltd.,Midas Stock Broking Company Private Limited,2026-04-20 13:30:04.063671,Hydorelectricity Investment and Development Company Ltd
2026042005010316,HIDCL,35,21,200,275.0,55000.0,2026-04-20,187100398,2742,Kohinoor Investment & Securities Pvt. Ltd.,Midas Stock Broking Company Private Limited,2026-04-20 13:30:04.063770,Hydorelectricity Investment and Development Company Ltd
2026042005010317,HIDCL,46,21,100,275.0,27500.0,2026-04-20,187100400,2742,Kalika Securities Pvt. Ltd.,Midas Stock Broking Company Private Limited,2026-04-20 13:30:04.063859,Hydorelectricity Investment and Development Company Ltd
2026042005010318,HIDCL,29,21,158,275.0,43450.0,2026-04-20,187100401,2742,Trisul Securities & Invt. Ltd.,Midas Stock Broking Company Private Limited,2026-04-20 13:30:04.063942,Hydorelectricity Investment and Development Company Ltd
2026042005010325,HIDCL,58,54,2,266.8,533.6,2026-04-20,187100459,2742,Naasa Securities Co. Ltd.,Sewa Securities Pvt. Ltd.,2026-04-20 13:30:13.897089,Hydorelectricity Investment and Development Company Ltd
2026042005010391,HIDCL,29,21,342,275.0,94050.0,2026-04-20,187101418,2742,Trisul Securities & Invt. Ltd.,Midas Stock Broking Company Private Limited,2026-04-20 13:31:56.848224,Hydorelectricity Investment and Development Company Ltd
2026042005010392,HIDCL,38,21,100,275.0,27500.0,2026-04-20,187101420,2742,Dipshikha Dhitopatra Karobar Co. Pvt Ltd.,Midas Stock Broking Company Private Limited,2026-04-20 13:31:56.848799,Hydorelectricity Investment and Development Company Ltd
2026042005010393,HIDCL,57,21,20,275.0,5500.0,2026-04-20,187101422,2742,Aryatara Investment & Securities,Midas Stock Broking Company Private Limited,2026-04-20 13:31:56.849073,Hydorelectricity Investment and Development Company Ltd
2026042005010405,HIDCL,96,21,438,275.0,120450.0,2026-04-20,187101561,2742,Himalayan Securities Limited,Midas Stock Broking Company Private Limited,2026-04-20 13:32:16.652609,Hydorelectricity Investment and Development Company Ltd
2026042005010732,HIDCL,56,58,50,275.1,13755.0,2026-04-20,187106245,2742,Sri Hari Securities Pvt. Ltd.,Naasa Securities Co. Ltd.,2026-04-20 13:39:13.282743,Hydorelectricity Investment and Development Company Ltd
2026042005010775,HIDCL,96,75,10,275.0,2750.0,2026-04-20,187107301,2742,Himalayan Securities Limited,N.I.M.B. Stock Markets Limited,2026-04-20 13:40:27.302506,Hydorelectricity Investment and Development Company Ltd
2026042005010779,HIDCL,96,40,1000,275.0,275000.0,2026-04-20,187107427,2742,Himalayan Securities Limited,Creative Securities Pvt Ltd,2026-04-20 13:40:35.093444,Hydorelectricity Investment and Development Company Ltd
2026042005010811,HIDCL,67,58,10,275.5,2755.0,2026-04-20,187108312,2742,Property Wiard Limited,Naasa Securities Co. Ltd.,2026-04-20 13:41:16.839467,Hydorelectricity Investment and Development Company Ltd
2026042005010826,HIDCL,67,36,10,275.9,2759.0,2026-04-20,187108452,2742,Property Wiard Limited,Secured Securities Ltd.,2026-04-20 13:41:33.366477,Hydorelectricity Investment and Development Company Ltd
2026042005010835,HIDCL,26,38,3,269.7,809.1,2026-04-20,187108563,2742,Asian Securities Private Ltd.,Dipshikha Dhitopatra Karobar Co. Pvt Ltd.,2026-04-20 13:41:47.506137,Hydorelectricity Investment and Development Company Ltd
2026042005010836,HIDCL,8,36,10,275.9,2759.0,2026-04-20,187108566,2742,Brilliant Securities Pvt. Ltd.,Secured Securities Ltd.,2026-04-20 13:41:48.085916,Hydorelectricity Investment and Development Company Ltd
2026042005010859,HIDCL,96,49,15,275.0,4125.0,2026-04-20,187109241,2742,Himalayan Securities Limited,Online Securities Pvt. Ltd.,2026-04-20 13:42:27.978665,Hydorelectricity Investment and Development Company Ltd
2026042005010935,HIDCL,96,38,537,275.0,147675.0,2026-04-20,187110138,2742,Himalayan Securities Limited,Dipshikha Dhitopatra Karobar Co. Pvt Ltd.,2026-04-20 13:43:31.496122,Hydorelectricity Investment and Development Company Ltd
2026042005010936,HIDCL,62,38,200,275.0,55000.0,2026-04-20,187110140,2742,Capital Max Securities Ltd,Dipshikha Dhitopatra Karobar Co. Pvt Ltd.,2026-04-20 13:43:31.496610,Hydorelectricity Investment and Development Company Ltd
2026042005010937,HIDCL,32,38,20,275.0,5500.0,2026-04-20,187110142,2742,Premier Securities Company Ltd.,Dipshikha Dhitopatra Karobar Co. Pvt Ltd.,2026-04-20 13:43:31.496903,Hydorelectricity Investment and Development Company Ltd
2026042005010966,HIDCL,26,58,3,270.0,810.0,2026-04-20,187110765,2742,Asian Securities Private Ltd.,Naasa Securities Co. Ltd.,2026-04-20 13:44:21.514685,Hydorelectricity Investment and Development Company Ltd
2026042005010981,HIDCL,36,38,40,275.0,11000.0,2026-04-20,187111092,2742,Secured Securities Ltd.,Dipshikha Dhitopatra Karobar Co. Pvt Ltd.,2026-04-20 13:44:44.365672,Hydorelectricity Investment and Development Company Ltd
2026042005010989,HIDCL,96,38,1000,275.0,275000.0,2026-04-20,187111452,2742,Himalayan Securities Limited,Dipshikha Dhitopatra Karobar Co. Pvt Ltd.,2026-04-20 13:45:08.206010,Hydorelectricity Investment and Development Company Ltd
2026042005011005,HIDCL,96,38,703,275.0,193325.0,2026-04-20,187111655,2742,Himalayan Securities Limited,Dipshikha Dhitopatra Karobar Co. Pvt Ltd.,2026-04-20 13:45:27.622500,Hydorelectricity Investment and Development Company Ltd
2026042005011080,HIDCL,32,22,50,275.5,13775.0,2026-04-20,187114103,2742,Premier Securities Company Ltd.,Siprabi Securities Pvt. Ltd.,2026-04-20 13:47:31.012580,Hydorelectricity Investment and Development Company Ltd
2026042005011109,HIDCL,32,32,31,275.5,8540.5,2026-04-20,187114997,2742,Premier Securities Company Ltd.,Premier Securities Company Ltd.,2026-04-20 13:48:15.827918,Hydorelectricity Investment and Development Company Ltd
2026042005011217,HIDCL,49,36,10,275.9,2759.0,2026-04-20,187119138,2742,Online Securities Pvt. Ltd.,Secured Securities Ltd.,2026-04-20 13:50:44.015098,Hydorelectricity Investment and Development Company Ltd
2026042005011275,HIDCL,32,38,29,275.5,7989.5,2026-04-20,187119726,2742,Premier Securities Company Ltd.,Dipshikha Dhitopatra Karobar Co. Pvt Ltd.,2026-04-20 13:51:39.069308,Hydorelectricity Investment and Development Company Ltd
2026042005011276,HIDCL,90,38,10,275.5,2755.0,2026-04-20,187119728,2742,Sajilo Broker Limited,Dipshikha Dhitopatra Karobar Co. Pvt Ltd.,2026-04-20 13:51:39.069509,Hydorelectricity Investment and Development Company Ltd
2026042005011277,HIDCL,68,38,200,275.1,55020.0,2026-04-20,187119732,2742,Elite Stock House Limited,Dipshikha Dhitopatra Karobar Co. Pvt Ltd.,2026-04-20 13:51:39.069589,Hydorelectricity Investment and Development Company Ltd
2026042005011278,HIDCL,52,38,606,275.1,166710.6,2026-04-20,187119733,2742,Sundhara Securities Limited,Dipshikha Dhitopatra Karobar Co. Pvt Ltd.,2026-04-20 13:51:39.069652,Hydorelectricity Investment and Development Company Ltd
2026042005011409,HIDCL,52,28,37,275.1,10178.7,2026-04-20,187121727,2742,Sundhara Securities Limited,Shree Krishna Securities Ltd.,2026-04-20 13:54:44.158327,Hydorelectricity Investment and Development Company Ltd
2026042005011443,HIDCL,40,36,19,275.9,5242.1,2026-04-20,187122312,2742,Creative Securities Pvt Ltd,Secured Securities Ltd.,2026-04-20 13:55:32.221303,Hydorelectricity Investment and Development Company Ltd
2026042005011523,HIDCL,52,26,85,275.1,23383.5,2026-04-20,187122949,2742,Sundhara Securities Limited,Asian Securities Private Ltd.,2026-04-20 13:56:22.391198,Hydorelectricity Investment and Development Company Ltd
2026042005011550,HIDCL,54,36,31,275.9,8552.9,2026-04-20,187123851,2742,Sewa Securities Pvt. Ltd.,Secured Securities Ltd.,2026-04-20 13:57:18.862649,Hydorelectricity Investment and Development Company Ltd
2026042005011551,HIDCL,54,26,69,275.9,19037.1,2026-04-20,187123854,2742,Sewa Securities Pvt. Ltd.,Asian Securities Private Ltd.,2026-04-20 13:57:18.862968,Hydorelectricity Investment and Development Company Ltd
2026042005011646,HIDCL,1,77,18,275.8,4964.4,2026-04-20,187125293,2742,Kumari Securities Private Limited,Nabil Stock Dealer Ltd.,2026-04-20 14:00:12.100687,Hydorelectricity Investment and Development Company Ltd
2026042005011647,HIDCL,1,26,382,275.9,105393.8,2026-04-20,187125296,2742,Kumari Securities Private Limited,Asian Securities Private Ltd.,2026-04-20 14:00:12.100947,Hydorelectricity Investment and Development Company Ltd
2026042005011860,HIDCL,52,62,71,275.1,19532.1,2026-04-20,187127921,2742,Sundhara Securities Limited,Capital Max Securities Ltd,2026-04-20 14:04:16.938676,Hydorelectricity Investment and Development Company Ltd
2026042005012127,HIDCL,52,26,310,275.9,85529.0,2026-04-20,187131287,2742,Sundhara Securities Limited,Asian Securities Private Ltd.,2026-04-20 14:08:33.700437,Hydorelectricity Investment and Development Company Ltd
2026042005012128,HIDCL,52,26,91,275.9,25106.9,2026-04-20,187131290,2742,Sundhara Securities Limited,Asian Securities Private Ltd.,2026-04-20 14:08:33.700668,Hydorelectricity Investment and Development Company Ltd
2026042005012177,HIDCL,58,88,600,276.0,165600.0,2026-04-20,187131638,2742,Naasa Securities Co. Ltd.,Blue Chip Securities Ltd,2026-04-20 14:09:00.406686,Hydorelectricity Investment and Development Company Ltd
2026042005012179,HIDCL,58,88,20,276.0,5520.0,2026-04-20,187131641,2742,Naasa Securities Co. Ltd.,Blue Chip Securities Ltd,2026-04-20 14:09:00.983680,Hydorelectricity Investment and Development Company Ltd
2026042005012180,HIDCL,58,43,40,276.0,11040.0,2026-04-20,187131643,2742,Naasa Securities Co. Ltd.,South Asian Bulls Pvt. Ltd.,2026-04-20 14:09:00.984141,Hydorelectricity Investment and Development Company Ltd
2026042005012331,HIDCL,58,34,15,277.0,4155.0,2026-04-20,187133123,2742,Naasa Securities Co. Ltd.,Vision Securities Pvt. Ltd,2026-04-20 14:10:57.878740,Hydorelectricity Investment and Development Company Ltd
2026042005012332,HIDCL,58,46,100,277.0,27700.0,2026-04-20,187133125,2742,Naasa Securities Co. Ltd.,Kalika Securities Pvt. Ltd.,2026-04-20 14:10:57.879025,Hydorelectricity Investment and Development Company Ltd
2026042005012333,HIDCL,58,57,203,277.0,56231.0,2026-04-20,187133127,2742,Naasa Securities Co. Ltd.,Aryatara Investment & Securities,2026-04-20 14:10:57.879129,Hydorelectricity Investment and Development Company Ltd
2026042005012334,HIDCL,58,14,50,277.0,13850.0,2026-04-20,187133129,2742,Naasa Securities Co. Ltd.,Nepal Stock House (PVT) Ltd.,2026-04-20 14:10:57.879229,Hydorelectricity Investment and Development Company Ltd
2026042005012335,HIDCL,58,19,356,277.0,98612.0,2026-04-20,187133131,2742,Naasa Securities Co. Ltd.,Nepal Investment And Securities Trading Private Limited,2026-04-20 14:10:57.879331,Hydorelectricity Investment and Development Company Ltd
2026042005012336,HIDCL,58,13,20,277.0,5540.0,2026-04-20,187133133,2742,Naasa Securities Co. Ltd.,Thrive Brokerage House Pvt. Ltd,2026-04-20 14:10:57.879425,Hydorelectricity Investment and Development Company Ltd
2026042005012337,HIDCL,58,62,156,277.0,43212.0,2026-04-20,187133136,2742,Naasa Securities Co. Ltd.,Capital Max Securities Ltd,2026-04-20 14:10:57.879520,Hydorelectricity Investment and Development Company Ltd
2026042005012386,HIDCL,14,62,20,277.0,5540.0,2026-04-20,187133678,2742,Nepal Stock House (PVT) Ltd.,Capital Max Securities Ltd,2026-04-20 14:11:41.452490,Hydorelectricity Investment and Development Company Ltd
2026042005012428,HIDCL,58,62,40,277.0,11080.0,2026-04-20,187134174,2742,Naasa Securities Co. Ltd.,Capital Max Securities Ltd,2026-04-20 14:12:25.388502,Hydorelectricity Investment and Development Company Ltd
2026042005012622,HIDCL,45,62,14,277.0,3878.0,2026-04-20,187136437,2742,Imperial Securities Company Pvt. Ltd.,Capital Max Securities Ltd,2026-04-20 14:15:53.665183,Hydorelectricity Investment and Development Company Ltd
2026042005012691,HIDCL,45,38,86,277.0,23822.0,2026-04-20,187136934,2742,Imperial Securities Company Pvt. Ltd.,Dipshikha Dhitopatra Karobar Co. Pvt Ltd.,2026-04-20 14:16:36.431708,Hydorelectricity Investment and Development Company Ltd
2026042005012708,HIDCL,47,38,70,277.0,19390.0,2026-04-20,187137175,2742,Neev Securities Pvt. Ltd.,Dipshikha Dhitopatra Karobar Co. Pvt Ltd.,2026-04-20 14:16:56.143351,Hydorelectricity Investment and Development Company Ltd
2026042005012877,HIDCL,47,49,15,277.0,4155.0,2026-04-20,187138863,2742,Neev Securities Pvt. Ltd.,Online Securities Pvt. Ltd.,2026-04-20 14:19:59.886546,Hydorelectricity Investment and Development Company Ltd
2026042005012974,HIDCL,47,84,360,277.0,99720.0,2026-04-20,187139877,2742,Neev Securities Pvt. Ltd.,MILKY WAY SHARE BROKER COMPANY LTD ,2026-04-20 14:21:32.086353,Hydorelectricity Investment and Development Company Ltd
2026042005013034,HIDCL,58,34,105,277.8,29169.0,2026-04-20,187140440,2742,Naasa Securities Co. Ltd.,Vision Securities Pvt. Ltd,2026-04-20 14:22:28.174294,Hydorelectricity Investment and Development Company Ltd
2026042005013071,HIDCL,47,50,10,277.0,2770.0,2026-04-20,187140775,2742,Neev Securities Pvt. Ltd.,Cristal Kanchanjanga Securites Pvt. Ltd.,2026-04-20 14:22:58.026236,Hydorelectricity Investment and Development Company Ltd
2026042005013160,HIDCL,21,34,40,277.8,11112.0,2026-04-20,187141840,2742,Midas Stock Broking Company Private Limited,Vision Securities Pvt. Ltd,2026-04-20 14:24:03.151791,Hydorelectricity Investment and Development Company Ltd
2026042005013266,HIDCL,47,34,45,277.0,12465.0,2026-04-20,187142888,2742,Neev Securities Pvt. Ltd.,Vision Securities Pvt. Ltd,2026-04-20 14:25:19.012550,Hydorelectricity Investment and Development Company Ltd
2026042005013267,HIDCL,58,34,20,277.0,5540.0,2026-04-20,187142890,2742,Naasa Securities Co. Ltd.,Vision Securities Pvt. Ltd,2026-04-20 14:25:19.013053,Hydorelectricity Investment and Development Company Ltd
2026042005013268,HIDCL,45,34,130,276.5,35945.0,2026-04-20,187142892,2742,Imperial Securities Company Pvt. Ltd.,Vision Securities Pvt. Ltd,2026-04-20 14:25:19.013378,Hydorelectricity Investment and Development Company Ltd
2026042005013269,HIDCL,48,34,20,276.0,5520.0,2026-04-20,187142894,2742,Trishakti Securities Public Limited,Vision Securities Pvt. Ltd,2026-04-20 14:25:19.013675,Hydorelectricity Investment and Development Company Ltd
2026042005013324,HIDCL,16,52,1000,275.4,275400.0,2026-04-20,187143411,2742,Primo Securities (PVT) Ltd.,Sundhara Securities Limited,2026-04-20 14:25:57.147147,Hydorelectricity Investment and Development Company Ltd
2026042005013380,HIDCL,67,52,300,275.2,82560.0,2026-04-20,187143889,2742,Property Wiard Limited,Sundhara Securities Limited,2026-04-20 14:26:32.860345,Hydorelectricity Investment and Development Company Ltd
2026042005013478,HIDCL,52,52,210,275.1,57771.0,2026-04-20,187144799,2742,Sundhara Securities Limited,Sundhara Securities Limited,2026-04-20 14:27:44.264770,Hydorelectricity Investment and Development Company Ltd
2026042005013630,HIDCL,51,39,10,275.5,2755.0,2026-04-20,187145716,2742,Oxford Securities Pvt. Ltd.,Sumeru Securities Pvt. Ltd.,2026-04-20 14:29:00.672692,Hydorelectricity Investment and Development Company Ltd
2026042005013631,HIDCL,52,39,90,275.1,24759.0,2026-04-20,187145717,2742,Sundhara Securities Limited,Sumeru Securities Pvt. Ltd.,2026-04-20 14:29:00.673186,Hydorelectricity Investment and Development Company Ltd
2026042005013707,HIDCL,52,22,701,275.1,192845.1,2026-04-20,187146511,2742,Sundhara Securities Limited,Siprabi Securities Pvt. Ltd.,2026-04-20 14:30:00.147023,Hydorelectricity Investment and Development Company Ltd
2026042005013759,HIDCL,58,34,10,276.0,2760.0,2026-04-20,187146928,2742,Naasa Securities Co. Ltd.,Vision Securities Pvt. Ltd,2026-04-20 14:30:23.079230,Hydorelectricity Investment and Development Company Ltd
2026042005013954,HIDCL,52,58,1200,275.1,330120.0,2026-04-20,187149458,2742,Sundhara Securities Limited,Naasa Securities Co. Ltd.,2026-04-20 14:33:54.352976,Hydorelectricity Investment and Development Company Ltd
2026042005013976,HIDCL,52,95,799,275.1,219804.9,2026-04-20,187149582,2742,Sundhara Securities Limited,Magnet Securities and Investment Company Private Limited,2026-04-20 14:34:00.794370,Hydorelectricity Investment and Development Company Ltd
2026042005013977,HIDCL,96,95,411,275.0,113025.0,2026-04-20,187149583,2742,Himalayan Securities Limited,Magnet Securities and Investment Company Private Limited,2026-04-20 14:34:00.794602,Hydorelectricity Investment and Development Company Ltd
2026042005013999,HIDCL,96,39,200,275.0,55000.0,2026-04-20,187149755,2742,Himalayan Securities Limited,Sumeru Securities Pvt. Ltd.,2026-04-20 14:34:21.293063,Hydorelectricity Investment and Development Company Ltd
2026042005014007,HIDCL,96,58,300,275.0,82500.0,2026-04-20,187149833,2742,Himalayan Securities Limited,Naasa Securities Co. Ltd.,2026-04-20 14:34:32.062819,Hydorelectricity Investment and Development Company Ltd
2026042005014054,HIDCL,96,42,386,275.0,106150.0,2026-04-20,187150546,2742,Himalayan Securities Limited,Sani Securities Company Ltd.,2026-04-20 14:35:54.610446,Hydorelectricity Investment and Development Company Ltd
2026042005014055,HIDCL,91,42,200,275.0,55000.0,2026-04-20,187150548,2742,Citizens Share Broker Limited,Sani Securities Company Ltd.,2026-04-20 14:35:54.610920,Hydorelectricity Investment and Development Company Ltd
2026042005014056,HIDCL,35,42,20,275.0,5500.0,2026-04-20,187150550,2742,Kohinoor Investment & Securities Pvt. Ltd.,Sani Securities Company Ltd.,2026-04-20 14:35:54.611228,Hydorelectricity Investment and Development Company Ltd
2026042005014057,HIDCL,34,42,100,275.0,27500.0,2026-04-20,187150552,2742,Vision Securities Pvt. Ltd,Sani Securities Company Ltd.,2026-04-20 14:35:54.611553,Hydorelectricity Investment and Development Company Ltd
2026042005014058,HIDCL,54,42,100,275.0,27500.0,2026-04-20,187150554,2742,Sewa Securities Pvt. Ltd.,Sani Securities Company Ltd.,2026-04-20 14:35:54.611848,Hydorelectricity Investment and Development Company Ltd
2026042005014059,HIDCL,57,42,194,275.0,53350.0,2026-04-20,187150555,2742,Aryatara Investment & Securities,Sani Securities Company Ltd.,2026-04-20 14:35:54.612127,Hydorelectricity Investment and Development Company Ltd
2026042005014222,HIDCL,38,34,19,275.1,5226.9,2026-04-20,187152071,2742,Dipshikha Dhitopatra Karobar Co. Pvt Ltd.,Vision Securities Pvt. Ltd,2026-04-20 14:38:14.859504,Hydorelectricity Investment and Development Company Ltd
2026042005014248,HIDCL,38,29,81,275.1,22283.1,2026-04-20,187152386,2742,Dipshikha Dhitopatra Karobar Co. Pvt Ltd.,Trisul Securities & Invt. Ltd.,2026-04-20 14:38:37.414020,Hydorelectricity Investment and Development Company Ltd
2026042005014345,HIDCL,57,36,31,275.0,8525.0,2026-04-20,187153359,2742,Aryatara Investment & Securities,Secured Securities Ltd.,2026-04-20 14:39:34.733570,Hydorelectricity Investment and Development Company Ltd
2026042005014374,HIDCL,57,57,330,275.0,90750.0,2026-04-20,187153558,2742,Aryatara Investment & Securities,Aryatara Investment & Securities,2026-04-20 14:39:53.323679,Hydorelectricity Investment and Development Company Ltd
2026042005014375,HIDCL,58,57,100,275.0,27500.0,2026-04-20,187153560,2742,Naasa Securities Co. Ltd.,Aryatara Investment & Securities,2026-04-20 14:39:53.323931,Hydorelectricity Investment and Development Company Ltd
2026042005014376,HIDCL,32,57,30,275.0,8250.0,2026-04-20,187153562,2742,Premier Securities Company Ltd.,Aryatara Investment & Securities,2026-04-20 14:39:53.324032,Hydorelectricity Investment and Development Company Ltd
2026042005014377,HIDCL,21,57,184,275.0,50600.0,2026-04-20,187153564,2742,Midas Stock Broking Company Private Limited,Aryatara Investment & Securities,2026-04-20 14:39:53.324130,Hydorelectricity Investment and Development Company Ltd
2026042005014378,HIDCL,4,57,500,275.0,137500.0,2026-04-20,187153566,2742,Opal Securities Investment (PVT) Ltd.,Aryatara Investment & Securities,2026-04-20 14:39:53.324227,Hydorelectricity Investment and Development Company Ltd
2026042005014379,HIDCL,42,57,150,275.0,41250.0,2026-04-20,187153568,2742,Sani Securities Company Ltd.,Aryatara Investment & Securities,2026-04-20 14:39:53.324344,Hydorelectricity Investment and Development Company Ltd
2026042005014380,HIDCL,44,57,120,275.0,33000.0,2026-04-20,187153570,2742,Dynamic Money Managers Securities Pvt. Ltd.,Aryatara Investment & Securities,2026-04-20 14:39:53.324485,Hydorelectricity Investment and Development Company Ltd
2026042005014381,HIDCL,22,57,186,275.0,51150.0,2026-04-20,187153571,2742,Siprabi Securities Pvt. Ltd.,Aryatara Investment & Securities,2026-04-20 14:39:53.324582,Hydorelectricity Investment and Development Company Ltd
2026042005014575,HIDCL,58,29,61,275.1,16781.1,2026-04-20,187155462,2742,Naasa Securities Co. Ltd.,Trisul Securities & Invt. Ltd.,2026-04-20 14:42:45.844675,Hydorelectricity Investment and Development Company Ltd
2026042005014686,HIDCL,58,34,10,276.0,2760.0,2026-04-20,187156278,2742,Naasa Securities Co. Ltd.,Vision Securities Pvt. Ltd,2026-04-20 14:43:51.748399,Hydorelectricity Investment and Development Company Ltd
2026042005014848,HIDCL,34,34,45,276.0,12420.0,2026-04-20,187158063,2742,Vision Securities Pvt. Ltd,Vision Securities Pvt. Ltd,2026-04-20 14:45:55.889773,Hydorelectricity Investment and Development Company Ltd
2026042005014849,HIDCL,34,50,55,276.0,15180.0,2026-04-20,187158066,2742,Vision Securities Pvt. Ltd,Cristal Kanchanjanga Securites Pvt. Ltd.,2026-04-20 14:45:55.890235,Hydorelectricity Investment and Development Company Ltd
2026042005014880,HIDCL,49,50,20,276.0,5520.0,2026-04-20,187158418,2742,Online Securities Pvt. Ltd.,Cristal Kanchanjanga Securites Pvt. Ltd.,2026-04-20 14:46:23.249270,Hydorelectricity Investment and Development Company Ltd
2026042005014895,HIDCL,58,29,15,275.1,4126.5,2026-04-20,187158574,2742,Naasa Securities Co. Ltd.,Trisul Securities & Invt. Ltd.,2026-04-20 14:46:37.496789,Hydorelectricity Investment and Development Company Ltd
2026042005014896,HIDCL,22,29,127,275.0,34925.0,2026-04-20,187158575,2742,Siprabi Securities Pvt. Ltd.,Trisul Securities & Invt. Ltd.,2026-04-20 14:46:37.497084,Hydorelectricity Investment and Development Company Ltd
2026042005014899,HIDCL,34,50,75,276.0,20700.0,2026-04-20,187158585,2742,Vision Securities Pvt. Ltd,Cristal Kanchanjanga Securites Pvt. Ltd.,2026-04-20 14:46:38.302430,Hydorelectricity Investment and Development Company Ltd
2026042005014900,HIDCL,34,32,25,276.0,6900.0,2026-04-20,187158588,2742,Vision Securities Pvt. Ltd,Premier Securities Company Ltd.,2026-04-20 14:46:38.302885,Hydorelectricity Investment and Development Company Ltd
2026042005015087,HIDCL,22,42,47,275.0,12925.0,2026-04-20,187159880,2742,Siprabi Securities Pvt. Ltd.,Sani Securities Company Ltd.,2026-04-20 14:48:02.269966,Hydorelectricity Investment and Development Company Ltd
2026042005015281,HIDCL,58,44,15,275.1,4126.5,2026-04-20,187161456,2742,Naasa Securities Co. Ltd.,Dynamic Money Managers Securities Pvt. Ltd.,2026-04-20 14:49:34.248612,Hydorelectricity Investment and Development Company Ltd
2026042005015282,HIDCL,60,44,70,275.0,19250.0,2026-04-20,187161458,2742,Nagarik Stock Dealer ,Dynamic Money Managers Securities Pvt. Ltd.,2026-04-20 14:49:34.249134,Hydorelectricity Investment and Development Company Ltd
2026042005015283,HIDCL,42,44,215,275.0,59125.0,2026-04-20,187161460,2742,Sani Securities Company Ltd.,Dynamic Money Managers Securities Pvt. Ltd.,2026-04-20 14:49:34.249490,Hydorelectricity Investment and Development Company Ltd
2026042005015284,HIDCL,58,44,100,275.0,27500.0,2026-04-20,187161462,2742,Naasa Securities Co. Ltd.,Dynamic Money Managers Securities Pvt. Ltd.,2026-04-20 14:49:34.249789,Hydorelectricity Investment and Development Company Ltd
2026042005015285,HIDCL,49,44,50,275.0,13750.0,2026-04-20,187161464,2742,Online Securities Pvt. Ltd.,Dynamic Money Managers Securities Pvt. Ltd.,2026-04-20 14:49:34.250095,Hydorelectricity Investment and Development Company Ltd
2026042005015286,HIDCL,7,44,18,275.0,4950.0,2026-04-20,187161466,2742,J.F. Securites (PVT) Ltd.,Dynamic Money Managers Securities Pvt. Ltd.,2026-04-20 14:49:34.250433,Hydorelectricity Investment and Development Company Ltd
2026042005015287,HIDCL,35,44,100,275.0,27500.0,2026-04-20,187161468,2742,Kohinoor Investment & Securities Pvt. Ltd.,Dynamic Money Managers Securities Pvt. Ltd.,2026-04-20 14:49:34.250742,Hydorelectricity Investment and Development Company Ltd
2026042005015288,HIDCL,25,44,1500,274.5,411750.0,2026-04-20,187161470,2742,Sweta Securities Private Limited,Dynamic Money Managers Securities Pvt. Ltd.,2026-04-20 14:49:34.251033,Hydorelectricity Investment and Development Company Ltd
2026042005015289,HIDCL,42,44,16,274.3,4388.8,2026-04-20,187161472,2742,Sani Securities Company Ltd.,Dynamic Money Managers Securities Pvt. Ltd.,2026-04-20 14:49:34.251352,Hydorelectricity Investment and Development Company Ltd
2026042005015290,HIDCL,57,44,500,274.3,137150.0,2026-04-20,187161474,2742,Aryatara Investment & Securities,Dynamic Money Managers Securities Pvt. Ltd.,2026-04-20 14:49:34.251639,Hydorelectricity Investment and Development Company Ltd
2026042005015291,HIDCL,19,44,416,274.1,114025.6,2026-04-20,187161475,2742,Nepal Investment And Securities Trading Private Limited,Dynamic Money Managers Securities Pvt. Ltd.,2026-04-20 14:49:34.251941,Hydorelectricity Investment and Development Company Ltd
2026042005015356,HIDCL,42,38,100,275.0,27500.0,2026-04-20,187162123,2742,Sani Securities Company Ltd.,Dipshikha Dhitopatra Karobar Co. Pvt Ltd.,2026-04-20 14:50:13.428919,Hydorelectricity Investment and Development Company Ltd
2026042005015401,HIDCL,42,50,400,275.0,110000.0,2026-04-20,187162614,2742,Sani Securities Company Ltd.,Cristal Kanchanjanga Securites Pvt. Ltd.,2026-04-20 14:50:40.497167,Hydorelectricity Investment and Development Company Ltd
2026042005015402,HIDCL,35,50,50,275.0,13750.0,2026-04-20,187162615,2742,Kohinoor Investment & Securities Pvt. Ltd.,Cristal Kanchanjanga Securites Pvt. Ltd.,2026-04-20 14:50:40.497627,Hydorelectricity Investment and Development Company Ltd
2026042005015442,HIDCL,35,13,50,275.0,13750.0,2026-04-20,187163034,2742,Kohinoor Investment & Securities Pvt. Ltd.,Thrive Brokerage House Pvt. Ltd,2026-04-20 14:51:08.377756,Hydorelectricity Investment and Development Company Ltd
2026042005015443,HIDCL,42,13,1000,275.0,275000.0,2026-04-20,187163036,2742,Sani Securities Company Ltd.,Thrive Brokerage House Pvt. Ltd,2026-04-20 14:51:08.378009,Hydorelectricity Investment and Development Company Ltd
2026042005015543,HIDCL,58,13,11,275.0,3025.0,2026-04-20,187163682,2742,Naasa Securities Co. Ltd.,Thrive Brokerage House Pvt. Ltd,2026-04-20 14:51:53.409857,Hydorelectricity Investment and Development Company Ltd
2026042005015602,HIDCL,49,50,51,274.5,13999.5,2026-04-20,187164394,2742,Online Securities Pvt. Ltd.,Cristal Kanchanjanga Securites Pvt. Ltd.,2026-04-20 14:52:29.305254,Hydorelectricity Investment and Development Company Ltd
2026042005015603,HIDCL,52,50,199,274.3,54585.7,2026-04-20,187164395,2742,Sundhara Securities Limited,Cristal Kanchanjanga Securites Pvt. Ltd.,2026-04-20 14:52:29.305535,Hydorelectricity Investment and Development Company Ltd
2026042005015605,HIDCL,52,48,500,274.3,137150.0,2026-04-20,187164423,2742,Sundhara Securities Limited,Trishakti Securities Public Limited,2026-04-20 14:52:31.168413,Hydorelectricity Investment and Development Company Ltd
2026042005015649,HIDCL,58,13,100,275.0,27500.0,2026-04-20,187164838,2742,Naasa Securities Co. Ltd.,Thrive Brokerage House Pvt. Ltd,2026-04-20 14:52:49.317337,Hydorelectricity Investment and Development Company Ltd
2026042005015808,HIDCL,13,13,75,275.0,20625.0,2026-04-20,187166632,2742,Thrive Brokerage House Pvt. Ltd,Thrive Brokerage House Pvt. Ltd,2026-04-20 14:54:02.435133,Hydorelectricity Investment and Development Company Ltd
2026042005015860,HIDCL,59,46,147,274.5,40351.5,2026-04-20,187167089,2742,Deevyaa Securities & Stock House Pvt. Ltd,Kalika Securities Pvt. Ltd.,2026-04-20 14:54:23.404369,Hydorelectricity Investment and Development Company Ltd
2026042005015875,HIDCL,36,13,125,275.0,34375.0,2026-04-20,187167354,2742,Secured Securities Ltd.,Thrive Brokerage House Pvt. Ltd,2026-04-20 14:54:35.812812,Hydorelectricity Investment and Development Company Ltd
2026042005015907,HIDCL,13,48,11,274.4,3018.4,2026-04-20,187167715,2742,Thrive Brokerage House Pvt. Ltd,Trishakti Securities Public Limited,2026-04-20 14:54:50.368079,Hydorelectricity Investment and Development Company Ltd
2026042005016077,HIDCL,42,57,10,274.9,2749.0,2026-04-20,187169232,2742,Sani Securities Company Ltd.,Aryatara Investment & Securities,2026-04-20 14:55:48.030649,Hydorelectricity Investment and Development Company Ltd
2026042005016232,HIDCL,58,18,10,274.8,2748.0,2026-04-20,187170299,2742,Naasa Securities Co. Ltd.,Sagarmatha Securities Private Limited,2026-04-20 14:56:30.587829,Hydorelectricity Investment and Development Company Ltd
2026042005016303,HIDCL,58,34,27,274.5,7411.5,2026-04-20,187171088,2742,Naasa Securities Co. Ltd.,Vision Securities Pvt. Ltd,2026-04-20 14:56:56.999882,Hydorelectricity Investment and Development Company Ltd
2026042005016309,HIDCL,41,34,40,274.5,10980.0,2026-04-20,187171232,2742,Linch Stock Market Ltd.,Vision Securities Pvt. Ltd,2026-04-20 14:57:01.060552,Hydorelectricity Investment and Development Company Ltd
2026042005016397,HIDCL,29,34,30,274.5,8235.0,2026-04-20,187171787,2742,Trisul Securities & Invt. Ltd.,Vision Securities Pvt. Ltd,2026-04-20 14:57:20.510798,Hydorelectricity Investment and Development Company Ltd
2026042005016523,HIDCL,58,18,10,274.8,2748.0,2026-04-20,187172486,2742,Naasa Securities Co. Ltd.,Sagarmatha Securities Private Limited,2026-04-20 14:57:37.524233,Hydorelectricity Investment and Development Company Ltd
2026042005016603,HIDCL,41,58,30,274.5,8235.0,2026-04-20,187173118,2742,Linch Stock Market Ltd.,Naasa Securities Co. Ltd.,2026-04-20 14:57:56.278596,Hydorelectricity Investment and Development Company Ltd
2026042005016604,HIDCL,13,58,389,274.4,106741.6,2026-04-20,187173120,2742,Thrive Brokerage House Pvt. Ltd,Naasa Securities Co. Ltd.,2026-04-20 14:57:56.278840,Hydorelectricity Investment and Development Company Ltd
2026042005016605,HIDCL,41,58,100,274.4,27440.0,2026-04-20,187173122,2742,Linch Stock Market Ltd.,Naasa Securities Co. Ltd.,2026-04-20 14:57:56.278947,Hydorelectricity Investment and Development Company Ltd
2026042005016634,HIDCL,52,57,301,274.3,82564.3,2026-04-20,187173366,2742,Sundhara Securities Limited,Aryatara Investment & Securities,2026-04-20 14:58:03.887878,Hydorelectricity Investment and Development Company Ltd
2026042005016635,HIDCL,96,57,50,274.3,13715.0,2026-04-20,187173368,2742,Himalayan Securities Limited,Aryatara Investment & Securities,2026-04-20 14:58:03.888126,Hydorelectricity Investment and Development Company Ltd
2026042005016636,HIDCL,19,57,584,274.1,160074.4,2026-04-20,187173370,2742,Nepal Investment And Securities Trading Private Limited,Aryatara Investment & Securities,2026-04-20 14:58:03.888233,Hydorelectricity Investment and Development Company Ltd
2026042005016637,HIDCL,58,57,20,274.1,5482.0,2026-04-20,187173372,2742,Naasa Securities Co. Ltd.,Aryatara Investment & Securities,2026-04-20 14:58:03.888347,Hydorelectricity Investment and Development Company Ltd
2026042005016638,HIDCL,58,57,25,274.1,6852.5,2026-04-20,187173374,2742,Naasa Securities Co. Ltd.,Aryatara Investment & Securities,2026-04-20 14:58:03.888444,Hydorelectricity Investment and Development Company Ltd
2026042005016639,HIDCL,40,57,10,274.0,2740.0,2026-04-20,187173375,2742,Creative Securities Pvt Ltd,Aryatara Investment & Securities,2026-04-20 14:58:03.888546,Hydorelectricity Investment and Development Company Ltd
2026042005016687,HIDCL,40,57,490,274.0,134260.0,2026-04-20,187173638,2742,Creative Securities Pvt Ltd,Aryatara Investment & Securities,2026-04-20 14:58:12.406262,Hydorelectricity Investment and Development Company Ltd
2026042005016688,HIDCL,45,57,10,274.0,2740.0,2026-04-20,187173639,2742,Imperial Securities Company Pvt. Ltd.,Aryatara Investment & Securities,2026-04-20 14:58:12.406521,Hydorelectricity Investment and Development Company Ltd
2026042005016746,HIDCL,6,57,1000,274.1,274100.0,2026-04-20,187174062,2742,Agrawal Securities (PVT) Ltd.,Aryatara Investment & Securities,2026-04-20 14:58:22.262895,Hydorelectricity Investment and Development Company Ltd
2026042005016747,HIDCL,62,57,100,274.0,27400.0,2026-04-20,187174064,2742,Capital Max Securities Ltd,Aryatara Investment & Securities,2026-04-20 14:58:22.263394,Hydorelectricity Investment and Development Company Ltd
2026042005016748,HIDCL,44,57,900,274.0,246600.0,2026-04-20,187174065,2742,Dynamic Money Managers Securities Pvt. Ltd.,Aryatara Investment & Securities,2026-04-20 14:58:22.263724,Hydorelectricity Investment and Development Company Ltd
2026042005016799,HIDCL,41,58,20,274.2,5484.0,2026-04-20,187174502,2742,Linch Stock Market Ltd.,Naasa Securities Co. Ltd.,2026-04-20 14:58:35.508058,Hydorelectricity Investment and Development Company Ltd
2026042005016800,HIDCL,29,58,20,274.1,5482.0,2026-04-20,187174504,2742,Trisul Securities & Invt. Ltd.,Naasa Securities Co. Ltd.,2026-04-20 14:58:35.508325,Hydorelectricity Investment and Development Company Ltd
2026042005016801,HIDCL,44,58,100,274.0,27400.0,2026-04-20,187174506,2742,Dynamic Money Managers Securities Pvt. Ltd.,Naasa Securities Co. Ltd.,2026-04-20 14:58:35.508432,Hydorelectricity Investment and Development Company Ltd
2026042005016802,HIDCL,41,58,452,274.0,123848.0,2026-04-20,187174507,2742,Linch Stock Market Ltd.,Naasa Securities Co. Ltd.,2026-04-20 14:58:35.508555,Hydorelectricity Investment and Development Company Ltd
2026042005016898,HIDCL,13,34,300,274.3,82290.0,2026-04-20,187175213,2742,Thrive Brokerage House Pvt. Ltd,Vision Securities Pvt. Ltd,2026-04-20 14:58:51.922856,Hydorelectricity Investment and Development Company Ltd
2026042005016899,HIDCL,13,18,30,274.8,8244.0,2026-04-20,187175215,2742,Thrive Brokerage House Pvt. Ltd,Sagarmatha Securities Private Limited,2026-04-20 14:58:51.923289,Hydorelectricity Investment and Development Company Ltd
2026042005016900,HIDCL,13,29,1000,274.8,274800.0,2026-04-20,187175217,2742,Thrive Brokerage House Pvt. Ltd,Trisul Securities & Invt. Ltd.,2026-04-20 14:58:51.923623,Hydorelectricity Investment and Development Company Ltd
2026042005016901,HIDCL,13,13,170,275.0,46750.0,2026-04-20,187175220,2742,Thrive Brokerage House Pvt. Ltd,Thrive Brokerage House Pvt. Ltd,2026-04-20 14:58:51.923927,Hydorelectricity Investment and Development Company Ltd
2026042005017166,HIDCL,57,57,10,274.9,2749.0,2026-04-20,187177508,2742,Aryatara Investment & Securities,Aryatara Investment & Securities,2026-04-20 14:59:29.909221,Hydorelectricity Investment and Development Company Ltd
2026042005017261,HIDCL,5,34,100,274.8,27480.0,2026-04-20,187178843,2742,Market Securities & Exchange (PVT) Ltd.,Vision Securities Pvt. Ltd,2026-04-20 14:59:46.250346,Hydorelectricity Investment and Development Company Ltd
2026042005017262,HIDCL,5,57,190,274.9,52231.0,2026-04-20,187178845,2742,Market Securities & Exchange (PVT) Ltd.,Aryatara Investment & Securities,2026-04-20 14:59:46.250818,Hydorelectricity Investment and Development Company Ltd
2026042005017301,HIDCL,58,13,10,275.0,2750.0,2026-04-20,187179134,2742,Naasa Securities Co. Ltd.,Thrive Brokerage House Pvt. Ltd,2026-04-20 14:59:51.114165,Hydorelectricity Investment and Development Company Ltd
2026042005017325,HIDCL,5,70,710,274.9,195179.0,2026-04-20,187179353,2742,Market Securities & Exchange (PVT) Ltd.,Infinity Securities Limited,2026-04-20 14:59:54.269355,Hydorelectricity Investment and Development Company Ltd
2026042005017326,HIDCL,58,70,100,274.2,27420.0,2026-04-20,187179355,2742,Naasa Securities Co. Ltd.,Infinity Securities Limited,2026-04-20 14:59:54.269851,Hydorelectricity Investment and Development Company Ltd
2026042005017327,HIDCL,52,70,690,274.1,189129.0,2026-04-20,187179356,2742,Sundhara Securities Limited,Infinity Securities Limited,2026-04-20 14:59:54.270173,Hydorelectricity Investment and Development Company Ltd
2026042005017346,HIDCL,52,81,100,274.1,27410.0,2026-04-20,187179503,2742,Sundhara Securities Limited,Aakashbhairab Securities Ltd.,2026-04-20 14:59:55.792548,Hydorelectricity Investment and Development Company Ltd
