contract_id,symbol,buyer_member_id,seller_member_id,volume,price,amount,buyer_broker,seller_broker,transaction_time
2026042004000032,HPPL,41,34,10,390.0,3900.0,Linch Stock Market Ltd.,Vision Securities Pvt. Ltd,2026-04-20 10:46:00.082310
2026042004000087,HPPL,34,36,100,400.0,40000.0,Vision Securities Pvt. Ltd,Secured Securities Ltd.,2026-04-20 11:00:31.447963
2026042004000101,HPPL,29,36,30,400.0,12000.0,Trisul Securities & Invt. Ltd.,Secured Securities Ltd.,2026-04-20 11:00:48.265962
2026042004000119,HPPL,34,36,292,400.0,116800.0,Vision Securities Pvt. Ltd,Secured Securities Ltd.,2026-04-20 11:01:07.455165
2026042004000120,HPPL,34,38,10,412.0,4120.0,Vision Securities Pvt. Ltd,Dipshikha Dhitopatra Karobar Co. Pvt Ltd.,2026-04-20 11:01:07.455254
2026042004000143,HPPL,34,38,110,412.0,45320.0,Vision Securities Pvt. Ltd,Dipshikha Dhitopatra Karobar Co. Pvt Ltd.,2026-04-20 11:01:32.579707
2026042004000144,HPPL,34,14,60,412.0,24720.0,Vision Securities Pvt. Ltd,Nepal Stock House (PVT) Ltd.,2026-04-20 11:01:32.579750
2026042004000145,HPPL,34,48,10,412.0,4120.0,Vision Securities Pvt. Ltd,Trishakti Securities Public Limited,2026-04-20 11:01:32.579781
2026042004000146,HPPL,34,42,100,416.0,41600.0,Vision Securities Pvt. Ltd,Sani Securities Company Ltd.,2026-04-20 11:01:32.579830
2026042004000147,HPPL,34,49,20,420.0,8400.0,Vision Securities Pvt. Ltd,Online Securities Pvt. Ltd.,2026-04-20 11:01:32.579868
2026042004000165,HPPL,49,34,10,400.0,4000.0,Online Securities Pvt. Ltd.,Vision Securities Pvt. Ltd,2026-04-20 11:01:45.558677
2026042004000409,HPPL,42,38,100,402.5,40250.0,Sani Securities Company Ltd.,Dipshikha Dhitopatra Karobar Co. Pvt Ltd.,2026-04-20 11:06:34.373654
2026042004000646,HPPL,45,4,10,402.6,4026.0,Imperial Securities Company Pvt. Ltd.,Opal Securities Investment (PVT) Ltd.,2026-04-20 11:08:52.816551
2026042004000814,HPPL,89,57,10,409.0,4090.0,Global IME Securities Limited,Aryatara Investment & Securities,2026-04-20 11:10:36.959372
2026042004000844,HPPL,57,34,10,402.8,4028.0,Aryatara Investment & Securities,Vision Securities Pvt. Ltd,2026-04-20 11:11:17.565792
2026042004000923,HPPL,57,54,90,402.8,36252.0,Aryatara Investment & Securities,Sewa Securities Pvt. Ltd.,2026-04-20 11:12:04.963927
2026042004000924,HPPL,7,54,110,402.7,44297.0,J.F. Securites (PVT) Ltd.,Sewa Securities Pvt. Ltd.,2026-04-20 11:12:04.964071
2026042004001051,HPPL,7,60,390,402.7,157053.0,J.F. Securites (PVT) Ltd.,Nagarik Stock Dealer ,2026-04-20 11:13:31.252520
2026042004001052,HPPL,45,60,90,402.6,36234.0,Imperial Securities Company Pvt. Ltd.,Nagarik Stock Dealer ,2026-04-20 11:13:31.252807
2026042004001053,HPPL,58,60,10,402.6,4026.0,Naasa Securities Co. Ltd.,Nagarik Stock Dealer ,2026-04-20 11:13:31.252957
2026042004001054,HPPL,58,60,67,402.0,26934.0,Naasa Securities Co. Ltd.,Nagarik Stock Dealer ,2026-04-20 11:13:31.253135
2026042004001055,HPPL,49,60,443,402.0,178086.0,Online Securities Pvt. Ltd.,Nagarik Stock Dealer ,2026-04-20 11:13:31.253270
2026042004001140,HPPL,49,58,557,402.0,223914.0,Online Securities Pvt. Ltd.,Naasa Securities Co. Ltd.,2026-04-20 11:14:17.742633
2026042004001141,HPPL,22,58,200,401.6,80320.0,Siprabi Securities Pvt. Ltd.,Naasa Securities Co. Ltd.,2026-04-20 11:14:17.742761
2026042004001142,HPPL,5,58,200,401.6,80320.0,Market Securities & Exchange (PVT) Ltd.,Naasa Securities Co. Ltd.,2026-04-20 11:14:17.742809
2026042004001143,HPPL,45,58,300,400.1,120030.0,Imperial Securities Company Pvt. Ltd.,Naasa Securities Co. Ltd.,2026-04-20 11:14:17.742905
2026042004001144,HPPL,34,58,1000,400.0,400000.0,Vision Securities Pvt. Ltd,Naasa Securities Co. Ltd.,2026-04-20 11:14:17.742954
2026042004001145,HPPL,52,58,500,400.0,200000.0,Sundhara Securities Limited,Naasa Securities Co. Ltd.,2026-04-20 11:14:17.743001
2026042004001248,HPPL,22,35,10,406.0,4060.0,Siprabi Securities Pvt. Ltd.,Kohinoor Investment & Securities Pvt. Ltd.,2026-04-20 11:15:48.103590
2026042004001301,HPPL,45,34,10,398.2,3982.0,Imperial Securities Company Pvt. Ltd.,Vision Securities Pvt. Ltd,2026-04-20 11:16:24.133035
2026042004001670,HPPL,58,58,200,398.7,79740.0,Naasa Securities Co. Ltd.,Naasa Securities Co. Ltd.,2026-04-20 11:20:19.593258
2026042004001671,HPPL,49,58,21,398.6,8370.6,Online Securities Pvt. Ltd.,Naasa Securities Co. Ltd.,2026-04-20 11:20:19.593543
2026042004001672,HPPL,81,58,22,398.5,8767.0,Aakashbhairab Securities Ltd.,Naasa Securities Co. Ltd.,2026-04-20 11:20:19.593689
2026042004002045,HPPL,58,58,27,401.0,10827.0,Naasa Securities Co. Ltd.,Naasa Securities Co. Ltd.,2026-04-20 11:26:00.821425
2026042004002046,HPPL,81,58,1973,400.0,789200.0,Aakashbhairab Securities Ltd.,Naasa Securities Co. Ltd.,2026-04-20 11:26:00.821567
2026042004002590,HPPL,42,58,22,400.1,8802.2,Sani Securities Company Ltd.,Naasa Securities Co. Ltd.,2026-04-20 11:33:50.505748
2026042004002702,HPPL,42,13,150,400.1,60015.0,Sani Securities Company Ltd.,Thrive Brokerage House Pvt. Ltd,2026-04-20 11:35:08.258510
2026042004002840,HPPL,42,35,13,400.1,5201.3,Sani Securities Company Ltd.,Kohinoor Investment & Securities Pvt. Ltd.,2026-04-20 11:36:02.576548
2026042004002841,HPPL,42,35,50,399.4,19970.0,Sani Securities Company Ltd.,Kohinoor Investment & Securities Pvt. Ltd.,2026-04-20 11:36:02.576726
2026042004002842,HPPL,58,35,48,399.4,19171.2,Naasa Securities Co. Ltd.,Kohinoor Investment & Securities Pvt. Ltd.,2026-04-20 11:36:02.576793
2026042004002843,HPPL,45,35,10,399.3,3993.0,Imperial Securities Company Pvt. Ltd.,Kohinoor Investment & Securities Pvt. Ltd.,2026-04-20 11:36:02.576858
2026042004002844,HPPL,45,35,10,399.2,3992.0,Imperial Securities Company Pvt. Ltd.,Kohinoor Investment & Securities Pvt. Ltd.,2026-04-20 11:36:02.576918
2026042004002845,HPPL,45,35,10,399.1,3991.0,Imperial Securities Company Pvt. Ltd.,Kohinoor Investment & Securities Pvt. Ltd.,2026-04-20 11:36:02.576982
2026042004002846,HPPL,45,35,59,399.0,23541.0,Imperial Securities Company Pvt. Ltd.,Kohinoor Investment & Securities Pvt. Ltd.,2026-04-20 11:36:02.577045
2026042004003236,HPPL,45,13,10,399.1,3991.0,Imperial Securities Company Pvt. Ltd.,Thrive Brokerage House Pvt. Ltd,2026-04-20 11:40:06.548153
2026042004003237,HPPL,45,13,490,399.0,195510.0,Imperial Securities Company Pvt. Ltd.,Thrive Brokerage House Pvt. Ltd,2026-04-20 11:40:06.548495
2026042004003285,HPPL,45,13,350,399.0,139650.0,Imperial Securities Company Pvt. Ltd.,Thrive Brokerage House Pvt. Ltd,2026-04-20 11:40:52.417951
2026042004003388,HPPL,45,38,10,399.1,3991.0,Imperial Securities Company Pvt. Ltd.,Dipshikha Dhitopatra Karobar Co. Pvt Ltd.,2026-04-20 11:42:28.350113
2026042004003389,HPPL,45,38,101,399.0,40299.0,Imperial Securities Company Pvt. Ltd.,Dipshikha Dhitopatra Karobar Co. Pvt Ltd.,2026-04-20 11:42:28.350334
2026042004003390,HPPL,58,38,20,399.0,7980.0,Naasa Securities Co. Ltd.,Dipshikha Dhitopatra Karobar Co. Pvt Ltd.,2026-04-20 11:42:28.350403
2026042004003391,HPPL,42,38,87,399.0,34713.0,Sani Securities Company Ltd.,Dipshikha Dhitopatra Karobar Co. Pvt Ltd.,2026-04-20 11:42:28.350476
2026042004003584,HPPL,17,33,10,398.7,3987.0,ABC Securities Private Limited,Dakshinkali Investment & Securities Pvt. Ltd.,2026-04-20 11:44:14.533183
2026042004003585,HPPL,45,33,10,398.3,3983.0,Imperial Securities Company Pvt. Ltd.,Dakshinkali Investment & Securities Pvt. Ltd.,2026-04-20 11:44:14.533509
2026042004003586,HPPL,45,33,10,398.2,3982.0,Imperial Securities Company Pvt. Ltd.,Dakshinkali Investment & Securities Pvt. Ltd.,2026-04-20 11:44:14.533708
2026042004003587,HPPL,6,33,100,398.2,39820.0,Agrawal Securities (PVT) Ltd.,Dakshinkali Investment & Securities Pvt. Ltd.,2026-04-20 11:44:14.533913
2026042004003588,HPPL,53,33,150,398.2,59730.0,Investment Management Nepal Pvt. Ltd.,Dakshinkali Investment & Securities Pvt. Ltd.,2026-04-20 11:44:14.534102
2026042004003589,HPPL,45,33,10,398.1,3981.0,Imperial Securities Company Pvt. Ltd.,Dakshinkali Investment & Securities Pvt. Ltd.,2026-04-20 11:44:14.534273
2026042004003590,HPPL,4,33,100,398.0,39800.0,Opal Securities Investment (PVT) Ltd.,Dakshinkali Investment & Securities Pvt. Ltd.,2026-04-20 11:44:14.534464
2026042004003591,HPPL,50,33,121,398.0,48158.0,Cristal Kanchanjanga Securites Pvt. Ltd.,Dakshinkali Investment & Securities Pvt. Ltd.,2026-04-20 11:44:14.534634
2026042004003831,HPPL,50,13,120,398.0,47760.0,Cristal Kanchanjanga Securites Pvt. Ltd.,Thrive Brokerage House Pvt. Ltd,2026-04-20 11:47:31.906786
2026042004004182,HPPL,50,58,110,398.0,43780.0,Cristal Kanchanjanga Securites Pvt. Ltd.,Naasa Securities Co. Ltd.,2026-04-20 11:51:00.877148
2026042004004210,HPPL,50,60,80,398.0,31840.0,Cristal Kanchanjanga Securites Pvt. Ltd.,Nagarik Stock Dealer ,2026-04-20 11:51:21.417083
2026042004004327,HPPL,45,38,10,399.0,3990.0,Imperial Securities Company Pvt. Ltd.,Dipshikha Dhitopatra Karobar Co. Pvt Ltd.,2026-04-20 11:52:50.751371
2026042004004413,HPPL,47,4,19,398.0,7562.0,Neev Securities Pvt. Ltd.,Opal Securities Investment (PVT) Ltd.,2026-04-20 11:53:26.545429
2026042004004414,HPPL,90,4,200,398.0,79600.0,Sajilo Broker Limited,Opal Securities Investment (PVT) Ltd.,2026-04-20 11:53:26.545612
2026042004004415,HPPL,45,4,10,397.1,3971.0,Imperial Securities Company Pvt. Ltd.,Opal Securities Investment (PVT) Ltd.,2026-04-20 11:53:26.545681
2026042004004416,HPPL,59,4,500,397.0,198500.0,Deevyaa Securities & Stock House Pvt. Ltd,Opal Securities Investment (PVT) Ltd.,2026-04-20 11:53:26.545769
2026042004004417,HPPL,52,4,200,397.0,79400.0,Sundhara Securities Limited,Opal Securities Investment (PVT) Ltd.,2026-04-20 11:53:26.545842
2026042004004418,HPPL,90,4,100,397.0,39700.0,Sajilo Broker Limited,Opal Securities Investment (PVT) Ltd.,2026-04-20 11:53:26.545906
2026042004004419,HPPL,22,4,389,396.1,154082.9,Siprabi Securities Pvt. Ltd.,Opal Securities Investment (PVT) Ltd.,2026-04-20 11:53:26.545969
2026042004004420,HPPL,58,4,255,395.0,100725.0,Naasa Securities Co. Ltd.,Opal Securities Investment (PVT) Ltd.,2026-04-20 11:53:26.546032
2026042004004421,HPPL,54,4,327,395.0,129165.0,Sewa Securities Pvt. Ltd.,Opal Securities Investment (PVT) Ltd.,2026-04-20 11:53:26.546094
2026042004004426,HPPL,101,38,200,399.0,79800.0,APPLE SECURITIES PRIVATE LIMITED,Dipshikha Dhitopatra Karobar Co. Pvt Ltd.,2026-04-20 11:53:28.990829
2026042004004655,HPPL,58,38,72,399.0,28728.0,Naasa Securities Co. Ltd.,Dipshikha Dhitopatra Karobar Co. Pvt Ltd.,2026-04-20 11:56:28.456865
2026042004004656,HPPL,58,42,128,399.0,51072.0,Naasa Securities Co. Ltd.,Sani Securities Company Ltd.,2026-04-20 11:56:28.457179
2026042004004781,HPPL,45,22,10,395.3,3953.0,Imperial Securities Company Pvt. Ltd.,Siprabi Securities Pvt. Ltd.,2026-04-20 11:58:04.610163
2026042004005149,HPPL,67,44,500,396.0,198000.0,Property Wiard Limited,Dynamic Money Managers Securities Pvt. Ltd.,2026-04-20 12:02:32.030511
2026042004005185,HPPL,39,44,100,396.0,39600.0,Sumeru Securities Pvt. Ltd.,Dynamic Money Managers Securities Pvt. Ltd.,2026-04-20 12:03:16.196719
2026042004005193,HPPL,7,50,50,395.4,19770.0,J.F. Securites (PVT) Ltd.,Cristal Kanchanjanga Securites Pvt. Ltd.,2026-04-20 12:03:16.864066
2026042004005239,HPPL,26,44,100,396.0,39600.0,Asian Securities Private Ltd.,Dynamic Money Managers Securities Pvt. Ltd.,2026-04-20 12:04:07.256143
2026042004005257,HPPL,74,44,300,396.0,118800.0,KALASH STOCK MARKET PVT. LTD.,Dynamic Money Managers Securities Pvt. Ltd.,2026-04-20 12:04:35.291102
2026042004005755,HPPL,1,42,15,399.0,5985.0,Kumari Securities Private Limited,Sani Securities Company Ltd.,2026-04-20 12:13:02.019016
2026042004005944,HPPL,49,38,10,396.0,3960.0,Online Securities Pvt. Ltd.,Dipshikha Dhitopatra Karobar Co. Pvt Ltd.,2026-04-20 12:16:02.563402
2026042004005957,HPPL,7,42,10,399.0,3990.0,J.F. Securites (PVT) Ltd.,Sani Securities Company Ltd.,2026-04-20 12:16:09.939614
2026042004005986,HPPL,49,42,10,396.0,3960.0,Online Securities Pvt. Ltd.,Sani Securities Company Ltd.,2026-04-20 12:16:33.266175
2026042004006312,HPPL,49,22,20,396.4,7928.0,Online Securities Pvt. Ltd.,Siprabi Securities Pvt. Ltd.,2026-04-20 12:21:57.772080
2026042004006404,HPPL,54,44,10,396.5,3965.0,Sewa Securities Pvt. Ltd.,Dynamic Money Managers Securities Pvt. Ltd.,2026-04-20 12:23:43.249899
2026042004006405,HPPL,49,44,422,396.5,167323.0,Online Securities Pvt. Ltd.,Dynamic Money Managers Securities Pvt. Ltd.,2026-04-20 12:23:43.250358
2026042004006406,HPPL,54,44,105,396.5,41632.5,Sewa Securities Pvt. Ltd.,Dynamic Money Managers Securities Pvt. Ltd.,2026-04-20 12:23:43.250639
2026042004006407,HPPL,58,44,90,396.4,35676.0,Naasa Securities Co. Ltd.,Dynamic Money Managers Securities Pvt. Ltd.,2026-04-20 12:23:43.250908
2026042004006408,HPPL,74,44,100,396.3,39630.0,KALASH STOCK MARKET PVT. LTD.,Dynamic Money Managers Securities Pvt. Ltd.,2026-04-20 12:23:43.251141
2026042004006409,HPPL,7,44,150,396.2,59430.0,J.F. Securites (PVT) Ltd.,Dynamic Money Managers Securities Pvt. Ltd.,2026-04-20 12:23:43.251433
2026042004006410,HPPL,49,44,80,396.0,31680.0,Online Securities Pvt. Ltd.,Dynamic Money Managers Securities Pvt. Ltd.,2026-04-20 12:23:43.251667
2026042004006411,HPPL,96,44,43,396.0,17028.0,Himalayan Securities Limited,Dynamic Money Managers Securities Pvt. Ltd.,2026-04-20 12:23:43.251933
2026042004006671,HPPL,74,35,120,398.0,47760.0,KALASH STOCK MARKET PVT. LTD.,Kohinoor Investment & Securities Pvt. Ltd.,2026-04-20 12:27:02.831983
2026042004006739,HPPL,7,44,21,398.0,8358.0,J.F. Securites (PVT) Ltd.,Dynamic Money Managers Securities Pvt. Ltd.,2026-04-20 12:28:32.100727
2026042004006745,HPPL,74,44,40,398.0,15920.0,KALASH STOCK MARKET PVT. LTD.,Dynamic Money Managers Securities Pvt. Ltd.,2026-04-20 12:28:38.561218
2026042004006923,HPPL,58,44,50,398.0,19900.0,Naasa Securities Co. Ltd.,Dynamic Money Managers Securities Pvt. Ltd.,2026-04-20 12:32:21.957190
2026042004006939,HPPL,49,44,500,398.0,199000.0,Online Securities Pvt. Ltd.,Dynamic Money Managers Securities Pvt. Ltd.,2026-04-20 12:33:06.703231
2026042004006985,HPPL,26,44,102,398.0,40596.0,Asian Securities Private Ltd.,Dynamic Money Managers Securities Pvt. Ltd.,2026-04-20 12:34:07.994684
2026042004007011,HPPL,58,44,10,398.0,3980.0,Naasa Securities Co. Ltd.,Dynamic Money Managers Securities Pvt. Ltd.,2026-04-20 12:34:58.449787
2026042004007052,HPPL,58,44,40,398.0,15920.0,Naasa Securities Co. Ltd.,Dynamic Money Managers Securities Pvt. Ltd.,2026-04-20 12:35:57.887828
2026042004007152,HPPL,16,44,200,398.0,79600.0,Primo Securities (PVT) Ltd.,Dynamic Money Managers Securities Pvt. Ltd.,2026-04-20 12:38:55.918871
2026042004007184,HPPL,22,44,37,398.0,14726.0,Siprabi Securities Pvt. Ltd.,Dynamic Money Managers Securities Pvt. Ltd.,2026-04-20 12:39:31.652485
2026042004007206,HPPL,22,21,63,398.9,25130.7,Siprabi Securities Pvt. Ltd.,Midas Stock Broking Company Private Limited,2026-04-20 12:40:20.669838
2026042004007336,HPPL,4,13,10,397.2,3972.0,Opal Securities Investment (PVT) Ltd.,Thrive Brokerage House Pvt. Ltd,2026-04-20 12:43:26.634177
2026042004007376,HPPL,4,21,90,397.2,35748.0,Opal Securities Investment (PVT) Ltd.,Midas Stock Broking Company Private Limited,2026-04-20 12:44:25.804142
2026042004007377,HPPL,58,21,46,397.2,18271.2,Naasa Securities Co. Ltd.,Midas Stock Broking Company Private Limited,2026-04-20 12:44:25.804586
2026042004007386,HPPL,91,21,401,397.1,159237.1,Citizens Share Broker Limited,Midas Stock Broking Company Private Limited,2026-04-20 12:44:45.479900
2026042004008037,HPPL,46,26,20,397.2,7944.0,Kalika Securities Pvt. Ltd.,Asian Securities Private Ltd.,2026-04-20 12:59:33.979888
2026042004008038,HPPL,91,26,99,397.1,39312.9,Citizens Share Broker Limited,Asian Securities Private Ltd.,2026-04-20 12:59:33.980004
2026042004008039,HPPL,56,26,75,397.0,29775.0,Sri Hari Securities Pvt. Ltd.,Asian Securities Private Ltd.,2026-04-20 12:59:33.980083
2026042004008180,HPPL,54,51,12,397.0,4764.0,Sewa Securities Pvt. Ltd.,Oxford Securities Pvt. Ltd.,2026-04-20 13:02:46.105276
2026042004008508,HPPL,54,65,13,397.0,5161.0,Sewa Securities Pvt. Ltd.,Sharepro Securities Private Limited,2026-04-20 13:10:45.733953
2026042004008509,HPPL,58,65,10,397.0,3970.0,Naasa Securities Co. Ltd.,Sharepro Securities Private Limited,2026-04-20 13:10:45.734187
2026042004008510,HPPL,45,65,20,396.2,7924.0,Imperial Securities Company Pvt. Ltd.,Sharepro Securities Private Limited,2026-04-20 13:10:45.734286
2026042004008511,HPPL,74,65,100,396.1,39610.0,KALASH STOCK MARKET PVT. LTD.,Sharepro Securities Private Limited,2026-04-20 13:10:45.734383
2026042004008512,HPPL,96,65,257,396.0,101772.0,Himalayan Securities Limited,Sharepro Securities Private Limited,2026-04-20 13:10:45.734472
2026042004008513,HPPL,32,65,100,396.0,39600.0,Premier Securities Company Ltd.,Sharepro Securities Private Limited,2026-04-20 13:10:45.734560
2026042004008514,HPPL,33,65,50,396.0,19800.0,Dakshinkali Investment & Securities Pvt. Ltd.,Sharepro Securities Private Limited,2026-04-20 13:10:45.734665
2026042004008515,HPPL,94,65,125,396.0,49500.0,K.B.L. Securities Limited ,Sharepro Securities Private Limited,2026-04-20 13:10:45.734760
2026042004008516,HPPL,19,65,25,396.0,9900.0,Nepal Investment And Securities Trading Private Limited,Sharepro Securities Private Limited,2026-04-20 13:10:45.734841
2026042004008517,HPPL,49,65,300,396.0,118800.0,Online Securities Pvt. Ltd.,Sharepro Securities Private Limited,2026-04-20 13:10:45.734925
2026042004008546,HPPL,49,65,200,396.0,79200.0,Online Securities Pvt. Ltd.,Sharepro Securities Private Limited,2026-04-20 13:11:09.402987
2026042004008547,HPPL,46,65,20,395.6,7912.0,Kalika Securities Pvt. Ltd.,Sharepro Securities Private Limited,2026-04-20 13:11:09.403210
2026042004008548,HPPL,34,65,200,395.5,79100.0,Vision Securities Pvt. Ltd,Sharepro Securities Private Limited,2026-04-20 13:11:09.403298
2026042004008549,HPPL,43,65,80,395.4,31632.0,South Asian Bulls Pvt. Ltd.,Sharepro Securities Private Limited,2026-04-20 13:11:09.403393
2026042004008572,HPPL,43,38,100,395.4,39540.0,South Asian Bulls Pvt. Ltd.,Dipshikha Dhitopatra Karobar Co. Pvt Ltd.,2026-04-20 13:11:25.288144
2026042004008709,HPPL,51,28,10,398.0,3980.0,Oxford Securities Pvt. Ltd.,Shree Krishna Securities Ltd.,2026-04-20 13:14:46.588793
2026042004008710,HPPL,51,44,90,398.0,35820.0,Oxford Securities Pvt. Ltd.,Dynamic Money Managers Securities Pvt. Ltd.,2026-04-20 13:14:46.588860
2026042004008743,HPPL,45,58,76,396.0,30096.0,Imperial Securities Company Pvt. Ltd.,Naasa Securities Co. Ltd.,2026-04-20 13:15:39.114993
2026042004008815,HPPL,43,5,20,395.4,7908.0,South Asian Bulls Pvt. Ltd.,Market Securities & Exchange (PVT) Ltd.,2026-04-20 13:18:26.356016
2026042004008816,HPPL,26,5,10,395.4,3954.0,Asian Securities Private Ltd.,Market Securities & Exchange (PVT) Ltd.,2026-04-20 13:18:26.356457
2026042004008824,HPPL,54,5,10,395.4,3954.0,Sewa Securities Pvt. Ltd.,Market Securities & Exchange (PVT) Ltd.,2026-04-20 13:18:42.029684
2026042004008848,HPPL,54,5,10,395.4,3954.0,Sewa Securities Pvt. Ltd.,Market Securities & Exchange (PVT) Ltd.,2026-04-20 13:19:46.490792
2026042004008906,HPPL,57,5,20,395.4,7908.0,Aryatara Investment & Securities,Market Securities & Exchange (PVT) Ltd.,2026-04-20 13:21:56.604590
2026042004008969,HPPL,6,5,30,395.4,11862.0,Agrawal Securities (PVT) Ltd.,Market Securities & Exchange (PVT) Ltd.,2026-04-20 13:23:57.768800
2026042004008970,HPPL,6,58,270,396.0,106920.0,Agrawal Securities (PVT) Ltd.,Naasa Securities Co. Ltd.,2026-04-20 13:23:57.768882
2026042004009014,HPPL,58,58,10,396.0,3960.0,Naasa Securities Co. Ltd.,Naasa Securities Co. Ltd.,2026-04-20 13:25:20.216714
2026042004009070,HPPL,67,58,200,396.0,79200.0,Property Wiard Limited,Naasa Securities Co. Ltd.,2026-04-20 13:26:26.145397
2026042004009269,HPPL,45,58,10,395.3,3953.0,Imperial Securities Company Pvt. Ltd.,Naasa Securities Co. Ltd.,2026-04-20 13:30:55.626505
2026042004009270,HPPL,74,58,100,395.3,39530.0,KALASH STOCK MARKET PVT. LTD.,Naasa Securities Co. Ltd.,2026-04-20 13:30:55.626942
2026042004009271,HPPL,6,58,90,395.3,35577.0,Agrawal Securities (PVT) Ltd.,Naasa Securities Co. Ltd.,2026-04-20 13:30:55.627221
2026042004009449,HPPL,22,58,44,396.0,17424.0,Siprabi Securities Pvt. Ltd.,Naasa Securities Co. Ltd.,2026-04-20 13:36:11.145219
2026042004009674,HPPL,22,35,20,396.0,7920.0,Siprabi Securities Pvt. Ltd.,Kohinoor Investment & Securities Pvt. Ltd.,2026-04-20 13:40:59.935207
2026042004009847,HPPL,22,44,20,398.0,7960.0,Siprabi Securities Pvt. Ltd.,Dynamic Money Managers Securities Pvt. Ltd.,2026-04-20 13:45:55.208439
2026042004010144,HPPL,17,44,500,398.0,199000.0,ABC Securities Private Limited,Dynamic Money Managers Securities Pvt. Ltd.,2026-04-20 13:53:41.460239
2026042004010151,HPPL,17,44,300,398.0,119400.0,ABC Securities Private Limited,Dynamic Money Managers Securities Pvt. Ltd.,2026-04-20 13:53:52.909808
2026042004010155,HPPL,4,14,100,396.1,39610.0,Opal Securities Investment (PVT) Ltd.,Nepal Stock House (PVT) Ltd.,2026-04-20 13:53:53.883743
2026042004010156,HPPL,22,14,31,396.0,12276.0,Siprabi Securities Pvt. Ltd.,Nepal Stock House (PVT) Ltd.,2026-04-20 13:53:53.883977
2026042004010157,HPPL,53,14,100,396.0,39600.0,Investment Management Nepal Pvt. Ltd.,Nepal Stock House (PVT) Ltd.,2026-04-20 13:53:53.884079
2026042004010158,HPPL,34,14,500,396.0,198000.0,Vision Securities Pvt. Ltd,Nepal Stock House (PVT) Ltd.,2026-04-20 13:53:53.884184
2026042004010185,HPPL,17,14,200,396.0,79200.0,ABC Securities Private Limited,Nepal Stock House (PVT) Ltd.,2026-04-20 13:54:05.686928
2026042004010223,HPPL,4,14,69,396.0,27324.0,Opal Securities Investment (PVT) Ltd.,Nepal Stock House (PVT) Ltd.,2026-04-20 13:54:33.251477
2026042004010449,HPPL,29,4,1100,396.0,435600.0,Trisul Securities & Invt. Ltd.,Opal Securities Investment (PVT) Ltd.,2026-04-20 14:00:10.204810
2026042004010450,HPPL,45,4,10,395.5,3955.0,Imperial Securities Company Pvt. Ltd.,Opal Securities Investment (PVT) Ltd.,2026-04-20 14:00:10.205100
2026042004010451,HPPL,48,4,20,395.5,7910.0,Trishakti Securities Public Limited,Opal Securities Investment (PVT) Ltd.,2026-04-20 14:00:10.205201
2026042004010452,HPPL,49,4,70,395.4,27678.0,Online Securities Pvt. Ltd.,Opal Securities Investment (PVT) Ltd.,2026-04-20 14:00:10.205299
2026042004011000,HPPL,42,95,10,397.0,3970.0,Sani Securities Company Ltd.,Magnet Securities and Investment Company Private Limited,2026-04-20 14:11:06.927087
2026042004011001,HPPL,45,95,10,396.2,3962.0,Imperial Securities Company Pvt. Ltd.,Magnet Securities and Investment Company Private Limited,2026-04-20 14:11:06.927555
2026042004011002,HPPL,66,95,230,396.1,91103.0,Miyo Securities Pvt Ltd,Magnet Securities and Investment Company Private Limited,2026-04-20 14:11:06.927860
2026042004011162,HPPL,42,58,10,397.0,3970.0,Sani Securities Company Ltd.,Naasa Securities Co. Ltd.,2026-04-20 14:12:53.798898
2026042004011215,HPPL,34,44,90,398.0,35820.0,Vision Securities Pvt. Ltd,Dynamic Money Managers Securities Pvt. Ltd.,2026-04-20 14:13:18.935393
2026042004011216,HPPL,34,44,130,398.0,51740.0,Vision Securities Pvt. Ltd,Dynamic Money Managers Securities Pvt. Ltd.,2026-04-20 14:13:18.935747
2026042004011407,HPPL,58,44,25,398.0,9950.0,Naasa Securities Co. Ltd.,Dynamic Money Managers Securities Pvt. Ltd.,2026-04-20 14:16:46.527346
2026042004011443,HPPL,95,44,250,398.0,99500.0,Magnet Securities and Investment Company Private Limited,Dynamic Money Managers Securities Pvt. Ltd.,2026-04-20 14:17:32.169802
2026042004011732,HPPL,56,44,500,398.0,199000.0,Sri Hari Securities Pvt. Ltd.,Dynamic Money Managers Securities Pvt. Ltd.,2026-04-20 14:21:56.781481
2026042004011772,HPPL,13,44,50,398.0,19900.0,Thrive Brokerage House Pvt. Ltd,Dynamic Money Managers Securities Pvt. Ltd.,2026-04-20 14:22:32.128537
2026042004011773,HPPL,14,44,45,398.0,17910.0,Nepal Stock House (PVT) Ltd.,Dynamic Money Managers Securities Pvt. Ltd.,2026-04-20 14:22:35.606849
2026042004011982,HPPL,17,99,500,397.0,198500.0,ABC Securities Private Limited,Prabhu Stock Market Limited,2026-04-20 14:24:48.809761
2026042004012082,HPPL,50,14,50,396.5,19825.0,Cristal Kanchanjanga Securites Pvt. Ltd.,Nepal Stock House (PVT) Ltd.,2026-04-20 14:25:43.073658
2026042004012478,HPPL,87,21,100,397.0,39700.0,S.P.S.A. Securities Limited,Midas Stock Broking Company Private Limited,2026-04-20 14:29:31.127452
2026042004012947,HPPL,42,86,50,397.1,19855.0,Sani Securities Company Ltd.,Stoxkarts Securities Limited,2026-04-20 14:34:40.757712
2026042004012948,HPPL,87,86,150,397.0,59550.0,S.P.S.A. Securities Limited,Stoxkarts Securities Limited,2026-04-20 14:34:40.758002
2026042004012949,HPPL,58,86,500,397.0,198500.0,Naasa Securities Co. Ltd.,Stoxkarts Securities Limited,2026-04-20 14:34:40.758122
2026042004012950,HPPL,33,86,200,397.0,79400.0,Dakshinkali Investment & Securities Pvt. Ltd.,Stoxkarts Securities Limited,2026-04-20 14:34:40.758237
2026042004013155,HPPL,36,34,200,397.0,79400.0,Secured Securities Ltd.,Vision Securities Pvt. Ltd,2026-04-20 14:38:29.881923
2026042004013156,HPPL,34,34,500,396.6,198300.0,Vision Securities Pvt. Ltd,Vision Securities Pvt. Ltd,2026-04-20 14:38:29.881997
2026042004013157,HPPL,13,34,30,396.5,11895.0,Thrive Brokerage House Pvt. Ltd,Vision Securities Pvt. Ltd,2026-04-20 14:38:29.882041
2026042004013158,HPPL,66,34,70,396.1,27727.0,Miyo Securities Pvt Ltd,Vision Securities Pvt. Ltd,2026-04-20 14:38:29.882073
2026042004013159,HPPL,17,34,100,396.0,39600.0,ABC Securities Private Limited,Vision Securities Pvt. Ltd,2026-04-20 14:38:29.882106
2026042004013160,HPPL,49,34,500,396.0,198000.0,Online Securities Pvt. Ltd.,Vision Securities Pvt. Ltd,2026-04-20 14:38:29.882138
2026042004013161,HPPL,42,34,100,396.0,39600.0,Sani Securities Company Ltd.,Vision Securities Pvt. Ltd,2026-04-20 14:38:29.882157
2026042004013162,HPPL,58,34,10,396.0,3960.0,Naasa Securities Co. Ltd.,Vision Securities Pvt. Ltd,2026-04-20 14:38:29.882180
2026042004013163,HPPL,41,34,150,396.0,59400.0,Linch Stock Market Ltd.,Vision Securities Pvt. Ltd,2026-04-20 14:38:29.882207
2026042004013164,HPPL,45,34,15,396.0,5940.0,Imperial Securities Company Pvt. Ltd.,Vision Securities Pvt. Ltd,2026-04-20 14:38:29.882232
2026042004013165,HPPL,74,34,1000,396.0,396000.0,KALASH STOCK MARKET PVT. LTD.,Vision Securities Pvt. Ltd,2026-04-20 14:38:29.882257
2026042004013166,HPPL,26,34,325,395.5,128537.5,Asian Securities Private Ltd.,Vision Securities Pvt. Ltd,2026-04-20 14:38:29.882287
2026042004013192,HPPL,26,34,175,395.5,69212.5,Asian Securities Private Ltd.,Vision Securities Pvt. Ltd,2026-04-20 14:38:40.158629
2026042004013193,HPPL,38,34,60,395.5,23730.0,Dipshikha Dhitopatra Karobar Co. Pvt Ltd.,Vision Securities Pvt. Ltd,2026-04-20 14:38:40.158679
2026042004013194,HPPL,49,34,430,395.4,170022.0,Online Securities Pvt. Ltd.,Vision Securities Pvt. Ltd,2026-04-20 14:38:40.158707
2026042004013195,HPPL,51,34,400,395.4,158160.0,Oxford Securities Pvt. Ltd.,Vision Securities Pvt. Ltd,2026-04-20 14:38:40.158741
2026042004013196,HPPL,6,34,410,395.3,162073.0,Agrawal Securities (PVT) Ltd.,Vision Securities Pvt. Ltd,2026-04-20 14:38:40.158768
2026042004013197,HPPL,48,34,20,395.3,7906.0,Trishakti Securities Public Limited,Vision Securities Pvt. Ltd,2026-04-20 14:38:40.158789
2026042004013198,HPPL,38,34,250,395.2,98800.0,Dipshikha Dhitopatra Karobar Co. Pvt Ltd.,Vision Securities Pvt. Ltd,2026-04-20 14:38:40.158809
2026042004013199,HPPL,57,34,100,395.1,39510.0,Aryatara Investment & Securities,Vision Securities Pvt. Ltd,2026-04-20 14:38:40.158848
2026042004013200,HPPL,54,34,73,395.0,28835.0,Sewa Securities Pvt. Ltd.,Vision Securities Pvt. Ltd,2026-04-20 14:38:40.158875
2026042004013201,HPPL,34,34,82,395.0,32390.0,Vision Securities Pvt. Ltd,Vision Securities Pvt. Ltd,2026-04-20 14:38:40.158897
2026042004013225,HPPL,26,34,100,397.0,39700.0,Asian Securities Private Ltd.,Vision Securities Pvt. Ltd,2026-04-20 14:38:50.190265
2026042004013226,HPPL,34,34,918,395.0,362610.0,Vision Securities Pvt. Ltd,Vision Securities Pvt. Ltd,2026-04-20 14:38:50.190333
2026042004013227,HPPL,32,34,40,395.0,15800.0,Premier Securities Company Ltd.,Vision Securities Pvt. Ltd,2026-04-20 14:38:50.190358
2026042004013228,HPPL,46,34,100,395.0,39500.0,Kalika Securities Pvt. Ltd.,Vision Securities Pvt. Ltd,2026-04-20 14:38:50.190389
2026042004013229,HPPL,44,34,100,395.0,39500.0,Dynamic Money Managers Securities Pvt. Ltd.,Vision Securities Pvt. Ltd,2026-04-20 14:38:50.190413
2026042004013230,HPPL,47,34,12,395.0,4740.0,Neev Securities Pvt. Ltd.,Vision Securities Pvt. Ltd,2026-04-20 14:38:50.190434
2026042004013231,HPPL,47,34,20,395.0,7900.0,Neev Securities Pvt. Ltd.,Vision Securities Pvt. Ltd,2026-04-20 14:38:50.190456
2026042004013232,HPPL,81,34,200,395.0,79000.0,Aakashbhairab Securities Ltd.,Vision Securities Pvt. Ltd,2026-04-20 14:38:50.190482
2026042004013233,HPPL,88,34,25,395.0,9875.0,Blue Chip Securities Ltd,Vision Securities Pvt. Ltd,2026-04-20 14:38:50.190506
2026042004013234,HPPL,49,34,164,395.0,64780.0,Online Securities Pvt. Ltd.,Vision Securities Pvt. Ltd,2026-04-20 14:38:50.190577
2026042004013235,HPPL,51,34,180,395.0,71100.0,Oxford Securities Pvt. Ltd.,Vision Securities Pvt. Ltd,2026-04-20 14:38:50.190601
2026042004013236,HPPL,4,34,200,395.0,79000.0,Opal Securities Investment (PVT) Ltd.,Vision Securities Pvt. Ltd,2026-04-20 14:38:50.190622
2026042004013237,HPPL,33,34,100,395.0,39500.0,Dakshinkali Investment & Securities Pvt. Ltd.,Vision Securities Pvt. Ltd,2026-04-20 14:38:50.190642
2026042004013238,HPPL,57,34,500,394.0,197000.0,Aryatara Investment & Securities,Vision Securities Pvt. Ltd,2026-04-20 14:38:50.190666
2026042004013239,HPPL,32,34,10,394.0,3940.0,Premier Securities Company Ltd.,Vision Securities Pvt. Ltd,2026-04-20 14:38:50.190689
2026042004013240,HPPL,43,34,111,394.0,43734.0,South Asian Bulls Pvt. Ltd.,Vision Securities Pvt. Ltd,2026-04-20 14:38:50.190710
2026042004013241,HPPL,58,34,10,394.0,3940.0,Naasa Securities Co. Ltd.,Vision Securities Pvt. Ltd,2026-04-20 14:38:50.190733
2026042004013242,HPPL,52,34,800,394.0,315200.0,Sundhara Securities Limited,Vision Securities Pvt. Ltd,2026-04-20 14:38:50.190754
2026042004013243,HPPL,54,34,100,394.0,39400.0,Sewa Securities Pvt. Ltd.,Vision Securities Pvt. Ltd,2026-04-20 14:38:50.190776
2026042004013244,HPPL,11,34,20,393.0,7860.0,Malla & Malla Stock Broking Company Pvt. Limited,Vision Securities Pvt. Ltd,2026-04-20 14:38:50.190799
2026042004013245,HPPL,41,34,190,392.9,74651.0,Linch Stock Market Ltd.,Vision Securities Pvt. Ltd,2026-04-20 14:38:50.190823
2026042004013246,HPPL,22,34,100,392.1,39210.0,Siprabi Securities Pvt. Ltd.,Vision Securities Pvt. Ltd,2026-04-20 14:38:50.190856
2026042004013332,HPPL,45,57,30,394.1,11823.0,Imperial Securities Company Pvt. Ltd.,Aryatara Investment & Securities,2026-04-20 14:40:03.329951
2026042004013520,HPPL,34,10,10,395.5,3955.0,Vision Securities Pvt. Ltd,Pragyan Securities (PVT) Ltd.,2026-04-20 14:43:51.892368
2026042004013628,HPPL,45,34,20,395.6,7912.0,Imperial Securities Company Pvt. Ltd.,Vision Securities Pvt. Ltd,2026-04-20 14:44:57.609829
2026042004013629,HPPL,34,34,45,395.5,17797.5,Vision Securities Pvt. Ltd,Vision Securities Pvt. Ltd,2026-04-20 14:44:57.610346
2026042004013630,HPPL,45,34,250,395.5,98875.0,Imperial Securities Company Pvt. Ltd.,Vision Securities Pvt. Ltd,2026-04-20 14:44:57.610665
2026042004013631,HPPL,54,34,10,395.2,3952.0,Sewa Securities Pvt. Ltd.,Vision Securities Pvt. Ltd,2026-04-20 14:44:57.610984
2026042004013632,HPPL,38,34,100,395.2,39520.0,Dipshikha Dhitopatra Karobar Co. Pvt Ltd.,Vision Securities Pvt. Ltd,2026-04-20 14:44:57.611292
2026042004013633,HPPL,26,34,90,395.1,35559.0,Asian Securities Private Ltd.,Vision Securities Pvt. Ltd,2026-04-20 14:44:57.611642
2026042004013634,HPPL,49,34,500,395.0,197500.0,Online Securities Pvt. Ltd.,Vision Securities Pvt. Ltd,2026-04-20 14:44:57.611960
2026042004013635,HPPL,101,34,100,395.0,39500.0,APPLE SECURITIES PRIVATE LIMITED,Vision Securities Pvt. Ltd,2026-04-20 14:44:57.612270
2026042004013636,HPPL,35,34,500,395.0,197500.0,Kohinoor Investment & Securities Pvt. Ltd.,Vision Securities Pvt. Ltd,2026-04-20 14:44:57.612584
2026042004013637,HPPL,54,34,20,395.0,7900.0,Sewa Securities Pvt. Ltd.,Vision Securities Pvt. Ltd,2026-04-20 14:44:57.612878
2026042004013638,HPPL,16,34,365,395.0,144175.0,Primo Securities (PVT) Ltd.,Vision Securities Pvt. Ltd,2026-04-20 14:44:57.613174
2026042004014072,HPPL,29,34,11,396.0,4356.0,Trisul Securities & Invt. Ltd.,Vision Securities Pvt. Ltd,2026-04-20 14:49:38.942894
2026042004014073,HPPL,60,34,100,395.2,39520.0,Nagarik Stock Dealer ,Vision Securities Pvt. Ltd,2026-04-20 14:49:38.942941
2026042004014074,HPPL,62,34,150,395.1,59265.0,Capital Max Securities Ltd,Vision Securities Pvt. Ltd,2026-04-20 14:49:38.942967
2026042004014075,HPPL,16,34,135,395.0,53325.0,Primo Securities (PVT) Ltd.,Vision Securities Pvt. Ltd,2026-04-20 14:49:38.942991
2026042004014076,HPPL,41,34,500,395.0,197500.0,Linch Stock Market Ltd.,Vision Securities Pvt. Ltd,2026-04-20 14:49:38.943037
2026042004014077,HPPL,14,34,50,395.0,19750.0,Nepal Stock House (PVT) Ltd.,Vision Securities Pvt. Ltd,2026-04-20 14:49:38.943057
2026042004014078,HPPL,52,34,54,395.0,21330.0,Sundhara Securities Limited,Vision Securities Pvt. Ltd,2026-04-20 14:49:38.943079
2026042004014123,HPPL,8,34,20,395.5,7910.0,Brilliant Securities Pvt. Ltd.,Vision Securities Pvt. Ltd,2026-04-20 14:50:09.174080
2026042004014124,HPPL,52,34,19,395.0,7505.0,Sundhara Securities Limited,Vision Securities Pvt. Ltd,2026-04-20 14:50:09.174126
2026042004014125,HPPL,34,34,200,395.0,79000.0,Vision Securities Pvt. Ltd,Vision Securities Pvt. Ltd,2026-04-20 14:50:09.174150
2026042004014126,HPPL,49,34,500,394.0,197000.0,Online Securities Pvt. Ltd.,Vision Securities Pvt. Ltd,2026-04-20 14:50:09.174171
2026042004014127,HPPL,41,34,200,394.0,78800.0,Linch Stock Market Ltd.,Vision Securities Pvt. Ltd,2026-04-20 14:50:09.174195
2026042004014128,HPPL,48,34,10,394.0,3940.0,Trishakti Securities Public Limited,Vision Securities Pvt. Ltd,2026-04-20 14:50:09.174222
2026042004014129,HPPL,32,34,51,394.0,20094.0,Premier Securities Company Ltd.,Vision Securities Pvt. Ltd,2026-04-20 14:50:09.174251
2026042004014219,HPPL,29,49,15,397.0,5955.0,Trisul Securities & Invt. Ltd.,Online Securities Pvt. Ltd.,2026-04-20 14:50:44.239808
2026042004014314,HPPL,32,34,300,394.2,118260.0,Premier Securities Company Ltd.,Vision Securities Pvt. Ltd,2026-04-20 14:51:42.058176
2026042004014315,HPPL,48,34,200,394.2,78840.0,Trishakti Securities Public Limited,Vision Securities Pvt. Ltd,2026-04-20 14:51:42.058227
2026042004014316,HPPL,16,34,200,394.1,78820.0,Primo Securities (PVT) Ltd.,Vision Securities Pvt. Ltd,2026-04-20 14:51:42.058260
2026042004014317,HPPL,32,34,24,394.0,9456.0,Premier Securities Company Ltd.,Vision Securities Pvt. Ltd,2026-04-20 14:51:42.058305
2026042004014318,HPPL,41,34,276,394.0,108744.0,Linch Stock Market Ltd.,Vision Securities Pvt. Ltd,2026-04-20 14:51:42.058346
2026042004014389,HPPL,74,34,1000,395.0,395000.0,KALASH STOCK MARKET PVT. LTD.,Vision Securities Pvt. Ltd,2026-04-20 14:52:11.898126
2026042004014390,HPPL,41,34,400,394.2,157680.0,Linch Stock Market Ltd.,Vision Securities Pvt. Ltd,2026-04-20 14:52:11.898185
2026042004014391,HPPL,41,34,1600,394.0,630400.0,Linch Stock Market Ltd.,Vision Securities Pvt. Ltd,2026-04-20 14:52:11.898206
2026042004014458,HPPL,41,32,124,394.0,48856.0,Linch Stock Market Ltd.,Premier Securities Company Ltd.,2026-04-20 14:52:39.174555
2026042004014459,HPPL,65,32,176,394.0,69344.0,Sharepro Securities Private Limited,Premier Securities Company Ltd.,2026-04-20 14:52:39.175035
2026042004014748,HPPL,81,49,10,397.0,3970.0,Aakashbhairab Securities Ltd.,Online Securities Pvt. Ltd.,2026-04-20 14:54:00.897373
2026042004014880,HPPL,65,99,300,395.0,118500.0,Sharepro Securities Private Limited,Prabhu Stock Market Limited,2026-04-20 14:54:39.199339
2026042004014881,HPPL,17,99,257,395.0,101515.0,ABC Securities Private Limited,Prabhu Stock Market Limited,2026-04-20 14:54:39.199393
2026042004014934,HPPL,58,49,50,397.0,19850.0,Naasa Securities Co. Ltd.,Online Securities Pvt. Ltd.,2026-04-20 14:55:07.667617
2026042004015031,HPPL,74,33,200,395.1,79020.0,KALASH STOCK MARKET PVT. LTD.,Dakshinkali Investment & Securities Pvt. Ltd.,2026-04-20 14:55:34.893600
2026042004015032,HPPL,17,33,143,395.0,56485.0,ABC Securities Private Limited,Dakshinkali Investment & Securities Pvt. Ltd.,2026-04-20 14:55:34.893723
2026042004015033,HPPL,51,33,500,394.2,197100.0,Oxford Securities Pvt. Ltd.,Dakshinkali Investment & Securities Pvt. Ltd.,2026-04-20 14:55:34.893785
2026042004015034,HPPL,45,33,50,394.1,19705.0,Imperial Securities Company Pvt. Ltd.,Dakshinkali Investment & Securities Pvt. Ltd.,2026-04-20 14:55:34.893879
2026042004015035,HPPL,65,33,224,394.0,88256.0,Sharepro Securities Private Limited,Dakshinkali Investment & Securities Pvt. Ltd.,2026-04-20 14:55:34.893973
2026042004015036,HPPL,65,33,100,394.0,39400.0,Sharepro Securities Private Limited,Dakshinkali Investment & Securities Pvt. Ltd.,2026-04-20 14:55:34.894049
2026042004015037,HPPL,6,33,100,393.5,39350.0,Agrawal Securities (PVT) Ltd.,Dakshinkali Investment & Securities Pvt. Ltd.,2026-04-20 14:55:34.894151
2026042004015038,HPPL,62,33,150,393.3,58995.0,Capital Max Securities Ltd,Dakshinkali Investment & Securities Pvt. Ltd.,2026-04-20 14:55:34.894262
2026042004015039,HPPL,6,33,500,393.1,196550.0,Agrawal Securities (PVT) Ltd.,Dakshinkali Investment & Securities Pvt. Ltd.,2026-04-20 14:55:34.894377
2026042004015040,HPPL,49,33,33,393.0,12969.0,Online Securities Pvt. Ltd.,Dakshinkali Investment & Securities Pvt. Ltd.,2026-04-20 14:55:34.894470
2026042004015404,HPPL,65,49,100,394.3,39430.0,Sharepro Securities Private Limited,Online Securities Pvt. Ltd.,2026-04-20 14:57:08.359000
2026042004015405,HPPL,43,49,100,394.2,39420.0,South Asian Bulls Pvt. Ltd.,Online Securities Pvt. Ltd.,2026-04-20 14:57:08.359266
2026042004015406,HPPL,58,49,500,394.1,197050.0,Naasa Securities Co. Ltd.,Online Securities Pvt. Ltd.,2026-04-20 14:57:08.359392
2026042004015407,HPPL,58,49,20,394.1,7882.0,Naasa Securities Co. Ltd.,Online Securities Pvt. Ltd.,2026-04-20 14:57:08.359507
2026042004015525,HPPL,14,34,3000,394.0,1182000.0,Nepal Stock House (PVT) Ltd.,Vision Securities Pvt. Ltd,2026-04-20 14:57:39.096368
2026042004015526,HPPL,57,34,40,393.3,15732.0,Aryatara Investment & Securities,Vision Securities Pvt. Ltd,2026-04-20 14:57:39.096868
2026042004015527,HPPL,6,34,100,393.2,39320.0,Agrawal Securities (PVT) Ltd.,Vision Securities Pvt. Ltd,2026-04-20 14:57:39.097208
2026042004015528,HPPL,38,34,150,393.1,58965.0,Dipshikha Dhitopatra Karobar Co. Pvt Ltd.,Vision Securities Pvt. Ltd,2026-04-20 14:57:39.097559
2026042004015529,HPPL,49,34,467,393.0,183531.0,Online Securities Pvt. Ltd.,Vision Securities Pvt. Ltd,2026-04-20 14:57:39.097878
2026042004015530,HPPL,52,34,150,393.0,58950.0,Sundhara Securities Limited,Vision Securities Pvt. Ltd,2026-04-20 14:57:39.098211
2026042004015531,HPPL,74,34,1000,393.0,393000.0,KALASH STOCK MARKET PVT. LTD.,Vision Securities Pvt. Ltd,2026-04-20 14:57:39.098568
2026042004015532,HPPL,51,34,120,393.0,47160.0,Oxford Securities Pvt. Ltd.,Vision Securities Pvt. Ltd,2026-04-20 14:57:39.098901
2026042004015533,HPPL,33,34,500,393.0,196500.0,Dakshinkali Investment & Securities Pvt. Ltd.,Vision Securities Pvt. Ltd,2026-04-20 14:57:39.099229
2026042004015534,HPPL,80,34,100,393.0,39300.0,Indira securities pvt. ltd,Vision Securities Pvt. Ltd,2026-04-20 14:57:39.099556
2026042004015535,HPPL,34,34,373,393.0,146589.0,Vision Securities Pvt. Ltd,Vision Securities Pvt. Ltd,2026-04-20 14:57:39.099882
2026042004015625,HPPL,14,11,65,395.0,25675.0,Nepal Stock House (PVT) Ltd.,Malla & Malla Stock Broking Company Pvt. Limited,2026-04-20 14:57:57.317357
2026042004016048,HPPL,38,11,800,395.0,316000.0,Dipshikha Dhitopatra Karobar Co. Pvt Ltd.,Malla & Malla Stock Broking Company Pvt. Limited,2026-04-20 14:59:02.204397
2026042004016306,HPPL,38,11,135,395.0,53325.0,Dipshikha Dhitopatra Karobar Co. Pvt Ltd.,Malla & Malla Stock Broking Company Pvt. Limited,2026-04-20 14:59:39.407820
2026042004016307,HPPL,38,90,300,395.0,118500.0,Dipshikha Dhitopatra Karobar Co. Pvt Ltd.,Sajilo Broker Limited,2026-04-20 14:59:39.408092
2026042004016477,HPPL,34,7,500,395.8,197900.0,Vision Securities Pvt. Ltd,J.F. Securites (PVT) Ltd.,2026-04-20 14:59:58.610103
2026042004016478,HPPL,34,48,566,396.5,224419.0,Vision Securities Pvt. Ltd,Trishakti Securities Public Limited,2026-04-20 14:59:58.610157
2026042004016479,HPPL,34,5,100,397.0,39700.0,Vision Securities Pvt. Ltd,Market Securities & Exchange (PVT) Ltd.,2026-04-20 14:59:58.610190
2026042004016480,HPPL,34,34,5000,398.0,1990000.0,Vision Securities Pvt. Ltd,Vision Securities Pvt. Ltd,2026-04-20 14:59:58.610217
2026042004016481,HPPL,34,22,10,398.6,3986.0,Vision Securities Pvt. Ltd,Siprabi Securities Pvt. Ltd.,2026-04-20 14:59:58.610248
2026042004016482,HPPL,34,22,10,398.7,3987.0,Vision Securities Pvt. Ltd,Siprabi Securities Pvt. Ltd.,2026-04-20 14:59:58.610282
2026042004016483,HPPL,34,22,10,398.8,3988.0,Vision Securities Pvt. Ltd,Siprabi Securities Pvt. Ltd.,2026-04-20 14:59:58.610310
2026042004016484,HPPL,34,22,10,398.9,3989.0,Vision Securities Pvt. Ltd,Siprabi Securities Pvt. Ltd.,2026-04-20 14:59:58.610344
2026042004016485,HPPL,34,42,217,399.0,86583.0,Vision Securities Pvt. Ltd,Sani Securities Company Ltd.,2026-04-20 14:59:58.610368
2026042004016486,HPPL,34,86,100,399.0,39900.0,Vision Securities Pvt. Ltd,Stoxkarts Securities Limited,2026-04-20 14:59:58.610396
2026042004016487,HPPL,34,99,3000,399.0,1197000.0,Vision Securities Pvt. Ltd,Prabhu Stock Market Limited,2026-04-20 14:59:58.610429
2026042004016488,HPPL,34,86,355,399.9,141964.5,Vision Securities Pvt. Ltd,Stoxkarts Securities Limited,2026-04-20 14:59:58.610450
2026042004016489,HPPL,34,4,20,400.0,8000.0,Vision Securities Pvt. Ltd,Opal Securities Investment (PVT) Ltd.,2026-04-20 14:59:58.610474
2026042004016490,HPPL,34,6,10,400.0,4000.0,Vision Securities Pvt. Ltd,Agrawal Securities (PVT) Ltd.,2026-04-20 14:59:58.610506
2026042004016491,HPPL,34,42,190,400.0,76000.0,Vision Securities Pvt. Ltd,Sani Securities Company Ltd.,2026-04-20 14:59:58.610538
2026042004016492,HPPL,34,42,500,400.0,200000.0,Vision Securities Pvt. Ltd,Sani Securities Company Ltd.,2026-04-20 14:59:58.610601
2026042004016493,HPPL,34,38,100,400.0,40000.0,Vision Securities Pvt. Ltd,Dipshikha Dhitopatra Karobar Co. Pvt Ltd.,2026-04-20 14:59:58.610641
2026042004016494,HPPL,34,5,100,400.0,40000.0,Vision Securities Pvt. Ltd,Market Securities & Exchange (PVT) Ltd.,2026-04-20 14:59:58.610667
2026042004016495,HPPL,34,44,700,401.0,280700.0,Vision Securities Pvt. Ltd,Dynamic Money Managers Securities Pvt. Ltd.,2026-04-20 14:59:58.610692
2026042004016496,HPPL,34,33,400,401.0,160400.0,Vision Securities Pvt. Ltd,Dakshinkali Investment & Securities Pvt. Ltd.,2026-04-20 14:59:58.610720
2026042004016497,HPPL,34,32,400,402.0,160800.0,Vision Securities Pvt. Ltd,Premier Securities Company Ltd.,2026-04-20 14:59:58.610763
2026042004016498,HPPL,34,10,525,404.0,212100.0,Vision Securities Pvt. Ltd,Pragyan Securities (PVT) Ltd.,2026-04-20 14:59:58.610791
2026042004016499,HPPL,34,57,500,404.0,202000.0,Vision Securities Pvt. Ltd,Aryatara Investment & Securities,2026-04-20 14:59:58.610822
2026042004016500,HPPL,34,25,839,404.0,338956.0,Vision Securities Pvt. Ltd,Sweta Securities Private Limited,2026-04-20 14:59:58.610847
2026042004016501,HPPL,34,13,100,404.0,40400.0,Vision Securities Pvt. Ltd,Thrive Brokerage House Pvt. Ltd,2026-04-20 14:59:58.610876
2026042004016502,HPPL,34,32,300,404.6,121380.0,Vision Securities Pvt. Ltd,Premier Securities Company Ltd.,2026-04-20 14:59:58.610907
2026042004016503,HPPL,34,91,500,404.7,202350.0,Vision Securities Pvt. Ltd,Citizens Share Broker Limited,2026-04-20 14:59:58.610934
2026042004016504,HPPL,34,1,1000,405.0,405000.0,Vision Securities Pvt. Ltd,Kumari Securities Private Limited,2026-04-20 14:59:58.610961
2026042004016505,HPPL,34,1,1000,405.0,405000.0,Vision Securities Pvt. Ltd,Kumari Securities Private Limited,2026-04-20 14:59:58.611024
2026042004016506,HPPL,34,56,300,405.0,121500.0,Vision Securities Pvt. Ltd,Sri Hari Securities Pvt. Ltd.,2026-04-20 14:59:58.611053
2026042004016507,HPPL,34,42,300,405.0,121500.0,Vision Securities Pvt. Ltd,Sani Securities Company Ltd.,2026-04-20 14:59:58.611078
2026042004016508,HPPL,34,34,295,405.0,119475.0,Vision Securities Pvt. Ltd,Vision Securities Pvt. Ltd,2026-04-20 14:59:58.611105
2026042004016509,HPPL,34,11,40,405.0,16200.0,Vision Securities Pvt. Ltd,Malla & Malla Stock Broking Company Pvt. Limited,2026-04-20 14:59:58.611132
2026042004016510,HPPL,34,86,1440,405.8,584352.0,Vision Securities Pvt. Ltd,Stoxkarts Securities Limited,2026-04-20 14:59:58.611160
2026042004016511,HPPL,34,56,10,406.0,4060.0,Vision Securities Pvt. Ltd,Sri Hari Securities Pvt. Ltd.,2026-04-20 14:59:58.611194
2026042004016512,HPPL,34,35,100,406.0,40600.0,Vision Securities Pvt. Ltd,Kohinoor Investment & Securities Pvt. Ltd.,2026-04-20 14:59:58.611220
2026042004016513,HPPL,34,53,100,406.0,40600.0,Vision Securities Pvt. Ltd,Investment Management Nepal Pvt. Ltd.,2026-04-20 14:59:58.611248
2026042004016514,HPPL,34,42,300,406.5,121950.0,Vision Securities Pvt. Ltd,Sani Securities Company Ltd.,2026-04-20 14:59:58.611276
2026042004016515,HPPL,34,34,300,406.8,122040.0,Vision Securities Pvt. Ltd,Vision Securities Pvt. Ltd,2026-04-20 14:59:58.611304
2026042004016516,HPPL,34,57,100,406.8,40680.0,Vision Securities Pvt. Ltd,Aryatara Investment & Securities,2026-04-20 14:59:58.611340
2026042004016517,HPPL,34,54,100,406.8,40680.0,Vision Securities Pvt. Ltd,Sewa Securities Pvt. Ltd.,2026-04-20 14:59:58.611365
2026042004016518,HPPL,34,42,1000,406.8,406800.0,Vision Securities Pvt. Ltd,Sani Securities Company Ltd.,2026-04-20 14:59:58.611391
2026042004016519,HPPL,34,28,315,406.8,128142.0,Vision Securities Pvt. Ltd,Shree Krishna Securities Ltd.,2026-04-20 14:59:58.611416
2026042004016520,HPPL,34,49,1000,406.8,406800.0,Vision Securities Pvt. Ltd,Online Securities Pvt. Ltd.,2026-04-20 14:59:58.611441
2026042004016521,HPPL,34,35,1000,406.8,406800.0,Vision Securities Pvt. Ltd,Kohinoor Investment & Securities Pvt. Ltd.,2026-04-20 14:59:58.611469
2026042004016522,HPPL,34,14,200,407.0,81400.0,Vision Securities Pvt. Ltd,Nepal Stock House (PVT) Ltd.,2026-04-20 14:59:58.611511
2026042004016523,HPPL,34,6,100,407.0,40700.0,Vision Securities Pvt. Ltd,Agrawal Securities (PVT) Ltd.,2026-04-20 14:59:58.611536
2026042004016524,HPPL,34,5,300,407.0,122100.0,Vision Securities Pvt. Ltd,Market Securities & Exchange (PVT) Ltd.,2026-04-20 14:59:58.611563
2026042004016525,HPPL,34,89,20,407.0,8140.0,Vision Securities Pvt. Ltd,Global IME Securities Limited,2026-04-20 14:59:58.611584
2026042004016526,HPPL,34,57,520,407.0,211640.0,Vision Securities Pvt. Ltd,Aryatara Investment & Securities,2026-04-20 14:59:58.611611
2026042004016527,HPPL,34,59,10,407.0,4070.0,Vision Securities Pvt. Ltd,Deevyaa Securities & Stock House Pvt. Ltd,2026-04-20 14:59:58.611640
2026042004016528,HPPL,34,41,1500,407.0,610500.0,Vision Securities Pvt. Ltd,Linch Stock Market Ltd.,2026-04-20 14:59:58.611663
2026042004016529,HPPL,34,34,300,407.8,122340.0,Vision Securities Pvt. Ltd,Vision Securities Pvt. Ltd,2026-04-20 14:59:58.611690
2026042004016530,HPPL,34,1,450,407.8,183510.0,Vision Securities Pvt. Ltd,Kumari Securities Private Limited,2026-04-20 14:59:58.611720
2026042004016531,HPPL,34,56,60,408.0,24480.0,Vision Securities Pvt. Ltd,Sri Hari Securities Pvt. Ltd.,2026-04-20 14:59:58.611748
2026042004016532,HPPL,34,48,1000,408.0,408000.0,Vision Securities Pvt. Ltd,Trishakti Securities Public Limited,2026-04-20 14:59:58.611771
2026042004016533,HPPL,34,28,500,408.0,204000.0,Vision Securities Pvt. Ltd,Shree Krishna Securities Ltd.,2026-04-20 14:59:58.611795
2026042004016534,HPPL,34,46,100,408.0,40800.0,Vision Securities Pvt. Ltd,Kalika Securities Pvt. Ltd.,2026-04-20 14:59:58.611821
2026042004016535,HPPL,34,70,300,408.0,122400.0,Vision Securities Pvt. Ltd,Infinity Securities Limited,2026-04-20 14:59:58.611842
2026042004016536,HPPL,34,38,50,408.0,20400.0,Vision Securities Pvt. Ltd,Dipshikha Dhitopatra Karobar Co. Pvt Ltd.,2026-04-20 14:59:58.611865
2026042004016537,HPPL,34,29,1100,408.3,449130.0,Vision Securities Pvt. Ltd,Trisul Securities & Invt. Ltd.,2026-04-20 14:59:58.611884
2026042004016538,HPPL,34,58,50,408.5,20425.0,Vision Securities Pvt. Ltd,Naasa Securities Co. Ltd.,2026-04-20 14:59:58.611911
2026042004016539,HPPL,34,44,500,408.9,204450.0,Vision Securities Pvt. Ltd,Dynamic Money Managers Securities Pvt. Ltd.,2026-04-20 14:59:58.611941
2026042004016540,HPPL,34,66,200,408.9,81780.0,Vision Securities Pvt. Ltd,Miyo Securities Pvt Ltd,2026-04-20 14:59:58.611969
2026042004016541,HPPL,34,45,100,408.9,40890.0,Vision Securities Pvt. Ltd,Imperial Securities Company Pvt. Ltd.,2026-04-20 14:59:58.612016
2026042004016542,HPPL,34,39,900,408.9,368010.0,Vision Securities Pvt. Ltd,Sumeru Securities Pvt. Ltd.,2026-04-20 14:59:58.612042
2026042004016543,HPPL,34,36,150,408.9,61335.0,Vision Securities Pvt. Ltd,Secured Securities Ltd.,2026-04-20 14:59:58.612065
2026042004016544,HPPL,34,48,1000,408.9,408900.0,Vision Securities Pvt. Ltd,Trishakti Securities Public Limited,2026-04-20 14:59:58.612089
2026042004016545,HPPL,34,62,100,408.9,40890.0,Vision Securities Pvt. Ltd,Capital Max Securities Ltd,2026-04-20 14:59:58.612115
2026042004016546,HPPL,34,16,200,408.9,81780.0,Vision Securities Pvt. Ltd,Primo Securities (PVT) Ltd.,2026-04-20 14:59:58.612167
2026042004016547,HPPL,34,57,100,408.9,40890.0,Vision Securities Pvt. Ltd,Aryatara Investment & Securities,2026-04-20 14:59:58.612192
2026042004016548,HPPL,34,57,50,409.0,20450.0,Vision Securities Pvt. Ltd,Aryatara Investment & Securities,2026-04-20 14:59:58.612217
2026042004016549,HPPL,34,57,40,409.0,16360.0,Vision Securities Pvt. Ltd,Aryatara Investment & Securities,2026-04-20 14:59:58.612242
2026042004016550,HPPL,34,25,200,409.0,81800.0,Vision Securities Pvt. Ltd,Sweta Securities Private Limited,2026-04-20 14:59:58.612270
2026042004016551,HPPL,34,59,200,409.0,81800.0,Vision Securities Pvt. Ltd,Deevyaa Securities & Stock House Pvt. Ltd,2026-04-20 14:59:58.612299
2026042004016552,HPPL,34,33,400,409.0,163600.0,Vision Securities Pvt. Ltd,Dakshinkali Investment & Securities Pvt. Ltd.,2026-04-20 14:59:58.612334
2026042004016553,HPPL,34,16,200,409.0,81800.0,Vision Securities Pvt. Ltd,Primo Securities (PVT) Ltd.,2026-04-20 14:59:58.612359
2026042004016554,HPPL,34,25,300,409.5,122850.0,Vision Securities Pvt. Ltd,Sweta Securities Private Limited,2026-04-20 14:59:58.612387
2026042004016555,HPPL,34,1,1880,409.5,769860.0,Vision Securities Pvt. Ltd,Kumari Securities Private Limited,2026-04-20 14:59:58.612413
2026042004016556,HPPL,34,7,500,409.8,204900.0,Vision Securities Pvt. Ltd,J.F. Securites (PVT) Ltd.,2026-04-20 14:59:58.612440
2026042004016557,HPPL,34,45,1000,409.9,409900.0,Vision Securities Pvt. Ltd,Imperial Securities Company Pvt. Ltd.,2026-04-20 14:59:58.612484
2026042004016558,HPPL,34,45,14,409.9,5738.6,Vision Securities Pvt. Ltd,Imperial Securities Company Pvt. Ltd.,2026-04-20 14:59:58.612514
2026042004016559,HPPL,34,56,885,409.9,362761.5,Vision Securities Pvt. Ltd,Sri Hari Securities Pvt. Ltd.,2026-04-20 14:59:58.612536
2026042004016560,HPPL,34,58,52,409.9,21314.8,Vision Securities Pvt. Ltd,Naasa Securities Co. Ltd.,2026-04-20 14:59:58.612558
2026042004016561,HPPL,34,14,404,409.9,165599.6,Vision Securities Pvt. Ltd,Nepal Stock House (PVT) Ltd.,2026-04-20 14:59:58.612591
2026042004016562,HPPL,34,38,500,409.9,204950.0,Vision Securities Pvt. Ltd,Dipshikha Dhitopatra Karobar Co. Pvt Ltd.,2026-04-20 14:59:58.612619
2026042004016563,HPPL,34,39,50,410.0,20500.0,Vision Securities Pvt. Ltd,Sumeru Securities Pvt. Ltd.,2026-04-20 14:59:58.612649
2026042004016564,HPPL,34,33,500,410.0,205000.0,Vision Securities Pvt. Ltd,Dakshinkali Investment & Securities Pvt. Ltd.,2026-04-20 14:59:58.612678
2026042004016565,HPPL,34,58,18,410.0,7380.0,Vision Securities Pvt. Ltd,Naasa Securities Co. Ltd.,2026-04-20 14:59:58.612704
2026042004016566,HPPL,34,14,400,410.0,164000.0,Vision Securities Pvt. Ltd,Nepal Stock House (PVT) Ltd.,2026-04-20 14:59:58.612725
2026042004016567,HPPL,34,58,10,410.0,4100.0,Vision Securities Pvt. Ltd,Naasa Securities Co. Ltd.,2026-04-20 14:59:58.612751
2026042004016568,HPPL,34,58,175,410.0,71750.0,Vision Securities Pvt. Ltd,Naasa Securities Co. Ltd.,2026-04-20 14:59:58.612772
2026042004016569,HPPL,34,42,95,410.0,38950.0,Vision Securities Pvt. Ltd,Sani Securities Company Ltd.,2026-04-20 14:59:58.612797
2026042004016570,HPPL,34,52,500,410.0,205000.0,Vision Securities Pvt. Ltd,Sundhara Securities Limited,2026-04-20 14:59:58.612842
2026042004016571,HPPL,34,45,10,410.0,4100.0,Vision Securities Pvt. Ltd,Imperial Securities Company Pvt. Ltd.,2026-04-20 14:59:58.612869
2026042004016572,HPPL,34,49,105,410.0,43050.0,Vision Securities Pvt. Ltd,Online Securities Pvt. Ltd.,2026-04-20 14:59:58.612901
2026042004016573,HPPL,34,34,20,410.0,8200.0,Vision Securities Pvt. Ltd,Vision Securities Pvt. Ltd,2026-04-20 14:59:58.612939
2026042004016574,HPPL,34,29,500,410.0,205000.0,Vision Securities Pvt. Ltd,Trisul Securities & Invt. Ltd.,2026-04-20 14:59:58.612979
2026042004016575,HPPL,34,58,400,410.0,164000.0,Vision Securities Pvt. Ltd,Naasa Securities Co. Ltd.,2026-04-20 14:59:58.613005
2026042004016576,HPPL,34,22,200,410.1,82020.0,Vision Securities Pvt. Ltd,Siprabi Securities Pvt. Ltd.,2026-04-20 14:59:58.613035
2026042004016577,HPPL,34,89,35,410.3,14360.5,Vision Securities Pvt. Ltd,Global IME Securities Limited,2026-04-20 14:59:58.613066
2026042004016578,HPPL,34,58,150,410.9,61635.0,Vision Securities Pvt. Ltd,Naasa Securities Co. Ltd.,2026-04-20 14:59:58.613091
2026042004016579,HPPL,34,58,935,410.9,384191.5,Vision Securities Pvt. Ltd,Naasa Securities Co. Ltd.,2026-04-20 14:59:58.613124
2026042004016580,HPPL,34,51,100,410.9,41090.0,Vision Securities Pvt. Ltd,Oxford Securities Pvt. Ltd.,2026-04-20 14:59:58.613149
2026042004016581,HPPL,34,22,1000,410.9,410900.0,Vision Securities Pvt. Ltd,Siprabi Securities Pvt. Ltd.,2026-04-20 14:59:58.613176
2026042004016582,HPPL,34,60,500,410.9,205450.0,Vision Securities Pvt. Ltd,Nagarik Stock Dealer ,2026-04-20 14:59:58.613202
2026042004016583,HPPL,34,39,1000,410.9,410900.0,Vision Securities Pvt. Ltd,Sumeru Securities Pvt. Ltd.,2026-04-20 14:59:58.613227
2026042004016584,HPPL,34,63,1000,411.0,411000.0,Vision Securities Pvt. Ltd,Himalayan Brokerage Company Limited,2026-04-20 14:59:58.613255
2026042004016585,HPPL,34,51,50,412.0,20600.0,Vision Securities Pvt. Ltd,Oxford Securities Pvt. Ltd.,2026-04-20 14:59:58.613283
2026042004016586,HPPL,34,42,2000,412.0,824000.0,Vision Securities Pvt. Ltd,Sani Securities Company Ltd.,2026-04-20 14:59:58.613309
2026042004016587,HPPL,34,51,100,412.0,41200.0,Vision Securities Pvt. Ltd,Oxford Securities Pvt. Ltd.,2026-04-20 14:59:58.613340
2026042004016588,HPPL,34,51,27,412.0,11124.0,Vision Securities Pvt. Ltd,Oxford Securities Pvt. Ltd.,2026-04-20 14:59:58.613374
2026042004016589,HPPL,34,63,1000,412.0,412000.0,Vision Securities Pvt. Ltd,Himalayan Brokerage Company Limited,2026-04-20 14:59:58.613398
2026042004016590,HPPL,34,49,500,412.0,206000.0,Vision Securities Pvt. Ltd,Online Securities Pvt. Ltd.,2026-04-20 14:59:58.613424
2026042004016591,HPPL,34,32,220,412.0,90640.0,Vision Securities Pvt. Ltd,Premier Securities Company Ltd.,2026-04-20 14:59:58.613465
2026042004016592,HPPL,34,52,200,412.0,82400.0,Vision Securities Pvt. Ltd,Sundhara Securities Limited,2026-04-20 14:59:58.613487
2026042004016593,HPPL,34,58,3050,412.0,1256600.0,Vision Securities Pvt. Ltd,Naasa Securities Co. Ltd.,2026-04-20 14:59:58.613512
2026042004016594,HPPL,34,34,20,412.0,8240.0,Vision Securities Pvt. Ltd,Vision Securities Pvt. Ltd,2026-04-20 14:59:58.613541
2026042004016595,HPPL,34,45,500,412.0,206000.0,Vision Securities Pvt. Ltd,Imperial Securities Company Pvt. Ltd.,2026-04-20 14:59:58.613567
2026042004016596,HPPL,34,54,300,412.0,123600.0,Vision Securities Pvt. Ltd,Sewa Securities Pvt. Ltd.,2026-04-20 14:59:58.613593
2026042004016597,HPPL,34,45,10,412.0,4120.0,Vision Securities Pvt. Ltd,Imperial Securities Company Pvt. Ltd.,2026-04-20 14:59:58.613619
2026042004016598,HPPL,34,60,1995,413.0,823935.0,Vision Securities Pvt. Ltd,Nagarik Stock Dealer ,2026-04-20 14:59:58.613650
2026042004016599,HPPL,34,36,200,414.0,82800.0,Vision Securities Pvt. Ltd,Secured Securities Ltd.,2026-04-20 14:59:58.613683
2026042004016600,HPPL,34,58,10,414.0,4140.0,Vision Securities Pvt. Ltd,Naasa Securities Co. Ltd.,2026-04-20 14:59:58.613710
2026042004016601,HPPL,34,8,160,414.5,66320.0,Vision Securities Pvt. Ltd,Brilliant Securities Pvt. Ltd.,2026-04-20 14:59:58.613739
2026042004016602,HPPL,34,39,1000,414.5,414500.0,Vision Securities Pvt. Ltd,Sumeru Securities Pvt. Ltd.,2026-04-20 14:59:58.613770
2026042004016603,HPPL,34,51,5715,414.5,2368867.5,Vision Securities Pvt. Ltd,Oxford Securities Pvt. Ltd.,2026-04-20 14:59:58.613794
2026042004016604,HPPL,34,80,100,414.6,41460.0,Vision Securities Pvt. Ltd,Indira securities pvt. ltd,2026-04-20 14:59:58.613818
2026042004016605,HPPL,34,14,80,414.7,33176.0,Vision Securities Pvt. Ltd,Nepal Stock House (PVT) Ltd.,2026-04-20 14:59:58.613843
2026042004016606,HPPL,34,58,10,414.8,4148.0,Vision Securities Pvt. Ltd,Naasa Securities Co. Ltd.,2026-04-20 14:59:58.613877
2026042004016607,HPPL,34,39,1000,418.1,418100.0,Vision Securities Pvt. Ltd,Sumeru Securities Pvt. Ltd.,2026-04-20 14:59:58.613904
2026042004016608,HPPL,34,49,150,420.0,63000.0,Vision Securities Pvt. Ltd,Online Securities Pvt. Ltd.,2026-04-20 14:59:58.613934
2026042004016609,HPPL,34,48,70,420.0,29400.0,Vision Securities Pvt. Ltd,Trishakti Securities Public Limited,2026-04-20 14:59:58.613958
2026042004016610,HPPL,34,48,490,420.0,205800.0,Vision Securities Pvt. Ltd,Trishakti Securities Public Limited,2026-04-20 14:59:58.613983
2026042004016611,HPPL,34,53,100,420.0,42000.0,Vision Securities Pvt. Ltd,Investment Management Nepal Pvt. Ltd.,2026-04-20 14:59:58.614013
2026042004016612,HPPL,34,58,500,421.0,210500.0,Vision Securities Pvt. Ltd,Naasa Securities Co. Ltd.,2026-04-20 14:59:58.614037
2026042004016613,HPPL,34,16,700,421.0,294700.0,Vision Securities Pvt. Ltd,Primo Securities (PVT) Ltd.,2026-04-20 14:59:58.614061
2026042004016614,HPPL,34,41,450,421.0,189450.0,Vision Securities Pvt. Ltd,Linch Stock Market Ltd.,2026-04-20 14:59:58.614090
2026042004016615,HPPL,34,59,500,423.0,211500.0,Vision Securities Pvt. Ltd,Deevyaa Securities & Stock House Pvt. Ltd,2026-04-20 14:59:58.614112
2026042004016616,HPPL,34,91,1400,424.0,593600.0,Vision Securities Pvt. Ltd,Citizens Share Broker Limited,2026-04-20 14:59:58.614138
2026042004016617,HPPL,34,41,493,424.3,209179.9,Vision Securities Pvt. Ltd,Linch Stock Market Ltd.,2026-04-20 14:59:58.614171
