contract_id,symbol,buyer_member_id,seller_member_id,volume,price,amount,buyer_broker,seller_broker,transaction_time
2026042004000082,HURJA,45,36,200,280.0,56000.0,Imperial Securities Company Pvt. Ltd.,Secured Securities Ltd.,2026-04-20 11:00:19.095019
2026042004000204,HURJA,58,38,1000,279.0,279000.0,Naasa Securities Co. Ltd.,Dipshikha Dhitopatra Karobar Co. Pvt Ltd.,2026-04-20 11:02:38.567341
2026042004000205,HURJA,58,50,3000,279.9,839700.0,Naasa Securities Co. Ltd.,Cristal Kanchanjanga Securites Pvt. Ltd.,2026-04-20 11:02:38.567412
2026042004000206,HURJA,58,36,1450,280.0,406000.0,Naasa Securities Co. Ltd.,Secured Securities Ltd.,2026-04-20 11:02:38.567438
2026042004000207,HURJA,58,34,550,280.0,154000.0,Naasa Securities Co. Ltd.,Vision Securities Pvt. Ltd,2026-04-20 11:02:38.567460
2026042004000249,HURJA,58,34,450,280.0,126000.0,Naasa Securities Co. Ltd.,Vision Securities Pvt. Ltd,2026-04-20 11:03:38.140546
2026042004000250,HURJA,58,45,695,280.0,194600.0,Naasa Securities Co. Ltd.,Imperial Securities Company Pvt. Ltd.,2026-04-20 11:03:38.140682
2026042004000379,HURJA,49,45,1000,280.0,280000.0,Online Securities Pvt. Ltd.,Imperial Securities Company Pvt. Ltd.,2026-04-20 11:06:10.479078
2026042004000408,HURJA,58,45,20,280.0,5600.0,Naasa Securities Co. Ltd.,Imperial Securities Company Pvt. Ltd.,2026-04-20 11:06:33.667222
2026042004000551,HURJA,17,11,25,277.0,6925.0,ABC Securities Private Limited,Malla & Malla Stock Broking Company Pvt. Limited,2026-04-20 11:07:50.215952
2026042004000552,HURJA,58,11,72,275.0,19800.0,Naasa Securities Co. Ltd.,Malla & Malla Stock Broking Company Pvt. Limited,2026-04-20 11:07:50.216201
2026042004000553,HURJA,16,11,903,274.0,247422.0,Primo Securities (PVT) Ltd.,Malla & Malla Stock Broking Company Pvt. Limited,2026-04-20 11:07:50.216274
2026042004000784,HURJA,40,21,200,275.0,55000.0,Creative Securities Pvt Ltd,Midas Stock Broking Company Private Limited,2026-04-20 11:10:11.426782
2026042004000785,HURJA,40,96,30,275.0,8250.0,Creative Securities Pvt Ltd,Himalayan Securities Limited,2026-04-20 11:10:11.426896
2026042004000971,HURJA,40,66,500,275.0,137500.0,Creative Securities Pvt Ltd,Miyo Securities Pvt Ltd,2026-04-20 11:12:31.628720
2026042004001237,HURJA,57,45,100,275.8,27580.0,Aryatara Investment & Securities,Imperial Securities Company Pvt. Ltd.,2026-04-20 11:15:41.337647
2026042004001249,HURJA,40,45,185,275.7,51004.5,Creative Securities Pvt Ltd,Imperial Securities Company Pvt. Ltd.,2026-04-20 11:15:51.266516
2026042004001298,HURJA,40,32,250,275.7,68925.0,Creative Securities Pvt Ltd,Premier Securities Company Ltd.,2026-04-20 11:16:22.439096
2026042004001692,HURJA,40,57,10,275.7,2757.0,Creative Securities Pvt Ltd,Aryatara Investment & Securities,2026-04-20 11:20:39.006154
2026042004001729,HURJA,84,34,1000,277.0,277000.0,MILKY WAY SHARE BROKER COMPANY LTD ,Vision Securities Pvt. Ltd,2026-04-20 11:21:18.710985
2026042004001810,HURJA,84,16,500,276.1,138050.0,MILKY WAY SHARE BROKER COMPANY LTD ,Primo Securities (PVT) Ltd.,2026-04-20 11:22:35.724692
2026042004001829,HURJA,84,45,20,276.1,5522.0,MILKY WAY SHARE BROKER COMPANY LTD ,Imperial Securities Company Pvt. Ltd.,2026-04-20 11:22:55.978894
2026042004001855,HURJA,84,58,156,276.1,43071.6,MILKY WAY SHARE BROKER COMPANY LTD ,Naasa Securities Co. Ltd.,2026-04-20 11:23:21.194937
2026042004002124,HURJA,49,36,1000,277.0,277000.0,Online Securities Pvt. Ltd.,Secured Securities Ltd.,2026-04-20 11:27:21.263476
2026042004002372,HURJA,11,66,100,278.0,27800.0,Malla & Malla Stock Broking Company Pvt. Limited,Miyo Securities Pvt Ltd,2026-04-20 11:30:49.857498
2026042004002375,HURJA,58,17,45,277.0,12465.0,Naasa Securities Co. Ltd.,ABC Securities Private Limited,2026-04-20 11:30:57.118665
2026042004002376,HURJA,33,17,1500,276.5,414750.0,Dakshinkali Investment & Securities Pvt. Ltd.,ABC Securities Private Limited,2026-04-20 11:30:57.118765
2026042004002377,HURJA,42,17,1000,276.3,276300.0,Sani Securities Company Ltd.,ABC Securities Private Limited,2026-04-20 11:30:57.118857
2026042004002378,HURJA,58,17,270,276.2,74574.0,Naasa Securities Co. Ltd.,ABC Securities Private Limited,2026-04-20 11:30:57.118935
2026042004002379,HURJA,84,17,185,276.1,51078.5,MILKY WAY SHARE BROKER COMPANY LTD ,ABC Securities Private Limited,2026-04-20 11:30:57.119010
2026042004002391,HURJA,14,66,17,278.0,4726.0,Nepal Stock House (PVT) Ltd.,Miyo Securities Pvt Ltd,2026-04-20 11:31:02.530559
2026042004002443,HURJA,62,64,500,276.2,138100.0,Capital Max Securities Ltd,SUN SECURITIES PVT LTD,2026-04-20 11:31:59.575754
2026042004002665,HURJA,58,53,300,278.0,83400.0,Naasa Securities Co. Ltd.,Investment Management Nepal Pvt. Ltd.,2026-04-20 11:34:32.811521
2026042004003324,HURJA,58,38,500,277.0,138500.0,Naasa Securities Co. Ltd.,Dipshikha Dhitopatra Karobar Co. Pvt Ltd.,2026-04-20 11:41:36.533644
2026042004003380,HURJA,59,44,500,276.4,138200.0,Deevyaa Securities & Stock House Pvt. Ltd,Dynamic Money Managers Securities Pvt. Ltd.,2026-04-20 11:42:28.237967
2026042004003381,HURJA,29,44,200,276.2,55240.0,Trisul Securities & Invt. Ltd.,Dynamic Money Managers Securities Pvt. Ltd.,2026-04-20 11:42:28.238094
2026042004003382,HURJA,84,44,139,276.1,38377.9,MILKY WAY SHARE BROKER COMPANY LTD ,Dynamic Money Managers Securities Pvt. Ltd.,2026-04-20 11:42:28.238155
2026042004003383,HURJA,40,44,55,275.7,15163.5,Creative Securities Pvt Ltd,Dynamic Money Managers Securities Pvt. Ltd.,2026-04-20 11:42:28.238300
2026042004003384,HURJA,26,44,1000,275.2,275200.0,Asian Securities Private Ltd.,Dynamic Money Managers Securities Pvt. Ltd.,2026-04-20 11:42:28.238474
2026042004003385,HURJA,40,44,270,275.0,74250.0,Creative Securities Pvt Ltd,Dynamic Money Managers Securities Pvt. Ltd.,2026-04-20 11:42:28.238622
2026042004003386,HURJA,50,44,150,275.0,41250.0,Cristal Kanchanjanga Securites Pvt. Ltd.,Dynamic Money Managers Securities Pvt. Ltd.,2026-04-20 11:42:28.238761
2026042004003387,HURJA,42,44,686,275.0,188650.0,Sani Securities Company Ltd.,Dynamic Money Managers Securities Pvt. Ltd.,2026-04-20 11:42:28.238898
2026042004003404,HURJA,42,17,314,275.0,86350.0,Sani Securities Company Ltd.,ABC Securities Private Limited,2026-04-20 11:42:42.711037
2026042004003405,HURJA,49,17,100,275.0,27500.0,Online Securities Pvt. Ltd.,ABC Securities Private Limited,2026-04-20 11:42:42.711115
2026042004003406,HURJA,39,17,600,275.0,165000.0,Sumeru Securities Pvt. Ltd.,ABC Securities Private Limited,2026-04-20 11:42:42.711149
2026042004003407,HURJA,7,17,200,275.0,55000.0,J.F. Securites (PVT) Ltd.,ABC Securities Private Limited,2026-04-20 11:42:42.711174
2026042004003408,HURJA,39,17,90,275.0,24750.0,Sumeru Securities Pvt. Ltd.,ABC Securities Private Limited,2026-04-20 11:42:42.711195
2026042004003409,HURJA,42,17,70,275.0,19250.0,Sani Securities Company Ltd.,ABC Securities Private Limited,2026-04-20 11:42:42.711217
2026042004003410,HURJA,49,17,200,275.0,55000.0,Online Securities Pvt. Ltd.,ABC Securities Private Limited,2026-04-20 11:42:42.711238
2026042004003411,HURJA,58,17,200,275.0,55000.0,Naasa Securities Co. Ltd.,ABC Securities Private Limited,2026-04-20 11:42:42.711260
2026042004003412,HURJA,17,17,20,275.0,5500.0,ABC Securities Private Limited,ABC Securities Private Limited,2026-04-20 11:42:42.711280
2026042004003413,HURJA,21,17,1709,275.0,469975.0,Midas Stock Broking Company Private Limited,ABC Securities Private Limited,2026-04-20 11:42:42.711323
2026042004003552,HURJA,21,65,130,275.0,35750.0,Midas Stock Broking Company Private Limited,Sharepro Securities Private Limited,2026-04-20 11:44:10.588664
2026042004003722,HURJA,21,13,109,275.0,29975.0,Midas Stock Broking Company Private Limited,Thrive Brokerage House Pvt. Ltd,2026-04-20 11:45:53.408022
2026042004003884,HURJA,21,44,52,275.0,14300.0,Midas Stock Broking Company Private Limited,Dynamic Money Managers Securities Pvt. Ltd.,2026-04-20 11:48:03.618750
2026042004003885,HURJA,48,44,35,275.0,9625.0,Trishakti Securities Public Limited,Dynamic Money Managers Securities Pvt. Ltd.,2026-04-20 11:48:03.618914
2026042004003886,HURJA,42,44,300,274.5,82350.0,Sani Securities Company Ltd.,Dynamic Money Managers Securities Pvt. Ltd.,2026-04-20 11:48:03.618969
2026042004003887,HURJA,16,44,97,274.0,26578.0,Primo Securities (PVT) Ltd.,Dynamic Money Managers Securities Pvt. Ltd.,2026-04-20 11:48:03.619023
2026042004003888,HURJA,26,44,500,274.0,137000.0,Asian Securities Private Ltd.,Dynamic Money Managers Securities Pvt. Ltd.,2026-04-20 11:48:03.619073
2026042004003900,HURJA,16,44,417,273.0,113841.0,Primo Securities (PVT) Ltd.,Dynamic Money Managers Securities Pvt. Ltd.,2026-04-20 11:48:14.088470
2026042004004057,HURJA,58,17,250,274.0,68500.0,Naasa Securities Co. Ltd.,ABC Securities Private Limited,2026-04-20 11:49:57.520840
2026042004004058,HURJA,16,17,583,273.0,159159.0,Primo Securities (PVT) Ltd.,ABC Securities Private Limited,2026-04-20 11:49:57.521009
2026042004004059,HURJA,63,17,20,273.0,5460.0,Himalayan Brokerage Company Limited,ABC Securities Private Limited,2026-04-20 11:49:57.521089
2026042004004060,HURJA,32,17,500,273.0,136500.0,Premier Securities Company Ltd.,ABC Securities Private Limited,2026-04-20 11:49:57.521162
2026042004004061,HURJA,39,17,100,273.0,27300.0,Sumeru Securities Pvt. Ltd.,ABC Securities Private Limited,2026-04-20 11:49:57.521234
2026042004004062,HURJA,64,17,2047,272.5,557807.5,SUN SECURITIES PVT LTD,ABC Securities Private Limited,2026-04-20 11:49:57.521309
2026042004004328,HURJA,64,49,453,272.5,123442.5,SUN SECURITIES PVT LTD,Online Securities Pvt. Ltd.,2026-04-20 11:52:57.758571
2026042004004385,HURJA,25,7,85,272.0,23120.0,Sweta Securities Private Limited,J.F. Securites (PVT) Ltd.,2026-04-20 11:53:12.478985
2026042004004561,HURJA,64,49,50,272.5,13625.0,SUN SECURITIES PVT LTD,Online Securities Pvt. Ltd.,2026-04-20 11:55:08.969779
2026042004004581,HURJA,59,49,200,272.5,54500.0,Deevyaa Securities & Stock House Pvt. Ltd,Online Securities Pvt. Ltd.,2026-04-20 11:55:24.415156
2026042004004620,HURJA,8,49,500,272.5,136250.0,Brilliant Securities Pvt. Ltd.,Online Securities Pvt. Ltd.,2026-04-20 11:55:52.444008
2026042004004634,HURJA,7,49,297,272.5,80932.5,J.F. Securites (PVT) Ltd.,Online Securities Pvt. Ltd.,2026-04-20 11:56:11.565125
2026042004004842,HURJA,22,17,200,272.5,54500.0,Siprabi Securities Pvt. Ltd.,ABC Securities Private Limited,2026-04-20 11:58:44.578223
2026042004004843,HURJA,49,17,100,272.5,27250.0,Online Securities Pvt. Ltd.,ABC Securities Private Limited,2026-04-20 11:58:44.578575
2026042004004844,HURJA,65,17,150,272.2,40830.0,Sharepro Securities Private Limited,ABC Securities Private Limited,2026-04-20 11:58:44.578758
2026042004004845,HURJA,7,17,550,272.1,149655.0,J.F. Securites (PVT) Ltd.,ABC Securities Private Limited,2026-04-20 11:58:44.578935
2026042004004971,HURJA,7,26,153,272.1,41631.3,J.F. Securites (PVT) Ltd.,Asian Securities Private Ltd.,2026-04-20 12:00:08.680373
2026042004004972,HURJA,25,26,15,272.0,4080.0,Sweta Securities Private Limited,Asian Securities Private Ltd.,2026-04-20 12:00:08.680529
2026042004004973,HURJA,33,26,750,272.0,204000.0,Dakshinkali Investment & Securities Pvt. Ltd.,Asian Securities Private Ltd.,2026-04-20 12:00:08.680590
2026042004004974,HURJA,39,26,72,272.0,19584.0,Sumeru Securities Pvt. Ltd.,Asian Securities Private Ltd.,2026-04-20 12:00:08.680655
2026042004004975,HURJA,39,48,28,272.0,7616.0,Sumeru Securities Pvt. Ltd.,Trishakti Securities Public Limited,2026-04-20 12:00:09.025498
2026042004004976,HURJA,48,48,472,272.0,128384.0,Trishakti Securities Public Limited,Trishakti Securities Public Limited,2026-04-20 12:00:09.025659
2026042004004990,HURJA,48,26,10,272.0,2720.0,Trishakti Securities Public Limited,Asian Securities Private Ltd.,2026-04-20 12:00:23.430012
2026042004005183,HURJA,42,54,500,272.1,136050.0,Sani Securities Company Ltd.,Sewa Securities Pvt. Ltd.,2026-04-20 12:03:11.203218
2026042004005186,HURJA,42,64,500,272.1,136050.0,Sani Securities Company Ltd.,SUN SECURITIES PVT LTD,2026-04-20 12:03:16.505573
2026042004005187,HURJA,48,64,18,272.0,4896.0,Trishakti Securities Public Limited,SUN SECURITIES PVT LTD,2026-04-20 12:03:16.505774
2026042004005188,HURJA,49,64,100,272.0,27200.0,Online Securities Pvt. Ltd.,SUN SECURITIES PVT LTD,2026-04-20 12:03:16.505843
2026042004005189,HURJA,1,64,500,272.0,136000.0,Kumari Securities Private Limited,SUN SECURITIES PVT LTD,2026-04-20 12:03:16.505902
2026042004005190,HURJA,35,64,40,272.0,10880.0,Kohinoor Investment & Securities Pvt. Ltd.,SUN SECURITIES PVT LTD,2026-04-20 12:03:16.505963
2026042004005191,HURJA,49,64,377,272.0,102544.0,Online Securities Pvt. Ltd.,SUN SECURITIES PVT LTD,2026-04-20 12:03:16.506019
2026042004005192,HURJA,6,64,25,272.0,6800.0,Agrawal Securities (PVT) Ltd.,SUN SECURITIES PVT LTD,2026-04-20 12:03:16.506075
2026042004005212,HURJA,51,64,240,272.0,65280.0,Oxford Securities Pvt. Ltd.,SUN SECURITIES PVT LTD,2026-04-20 12:03:39.872180
2026042004005275,HURJA,51,6,260,272.2,70772.0,Oxford Securities Pvt. Ltd.,Agrawal Securities (PVT) Ltd.,2026-04-20 12:04:57.007963
2026042004005276,HURJA,4,6,200,271.6,54320.0,Opal Securities Investment (PVT) Ltd.,Agrawal Securities (PVT) Ltd.,2026-04-20 12:04:57.008049
2026042004005277,HURJA,40,6,500,271.2,135600.0,Creative Securities Pvt Ltd,Agrawal Securities (PVT) Ltd.,2026-04-20 12:04:57.008078
2026042004005278,HURJA,22,6,40,271.1,10844.0,Siprabi Securities Pvt. Ltd.,Agrawal Securities (PVT) Ltd.,2026-04-20 12:04:57.008101
2026042004005280,HURJA,22,4,500,271.1,135550.0,Siprabi Securities Pvt. Ltd.,Opal Securities Investment (PVT) Ltd.,2026-04-20 12:05:00.165968
2026042004005392,HURJA,8,26,500,271.2,135600.0,Brilliant Securities Pvt. Ltd.,Asian Securities Private Ltd.,2026-04-20 12:06:57.292638
2026042004005400,HURJA,19,26,398,271.2,107937.6,Nepal Investment And Securities Trading Private Limited,Asian Securities Private Ltd.,2026-04-20 12:07:05.404765
2026042004005542,HURJA,39,45,100,273.0,27300.0,Sumeru Securities Pvt. Ltd.,Imperial Securities Company Pvt. Ltd.,2026-04-20 12:09:45.884729
2026042004005681,HURJA,59,17,500,273.8,136900.0,Deevyaa Securities & Stock House Pvt. Ltd,ABC Securities Private Limited,2026-04-20 12:12:04.188765
2026042004005691,HURJA,60,58,10,273.5,2735.0,Nagarik Stock Dealer ,Naasa Securities Co. Ltd.,2026-04-20 12:12:21.015566
2026042004005906,HURJA,60,38,135,275.0,37125.0,Nagarik Stock Dealer ,Dipshikha Dhitopatra Karobar Co. Pvt Ltd.,2026-04-20 12:15:32.782850
2026042004005952,HURJA,29,75,20,274.0,5480.0,Trisul Securities & Invt. Ltd.,N.I.M.B. Stock Markets Limited,2026-04-20 12:16:09.713224
2026042004006008,HURJA,37,42,20,274.1,5482.0,Swarna Laxmi Securities Pvt. Ltd.,Sani Securities Company Ltd.,2026-04-20 12:16:55.252970
2026042004006102,HURJA,72,38,400,275.0,110000.0,Hatemalo Financial Services Private Limited,Dipshikha Dhitopatra Karobar Co. Pvt Ltd.,2026-04-20 12:18:19.676331
2026042004006178,HURJA,29,38,280,275.0,77000.0,Trisul Securities & Invt. Ltd.,Dipshikha Dhitopatra Karobar Co. Pvt Ltd.,2026-04-20 12:19:26.572550
2026042004006202,HURJA,41,38,400,275.0,110000.0,Linch Stock Market Ltd.,Dipshikha Dhitopatra Karobar Co. Pvt Ltd.,2026-04-20 12:19:48.122610
2026042004006278,HURJA,65,38,50,275.0,13750.0,Sharepro Securities Private Limited,Dipshikha Dhitopatra Karobar Co. Pvt Ltd.,2026-04-20 12:21:22.077216
2026042004006295,HURJA,5,25,500,274.5,137250.0,Market Securities & Exchange (PVT) Ltd.,Sweta Securities Private Limited,2026-04-20 12:21:38.852005
2026042004006296,HURJA,41,25,30,274.5,8235.0,Linch Stock Market Ltd.,Sweta Securities Private Limited,2026-04-20 12:21:38.852383
2026042004006303,HURJA,26,38,100,275.0,27500.0,Asian Securities Private Ltd.,Dipshikha Dhitopatra Karobar Co. Pvt Ltd.,2026-04-20 12:21:49.103269
2026042004006501,HURJA,41,45,125,274.5,34312.5,Linch Stock Market Ltd.,Imperial Securities Company Pvt. Ltd.,2026-04-20 12:24:53.195398
2026042004006502,HURJA,52,45,500,274.2,137100.0,Sundhara Securities Limited,Imperial Securities Company Pvt. Ltd.,2026-04-20 12:24:53.195581
2026042004006503,HURJA,37,45,280,274.1,76748.0,Swarna Laxmi Securities Pvt. Ltd.,Imperial Securities Company Pvt. Ltd.,2026-04-20 12:24:53.195676
2026042004006626,HURJA,41,41,100,273.5,27350.0,Linch Stock Market Ltd.,Linch Stock Market Ltd.,2026-04-20 12:26:36.463944
2026042004006627,HURJA,14,41,111,273.1,30314.1,Nepal Stock House (PVT) Ltd.,Linch Stock Market Ltd.,2026-04-20 12:26:36.464111
2026042004006628,HURJA,29,41,100,273.0,27300.0,Trisul Securities & Invt. Ltd.,Linch Stock Market Ltd.,2026-04-20 12:26:36.464195
2026042004006629,HURJA,49,41,189,273.0,51597.0,Online Securities Pvt. Ltd.,Linch Stock Market Ltd.,2026-04-20 12:26:36.464261
2026042004007065,HURJA,56,4,50,273.5,13675.0,Sri Hari Securities Pvt. Ltd.,Opal Securities Investment (PVT) Ltd.,2026-04-20 12:36:10.287778
2026042004007066,HURJA,57,4,450,273.2,122940.0,Aryatara Investment & Securities,Opal Securities Investment (PVT) Ltd.,2026-04-20 12:36:10.288197
2026042004007106,HURJA,14,29,255,273.8,69819.0,Nepal Stock House (PVT) Ltd.,Trisul Securities & Invt. Ltd.,2026-04-20 12:37:52.451123
2026042004007146,HURJA,26,29,45,273.8,12321.0,Asian Securities Private Ltd.,Trisul Securities & Invt. Ltd.,2026-04-20 12:38:41.637740
2026042004007195,HURJA,52,45,95,274.0,26030.0,Sundhara Securities Limited,Imperial Securities Company Pvt. Ltd.,2026-04-20 12:39:57.630246
2026042004007196,HURJA,52,17,105,274.0,28770.0,Sundhara Securities Limited,ABC Securities Private Limited,2026-04-20 12:39:57.630628
2026042004007210,HURJA,64,17,895,274.0,245230.0,SUN SECURITIES PVT LTD,ABC Securities Private Limited,2026-04-20 12:40:24.741549
2026042004007281,HURJA,64,58,1000,274.0,274000.0,SUN SECURITIES PVT LTD,Naasa Securities Co. Ltd.,2026-04-20 12:42:26.495616
2026042004007431,HURJA,14,16,115,274.0,31510.0,Nepal Stock House (PVT) Ltd.,Primo Securities (PVT) Ltd.,2026-04-20 12:46:00.890499
2026042004007434,HURJA,45,16,470,274.0,128780.0,Imperial Securities Company Pvt. Ltd.,Primo Securities (PVT) Ltd.,2026-04-20 12:46:22.568646
2026042004007476,HURJA,59,16,100,274.0,27400.0,Deevyaa Securities & Stock House Pvt. Ltd,Primo Securities (PVT) Ltd.,2026-04-20 12:47:29.264585
2026042004007521,HURJA,22,46,20,273.5,5470.0,Siprabi Securities Pvt. Ltd.,Kalika Securities Pvt. Ltd.,2026-04-20 12:48:13.256632
2026042004007529,HURJA,22,60,25,273.5,6837.5,Siprabi Securities Pvt. Ltd.,Nagarik Stock Dealer ,2026-04-20 12:48:21.127664
2026042004007530,HURJA,34,60,500,273.5,136750.0,Vision Securities Pvt. Ltd,Nagarik Stock Dealer ,2026-04-20 12:48:21.127914
2026042004007619,HURJA,57,46,300,273.3,81990.0,Aryatara Investment & Securities,Kalika Securities Pvt. Ltd.,2026-04-20 12:50:31.817013
2026042004007665,HURJA,57,60,50,273.2,13660.0,Aryatara Investment & Securities,Nagarik Stock Dealer ,2026-04-20 12:51:25.081950
2026042004007666,HURJA,41,60,185,273.1,50523.5,Linch Stock Market Ltd.,Nagarik Stock Dealer ,2026-04-20 12:51:25.082187
2026042004007667,HURJA,34,60,300,273.1,81930.0,Vision Securities Pvt. Ltd,Nagarik Stock Dealer ,2026-04-20 12:51:25.082269
2026042004007668,HURJA,37,60,300,273.1,81930.0,Swarna Laxmi Securities Pvt. Ltd.,Nagarik Stock Dealer ,2026-04-20 12:51:25.082356
2026042004007669,HURJA,49,60,311,273.0,84903.0,Online Securities Pvt. Ltd.,Nagarik Stock Dealer ,2026-04-20 12:51:25.082433
2026042004007670,HURJA,58,60,200,273.0,54600.0,Naasa Securities Co. Ltd.,Nagarik Stock Dealer ,2026-04-20 12:51:25.082550
2026042004007671,HURJA,43,60,300,273.0,81900.0,South Asian Bulls Pvt. Ltd.,Nagarik Stock Dealer ,2026-04-20 12:51:25.082624
2026042004007672,HURJA,34,60,500,273.0,136500.0,Vision Securities Pvt. Ltd,Nagarik Stock Dealer ,2026-04-20 12:51:25.082698
2026042004007673,HURJA,49,60,110,273.0,30030.0,Online Securities Pvt. Ltd.,Nagarik Stock Dealer ,2026-04-20 12:51:25.082773
2026042004007674,HURJA,13,60,800,273.0,218400.0,Thrive Brokerage House Pvt. Ltd,Nagarik Stock Dealer ,2026-04-20 12:51:25.082843
2026042004007675,HURJA,34,60,500,273.0,136500.0,Vision Securities Pvt. Ltd,Nagarik Stock Dealer ,2026-04-20 12:51:25.082915
2026042004007676,HURJA,52,60,200,273.0,54600.0,Sundhara Securities Limited,Nagarik Stock Dealer ,2026-04-20 12:51:25.082984
2026042004007703,HURJA,63,60,1719,273.0,469287.0,Himalayan Brokerage Company Limited,Nagarik Stock Dealer ,2026-04-20 12:51:48.784563
2026042004007852,HURJA,63,45,3000,273.0,819000.0,Himalayan Brokerage Company Limited,Imperial Securities Company Pvt. Ltd.,2026-04-20 12:55:04.701295
2026042004007885,HURJA,28,16,315,274.0,86310.0,Shree Krishna Securities Ltd.,Primo Securities (PVT) Ltd.,2026-04-20 12:55:36.381341
2026042004007943,HURJA,28,53,185,274.0,50690.0,Shree Krishna Securities Ltd.,Investment Management Nepal Pvt. Ltd.,2026-04-20 12:57:17.095706
2026042004007970,HURJA,63,38,40,273.0,10920.0,Himalayan Brokerage Company Limited,Dipshikha Dhitopatra Karobar Co. Pvt Ltd.,2026-04-20 12:57:44.135435
2026042004007988,HURJA,63,46,200,273.0,54600.0,Himalayan Brokerage Company Limited,Kalika Securities Pvt. Ltd.,2026-04-20 12:58:10.370111
2026042004008018,HURJA,28,53,100,274.0,27400.0,Shree Krishna Securities Ltd.,Investment Management Nepal Pvt. Ltd.,2026-04-20 12:59:01.065420
2026042004008021,HURJA,63,62,41,273.0,11193.0,Himalayan Brokerage Company Limited,Capital Max Securities Ltd,2026-04-20 12:59:02.784262
2026042004008052,HURJA,14,62,111,272.3,30225.3,Nepal Stock House (PVT) Ltd.,Capital Max Securities Ltd,2026-04-20 13:00:02.796611
2026042004008053,HURJA,41,62,155,272.1,42175.5,Linch Stock Market Ltd.,Capital Max Securities Ltd,2026-04-20 13:00:02.796981
2026042004008054,HURJA,34,62,303,272.0,82416.0,Vision Securities Pvt. Ltd,Capital Max Securities Ltd,2026-04-20 13:00:02.797214
2026042004008187,HURJA,58,51,10,272.2,2722.0,Naasa Securities Co. Ltd.,Oxford Securities Pvt. Ltd.,2026-04-20 13:02:56.473215
2026042004008188,HURJA,35,51,30,272.1,8163.0,Kohinoor Investment & Securities Pvt. Ltd.,Oxford Securities Pvt. Ltd.,2026-04-20 13:02:56.473332
2026042004008288,HURJA,44,22,500,273.0,136500.0,Dynamic Money Managers Securities Pvt. Ltd.,Siprabi Securities Pvt. Ltd.,2026-04-20 13:04:53.875530
2026042004008378,HURJA,28,14,100,272.3,27230.0,Shree Krishna Securities Ltd.,Nepal Stock House (PVT) Ltd.,2026-04-20 13:07:34.644772
2026042004008397,HURJA,44,14,500,272.3,136150.0,Dynamic Money Managers Securities Pvt. Ltd.,Nepal Stock House (PVT) Ltd.,2026-04-20 13:08:08.545989
2026042004008414,HURJA,34,14,97,272.3,26413.1,Vision Securities Pvt. Ltd,Nepal Stock House (PVT) Ltd.,2026-04-20 13:08:50.186014
2026042004008415,HURJA,51,14,180,272.3,49014.0,Oxford Securities Pvt. Ltd.,Nepal Stock House (PVT) Ltd.,2026-04-20 13:08:50.341495
2026042004008440,HURJA,41,46,36,272.2,9799.2,Linch Stock Market Ltd.,Kalika Securities Pvt. Ltd.,2026-04-20 13:09:14.057099
2026042004008441,HURJA,5,46,100,272.2,27220.0,Market Securities & Exchange (PVT) Ltd.,Kalika Securities Pvt. Ltd.,2026-04-20 13:09:14.057381
2026042004008497,HURJA,35,58,1081,272.1,294140.1,Kohinoor Investment & Securities Pvt. Ltd.,Naasa Securities Co. Ltd.,2026-04-20 13:10:30.716329
2026042004008498,HURJA,49,58,115,272.0,31280.0,Online Securities Pvt. Ltd.,Naasa Securities Co. Ltd.,2026-04-20 13:10:30.716551
2026042004008499,HURJA,6,58,500,272.0,136000.0,Agrawal Securities (PVT) Ltd.,Naasa Securities Co. Ltd.,2026-04-20 13:10:30.716646
2026042004008500,HURJA,6,58,544,272.0,147968.0,Agrawal Securities (PVT) Ltd.,Naasa Securities Co. Ltd.,2026-04-20 13:10:30.716731
2026042004008501,HURJA,58,58,34,272.0,9248.0,Naasa Securities Co. Ltd.,Naasa Securities Co. Ltd.,2026-04-20 13:10:30.716808
2026042004008502,HURJA,32,58,200,272.0,54400.0,Premier Securities Company Ltd.,Naasa Securities Co. Ltd.,2026-04-20 13:10:30.716889
2026042004008503,HURJA,58,58,10,272.0,2720.0,Naasa Securities Co. Ltd.,Naasa Securities Co. Ltd.,2026-04-20 13:10:30.716967
2026042004008504,HURJA,49,58,63,272.0,17136.0,Online Securities Pvt. Ltd.,Naasa Securities Co. Ltd.,2026-04-20 13:10:30.717044
2026042004008545,HURJA,6,58,25,272.0,6800.0,Agrawal Securities (PVT) Ltd.,Naasa Securities Co. Ltd.,2026-04-20 13:11:06.225719
2026042004008594,HURJA,58,58,100,272.0,27200.0,Naasa Securities Co. Ltd.,Naasa Securities Co. Ltd.,2026-04-20 13:12:16.400004
2026042004008631,HURJA,47,58,100,272.0,27200.0,Neev Securities Pvt. Ltd.,Naasa Securities Co. Ltd.,2026-04-20 13:12:53.578818
2026042004008656,HURJA,14,62,111,271.9,30180.9,Nepal Stock House (PVT) Ltd.,Capital Max Securities Ltd,2026-04-20 13:13:45.521658
2026042004008657,HURJA,32,62,1000,271.6,271600.0,Premier Securities Company Ltd.,Capital Max Securities Ltd,2026-04-20 13:13:45.521788
2026042004008658,HURJA,66,62,150,271.6,40740.0,Miyo Securities Pvt Ltd,Capital Max Securities Ltd,2026-04-20 13:13:45.521865
2026042004008659,HURJA,41,62,155,271.6,42098.0,Linch Stock Market Ltd.,Capital Max Securities Ltd,2026-04-20 13:13:45.521941
2026042004008660,HURJA,81,62,500,271.6,135800.0,Aakashbhairab Securities Ltd.,Capital Max Securities Ltd,2026-04-20 13:13:45.522010
2026042004008661,HURJA,77,62,1000,271.5,271500.0,Nabil Stock Dealer Ltd.,Capital Max Securities Ltd,2026-04-20 13:13:45.522083
2026042004008662,HURJA,59,62,200,271.5,54300.0,Deevyaa Securities & Stock House Pvt. Ltd,Capital Max Securities Ltd,2026-04-20 13:13:45.522155
2026042004008663,HURJA,44,62,1884,271.5,511506.0,Dynamic Money Managers Securities Pvt. Ltd.,Capital Max Securities Ltd,2026-04-20 13:13:45.522224
2026042004008672,HURJA,44,62,116,271.5,31494.0,Dynamic Money Managers Securities Pvt. Ltd.,Capital Max Securities Ltd,2026-04-20 13:13:54.951712
2026042004008673,HURJA,49,62,20,271.5,5430.0,Online Securities Pvt. Ltd.,Capital Max Securities Ltd,2026-04-20 13:13:54.951865
2026042004008674,HURJA,19,62,102,271.3,27672.6,Nepal Investment And Securities Trading Private Limited,Capital Max Securities Ltd,2026-04-20 13:13:54.951959
2026042004008675,HURJA,57,62,30,271.2,8136.0,Aryatara Investment & Securities,Capital Max Securities Ltd,2026-04-20 13:13:54.952017
2026042004008676,HURJA,22,62,460,271.1,124706.0,Siprabi Securities Pvt. Ltd.,Capital Max Securities Ltd,2026-04-20 13:13:54.952093
2026042004008677,HURJA,22,62,1000,271.1,271100.0,Siprabi Securities Pvt. Ltd.,Capital Max Securities Ltd,2026-04-20 13:13:54.952149
2026042004008678,HURJA,22,62,1000,271.1,271100.0,Siprabi Securities Pvt. Ltd.,Capital Max Securities Ltd,2026-04-20 13:13:54.952213
2026042004008679,HURJA,34,62,1000,271.1,271100.0,Vision Securities Pvt. Ltd,Capital Max Securities Ltd,2026-04-20 13:13:54.952273
2026042004008680,HURJA,49,62,60,271.0,16260.0,Online Securities Pvt. Ltd.,Capital Max Securities Ltd,2026-04-20 13:13:54.952404
2026042004008681,HURJA,28,62,76,271.0,20596.0,Shree Krishna Securities Ltd.,Capital Max Securities Ltd,2026-04-20 13:13:54.952478
2026042004008682,HURJA,42,62,50,271.0,13550.0,Sani Securities Company Ltd.,Capital Max Securities Ltd,2026-04-20 13:13:54.952540
2026042004008683,HURJA,44,62,200,271.0,54200.0,Dynamic Money Managers Securities Pvt. Ltd.,Capital Max Securities Ltd,2026-04-20 13:13:54.952685
2026042004008684,HURJA,38,62,70,271.0,18970.0,Dipshikha Dhitopatra Karobar Co. Pvt Ltd.,Capital Max Securities Ltd,2026-04-20 13:13:54.952771
2026042004008685,HURJA,52,62,100,271.0,27100.0,Sundhara Securities Limited,Capital Max Securities Ltd,2026-04-20 13:13:54.952838
2026042004008686,HURJA,16,62,10,271.0,2710.0,Primo Securities (PVT) Ltd.,Capital Max Securities Ltd,2026-04-20 13:13:54.952901
2026042004008687,HURJA,22,62,570,270.3,154071.0,Siprabi Securities Pvt. Ltd.,Capital Max Securities Ltd,2026-04-20 13:13:54.952965
2026042004008688,HURJA,32,62,136,270.1,36733.6,Premier Securities Company Ltd.,Capital Max Securities Ltd,2026-04-20 13:13:54.953031
2026042004008695,HURJA,51,58,100,271.0,27100.0,Oxford Securities Pvt. Ltd.,Naasa Securities Co. Ltd.,2026-04-20 13:14:08.056958
2026042004008703,HURJA,39,58,1898,271.0,514358.0,Sumeru Securities Pvt. Ltd.,Naasa Securities Co. Ltd.,2026-04-20 13:14:38.677614
2026042004008708,HURJA,39,46,10,271.0,2710.0,Sumeru Securities Pvt. Ltd.,Kalika Securities Pvt. Ltd.,2026-04-20 13:14:45.117774
2026042004008711,HURJA,39,4,92,271.0,24932.0,Sumeru Securities Pvt. Ltd.,Opal Securities Investment (PVT) Ltd.,2026-04-20 13:14:49.572067
2026042004008712,HURJA,45,4,110,270.2,29722.0,Imperial Securities Company Pvt. Ltd.,Opal Securities Investment (PVT) Ltd.,2026-04-20 13:14:49.572289
2026042004008713,HURJA,40,4,300,270.2,81060.0,Creative Securities Pvt Ltd,Opal Securities Investment (PVT) Ltd.,2026-04-20 13:14:49.572373
2026042004008714,HURJA,32,4,198,270.1,53479.8,Premier Securities Company Ltd.,Opal Securities Investment (PVT) Ltd.,2026-04-20 13:14:49.572447
2026042004008725,HURJA,32,17,100,270.1,27010.0,Premier Securities Company Ltd.,ABC Securities Private Limited,2026-04-20 13:15:14.497886
2026042004008765,HURJA,17,7,100,271.1,27110.0,ABC Securities Private Limited,J.F. Securites (PVT) Ltd.,2026-04-20 13:16:40.687281
2026042004008789,HURJA,36,58,10,271.0,2710.0,Secured Securities Ltd.,Naasa Securities Co. Ltd.,2026-04-20 13:17:19.880768
2026042004008796,HURJA,5,7,100,271.1,27110.0,Market Securities & Exchange (PVT) Ltd.,J.F. Securites (PVT) Ltd.,2026-04-20 13:17:34.102183
2026042004008981,HURJA,49,46,50,272.2,13610.0,Online Securities Pvt. Ltd.,Kalika Securities Pvt. Ltd.,2026-04-20 13:24:19.278369
2026042004009183,HURJA,43,46,200,272.2,54440.0,South Asian Bulls Pvt. Ltd.,Kalika Securities Pvt. Ltd.,2026-04-20 13:28:06.060582
2026042004009231,HURJA,57,46,40,272.2,10888.0,Aryatara Investment & Securities,Kalika Securities Pvt. Ltd.,2026-04-20 13:29:24.255556
2026042004009257,HURJA,41,14,25,271.5,6787.5,Linch Stock Market Ltd.,Nepal Stock House (PVT) Ltd.,2026-04-20 13:30:37.010370
2026042004009258,HURJA,57,14,200,271.4,54280.0,Aryatara Investment & Securities,Nepal Stock House (PVT) Ltd.,2026-04-20 13:30:37.010578
2026042004009259,HURJA,84,14,300,271.3,81390.0,MILKY WAY SHARE BROKER COMPANY LTD ,Nepal Stock House (PVT) Ltd.,2026-04-20 13:30:37.010664
2026042004009260,HURJA,36,14,5000,271.3,1356500.0,Secured Securities Ltd.,Nepal Stock House (PVT) Ltd.,2026-04-20 13:30:37.010746
2026042004009261,HURJA,95,14,1000,271.3,271300.0,Magnet Securities and Investment Company Private Limited,Nepal Stock House (PVT) Ltd.,2026-04-20 13:30:37.010828
2026042004009320,HURJA,64,46,1000,271.2,271200.0,SUN SECURITIES PVT LTD,Kalika Securities Pvt. Ltd.,2026-04-20 13:32:28.720754
2026042004009326,HURJA,34,14,375,271.3,101737.5,Vision Securities Pvt. Ltd,Nepal Stock House (PVT) Ltd.,2026-04-20 13:33:05.214166
2026042004009342,HURJA,34,22,125,271.3,33912.5,Vision Securities Pvt. Ltd,Siprabi Securities Pvt. Ltd.,2026-04-20 13:33:21.792717
2026042004009363,HURJA,13,22,100,271.2,27120.0,Thrive Brokerage House Pvt. Ltd,Siprabi Securities Pvt. Ltd.,2026-04-20 13:34:05.180995
2026042004009366,HURJA,14,22,110,271.2,29832.0,Nepal Stock House (PVT) Ltd.,Siprabi Securities Pvt. Ltd.,2026-04-20 13:34:16.806482
2026042004009397,HURJA,36,22,80,271.2,21696.0,Secured Securities Ltd.,Siprabi Securities Pvt. Ltd.,2026-04-20 13:35:19.569994
2026042004009400,HURJA,59,22,100,271.2,27120.0,Deevyaa Securities & Stock House Pvt. Ltd,Siprabi Securities Pvt. Ltd.,2026-04-20 13:35:21.146265
2026042004009458,HURJA,26,22,100,271.2,27120.0,Asian Securities Private Ltd.,Siprabi Securities Pvt. Ltd.,2026-04-20 13:36:26.633438
2026042004009475,HURJA,91,22,485,271.2,131532.0,Citizens Share Broker Limited,Siprabi Securities Pvt. Ltd.,2026-04-20 13:36:48.704999
2026042004009508,HURJA,45,58,86,272.0,23392.0,Imperial Securities Company Pvt. Ltd.,Naasa Securities Co. Ltd.,2026-04-20 13:38:02.668479
2026042004009533,HURJA,91,58,14,272.0,3808.0,Citizens Share Broker Limited,Naasa Securities Co. Ltd.,2026-04-20 13:38:38.557178
2026042004009566,HURJA,91,58,10,272.0,2720.0,Citizens Share Broker Limited,Naasa Securities Co. Ltd.,2026-04-20 13:38:58.792440
2026042004009567,HURJA,91,39,140,272.0,38080.0,Citizens Share Broker Limited,Sumeru Securities Pvt. Ltd.,2026-04-20 13:39:00.865356
2026042004009581,HURJA,58,46,12,272.2,3266.4,Naasa Securities Co. Ltd.,Kalika Securities Pvt. Ltd.,2026-04-20 13:39:13.355912
2026042004009591,HURJA,38,46,62,272.2,16876.4,Dipshikha Dhitopatra Karobar Co. Pvt Ltd.,Kalika Securities Pvt. Ltd.,2026-04-20 13:39:31.684833
2026042004009592,HURJA,38,26,138,272.2,37563.6,Dipshikha Dhitopatra Karobar Co. Pvt Ltd.,Asian Securities Private Ltd.,2026-04-20 13:39:31.685222
2026042004009796,HURJA,4,26,10,272.2,2722.0,Opal Securities Investment (PVT) Ltd.,Asian Securities Private Ltd.,2026-04-20 13:44:17.751417
2026042004009879,HURJA,4,7,10,272.1,2721.0,Opal Securities Investment (PVT) Ltd.,J.F. Securites (PVT) Ltd.,2026-04-20 13:47:21.422576
2026042004009880,HURJA,91,7,151,272.0,41072.0,Citizens Share Broker Limited,J.F. Securites (PVT) Ltd.,2026-04-20 13:47:21.422846
2026042004009881,HURJA,58,7,10,272.0,2720.0,Naasa Securities Co. Ltd.,J.F. Securites (PVT) Ltd.,2026-04-20 13:47:21.422940
2026042004009882,HURJA,42,7,185,272.0,50320.0,Sani Securities Company Ltd.,J.F. Securites (PVT) Ltd.,2026-04-20 13:47:21.423055
2026042004009883,HURJA,4,7,10,272.0,2720.0,Opal Securities Investment (PVT) Ltd.,J.F. Securites (PVT) Ltd.,2026-04-20 13:47:21.423183
2026042004009889,HURJA,8,7,100,271.1,27110.0,Brilliant Securities Pvt. Ltd.,J.F. Securites (PVT) Ltd.,2026-04-20 13:47:31.781567
2026042004009890,HURJA,39,7,20,271.0,5420.0,Sumeru Securities Pvt. Ltd.,J.F. Securites (PVT) Ltd.,2026-04-20 13:47:31.781945
2026042004009891,HURJA,6,7,14,271.0,3794.0,Agrawal Securities (PVT) Ltd.,J.F. Securites (PVT) Ltd.,2026-04-20 13:47:31.782190
2026042004009908,HURJA,80,49,40,272.0,10880.0,Indira securities pvt. ltd,Online Securities Pvt. Ltd.,2026-04-20 13:47:57.778623
2026042004009909,HURJA,80,34,200,272.0,54400.0,Indira securities pvt. ltd,Vision Securities Pvt. Ltd,2026-04-20 13:48:04.998205
2026042004009925,HURJA,65,26,100,272.2,27220.0,Sharepro Securities Private Limited,Asian Securities Private Ltd.,2026-04-20 13:48:35.743209
2026042004009956,HURJA,91,26,252,272.2,68594.4,Citizens Share Broker Limited,Asian Securities Private Ltd.,2026-04-20 13:49:27.226050
2026042004009957,HURJA,91,4,248,272.2,67505.6,Citizens Share Broker Limited,Opal Securities Investment (PVT) Ltd.,2026-04-20 13:49:27.226302
2026042004009973,HURJA,65,4,100,272.2,27220.0,Sharepro Securities Private Limited,Opal Securities Investment (PVT) Ltd.,2026-04-20 13:49:48.730405
2026042004010028,HURJA,52,4,100,272.2,27220.0,Sundhara Securities Limited,Opal Securities Investment (PVT) Ltd.,2026-04-20 13:51:23.283290
2026042004010064,HURJA,80,41,1000,272.0,272000.0,Indira securities pvt. ltd,Linch Stock Market Ltd.,2026-04-20 13:52:13.993330
2026042004010126,HURJA,58,4,52,272.2,14154.4,Naasa Securities Co. Ltd.,Opal Securities Investment (PVT) Ltd.,2026-04-20 13:53:20.376620
2026042004010127,HURJA,58,49,140,272.2,38108.0,Naasa Securities Co. Ltd.,Online Securities Pvt. Ltd.,2026-04-20 13:53:20.376864
2026042004010231,HURJA,99,14,123,272.3,33492.9,Prabhu Stock Market Limited,Nepal Stock House (PVT) Ltd.,2026-04-20 13:54:50.682480
2026042004010407,HURJA,99,64,300,272.3,81690.0,Prabhu Stock Market Limited,SUN SECURITIES PVT LTD,2026-04-20 13:58:57.313537
2026042004010748,HURJA,48,51,10,274.0,2740.0,Trishakti Securities Public Limited,Oxford Securities Pvt. Ltd.,2026-04-20 14:08:05.385287
2026042004010877,HURJA,38,51,1000,274.0,274000.0,Dipshikha Dhitopatra Karobar Co. Pvt Ltd.,Oxford Securities Pvt. Ltd.,2026-04-20 14:09:36.899881
2026042004010885,HURJA,1,51,400,274.0,109600.0,Kumari Securities Private Limited,Oxford Securities Pvt. Ltd.,2026-04-20 14:09:47.155325
2026042004010889,HURJA,38,72,100,273.5,27350.0,Dipshikha Dhitopatra Karobar Co. Pvt Ltd.,Hatemalo Financial Services Private Limited,2026-04-20 14:09:52.342383
2026042004010890,HURJA,21,72,740,273.0,202020.0,Midas Stock Broking Company Private Limited,Hatemalo Financial Services Private Limited,2026-04-20 14:09:52.342876
2026042004010892,HURJA,8,51,290,274.0,79460.0,Brilliant Securities Pvt. Ltd.,Oxford Securities Pvt. Ltd.,2026-04-20 14:09:54.499229
2026042004011389,HURJA,80,7,1390,274.8,381972.0,Indira securities pvt. ltd,J.F. Securites (PVT) Ltd.,2026-04-20 14:16:33.906951
2026042004011390,HURJA,80,68,370,274.9,101713.0,Indira securities pvt. ltd,Elite Stock House Limited,2026-04-20 14:16:33.907224
2026042004011481,HURJA,57,68,181,274.9,49756.9,Aryatara Investment & Securities,Elite Stock House Limited,2026-04-20 14:18:23.630955
2026042004011687,HURJA,38,68,100,274.9,27490.0,Dipshikha Dhitopatra Karobar Co. Pvt Ltd.,Elite Stock House Limited,2026-04-20 14:21:32.439472
2026042004011810,HURJA,25,39,17,274.8,4671.6,Sweta Securities Private Limited,Sumeru Securities Pvt. Ltd.,2026-04-20 14:23:04.021596
2026042004011811,HURJA,58,39,50,274.0,13700.0,Naasa Securities Co. Ltd.,Sumeru Securities Pvt. Ltd.,2026-04-20 14:23:04.021726
2026042004011812,HURJA,52,39,160,274.0,43840.0,Sundhara Securities Limited,Sumeru Securities Pvt. Ltd.,2026-04-20 14:23:04.021845
2026042004011813,HURJA,57,39,100,274.0,27400.0,Aryatara Investment & Securities,Sumeru Securities Pvt. Ltd.,2026-04-20 14:23:04.021917
2026042004011814,HURJA,11,39,50,274.0,13700.0,Malla & Malla Stock Broking Company Pvt. Limited,Sumeru Securities Pvt. Ltd.,2026-04-20 14:23:04.021998
2026042004011815,HURJA,40,39,500,274.0,137000.0,Creative Securities Pvt Ltd,Sumeru Securities Pvt. Ltd.,2026-04-20 14:23:04.022054
2026042004011816,HURJA,21,39,23,273.0,6279.0,Midas Stock Broking Company Private Limited,Sumeru Securities Pvt. Ltd.,2026-04-20 14:23:04.022108
2026042004012067,HURJA,21,39,37,273.0,10101.0,Midas Stock Broking Company Private Limited,Sumeru Securities Pvt. Ltd.,2026-04-20 14:25:35.121896
2026042004012068,HURJA,8,39,63,273.0,17199.0,Brilliant Securities Pvt. Ltd.,Sumeru Securities Pvt. Ltd.,2026-04-20 14:25:35.122107
2026042004012154,HURJA,52,80,46,273.0,12558.0,Sundhara Securities Limited,Indira securities pvt. ltd,2026-04-20 14:26:15.579798
2026042004012249,HURJA,52,58,54,273.0,14742.0,Sundhara Securities Limited,Naasa Securities Co. Ltd.,2026-04-20 14:27:10.367983
2026042004012356,HURJA,99,50,77,272.3,20967.1,Prabhu Stock Market Limited,Cristal Kanchanjanga Securites Pvt. Ltd.,2026-04-20 14:28:34.841685
2026042004012357,HURJA,4,50,10,272.2,2722.0,Opal Securities Investment (PVT) Ltd.,Cristal Kanchanjanga Securites Pvt. Ltd.,2026-04-20 14:28:34.841949
2026042004012358,HURJA,34,50,100,272.0,27200.0,Vision Securities Pvt. Ltd,Cristal Kanchanjanga Securites Pvt. Ltd.,2026-04-20 14:28:34.842063
2026042004012359,HURJA,6,50,13,272.0,3536.0,Agrawal Securities (PVT) Ltd.,Cristal Kanchanjanga Securites Pvt. Ltd.,2026-04-20 14:28:34.842158
2026042004012772,HURJA,8,49,40,272.1,10884.0,Brilliant Securities Pvt. Ltd.,Online Securities Pvt. Ltd.,2026-04-20 14:32:30.420193
2026042004012929,HURJA,74,58,100,273.0,27300.0,KALASH STOCK MARKET PVT. LTD.,Naasa Securities Co. Ltd.,2026-04-20 14:34:14.039927
2026042004012971,HURJA,74,58,16,273.0,4368.0,KALASH STOCK MARKET PVT. LTD.,Naasa Securities Co. Ltd.,2026-04-20 14:35:05.171070
2026042004013072,HURJA,74,38,84,273.0,22932.0,KALASH STOCK MARKET PVT. LTD.,Dipshikha Dhitopatra Karobar Co. Pvt Ltd.,2026-04-20 14:37:22.603494
2026042004013073,HURJA,56,38,416,272.5,113360.0,Sri Hari Securities Pvt. Ltd.,Dipshikha Dhitopatra Karobar Co. Pvt Ltd.,2026-04-20 14:37:22.603561
2026042004013382,HURJA,58,42,10,274.8,2748.0,Naasa Securities Co. Ltd.,Sani Securities Company Ltd.,2026-04-20 14:41:14.362571
2026042004013386,HURJA,49,44,500,272.7,136350.0,Online Securities Pvt. Ltd.,Dynamic Money Managers Securities Pvt. Ltd.,2026-04-20 14:41:24.574209
2026042004013387,HURJA,14,44,990,272.6,269874.0,Nepal Stock House (PVT) Ltd.,Dynamic Money Managers Securities Pvt. Ltd.,2026-04-20 14:41:24.574506
2026042004013388,HURJA,56,44,510,272.5,138975.0,Sri Hari Securities Pvt. Ltd.,Dynamic Money Managers Securities Pvt. Ltd.,2026-04-20 14:41:24.574620
2026042004013496,HURJA,8,14,107,273.0,29211.0,Brilliant Securities Pvt. Ltd.,Nepal Stock House (PVT) Ltd.,2026-04-20 14:43:23.480518
2026042004013497,HURJA,74,14,93,273.0,25389.0,KALASH STOCK MARKET PVT. LTD.,Nepal Stock House (PVT) Ltd.,2026-04-20 14:43:23.480831
2026042004013576,HURJA,35,43,20,273.1,5462.0,Kohinoor Investment & Securities Pvt. Ltd.,South Asian Bulls Pvt. Ltd.,2026-04-20 14:44:43.658448
2026042004013577,HURJA,35,43,200,272.6,54520.0,Kohinoor Investment & Securities Pvt. Ltd.,South Asian Bulls Pvt. Ltd.,2026-04-20 14:44:43.658695
2026042004013578,HURJA,56,43,74,272.5,20165.0,Sri Hari Securities Pvt. Ltd.,South Asian Bulls Pvt. Ltd.,2026-04-20 14:44:43.658796
2026042004013579,HURJA,58,43,50,272.5,13625.0,Naasa Securities Co. Ltd.,South Asian Bulls Pvt. Ltd.,2026-04-20 14:44:43.658896
2026042004013580,HURJA,50,43,200,272.3,54460.0,Cristal Kanchanjanga Securites Pvt. Ltd.,South Asian Bulls Pvt. Ltd.,2026-04-20 14:44:43.659025
2026042004013581,HURJA,57,43,64,272.3,17427.2,Aryatara Investment & Securities,South Asian Bulls Pvt. Ltd.,2026-04-20 14:44:43.659135
2026042004013582,HURJA,49,43,100,272.2,27220.0,Online Securities Pvt. Ltd.,South Asian Bulls Pvt. Ltd.,2026-04-20 14:44:43.659232
2026042004013583,HURJA,50,43,207,272.1,56324.7,Cristal Kanchanjanga Securites Pvt. Ltd.,South Asian Bulls Pvt. Ltd.,2026-04-20 14:44:43.659336
2026042004013584,HURJA,16,43,400,272.1,108840.0,Primo Securities (PVT) Ltd.,South Asian Bulls Pvt. Ltd.,2026-04-20 14:44:43.659432
2026042004013585,HURJA,6,43,12,272.0,3264.0,Agrawal Securities (PVT) Ltd.,South Asian Bulls Pvt. Ltd.,2026-04-20 14:44:43.659556
2026042004013586,HURJA,38,43,30,272.0,8160.0,Dipshikha Dhitopatra Karobar Co. Pvt Ltd.,South Asian Bulls Pvt. Ltd.,2026-04-20 14:44:43.659651
2026042004013587,HURJA,19,43,150,272.0,40800.0,Nepal Investment And Securities Trading Private Limited,South Asian Bulls Pvt. Ltd.,2026-04-20 14:44:43.659747
2026042004013588,HURJA,58,43,20,272.0,5440.0,Naasa Securities Co. Ltd.,South Asian Bulls Pvt. Ltd.,2026-04-20 14:44:43.659843
2026042004013589,HURJA,58,43,40,272.0,10880.0,Naasa Securities Co. Ltd.,South Asian Bulls Pvt. Ltd.,2026-04-20 14:44:43.659936
2026042004013590,HURJA,26,43,200,272.0,54400.0,Asian Securities Private Ltd.,South Asian Bulls Pvt. Ltd.,2026-04-20 14:44:43.660031
2026042004013591,HURJA,32,43,1000,272.0,272000.0,Premier Securities Company Ltd.,South Asian Bulls Pvt. Ltd.,2026-04-20 14:44:43.660132
2026042004013592,HURJA,38,43,300,272.0,81600.0,Dipshikha Dhitopatra Karobar Co. Pvt Ltd.,South Asian Bulls Pvt. Ltd.,2026-04-20 14:44:43.660226
2026042004013593,HURJA,38,43,100,272.0,27200.0,Dipshikha Dhitopatra Karobar Co. Pvt Ltd.,South Asian Bulls Pvt. Ltd.,2026-04-20 14:44:43.660323
2026042004013594,HURJA,6,43,25,272.0,6800.0,Agrawal Securities (PVT) Ltd.,South Asian Bulls Pvt. Ltd.,2026-04-20 14:44:43.660425
2026042004013595,HURJA,19,43,100,272.0,27200.0,Nepal Investment And Securities Trading Private Limited,South Asian Bulls Pvt. Ltd.,2026-04-20 14:44:43.660517
2026042004013596,HURJA,84,43,100,272.0,27200.0,MILKY WAY SHARE BROKER COMPANY LTD ,South Asian Bulls Pvt. Ltd.,2026-04-20 14:44:43.660610
2026042004013597,HURJA,17,43,100,271.1,27110.0,ABC Securities Private Limited,South Asian Bulls Pvt. Ltd.,2026-04-20 14:44:43.660705
2026042004013598,HURJA,21,43,1000,271.1,271100.0,Midas Stock Broking Company Private Limited,South Asian Bulls Pvt. Ltd.,2026-04-20 14:44:43.660800
2026042004013599,HURJA,38,43,1000,271.1,271100.0,Dipshikha Dhitopatra Karobar Co. Pvt Ltd.,South Asian Bulls Pvt. Ltd.,2026-04-20 14:44:43.660893
2026042004013600,HURJA,6,43,486,271.0,131706.0,Agrawal Securities (PVT) Ltd.,South Asian Bulls Pvt. Ltd.,2026-04-20 14:44:43.660987
2026042004013601,HURJA,4,43,10,271.0,2710.0,Opal Securities Investment (PVT) Ltd.,South Asian Bulls Pvt. Ltd.,2026-04-20 14:44:43.661082
2026042004013602,HURJA,58,43,20,271.0,5420.0,Naasa Securities Co. Ltd.,South Asian Bulls Pvt. Ltd.,2026-04-20 14:44:43.661174
2026042004013603,HURJA,32,43,500,271.0,135500.0,Premier Securities Company Ltd.,South Asian Bulls Pvt. Ltd.,2026-04-20 14:44:43.661267
2026042004013604,HURJA,54,43,200,271.0,54200.0,Sewa Securities Pvt. Ltd.,South Asian Bulls Pvt. Ltd.,2026-04-20 14:44:43.661363
2026042004013605,HURJA,62,43,350,271.0,94850.0,Capital Max Securities Ltd,South Asian Bulls Pvt. Ltd.,2026-04-20 14:44:43.661449
2026042004013606,HURJA,75,43,42,271.0,11382.0,N.I.M.B. Stock Markets Limited,South Asian Bulls Pvt. Ltd.,2026-04-20 14:44:43.661545
2026042004013772,HURJA,25,58,16,272.4,4358.4,Sweta Securities Private Limited,Naasa Securities Co. Ltd.,2026-04-20 14:46:28.722469
2026042004013773,HURJA,75,58,84,271.0,22764.0,N.I.M.B. Stock Markets Limited,Naasa Securities Co. Ltd.,2026-04-20 14:46:28.722780
2026042004013816,HURJA,69,47,10,273.9,2739.0,INDEX SECURITIES LIMITED,Neev Securities Pvt. Ltd.,2026-04-20 14:47:10.124284
2026042004014163,HURJA,35,50,50,272.0,13600.0,Kohinoor Investment & Securities Pvt. Ltd.,Cristal Kanchanjanga Securites Pvt. Ltd.,2026-04-20 14:50:22.183752
2026042004014164,HURJA,63,50,150,271.1,40665.0,Himalayan Brokerage Company Limited,Cristal Kanchanjanga Securites Pvt. Ltd.,2026-04-20 14:50:22.184046
2026042004014300,HURJA,53,6,250,271.3,67825.0,Investment Management Nepal Pvt. Ltd.,Agrawal Securities (PVT) Ltd.,2026-04-20 14:51:39.770329
2026042004014380,HURJA,49,36,25,272.4,6810.0,Online Securities Pvt. Ltd.,Secured Securities Ltd.,2026-04-20 14:52:09.263547
2026042004014407,HURJA,53,49,100,271.3,27130.0,Investment Management Nepal Pvt. Ltd.,Online Securities Pvt. Ltd.,2026-04-20 14:52:20.104092
2026042004014419,HURJA,74,11,300,271.3,81390.0,KALASH STOCK MARKET PVT. LTD.,Malla & Malla Stock Broking Company Pvt. Limited,2026-04-20 14:52:22.628338
2026042004014425,HURJA,1,36,250,272.4,68100.0,Kumari Securities Private Limited,Secured Securities Ltd.,2026-04-20 14:52:26.760380
2026042004014615,HURJA,65,19,50,271.3,13565.0,Sharepro Securities Private Limited,Nepal Investment And Securities Trading Private Limited,2026-04-20 14:53:21.317619
2026042004014616,HURJA,49,19,350,271.2,94920.0,Online Securities Pvt. Ltd.,Nepal Investment And Securities Trading Private Limited,2026-04-20 14:53:21.317890
2026042004014617,HURJA,50,19,50,271.2,13560.0,Cristal Kanchanjanga Securites Pvt. Ltd.,Nepal Investment And Securities Trading Private Limited,2026-04-20 14:53:21.318014
2026042004014618,HURJA,63,19,350,271.1,94885.0,Himalayan Brokerage Company Limited,Nepal Investment And Securities Trading Private Limited,2026-04-20 14:53:21.318122
2026042004014619,HURJA,41,19,185,271.1,50153.5,Linch Stock Market Ltd.,Nepal Investment And Securities Trading Private Limited,2026-04-20 14:53:21.318284
2026042004014620,HURJA,48,19,50,271.1,13555.0,Trishakti Securities Public Limited,Nepal Investment And Securities Trading Private Limited,2026-04-20 14:53:21.318400
2026042004014621,HURJA,75,19,374,271.0,101354.0,N.I.M.B. Stock Markets Limited,Nepal Investment And Securities Trading Private Limited,2026-04-20 14:53:21.318514
2026042004014622,HURJA,58,19,200,271.0,54200.0,Naasa Securities Co. Ltd.,Nepal Investment And Securities Trading Private Limited,2026-04-20 14:53:21.318620
2026042004014623,HURJA,6,19,25,271.0,6775.0,Agrawal Securities (PVT) Ltd.,Nepal Investment And Securities Trading Private Limited,2026-04-20 14:53:21.318752
2026042004014624,HURJA,36,19,1000,271.0,271000.0,Secured Securities Ltd.,Nepal Investment And Securities Trading Private Limited,2026-04-20 14:53:21.318856
2026042004014625,HURJA,49,19,500,270.7,135350.0,Online Securities Pvt. Ltd.,Nepal Investment And Securities Trading Private Limited,2026-04-20 14:53:21.318954
2026042004014626,HURJA,18,19,300,270.7,81210.0,Sagarmatha Securities Private Limited,Nepal Investment And Securities Trading Private Limited,2026-04-20 14:53:21.319068
2026042004014627,HURJA,59,19,100,270.7,27070.0,Deevyaa Securities & Stock House Pvt. Ltd,Nepal Investment And Securities Trading Private Limited,2026-04-20 14:53:21.319207
2026042004014628,HURJA,57,19,40,270.6,10824.0,Aryatara Investment & Securities,Nepal Investment And Securities Trading Private Limited,2026-04-20 14:53:21.319337
2026042004014629,HURJA,56,19,1000,270.6,270600.0,Sri Hari Securities Pvt. Ltd.,Nepal Investment And Securities Trading Private Limited,2026-04-20 14:53:21.319502
2026042004014630,HURJA,54,19,300,270.5,81150.0,Sewa Securities Pvt. Ltd.,Nepal Investment And Securities Trading Private Limited,2026-04-20 14:53:21.319607
2026042004014631,HURJA,4,19,126,270.5,34083.0,Opal Securities Investment (PVT) Ltd.,Nepal Investment And Securities Trading Private Limited,2026-04-20 14:53:21.319705
2026042004014757,HURJA,37,36,300,271.1,81330.0,Swarna Laxmi Securities Pvt. Ltd.,Secured Securities Ltd.,2026-04-20 14:54:04.912612
2026042004014758,HURJA,53,36,425,271.0,115175.0,Investment Management Nepal Pvt. Ltd.,Secured Securities Ltd.,2026-04-20 14:54:04.912906
2026042004014790,HURJA,53,98,1575,271.0,426825.0,Investment Management Nepal Pvt. Ltd.,Trademow Securities Private Limited,2026-04-20 14:54:12.613245
2026042004014817,HURJA,33,98,100,271.0,27100.0,Dakshinkali Investment & Securities Pvt. Ltd.,Trademow Securities Private Limited,2026-04-20 14:54:25.389714
2026042004014852,HURJA,42,98,825,271.0,223575.0,Sani Securities Company Ltd.,Trademow Securities Private Limited,2026-04-20 14:54:33.626138
2026042004014893,HURJA,33,66,50,270.6,13530.0,Dakshinkali Investment & Securities Pvt. Ltd.,Miyo Securities Pvt Ltd,2026-04-20 14:54:49.277409
2026042004014894,HURJA,4,66,4950,270.5,1338975.0,Opal Securities Investment (PVT) Ltd.,Miyo Securities Pvt Ltd,2026-04-20 14:54:49.277676
2026042004014952,HURJA,14,45,400,272.0,108800.0,Nepal Stock House (PVT) Ltd.,Imperial Securities Company Pvt. Ltd.,2026-04-20 14:55:16.622002
2026042004015085,HURJA,74,59,100,272.5,27250.0,KALASH STOCK MARKET PVT. LTD.,Deevyaa Securities & Stock House Pvt. Ltd,2026-04-20 14:55:50.429390
2026042004015108,HURJA,14,47,90,272.0,24480.0,Nepal Stock House (PVT) Ltd.,Neev Securities Pvt. Ltd.,2026-04-20 14:55:54.240300
2026042004015124,HURJA,53,59,900,272.5,245250.0,Investment Management Nepal Pvt. Ltd.,Deevyaa Securities & Stock House Pvt. Ltd,2026-04-20 14:56:03.082402
2026042004015125,HURJA,53,42,30,272.5,8175.0,Investment Management Nepal Pvt. Ltd.,Sani Securities Company Ltd.,2026-04-20 14:56:03.082643
2026042004015126,HURJA,53,45,570,273.0,155610.0,Investment Management Nepal Pvt. Ltd.,Imperial Securities Company Pvt. Ltd.,2026-04-20 14:56:03.082751
2026042004015206,HURJA,44,45,250,273.0,68250.0,Dynamic Money Managers Securities Pvt. Ltd.,Imperial Securities Company Pvt. Ltd.,2026-04-20 14:56:20.119982
2026042004015451,HURJA,14,6,300,272.0,81600.0,Nepal Stock House (PVT) Ltd.,Agrawal Securities (PVT) Ltd.,2026-04-20 14:57:20.252434
2026042004015597,HURJA,14,19,90,272.0,24480.0,Nepal Stock House (PVT) Ltd.,Nepal Investment And Securities Trading Private Limited,2026-04-20 14:57:49.509616
2026042004015723,HURJA,14,44,120,272.0,32640.0,Nepal Stock House (PVT) Ltd.,Dynamic Money Managers Securities Pvt. Ltd.,2026-04-20 14:58:20.789445
2026042004015724,HURJA,17,44,10,272.0,2720.0,ABC Securities Private Limited,Dynamic Money Managers Securities Pvt. Ltd.,2026-04-20 14:58:20.789753
2026042004015725,HURJA,19,44,100,272.0,27200.0,Nepal Investment And Securities Trading Private Limited,Dynamic Money Managers Securities Pvt. Ltd.,2026-04-20 14:58:20.789861
2026042004015771,HURJA,74,44,30,272.0,8160.0,KALASH STOCK MARKET PVT. LTD.,Dynamic Money Managers Securities Pvt. Ltd.,2026-04-20 14:58:32.670692
2026042004016012,HURJA,57,63,500,271.0,135500.0,Aryatara Investment & Securities,Himalayan Brokerage Company Limited,2026-04-20 14:58:58.765255
2026042004016013,HURJA,57,63,1000,271.0,271000.0,Aryatara Investment & Securities,Himalayan Brokerage Company Limited,2026-04-20 14:58:58.765331
2026042004016014,HURJA,14,63,50,271.0,13550.0,Nepal Stock House (PVT) Ltd.,Himalayan Brokerage Company Limited,2026-04-20 14:58:58.765374
2026042004016015,HURJA,65,63,50,271.0,13550.0,Sharepro Securities Private Limited,Himalayan Brokerage Company Limited,2026-04-20 14:58:58.765419
2026042004016016,HURJA,49,63,735,271.0,199185.0,Online Securities Pvt. Ltd.,Himalayan Brokerage Company Limited,2026-04-20 14:58:58.765446
2026042004016017,HURJA,6,63,25,271.0,6775.0,Agrawal Securities (PVT) Ltd.,Himalayan Brokerage Company Limited,2026-04-20 14:58:58.765478
2026042004016018,HURJA,37,63,2000,271.0,542000.0,Swarna Laxmi Securities Pvt. Ltd.,Himalayan Brokerage Company Limited,2026-04-20 14:58:58.765505
2026042004016019,HURJA,62,63,200,270.6,54120.0,Capital Max Securities Ltd,Himalayan Brokerage Company Limited,2026-04-20 14:58:58.765539
2026042004016020,HURJA,54,63,500,270.6,135300.0,Sewa Securities Pvt. Ltd.,Himalayan Brokerage Company Limited,2026-04-20 14:58:58.765565
2026042004016021,HURJA,59,63,100,270.6,27060.0,Deevyaa Securities & Stock House Pvt. Ltd,Himalayan Brokerage Company Limited,2026-04-20 14:58:58.765592
2026042004016022,HURJA,49,63,10,270.6,2706.0,Online Securities Pvt. Ltd.,Himalayan Brokerage Company Limited,2026-04-20 14:58:58.765621
2026042004016023,HURJA,4,63,4830,270.5,1306515.0,Opal Securities Investment (PVT) Ltd.,Himalayan Brokerage Company Limited,2026-04-20 14:58:58.765649
2026042004016105,HURJA,4,47,94,270.5,25427.0,Opal Securities Investment (PVT) Ltd.,Neev Securities Pvt. Ltd.,2026-04-20 14:59:10.608551
2026042004016244,HURJA,45,47,56,270.5,15148.0,Imperial Securities Company Pvt. Ltd.,Neev Securities Pvt. Ltd.,2026-04-20 14:59:29.661160
2026042004016643,HURJA,65,44,11,272.0,2992.0,Sharepro Securities Private Limited,Dynamic Money Managers Securities Pvt. Ltd.,2026-04-20 14:59:59.901809
2026042004016644,HURJA,65,52,389,272.0,105808.0,Sharepro Securities Private Limited,Sundhara Securities Limited,2026-04-20 14:59:59.902007
