contractId,stockSymbol,buyerMemberId,sellerMemberId,quantity,rate,amount,businessDate,tradeBookId,stockId,buyerBrokerName,sellerBrokerName,transaction_time,securityName
2026042004000076,JOSHI,53,25,100,295.0,29500.0,2026-04-20,186948681,2789,Investment Management Nepal Pvt. Ltd.,Sweta Securities Private Limited,2026-04-20 11:00:11.624789,Joshi Hydropower Development Company Ltd
2026042004000294,JOSHI,17,41,500,300.0,150000.0,2026-04-20,186957148,2789,ABC Securities Private Limited,Linch Stock Market Ltd.,2026-04-20 11:04:33.806967,Joshi Hydropower Development Company Ltd
2026042004000355,JOSHI,86,41,100,300.0,30000.0,2026-04-20,186959021,2789,Stoxkarts Securities Limited,Linch Stock Market Ltd.,2026-04-20 11:05:42.603193,Joshi Hydropower Development Company Ltd
2026042004000363,JOSHI,86,41,770,300.0,231000.0,2026-04-20,186959237,2789,Stoxkarts Securities Limited,Linch Stock Market Ltd.,2026-04-20 11:05:51.903532,Joshi Hydropower Development Company Ltd
2026042004000378,JOSHI,86,34,400,300.0,120000.0,2026-04-20,186959779,2789,Stoxkarts Securities Limited,Vision Securities Pvt. Ltd,2026-04-20 11:06:09.864920,Joshi Hydropower Development Company Ltd
2026042004000380,JOSHI,86,11,230,300.0,69000.0,2026-04-20,186959816,2789,Stoxkarts Securities Limited,Malla & Malla Stock Broking Company Pvt. Limited,2026-04-20 11:06:11.724821,Joshi Hydropower Development Company Ltd
2026042004000381,JOSHI,14,11,200,300.0,60000.0,2026-04-20,186959862,2789,Nepal Stock House (PVT) Ltd.,Malla & Malla Stock Broking Company Pvt. Limited,2026-04-20 11:06:13.634755,Joshi Hydropower Development Company Ltd
2026042004000383,JOSHI,59,11,100,300.0,30000.0,2026-04-20,186959970,2789,Deevyaa Securities & Stock House Pvt. Ltd,Malla & Malla Stock Broking Company Pvt. Limited,2026-04-20 11:06:16.552953,Joshi Hydropower Development Company Ltd
2026042004000475,JOSHI,57,59,20,300.0,6000.0,2026-04-20,186962174,2789,Aryatara Investment & Securities,Deevyaa Securities & Stock House Pvt. Ltd,2026-04-20 11:07:22.879534,Joshi Hydropower Development Company Ltd
2026042004000704,JOSHI,45,11,50,299.9,14995.0,2026-04-20,186966557,2789,Imperial Securities Company Pvt. Ltd.,Malla & Malla Stock Broking Company Pvt. Limited,2026-04-20 11:09:32.207521,Joshi Hydropower Development Company Ltd
2026042004000705,JOSHI,45,41,250,299.9,74975.0,2026-04-20,186966560,2789,Imperial Securities Company Pvt. Ltd.,Linch Stock Market Ltd.,2026-04-20 11:09:32.207584,Joshi Hydropower Development Company Ltd
2026042004000728,JOSHI,96,41,20,299.9,5998.0,2026-04-20,186966860,2789,Himalayan Securities Limited,Linch Stock Market Ltd.,2026-04-20 11:09:39.462930,Joshi Hydropower Development Company Ltd
2026042004000966,JOSHI,58,58,15,299.6,4494.0,2026-04-20,186971926,2789,Naasa Securities Co. Ltd.,Naasa Securities Co. Ltd.,2026-04-20 11:12:26.479413,Joshi Hydropower Development Company Ltd
2026042004001029,JOSHI,42,39,303,298.0,90294.0,2026-04-20,186973401,2789,Sani Securities Company Ltd.,Sumeru Securities Pvt. Ltd.,2026-04-20 11:13:13.147302,Joshi Hydropower Development Company Ltd
2026042004001062,JOSHI,42,19,250,298.0,74500.0,2026-04-20,186973949,2789,Sani Securities Company Ltd.,Nepal Investment And Securities Trading Private Limited,2026-04-20 11:13:33.845754,Joshi Hydropower Development Company Ltd
2026042004001064,JOSHI,42,58,10,298.0,2980.0,2026-04-20,186974049,2789,Sani Securities Company Ltd.,Naasa Securities Co. Ltd.,2026-04-20 11:13:37.783508,Joshi Hydropower Development Company Ltd
2026042004001067,JOSHI,42,43,97,298.0,28906.0,2026-04-20,186974162,2789,Sani Securities Company Ltd.,South Asian Bulls Pvt. Ltd.,2026-04-20 11:13:39.282700,Joshi Hydropower Development Company Ltd
2026042004001147,JOSHI,17,49,500,296.0,148000.0,2026-04-20,186975360,2789,ABC Securities Private Limited,Online Securities Pvt. Ltd.,2026-04-20 11:14:22.613424,Joshi Hydropower Development Company Ltd
2026042004001148,JOSHI,57,49,2000,296.0,592000.0,2026-04-20,186975361,2789,Aryatara Investment & Securities,Online Securities Pvt. Ltd.,2026-04-20 11:14:22.613566,Joshi Hydropower Development Company Ltd
2026042004001153,JOSHI,49,38,450,296.0,133200.0,2026-04-20,186975712,2789,Online Securities Pvt. Ltd.,Dipshikha Dhitopatra Karobar Co. Pvt Ltd.,2026-04-20 11:14:27.931703,Joshi Hydropower Development Company Ltd
2026042004001216,JOSHI,41,38,10,297.8,2978.0,2026-04-20,186977622,2789,Linch Stock Market Ltd.,Dipshikha Dhitopatra Karobar Co. Pvt Ltd.,2026-04-20 11:15:16.505416,Joshi Hydropower Development Company Ltd
2026042004001359,JOSHI,34,32,101,296.0,29896.0,2026-04-20,186981406,2789,Vision Securities Pvt. Ltd,Premier Securities Company Ltd.,2026-04-20 11:17:18.317962,Joshi Hydropower Development Company Ltd
2026042004001360,JOSHI,21,32,174,296.0,51504.0,2026-04-20,186981407,2789,Midas Stock Broking Company Private Limited,Premier Securities Company Ltd.,2026-04-20 11:17:18.318064,Joshi Hydropower Development Company Ltd
2026042004001393,JOSHI,21,51,26,296.0,7696.0,2026-04-20,186982104,2789,Midas Stock Broking Company Private Limited,Oxford Securities Pvt. Ltd.,2026-04-20 11:17:44.955993,Joshi Hydropower Development Company Ltd
2026042004001402,JOSHI,32,36,1000,296.0,296000.0,2026-04-20,186982397,2789,Premier Securities Company Ltd.,Secured Securities Ltd.,2026-04-20 11:17:53.766837,Joshi Hydropower Development Company Ltd
2026042004001622,JOSHI,33,43,100,295.1,29510.0,2026-04-20,186985778,2789,Dakshinkali Investment & Securities Pvt. Ltd.,South Asian Bulls Pvt. Ltd.,2026-04-20 11:19:18.506400,Joshi Hydropower Development Company Ltd
2026042004001623,JOSHI,58,41,53,296.0,15688.0,2026-04-20,186985805,2789,Naasa Securities Co. Ltd.,Linch Stock Market Ltd.,2026-04-20 11:19:20.127014,Joshi Hydropower Development Company Ltd
2026042004001764,JOSHI,58,41,100,296.0,29600.0,2026-04-20,186990442,2789,Naasa Securities Co. Ltd.,Linch Stock Market Ltd.,2026-04-20 11:21:54.266467,Joshi Hydropower Development Company Ltd
2026042004001819,JOSHI,58,41,50,296.0,14800.0,2026-04-20,186991972,2789,Naasa Securities Co. Ltd.,Linch Stock Market Ltd.,2026-04-20 11:22:49.315786,Joshi Hydropower Development Company Ltd
2026042004001843,JOSHI,57,41,10,296.0,2960.0,2026-04-20,186992414,2789,Aryatara Investment & Securities,Linch Stock Market Ltd.,2026-04-20 11:23:10.729660,Joshi Hydropower Development Company Ltd
2026042004001896,JOSHI,17,41,17,296.0,5032.0,2026-04-20,186993515,2789,ABC Securities Private Limited,Linch Stock Market Ltd.,2026-04-20 11:23:51.285078,Joshi Hydropower Development Company Ltd
2026042004001897,JOSHI,17,49,33,296.0,9768.0,2026-04-20,186993518,2789,ABC Securities Private Limited,Online Securities Pvt. Ltd.,2026-04-20 11:23:51.285194,Joshi Hydropower Development Company Ltd
2026042004002058,JOSHI,58,49,20,296.0,5920.0,2026-04-20,186997034,2789,Naasa Securities Co. Ltd.,Online Securities Pvt. Ltd.,2026-04-20 11:26:25.773975,Joshi Hydropower Development Company Ltd
2026042004002503,JOSHI,53,49,50,296.0,14800.0,2026-04-20,187005112,2789,Investment Management Nepal Pvt. Ltd.,Online Securities Pvt. Ltd.,2026-04-20 11:32:51.958175,Joshi Hydropower Development Company Ltd
2026042004002529,JOSHI,36,49,97,296.0,28712.0,2026-04-20,187005581,2789,Secured Securities Ltd.,Online Securities Pvt. Ltd.,2026-04-20 11:33:12.241153,Joshi Hydropower Development Company Ltd
2026042004002530,JOSHI,36,49,250,297.5,74375.0,2026-04-20,187005583,2789,Secured Securities Ltd.,Online Securities Pvt. Ltd.,2026-04-20 11:33:12.241286,Joshi Hydropower Development Company Ltd
2026042004002531,JOSHI,36,38,240,297.8,71472.0,2026-04-20,187005585,2789,Secured Securities Ltd.,Dipshikha Dhitopatra Karobar Co. Pvt Ltd.,2026-04-20 11:33:12.241353,Joshi Hydropower Development Company Ltd
2026042004002532,JOSHI,36,34,500,297.9,148950.0,2026-04-20,187005587,2789,Secured Securities Ltd.,Vision Securities Pvt. Ltd,2026-04-20 11:33:12.241398,Joshi Hydropower Development Company Ltd
2026042004002533,JOSHI,36,39,200,298.0,59600.0,2026-04-20,187005589,2789,Secured Securities Ltd.,Sumeru Securities Pvt. Ltd.,2026-04-20 11:33:12.241465,Joshi Hydropower Development Company Ltd
2026042004002534,JOSHI,36,49,700,298.0,208600.0,2026-04-20,187005591,2789,Secured Securities Ltd.,Online Securities Pvt. Ltd.,2026-04-20 11:33:12.241515,Joshi Hydropower Development Company Ltd
2026042004002535,JOSHI,36,48,500,298.0,149000.0,2026-04-20,187005593,2789,Secured Securities Ltd.,Trishakti Securities Public Limited,2026-04-20 11:33:12.241562,Joshi Hydropower Development Company Ltd
2026042004002536,JOSHI,36,34,150,299.0,44850.0,2026-04-20,187005595,2789,Secured Securities Ltd.,Vision Securities Pvt. Ltd,2026-04-20 11:33:12.241608,Joshi Hydropower Development Company Ltd
2026042004002537,JOSHI,36,34,200,299.4,59880.0,2026-04-20,187005597,2789,Secured Securities Ltd.,Vision Securities Pvt. Ltd,2026-04-20 11:33:12.241656,Joshi Hydropower Development Company Ltd
2026042004002538,JOSHI,36,41,730,299.5,218635.0,2026-04-20,187005599,2789,Secured Securities Ltd.,Linch Stock Market Ltd.,2026-04-20 11:33:12.241697,Joshi Hydropower Development Company Ltd
2026042004002539,JOSHI,36,11,50,299.8,14990.0,2026-04-20,187005601,2789,Secured Securities Ltd.,Malla & Malla Stock Broking Company Pvt. Limited,2026-04-20 11:33:12.241742,Joshi Hydropower Development Company Ltd
2026042004002540,JOSHI,36,53,683,299.9,204831.7,2026-04-20,187005604,2789,Secured Securities Ltd.,Investment Management Nepal Pvt. Ltd.,2026-04-20 11:33:12.241784,Joshi Hydropower Development Company Ltd
2026042004002543,JOSHI,58,58,17,295.0,5015.0,2026-04-20,187005633,2789,Naasa Securities Co. Ltd.,Naasa Securities Co. Ltd.,2026-04-20 11:33:14.832703,Joshi Hydropower Development Company Ltd
2026042004002857,JOSHI,36,89,35,299.1,10468.5,2026-04-20,187009181,2789,Secured Securities Ltd.,Global IME Securities Limited,2026-04-20 11:36:09.749525,Joshi Hydropower Development Company Ltd
2026042004002858,JOSHI,36,11,50,299.8,14990.0,2026-04-20,187009184,2789,Secured Securities Ltd.,Malla & Malla Stock Broking Company Pvt. Limited,2026-04-20 11:36:09.749657,Joshi Hydropower Development Company Ltd
2026042004002955,JOSHI,4,41,100,299.8,29980.0,2026-04-20,187010158,2789,Opal Securities Investment (PVT) Ltd.,Linch Stock Market Ltd.,2026-04-20 11:36:46.704015,Joshi Hydropower Development Company Ltd
2026042004003006,JOSHI,35,33,30,299.0,8970.0,2026-04-20,187010911,2789,Kohinoor Investment & Securities Pvt. Ltd.,Dakshinkali Investment & Securities Pvt. Ltd.,2026-04-20 11:37:13.760031,Joshi Hydropower Development Company Ltd
2026042004003147,JOSHI,38,49,10,299.0,2990.0,2026-04-20,187012808,2789,Dipshikha Dhitopatra Karobar Co. Pvt Ltd.,Online Securities Pvt. Ltd.,2026-04-20 11:38:48.571805,Joshi Hydropower Development Company Ltd
2026042004003235,JOSHI,58,45,20,299.0,5980.0,2026-04-20,187014198,2789,Naasa Securities Co. Ltd.,Imperial Securities Company Pvt. Ltd.,2026-04-20 11:40:04.079650,Joshi Hydropower Development Company Ltd
2026042004003799,JOSHI,45,62,10,297.0,2970.0,2026-04-20,187022826,2789,Imperial Securities Company Pvt. Ltd.,Capital Max Securities Ltd,2026-04-20 11:47:07.540679,Joshi Hydropower Development Company Ltd
2026042004003800,JOSHI,33,62,100,295.1,29510.0,2026-04-20,187022828,2789,Dakshinkali Investment & Securities Pvt. Ltd.,Capital Max Securities Ltd,2026-04-20 11:47:07.540825,Joshi Hydropower Development Company Ltd
2026042004003801,JOSHI,58,62,28,295.0,8260.0,2026-04-20,187022830,2789,Naasa Securities Co. Ltd.,Capital Max Securities Ltd,2026-04-20 11:47:07.540878,Joshi Hydropower Development Company Ltd
2026042004003802,JOSHI,35,62,17,295.0,5015.0,2026-04-20,187022832,2789,Kohinoor Investment & Securities Pvt. Ltd.,Capital Max Securities Ltd,2026-04-20 11:47:07.540930,Joshi Hydropower Development Company Ltd
2026042004003803,JOSHI,41,62,10,295.0,2950.0,2026-04-20,187022834,2789,Linch Stock Market Ltd.,Capital Max Securities Ltd,2026-04-20 11:47:07.541007,Joshi Hydropower Development Company Ltd
2026042004003804,JOSHI,42,62,170,295.0,50150.0,2026-04-20,187022836,2789,Sani Securities Company Ltd.,Capital Max Securities Ltd,2026-04-20 11:47:07.541052,Joshi Hydropower Development Company Ltd
2026042004003805,JOSHI,51,62,500,295.0,147500.0,2026-04-20,187022838,2789,Oxford Securities Pvt. Ltd.,Capital Max Securities Ltd,2026-04-20 11:47:07.541099,Joshi Hydropower Development Company Ltd
2026042004003806,JOSHI,35,62,20,295.0,5900.0,2026-04-20,187022840,2789,Kohinoor Investment & Securities Pvt. Ltd.,Capital Max Securities Ltd,2026-04-20 11:47:07.541145,Joshi Hydropower Development Company Ltd
2026042004003807,JOSHI,4,62,145,295.0,42775.0,2026-04-20,187022842,2789,Opal Securities Investment (PVT) Ltd.,Capital Max Securities Ltd,2026-04-20 11:47:07.541191,Joshi Hydropower Development Company Ltd
2026042004003808,JOSHI,58,62,15,295.0,4425.0,2026-04-20,187022844,2789,Naasa Securities Co. Ltd.,Capital Max Securities Ltd,2026-04-20 11:47:07.541242,Joshi Hydropower Development Company Ltd
2026042004003930,JOSHI,29,62,175,295.0,51625.0,2026-04-20,187024574,2789,Trisul Securities & Invt. Ltd.,Capital Max Securities Ltd,2026-04-20 11:48:30.230174,Joshi Hydropower Development Company Ltd
2026042004004108,JOSHI,58,62,40,293.0,11720.0,2026-04-20,187026938,2789,Naasa Securities Co. Ltd.,Capital Max Securities Ltd,2026-04-20 11:50:31.858875,Joshi Hydropower Development Company Ltd
2026042004004109,JOSHI,37,62,270,292.2,78894.0,2026-04-20,187026939,2789,Swarna Laxmi Securities Pvt. Ltd.,Capital Max Securities Ltd,2026-04-20 11:50:31.859021,Joshi Hydropower Development Company Ltd
2026042004004510,JOSHI,58,38,20,293.8,5876.0,2026-04-20,187032198,2789,Naasa Securities Co. Ltd.,Dipshikha Dhitopatra Karobar Co. Pvt Ltd.,2026-04-20 11:54:39.018209,Joshi Hydropower Development Company Ltd
2026042004004583,JOSHI,41,38,13,293.8,3819.4,2026-04-20,187033429,2789,Linch Stock Market Ltd.,Dipshikha Dhitopatra Karobar Co. Pvt Ltd.,2026-04-20 11:55:30.080539,Joshi Hydropower Development Company Ltd
2026042004004584,JOSHI,41,57,10,298.0,2980.0,2026-04-20,187033432,2789,Linch Stock Market Ltd.,Aryatara Investment & Securities,2026-04-20 11:55:30.080694,Joshi Hydropower Development Company Ltd
2026042004004645,JOSHI,17,14,13,293.0,3809.0,2026-04-20,187034449,2789,ABC Securities Private Limited,Nepal Stock House (PVT) Ltd.,2026-04-20 11:56:25.959372,Joshi Hydropower Development Company Ltd
2026042004005131,JOSHI,17,33,33,293.0,9669.0,2026-04-20,187041241,2789,ABC Securities Private Limited,Dakshinkali Investment & Securities Pvt. Ltd.,2026-04-20 12:02:18.175853,Joshi Hydropower Development Company Ltd
2026042004005596,JOSHI,42,6,20,295.0,5900.0,2026-04-20,187047970,2789,Sani Securities Company Ltd.,Agrawal Securities (PVT) Ltd.,2026-04-20 12:10:32.491459,Joshi Hydropower Development Company Ltd
2026042004005883,JOSHI,17,6,80,295.0,23600.0,2026-04-20,187052273,2789,ABC Securities Private Limited,Agrawal Securities (PVT) Ltd.,2026-04-20 12:15:02.221071,Joshi Hydropower Development Company Ltd
2026042004005884,JOSHI,17,70,220,295.0,64900.0,2026-04-20,187052276,2789,ABC Securities Private Limited,Infinity Securities Limited,2026-04-20 12:15:02.221382,Joshi Hydropower Development Company Ltd
2026042004005901,JOSHI,17,70,200,295.0,59000.0,2026-04-20,187052570,2789,ABC Securities Private Limited,Infinity Securities Limited,2026-04-20 12:15:25.606190,Joshi Hydropower Development Company Ltd
2026042004006095,JOSHI,62,70,310,295.0,91450.0,2026-04-20,187054888,2789,Capital Max Securities Ltd,Infinity Securities Limited,2026-04-20 12:18:14.702595,Joshi Hydropower Development Company Ltd
2026042004006130,JOSHI,57,49,165,296.0,48840.0,2026-04-20,187055269,2789,Aryatara Investment & Securities,Online Securities Pvt. Ltd.,2026-04-20 12:18:36.100957,Joshi Hydropower Development Company Ltd
2026042004006131,JOSHI,57,19,50,297.0,14850.0,2026-04-20,187055271,2789,Aryatara Investment & Securities,Nepal Investment And Securities Trading Private Limited,2026-04-20 12:18:36.101127,Joshi Hydropower Development Company Ltd
2026042004006132,JOSHI,57,58,150,297.0,44550.0,2026-04-20,187055273,2789,Aryatara Investment & Securities,Naasa Securities Co. Ltd.,2026-04-20 12:18:36.101185,Joshi Hydropower Development Company Ltd
2026042004006133,JOSHI,57,45,480,297.0,142560.0,2026-04-20,187055275,2789,Aryatara Investment & Securities,Imperial Securities Company Pvt. Ltd.,2026-04-20 12:18:36.101249,Joshi Hydropower Development Company Ltd
2026042004006134,JOSHI,57,17,1155,297.9,344074.5,2026-04-20,187055278,2789,Aryatara Investment & Securities,ABC Securities Private Limited,2026-04-20 12:18:36.101306,Joshi Hydropower Development Company Ltd
2026042004006223,JOSHI,10,17,50,297.9,14895.0,2026-04-20,187056968,2789,Pragyan Securities (PVT) Ltd.,ABC Securities Private Limited,2026-04-20 12:20:12.672949,Joshi Hydropower Development Company Ltd
2026042004006350,JOSHI,58,17,10,297.9,2979.0,2026-04-20,187059180,2789,Naasa Securities Co. Ltd.,ABC Securities Private Limited,2026-04-20 12:22:48.277717,Joshi Hydropower Development Company Ltd
2026042004006434,JOSHI,68,52,20,297.0,5940.0,2026-04-20,187060251,2789,Elite Stock House Limited,Sundhara Securities Limited,2026-04-20 12:24:02.534078,Joshi Hydropower Development Company Ltd
2026042004006544,JOSHI,17,52,10,297.0,2970.0,2026-04-20,187061178,2789,ABC Securities Private Limited,Sundhara Securities Limited,2026-04-20 12:25:13.451893,Joshi Hydropower Development Company Ltd
2026042004006577,JOSHI,62,52,130,297.0,38610.0,2026-04-20,187061606,2789,Capital Max Securities Ltd,Sundhara Securities Limited,2026-04-20 12:25:52.215029,Joshi Hydropower Development Company Ltd
2026042004007147,JOSHI,47,41,17,295.0,5015.0,2026-04-20,187070305,2789,Neev Securities Pvt. Ltd.,Linch Stock Market Ltd.,2026-04-20 12:38:45.760771,Joshi Hydropower Development Company Ltd
2026042004007446,JOSHI,47,34,33,295.0,9735.0,2026-04-20,187075028,2789,Neev Securities Pvt. Ltd.,Vision Securities Pvt. Ltd,2026-04-20 12:46:35.683565,Joshi Hydropower Development Company Ltd
2026042004007447,JOSHI,45,34,40,295.0,11800.0,2026-04-20,187075030,2789,Imperial Securities Company Pvt. Ltd.,Vision Securities Pvt. Ltd,2026-04-20 12:46:35.683921,Joshi Hydropower Development Company Ltd
2026042004007448,JOSHI,49,34,20,295.0,5900.0,2026-04-20,187075032,2789,Online Securities Pvt. Ltd.,Vision Securities Pvt. Ltd,2026-04-20 12:46:35.684096,Joshi Hydropower Development Company Ltd
2026042004007449,JOSHI,45,34,87,295.0,25665.0,2026-04-20,187075033,2789,Imperial Securities Company Pvt. Ltd.,Vision Securities Pvt. Ltd,2026-04-20 12:46:35.684260,Joshi Hydropower Development Company Ltd
2026042004007683,JOSHI,45,10,288,295.0,84960.0,2026-04-20,187078518,2789,Imperial Securities Company Pvt. Ltd.,Pragyan Securities (PVT) Ltd.,2026-04-20 12:51:35.172049,Joshi Hydropower Development Company Ltd
2026042004007684,JOSHI,51,10,42,294.0,12348.0,2026-04-20,187078520,2789,Oxford Securities Pvt. Ltd.,Pragyan Securities (PVT) Ltd.,2026-04-20 12:51:35.172153,Joshi Hydropower Development Company Ltd
2026042004007685,JOSHI,45,10,170,294.0,49980.0,2026-04-20,187078521,2789,Imperial Securities Company Pvt. Ltd.,Pragyan Securities (PVT) Ltd.,2026-04-20 12:51:35.172224,Joshi Hydropower Development Company Ltd
2026042004007694,JOSHI,45,60,330,294.0,97020.0,2026-04-20,187078632,2789,Imperial Securities Company Pvt. Ltd.,Nagarik Stock Dealer ,2026-04-20 12:51:46.473568,Joshi Hydropower Development Company Ltd
2026042004007695,JOSHI,4,60,50,294.0,14700.0,2026-04-20,187078634,2789,Opal Securities Investment (PVT) Ltd.,Nagarik Stock Dealer ,2026-04-20 12:51:46.473736,Joshi Hydropower Development Company Ltd
2026042004007696,JOSHI,51,60,50,294.0,14700.0,2026-04-20,187078636,2789,Oxford Securities Pvt. Ltd.,Nagarik Stock Dealer ,2026-04-20 12:51:46.473799,Joshi Hydropower Development Company Ltd
2026042004007697,JOSHI,57,60,70,293.7,20559.0,2026-04-20,187078637,2789,Aryatara Investment & Securities,Nagarik Stock Dealer ,2026-04-20 12:51:46.473860,Joshi Hydropower Development Company Ltd
2026042004008015,JOSHI,57,60,30,293.7,8811.0,2026-04-20,187083062,2789,Aryatara Investment & Securities,Nagarik Stock Dealer ,2026-04-20 12:58:59.627269,Joshi Hydropower Development Company Ltd
2026042004008016,JOSHI,59,60,50,293.6,14680.0,2026-04-20,187083064,2789,Deevyaa Securities & Stock House Pvt. Ltd,Nagarik Stock Dealer ,2026-04-20 12:58:59.627457,Joshi Hydropower Development Company Ltd
2026042004008017,JOSHI,53,60,20,293.0,5860.0,2026-04-20,187083065,2789,Investment Management Nepal Pvt. Ltd.,Nagarik Stock Dealer ,2026-04-20 12:58:59.627519,Joshi Hydropower Development Company Ltd
2026042004008216,JOSHI,39,51,33,294.0,9702.0,2026-04-20,187085407,2789,Sumeru Securities Pvt. Ltd.,Oxford Securities Pvt. Ltd.,2026-04-20 13:03:22.249132,Joshi Hydropower Development Company Ltd
2026042004008494,JOSHI,39,25,50,294.0,14700.0,2026-04-20,187089391,2789,Sumeru Securities Pvt. Ltd.,Sweta Securities Private Limited,2026-04-20 13:10:18.311592,Joshi Hydropower Development Company Ltd
2026042004008996,JOSHI,39,33,19,294.0,5586.0,2026-04-20,187097272,2789,Sumeru Securities Pvt. Ltd.,Dakshinkali Investment & Securities Pvt. Ltd.,2026-04-20 13:24:33.507694,Joshi Hydropower Development Company Ltd
2026042004008997,JOSHI,13,33,981,294.0,288414.0,2026-04-20,187097273,2789,Thrive Brokerage House Pvt. Ltd,Dakshinkali Investment & Securities Pvt. Ltd.,2026-04-20 13:24:33.508081,Joshi Hydropower Development Company Ltd
2026042004009008,JOSHI,13,41,19,294.0,5586.0,2026-04-20,187097598,2789,Thrive Brokerage House Pvt. Ltd,Linch Stock Market Ltd.,2026-04-20 13:25:03.531582,Joshi Hydropower Development Company Ltd
2026042004009202,JOSHI,35,57,90,294.9,26541.0,2026-04-20,187099829,2789,Kohinoor Investment & Securities Pvt. Ltd.,Aryatara Investment & Securities,2026-04-20 13:28:52.900347,Joshi Hydropower Development Company Ltd
2026042004009203,JOSHI,35,26,371,294.9,109407.9,2026-04-20,187099831,2789,Kohinoor Investment & Securities Pvt. Ltd.,Asian Securities Private Ltd.,2026-04-20 13:28:52.900727,Joshi Hydropower Development Company Ltd
2026042004009204,JOSHI,35,26,200,294.9,58980.0,2026-04-20,187099834,2789,Kohinoor Investment & Securities Pvt. Ltd.,Asian Securities Private Ltd.,2026-04-20 13:28:52.900931,Joshi Hydropower Development Company Ltd
2026042004009227,JOSHI,35,60,500,295.0,147500.0,2026-04-20,187100004,2789,Kohinoor Investment & Securities Pvt. Ltd.,Nagarik Stock Dealer ,2026-04-20 13:29:17.631212,Joshi Hydropower Development Company Ltd
2026042004010013,JOSHI,58,3,10,295.0,2950.0,2026-04-20,187119252,2789,Naasa Securities Co. Ltd.,Arun Securities (PVT) Ltd.,2026-04-20 13:50:56.580420,Joshi Hydropower Development Company Ltd
2026042004010020,JOSHI,39,58,10,294.0,2940.0,2026-04-20,187119359,2789,Sumeru Securities Pvt. Ltd.,Naasa Securities Co. Ltd.,2026-04-20 13:51:09.670976,Joshi Hydropower Development Company Ltd
2026042004010302,JOSHI,65,26,350,294.9,103215.0,2026-04-20,187123000,2789,Sharepro Securities Private Limited,Asian Securities Private Ltd.,2026-04-20 13:56:30.099870,Joshi Hydropower Development Company Ltd
2026042004010459,JOSHI,39,48,20,294.0,5880.0,2026-04-20,187125376,2789,Sumeru Securities Pvt. Ltd.,Trishakti Securities Public Limited,2026-04-20 14:00:21.529665,Joshi Hydropower Development Company Ltd
2026042004010460,JOSHI,49,48,50,294.0,14700.0,2026-04-20,187125377,2789,Online Securities Pvt. Ltd.,Trishakti Securities Public Limited,2026-04-20 14:00:21.529979,Joshi Hydropower Development Company Ltd
2026042004010706,JOSHI,17,49,65,295.0,19175.0,2026-04-20,187130166,2789,ABC Securities Private Limited,Online Securities Pvt. Ltd.,2026-04-20 14:07:04.750998,Joshi Hydropower Development Company Ltd
2026042004010831,JOSHI,17,34,100,295.9,29590.0,2026-04-20,187131690,2789,ABC Securities Private Limited,Vision Securities Pvt. Ltd,2026-04-20 14:09:03.656224,Joshi Hydropower Development Company Ltd
2026042004011734,JOSHI,35,60,45,295.0,13275.0,2026-04-20,187140140,2789,Kohinoor Investment & Securities Pvt. Ltd.,Nagarik Stock Dealer ,2026-04-20 14:21:57.283168,Joshi Hydropower Development Company Ltd
2026042004011735,JOSHI,51,60,50,295.0,14750.0,2026-04-20,187140142,2789,Oxford Securities Pvt. Ltd.,Nagarik Stock Dealer ,2026-04-20 14:21:57.283352,Joshi Hydropower Development Company Ltd
2026042004012112,JOSHI,10,60,19,295.0,5605.0,2026-04-20,187143295,2789,Pragyan Securities (PVT) Ltd.,Nagarik Stock Dealer ,2026-04-20 14:25:48.502772,Joshi Hydropower Development Company Ltd
2026042004012153,JOSHI,10,60,20,295.0,5900.0,2026-04-20,187143641,2789,Pragyan Securities (PVT) Ltd.,Nagarik Stock Dealer ,2026-04-20 14:26:15.256272,Joshi Hydropower Development Company Ltd
2026042004012196,JOSHI,10,60,11,295.0,3245.0,2026-04-20,187144010,2789,Pragyan Securities (PVT) Ltd.,Nagarik Stock Dealer ,2026-04-20 14:26:42.165416,Joshi Hydropower Development Company Ltd
2026042004012197,JOSHI,49,60,89,294.0,26166.0,2026-04-20,187144011,2789,Online Securities Pvt. Ltd.,Nagarik Stock Dealer ,2026-04-20 14:26:42.165686,Joshi Hydropower Development Company Ltd
2026042004012830,JOSHI,58,35,100,294.0,29400.0,2026-04-20,187148909,2789,Naasa Securities Co. Ltd.,Kohinoor Investment & Securities Pvt. Ltd.,2026-04-20 14:33:08.214880,Joshi Hydropower Development Company Ltd
2026042004013150,JOSHI,58,42,50,294.9,14745.0,2026-04-20,187152244,2789,Naasa Securities Co. Ltd.,Sani Securities Company Ltd.,2026-04-20 14:38:26.021582,Joshi Hydropower Development Company Ltd
2026042004013309,JOSHI,58,1,10,294.0,2940.0,2026-04-20,187153512,2789,Naasa Securities Co. Ltd.,Kumari Securities Private Limited,2026-04-20 14:39:47.633935,Joshi Hydropower Development Company Ltd
2026042004013310,JOSHI,38,1,10,294.0,2940.0,2026-04-20,187153513,2789,Dipshikha Dhitopatra Karobar Co. Pvt Ltd.,Kumari Securities Private Limited,2026-04-20 14:39:47.634270,Joshi Hydropower Development Company Ltd
2026042004013360,JOSHI,53,1,30,293.0,8790.0,2026-04-20,187154260,2789,Investment Management Nepal Pvt. Ltd.,Kumari Securities Private Limited,2026-04-20 14:40:47.976279,Joshi Hydropower Development Company Ltd
2026042004013361,JOSHI,45,1,15,293.0,4395.0,2026-04-20,187154261,2789,Imperial Securities Company Pvt. Ltd.,Kumari Securities Private Limited,2026-04-20 14:40:47.976651,Joshi Hydropower Development Company Ltd
2026042004013464,JOSHI,38,3,10,293.5,2935.0,2026-04-20,187155510,2789,Dipshikha Dhitopatra Karobar Co. Pvt Ltd.,Arun Securities (PVT) Ltd.,2026-04-20 14:42:51.042324,Joshi Hydropower Development Company Ltd
2026042004013485,JOSHI,67,3,50,293.5,14675.0,2026-04-20,187155756,2789,Property Wiard Limited,Arun Securities (PVT) Ltd.,2026-04-20 14:43:12.037343,Joshi Hydropower Development Company Ltd
2026042004013489,JOSHI,45,11,35,293.0,10255.0,2026-04-20,187155776,2789,Imperial Securities Company Pvt. Ltd.,Malla & Malla Stock Broking Company Pvt. Limited,2026-04-20 14:43:14.237622,Joshi Hydropower Development Company Ltd
2026042004013490,JOSHI,45,11,65,293.0,19045.0,2026-04-20,187155777,2789,Imperial Securities Company Pvt. Ltd.,Malla & Malla Stock Broking Company Pvt. Limited,2026-04-20 14:43:14.237926,Joshi Hydropower Development Company Ltd
2026042004013495,JOSHI,45,58,100,293.0,29300.0,2026-04-20,187155825,2789,Imperial Securities Company Pvt. Ltd.,Naasa Securities Co. Ltd.,2026-04-20 14:43:18.714564,Joshi Hydropower Development Company Ltd
2026042004013522,JOSHI,52,3,70,293.5,20545.0,2026-04-20,187156304,2789,Sundhara Securities Limited,Arun Securities (PVT) Ltd.,2026-04-20 14:43:54.938722,Joshi Hydropower Development Company Ltd
2026042004013550,JOSHI,45,3,60,293.0,17580.0,2026-04-20,187156681,2789,Imperial Securities Company Pvt. Ltd.,Arun Securities (PVT) Ltd.,2026-04-20 14:44:18.736097,Joshi Hydropower Development Company Ltd
2026042004013648,JOSHI,45,58,100,293.0,29300.0,2026-04-20,187157339,2789,Imperial Securities Company Pvt. Ltd.,Naasa Securities Co. Ltd.,2026-04-20 14:45:03.396534,Joshi Hydropower Development Company Ltd
2026042004013849,JOSHI,45,91,975,293.0,285675.0,2026-04-20,187159262,2789,Imperial Securities Company Pvt. Ltd.,Citizens Share Broker Limited,2026-04-20 14:47:28.001413,Joshi Hydropower Development Company Ltd
2026042004013929,JOSHI,38,91,10,293.0,2930.0,2026-04-20,187160160,2789,Dipshikha Dhitopatra Karobar Co. Pvt Ltd.,Citizens Share Broker Limited,2026-04-20 14:48:17.402021,Joshi Hydropower Development Company Ltd
2026042004013930,JOSHI,1,91,600,292.5,175500.0,2026-04-20,187160162,2789,Kumari Securities Private Limited,Citizens Share Broker Limited,2026-04-20 14:48:17.402197,Joshi Hydropower Development Company Ltd
2026042004013931,JOSHI,1,91,600,292.3,175380.0,2026-04-20,187160164,2789,Kumari Securities Private Limited,Citizens Share Broker Limited,2026-04-20 14:48:17.402267,Joshi Hydropower Development Company Ltd
2026042004013932,JOSHI,37,91,30,292.2,8766.0,2026-04-20,187160166,2789,Swarna Laxmi Securities Pvt. Ltd.,Citizens Share Broker Limited,2026-04-20 14:48:17.402348,Joshi Hydropower Development Company Ltd
2026042004013933,JOSHI,11,91,200,292.2,58440.0,2026-04-20,187160168,2789,Malla & Malla Stock Broking Company Pvt. Limited,Citizens Share Broker Limited,2026-04-20 14:48:17.402421,Joshi Hydropower Development Company Ltd
2026042004013934,JOSHI,38,91,100,292.2,29220.0,2026-04-20,187160170,2789,Dipshikha Dhitopatra Karobar Co. Pvt Ltd.,Citizens Share Broker Limited,2026-04-20 14:48:17.402489,Joshi Hydropower Development Company Ltd
2026042004013935,JOSHI,1,91,475,292.2,138795.0,2026-04-20,187160171,2789,Kumari Securities Private Limited,Citizens Share Broker Limited,2026-04-20 14:48:17.402556,Joshi Hydropower Development Company Ltd
2026042004014071,JOSHI,6,39,17,293.5,4989.5,2026-04-20,187161558,2789,Agrawal Securities (PVT) Ltd.,Sumeru Securities Pvt. Ltd.,2026-04-20 14:49:37.413259,Joshi Hydropower Development Company Ltd
2026042004014207,JOSHI,42,57,100,293.4,29340.0,2026-04-20,187162590,2789,Sani Securities Company Ltd.,Aryatara Investment & Securities,2026-04-20 14:50:39.682680,Joshi Hydropower Development Company Ltd
2026042004014276,JOSHI,38,17,10,293.0,2930.0,2026-04-20,187163264,2789,Dipshikha Dhitopatra Karobar Co. Pvt Ltd.,ABC Securities Private Limited,2026-04-20 14:51:24.460584,Joshi Hydropower Development Company Ltd
2026042004014277,JOSHI,51,17,275,293.0,80575.0,2026-04-20,187163265,2789,Oxford Securities Pvt. Ltd.,ABC Securities Private Limited,2026-04-20 14:51:24.460772,Joshi Hydropower Development Company Ltd
2026042004014324,JOSHI,4,39,50,293.5,14675.0,2026-04-20,187163578,2789,Opal Securities Investment (PVT) Ltd.,Sumeru Securities Pvt. Ltd.,2026-04-20 14:51:44.529175,Joshi Hydropower Development Company Ltd
2026042004014338,JOSHI,51,6,50,293.0,14650.0,2026-04-20,187163723,2789,Oxford Securities Pvt. Ltd.,Agrawal Securities (PVT) Ltd.,2026-04-20 14:51:56.421033,Joshi Hydropower Development Company Ltd
2026042004014339,JOSHI,51,60,175,293.0,51275.0,2026-04-20,187163754,2789,Oxford Securities Pvt. Ltd.,Nagarik Stock Dealer ,2026-04-20 14:51:57.472281,Joshi Hydropower Development Company Ltd
2026042004014340,JOSHI,19,60,52,293.0,15236.0,2026-04-20,187163756,2789,Nepal Investment And Securities Trading Private Limited,Nagarik Stock Dealer ,2026-04-20 14:51:57.472472,Joshi Hydropower Development Company Ltd
2026042004014539,JOSHI,1,26,27,292.5,7897.5,2026-04-20,187165117,2789,Kumari Securities Private Limited,Asian Securities Private Ltd.,2026-04-20 14:53:00.661510,Joshi Hydropower Development Company Ltd
2026042004014886,JOSHI,1,51,325,292.5,95062.5,2026-04-20,187167525,2789,Kumari Securities Private Limited,Oxford Securities Pvt. Ltd.,2026-04-20 14:54:41.866883,Joshi Hydropower Development Company Ltd
2026042004014961,JOSHI,1,47,648,292.5,189540.0,2026-04-20,187168466,2789,Kumari Securities Private Limited,Neev Securities Pvt. Ltd.,2026-04-20 14:55:22.022934,Joshi Hydropower Development Company Ltd
2026042004014962,JOSHI,38,47,10,292.5,2925.0,2026-04-20,187168468,2789,Dipshikha Dhitopatra Karobar Co. Pvt Ltd.,Neev Securities Pvt. Ltd.,2026-04-20 14:55:22.023286,Joshi Hydropower Development Company Ltd
2026042004014963,JOSHI,1,47,525,292.2,153405.0,2026-04-20,187168470,2789,Kumari Securities Private Limited,Neev Securities Pvt. Ltd.,2026-04-20 14:55:22.023510,Joshi Hydropower Development Company Ltd
2026042004014964,JOSHI,1,47,700,292.1,204470.0,2026-04-20,187168472,2789,Kumari Securities Private Limited,Neev Securities Pvt. Ltd.,2026-04-20 14:55:22.023724,Joshi Hydropower Development Company Ltd
2026042004014965,JOSHI,1,47,500,292.1,146050.0,2026-04-20,187168474,2789,Kumari Securities Private Limited,Neev Securities Pvt. Ltd.,2026-04-20 14:55:22.023932,Joshi Hydropower Development Company Ltd
2026042004014966,JOSHI,57,47,10,292.0,2920.0,2026-04-20,187168476,2789,Aryatara Investment & Securities,Neev Securities Pvt. Ltd.,2026-04-20 14:55:22.024130,Joshi Hydropower Development Company Ltd
2026042004014967,JOSHI,77,47,60,292.0,17520.0,2026-04-20,187168478,2789,Nabil Stock Dealer Ltd.,Neev Securities Pvt. Ltd.,2026-04-20 14:55:22.024338,Joshi Hydropower Development Company Ltd
2026042004014968,JOSHI,36,47,500,292.0,146000.0,2026-04-20,187168480,2789,Secured Securities Ltd.,Neev Securities Pvt. Ltd.,2026-04-20 14:55:22.024540,Joshi Hydropower Development Company Ltd
2026042004014969,JOSHI,48,47,1000,292.0,292000.0,2026-04-20,187168482,2789,Trishakti Securities Public Limited,Neev Securities Pvt. Ltd.,2026-04-20 14:55:22.024731,Joshi Hydropower Development Company Ltd
2026042004014970,JOSHI,58,47,100,292.0,29200.0,2026-04-20,187168484,2789,Naasa Securities Co. Ltd.,Neev Securities Pvt. Ltd.,2026-04-20 14:55:22.024932,Joshi Hydropower Development Company Ltd
2026042004014971,JOSHI,51,47,250,292.0,73000.0,2026-04-20,187168486,2789,Oxford Securities Pvt. Ltd.,Neev Securities Pvt. Ltd.,2026-04-20 14:55:22.025124,Joshi Hydropower Development Company Ltd
2026042004014972,JOSHI,33,47,70,292.0,20440.0,2026-04-20,187168488,2789,Dakshinkali Investment & Securities Pvt. Ltd.,Neev Securities Pvt. Ltd.,2026-04-20 14:55:22.025337,Joshi Hydropower Development Company Ltd
2026042004015112,JOSHI,51,19,73,291.0,21243.0,2026-04-20,187169426,2789,Oxford Securities Pvt. Ltd.,Nepal Investment And Securities Trading Private Limited,2026-04-20 14:55:56.728710,Joshi Hydropower Development Company Ltd
2026042004015113,JOSHI,13,19,77,291.0,22407.0,2026-04-20,187169427,2789,Thrive Brokerage House Pvt. Ltd,Nepal Investment And Securities Trading Private Limited,2026-04-20 14:55:56.728940,Joshi Hydropower Development Company Ltd
2026042004015152,JOSHI,13,60,23,291.0,6693.0,2026-04-20,187169758,2789,Thrive Brokerage House Pvt. Ltd,Nagarik Stock Dealer ,2026-04-20 14:56:10.324103,Joshi Hydropower Development Company Ltd
2026042004015173,JOSHI,19,60,10,291.0,2910.0,2026-04-20,187169822,2789,Nepal Investment And Securities Trading Private Limited,Nagarik Stock Dealer ,2026-04-20 14:56:11.602302,Joshi Hydropower Development Company Ltd
2026042004015304,JOSHI,19,60,17,291.0,4947.0,2026-04-20,187170908,2789,Nepal Investment And Securities Trading Private Limited,Nagarik Stock Dealer ,2026-04-20 14:56:49.207423,Joshi Hydropower Development Company Ltd
2026042004015374,JOSHI,51,40,150,291.0,43650.0,2026-04-20,187171240,2789,Oxford Securities Pvt. Ltd.,Creative Securities Pvt Ltd,2026-04-20 14:57:01.460730,Joshi Hydropower Development Company Ltd
2026042004015376,JOSHI,45,11,10,290.2,2902.0,2026-04-20,187171276,2789,Imperial Securities Company Pvt. Ltd.,Malla & Malla Stock Broking Company Pvt. Limited,2026-04-20 14:57:02.744250,Joshi Hydropower Development Company Ltd
2026042004015377,JOSHI,11,11,10,290.1,2901.0,2026-04-20,187171278,2789,Malla & Malla Stock Broking Company Pvt. Limited,Malla & Malla Stock Broking Company Pvt. Limited,2026-04-20 14:57:02.744426,Joshi Hydropower Development Company Ltd
2026042004015378,JOSHI,35,11,1000,290.1,290100.0,2026-04-20,187171280,2789,Kohinoor Investment & Securities Pvt. Ltd.,Malla & Malla Stock Broking Company Pvt. Limited,2026-04-20 14:57:02.744515,Joshi Hydropower Development Company Ltd
2026042004015379,JOSHI,58,11,180,290.0,52200.0,2026-04-20,187171281,2789,Naasa Securities Co. Ltd.,Malla & Malla Stock Broking Company Pvt. Limited,2026-04-20 14:57:02.744589,Joshi Hydropower Development Company Ltd
2026042004015465,JOSHI,1,14,1000,290.1,290100.0,2026-04-20,187171895,2789,Kumari Securities Private Limited,Nepal Stock House (PVT) Ltd.,2026-04-20 14:57:21.731302,Joshi Hydropower Development Company Ltd
2026042004015475,JOSHI,58,11,20,290.0,5800.0,2026-04-20,187171966,2789,Naasa Securities Co. Ltd.,Malla & Malla Stock Broking Company Pvt. Limited,2026-04-20 14:57:24.285575,Joshi Hydropower Development Company Ltd
2026042004015476,JOSHI,42,11,10,290.0,2900.0,2026-04-20,187171968,2789,Sani Securities Company Ltd.,Malla & Malla Stock Broking Company Pvt. Limited,2026-04-20 14:57:24.285909,Joshi Hydropower Development Company Ltd
2026042004015477,JOSHI,50,11,100,290.0,29000.0,2026-04-20,187171970,2789,Cristal Kanchanjanga Securites Pvt. Ltd.,Malla & Malla Stock Broking Company Pvt. Limited,2026-04-20 14:57:24.286155,Joshi Hydropower Development Company Ltd
2026042004015478,JOSHI,56,11,100,290.0,29000.0,2026-04-20,187171972,2789,Sri Hari Securities Pvt. Ltd.,Malla & Malla Stock Broking Company Pvt. Limited,2026-04-20 14:57:24.286451,Joshi Hydropower Development Company Ltd
2026042004015479,JOSHI,38,11,68,290.0,19720.0,2026-04-20,187171974,2789,Dipshikha Dhitopatra Karobar Co. Pvt Ltd.,Malla & Malla Stock Broking Company Pvt. Limited,2026-04-20 14:57:24.286726,Joshi Hydropower Development Company Ltd
2026042004015480,JOSHI,42,11,470,290.0,136300.0,2026-04-20,187171976,2789,Sani Securities Company Ltd.,Malla & Malla Stock Broking Company Pvt. Limited,2026-04-20 14:57:24.286945,Joshi Hydropower Development Company Ltd
2026042004015481,JOSHI,90,11,100,290.0,29000.0,2026-04-20,187171978,2789,Sajilo Broker Limited,Malla & Malla Stock Broking Company Pvt. Limited,2026-04-20 14:57:24.287172,Joshi Hydropower Development Company Ltd
2026042004015482,JOSHI,66,11,10,290.0,2900.0,2026-04-20,187171980,2789,Miyo Securities Pvt Ltd,Malla & Malla Stock Broking Company Pvt. Limited,2026-04-20 14:57:24.287418,Joshi Hydropower Development Company Ltd
2026042004015483,JOSHI,42,11,122,290.0,35380.0,2026-04-20,187171981,2789,Sani Securities Company Ltd.,Malla & Malla Stock Broking Company Pvt. Limited,2026-04-20 14:57:24.287687,Joshi Hydropower Development Company Ltd
2026042004015491,JOSHI,19,47,10,292.0,2920.0,2026-04-20,187172272,2789,Nepal Investment And Securities Trading Private Limited,Neev Securities Pvt. Ltd.,2026-04-20 14:57:29.155906,Joshi Hydropower Development Company Ltd
2026042004015634,JOSHI,17,40,110,291.0,32010.0,2026-04-20,187173294,2789,ABC Securities Private Limited,Creative Securities Pvt Ltd,2026-04-20 14:58:01.043941,Joshi Hydropower Development Company Ltd
2026042004015635,JOSHI,36,40,62,291.0,18042.0,2026-04-20,187173295,2789,Secured Securities Ltd.,Creative Securities Pvt Ltd,2026-04-20 14:58:01.044256,Joshi Hydropower Development Company Ltd
2026042004015647,JOSHI,36,47,138,291.0,40158.0,2026-04-20,187173434,2789,Secured Securities Ltd.,Neev Securities Pvt. Ltd.,2026-04-20 14:58:05.523159,Joshi Hydropower Development Company Ltd
2026042004015687,JOSHI,35,48,234,290.1,67883.4,2026-04-20,187173786,2789,Kohinoor Investment & Securities Pvt. Ltd.,Trishakti Securities Public Limited,2026-04-20 14:58:14.770614,Joshi Hydropower Development Company Ltd
2026042004015688,JOSHI,42,48,518,290.0,150220.0,2026-04-20,187173788,2789,Sani Securities Company Ltd.,Trishakti Securities Public Limited,2026-04-20 14:58:14.770653,Joshi Hydropower Development Company Ltd
2026042004015689,JOSHI,47,48,100,290.0,29000.0,2026-04-20,187173790,2789,Neev Securities Pvt. Ltd.,Trishakti Securities Public Limited,2026-04-20 14:58:14.770682,Joshi Hydropower Development Company Ltd
2026042004015690,JOSHI,49,48,50,290.0,14500.0,2026-04-20,187173792,2789,Online Securities Pvt. Ltd.,Trishakti Securities Public Limited,2026-04-20 14:58:14.770711,Joshi Hydropower Development Company Ltd
2026042004015691,JOSHI,42,48,298,290.0,86420.0,2026-04-20,187173793,2789,Sani Securities Company Ltd.,Trishakti Securities Public Limited,2026-04-20 14:58:14.770742,Joshi Hydropower Development Company Ltd
2026042004015958,JOSHI,42,47,402,290.0,116580.0,2026-04-20,187175288,2789,Sani Securities Company Ltd.,Neev Securities Pvt. Ltd.,2026-04-20 14:58:52.501004,Joshi Hydropower Development Company Ltd
2026042004015959,JOSHI,6,47,50,290.0,14500.0,2026-04-20,187175290,2789,Agrawal Securities (PVT) Ltd.,Neev Securities Pvt. Ltd.,2026-04-20 14:58:52.501160,Joshi Hydropower Development Company Ltd
2026042004015960,JOSHI,58,47,250,290.0,72500.0,2026-04-20,187175292,2789,Naasa Securities Co. Ltd.,Neev Securities Pvt. Ltd.,2026-04-20 14:58:52.501229,Joshi Hydropower Development Company Ltd
2026042004015961,JOSHI,42,47,100,290.0,29000.0,2026-04-20,187175294,2789,Sani Securities Company Ltd.,Neev Securities Pvt. Ltd.,2026-04-20 14:58:52.501293,Joshi Hydropower Development Company Ltd
2026042004015962,JOSHI,13,47,30,290.0,8700.0,2026-04-20,187175296,2789,Thrive Brokerage House Pvt. Ltd,Neev Securities Pvt. Ltd.,2026-04-20 14:58:52.501360,Joshi Hydropower Development Company Ltd
2026042004015963,JOSHI,1,47,100,290.0,29000.0,2026-04-20,187175298,2789,Kumari Securities Private Limited,Neev Securities Pvt. Ltd.,2026-04-20 14:58:52.501419,Joshi Hydropower Development Company Ltd
2026042004015964,JOSHI,47,47,20,290.0,5800.0,2026-04-20,187175300,2789,Neev Securities Pvt. Ltd.,Neev Securities Pvt. Ltd.,2026-04-20 14:58:52.501477,Joshi Hydropower Development Company Ltd
2026042004015965,JOSHI,49,47,10,290.0,2900.0,2026-04-20,187175302,2789,Online Securities Pvt. Ltd.,Neev Securities Pvt. Ltd.,2026-04-20 14:58:52.501540,Joshi Hydropower Development Company Ltd
2026042004015966,JOSHI,43,47,500,290.0,145000.0,2026-04-20,187175304,2789,South Asian Bulls Pvt. Ltd.,Neev Securities Pvt. Ltd.,2026-04-20 14:58:52.501598,Joshi Hydropower Development Company Ltd
2026042004015967,JOSHI,33,47,30,290.0,8700.0,2026-04-20,187175306,2789,Dakshinkali Investment & Securities Pvt. Ltd.,Neev Securities Pvt. Ltd.,2026-04-20 14:58:52.501655,Joshi Hydropower Development Company Ltd
2026042004016026,JOSHI,51,47,30,290.0,8700.0,2026-04-20,187175810,2789,Oxford Securities Pvt. Ltd.,Neev Securities Pvt. Ltd.,2026-04-20 14:58:59.213342,Joshi Hydropower Development Company Ltd
2026042004016100,JOSHI,21,47,500,290.0,145000.0,2026-04-20,187176365,2789,Midas Stock Broking Company Private Limited,Neev Securities Pvt. Ltd.,2026-04-20 14:59:10.338777,Joshi Hydropower Development Company Ltd
2026042004016175,JOSHI,14,42,300,289.0,86700.0,2026-04-20,187177052,2789,Nepal Stock House (PVT) Ltd.,Sani Securities Company Ltd.,2026-04-20 14:59:22.434913,Joshi Hydropower Development Company Ltd
2026042004016176,JOSHI,26,42,200,289.0,57800.0,2026-04-20,187177053,2789,Asian Securities Private Ltd.,Sani Securities Company Ltd.,2026-04-20 14:59:22.435222,Joshi Hydropower Development Company Ltd
2026042004016182,JOSHI,4,47,1500,290.0,435000.0,2026-04-20,187177082,2789,Opal Securities Investment (PVT) Ltd.,Neev Securities Pvt. Ltd.,2026-04-20 14:59:23.315999,Joshi Hydropower Development Company Ltd
2026042004016337,JOSHI,4,47,500,290.0,145000.0,2026-04-20,187178481,2789,Opal Securities Investment (PVT) Ltd.,Neev Securities Pvt. Ltd.,2026-04-20 14:59:42.818517,Joshi Hydropower Development Company Ltd
2026042004016403,JOSHI,51,47,500,290.0,145000.0,2026-04-20,187179204,2789,Oxford Securities Pvt. Ltd.,Neev Securities Pvt. Ltd.,2026-04-20 14:59:52.271080,Joshi Hydropower Development Company Ltd
