contractId,stockSymbol,buyerMemberId,sellerMemberId,quantity,rate,amount,businessDate,tradeBookId,stockId,buyerBrokerName,sellerBrokerName,transaction_time,securityName
2026042004000246,LEC,58,44,500,240.1,120050.0,2026-04-20,186955208,2903,Naasa Securities Co. Ltd.,Dynamic Money Managers Securities Pvt. Ltd.,2026-04-20 11:03:35.146170,Liberty Energy Company Limited
2026042004000247,LEC,42,44,300,240.1,72030.0,2026-04-20,186955209,2903,Sani Securities Company Ltd.,Dynamic Money Managers Securities Pvt. Ltd.,2026-04-20 11:03:35.146227,Liberty Energy Company Limited
2026042004000548,LEC,42,62,400,243.0,97200.0,2026-04-20,186963206,2903,Sani Securities Company Ltd.,Capital Max Securities Ltd,2026-04-20 11:07:44.452617,Liberty Energy Company Limited
2026042004000549,LEC,45,62,600,242.0,145200.0,2026-04-20,186963207,2903,Imperial Securities Company Pvt. Ltd.,Capital Max Securities Ltd,2026-04-20 11:07:44.452686,Liberty Energy Company Limited
2026042004000883,LEC,45,32,250,242.0,60500.0,2026-04-20,186970609,2903,Imperial Securities Company Pvt. Ltd.,Premier Securities Company Ltd.,2026-04-20 11:11:44.581370,Liberty Energy Company Limited
2026042004001022,LEC,45,58,35,242.0,8470.0,2026-04-20,186973211,2903,Imperial Securities Company Pvt. Ltd.,Naasa Securities Co. Ltd.,2026-04-20 11:13:07.080380,Liberty Energy Company Limited
2026042004001093,LEC,45,60,115,242.0,27830.0,2026-04-20,186974564,2903,Imperial Securities Company Pvt. Ltd.,Nagarik Stock Dealer ,2026-04-20 11:13:53.293389,Liberty Energy Company Limited
2026042004001094,LEC,42,60,500,241.1,120550.0,2026-04-20,186974566,2903,Sani Securities Company Ltd.,Nagarik Stock Dealer ,2026-04-20 11:13:53.293600,Liberty Energy Company Limited
2026042004001095,LEC,7,60,1480,241.0,356680.0,2026-04-20,186974567,2903,J.F. Securites (PVT) Ltd.,Nagarik Stock Dealer ,2026-04-20 11:13:53.293788,Liberty Energy Company Limited
2026042004001124,LEC,48,16,20,243.9,4878.0,2026-04-20,186974798,2903,Trishakti Securities Public Limited,Primo Securities (PVT) Ltd.,2026-04-20 11:14:01.900552,Liberty Energy Company Limited
2026042004001177,LEC,48,58,10,243.8,2438.0,2026-04-20,186976356,2903,Trishakti Securities Public Limited,Naasa Securities Co. Ltd.,2026-04-20 11:14:43.640251,Liberty Energy Company Limited
2026042004001315,LEC,48,35,10,243.5,2435.0,2026-04-20,186980192,2903,Trishakti Securities Public Limited,Kohinoor Investment & Securities Pvt. Ltd.,2026-04-20 11:16:39.779306,Liberty Energy Company Limited
2026042004001381,LEC,66,41,100,242.0,24200.0,2026-04-20,186981829,2903,Miyo Securities Pvt Ltd,Linch Stock Market Ltd.,2026-04-20 11:17:34.988986,Liberty Energy Company Limited
2026042004002018,LEC,16,22,15,243.0,3645.0,2026-04-20,186995765,2903,Primo Securities (PVT) Ltd.,Siprabi Securities Pvt. Ltd.,2026-04-20 11:25:26.526083,Liberty Energy Company Limited
2026042004002133,LEC,32,22,166,243.0,40338.0,2026-04-20,186998341,2903,Premier Securities Company Ltd.,Siprabi Securities Pvt. Ltd.,2026-04-20 11:27:32.612720,Liberty Energy Company Limited
2026042004002189,LEC,54,16,480,243.9,117072.0,2026-04-20,186999171,2903,Sewa Securities Pvt. Ltd.,Primo Securities (PVT) Ltd.,2026-04-20 11:28:08.033158,Liberty Energy Company Limited
2026042004002215,LEC,38,54,750,244.0,183000.0,2026-04-20,186999759,2903,Dipshikha Dhitopatra Karobar Co. Pvt Ltd.,Sewa Securities Pvt. Ltd.,2026-04-20 11:28:34.886589,Liberty Energy Company Limited
2026042004002216,LEC,38,41,200,244.0,48800.0,2026-04-20,186999761,2903,Dipshikha Dhitopatra Karobar Co. Pvt Ltd.,Linch Stock Market Ltd.,2026-04-20 11:28:34.886739,Liberty Energy Company Limited
2026042004002217,LEC,38,7,50,244.0,12200.0,2026-04-20,186999764,2903,Dipshikha Dhitopatra Karobar Co. Pvt Ltd.,J.F. Securites (PVT) Ltd.,2026-04-20 11:28:34.886832,Liberty Energy Company Limited
2026042004002422,LEC,48,17,1000,244.0,244000.0,2026-04-20,187003323,2903,Trishakti Securities Public Limited,ABC Securities Private Limited,2026-04-20 11:31:24.405395,Liberty Energy Company Limited
2026042004002447,LEC,54,45,280,243.9,68292.0,2026-04-20,187004208,2903,Sewa Securities Pvt. Ltd.,Imperial Securities Company Pvt. Ltd.,2026-04-20 11:32:06.780126,Liberty Energy Company Limited
2026042004002570,LEC,36,35,262,243.0,63666.0,2026-04-20,187005977,2903,Secured Securities Ltd.,Kohinoor Investment & Securities Pvt. Ltd.,2026-04-20 11:33:35.290112,Liberty Energy Company Limited
2026042004002637,LEC,36,58,122,243.0,29646.0,2026-04-20,187006729,2903,Secured Securities Ltd.,Naasa Securities Co. Ltd.,2026-04-20 11:34:10.410053,Liberty Energy Company Limited
2026042004002676,LEC,36,54,116,243.0,28188.0,2026-04-20,187007282,2903,Secured Securities Ltd.,Sewa Securities Pvt. Ltd.,2026-04-20 11:34:41.671620,Liberty Energy Company Limited
2026042004002677,LEC,42,54,184,243.0,44712.0,2026-04-20,187007283,2903,Sani Securities Company Ltd.,Sewa Securities Pvt. Ltd.,2026-04-20 11:34:41.671788,Liberty Energy Company Limited
2026042004002850,LEC,42,34,50,243.0,12150.0,2026-04-20,187009072,2903,Sani Securities Company Ltd.,Vision Securities Pvt. Ltd,2026-04-20 11:36:04.882031,Liberty Energy Company Limited
2026042004002860,LEC,42,35,400,243.0,97200.0,2026-04-20,187009207,2903,Sani Securities Company Ltd.,Kohinoor Investment & Securities Pvt. Ltd.,2026-04-20 11:36:11.241554,Liberty Energy Company Limited
2026042004003286,LEC,57,54,10,243.4,2434.0,2026-04-20,187015103,2903,Aryatara Investment & Securities,Sewa Securities Pvt. Ltd.,2026-04-20 11:40:52.661667,Liberty Energy Company Limited
2026042004003287,LEC,57,45,230,243.5,56005.0,2026-04-20,187015106,2903,Aryatara Investment & Securities,Imperial Securities Company Pvt. Ltd.,2026-04-20 11:40:52.661936,Liberty Energy Company Limited
2026042004003347,LEC,66,29,193,243.0,46899.0,2026-04-20,187016644,2903,Miyo Securities Pvt Ltd,Trisul Securities & Invt. Ltd.,2026-04-20 11:42:07.756742,Liberty Energy Company Limited
2026042004003375,LEC,42,38,200,242.5,48500.0,2026-04-20,187016916,2903,Sani Securities Company Ltd.,Dipshikha Dhitopatra Karobar Co. Pvt Ltd.,2026-04-20 11:42:20.587690,Liberty Energy Company Limited
2026042004003376,LEC,32,38,19,242.5,4607.5,2026-04-20,187016918,2903,Premier Securities Company Ltd.,Dipshikha Dhitopatra Karobar Co. Pvt Ltd.,2026-04-20 11:42:20.587857,Liberty Energy Company Limited
2026042004003414,LEC,66,38,31,242.0,7502.0,2026-04-20,187017299,2903,Miyo Securities Pvt Ltd,Dipshikha Dhitopatra Karobar Co. Pvt Ltd.,2026-04-20 11:42:43.514765,Liberty Energy Company Limited
2026042004003610,LEC,66,62,69,242.0,16698.0,2026-04-20,187019464,2903,Miyo Securities Pvt Ltd,Capital Max Securities Ltd,2026-04-20 11:44:25.107060,Liberty Energy Company Limited
2026042004003611,LEC,42,62,10,242.0,2420.0,2026-04-20,187019466,2903,Sani Securities Company Ltd.,Capital Max Securities Ltd,2026-04-20 11:44:25.107201,Liberty Energy Company Limited
2026042004003612,LEC,42,62,321,241.3,77457.3,2026-04-20,187019467,2903,Sani Securities Company Ltd.,Capital Max Securities Ltd,2026-04-20 11:44:25.107265,Liberty Energy Company Limited
2026042004003654,LEC,42,58,10,241.3,2413.0,2026-04-20,187020217,2903,Sani Securities Company Ltd.,Naasa Securities Co. Ltd.,2026-04-20 11:45:06.444005,Liberty Energy Company Limited
2026042004003708,LEC,42,83,169,241.3,40779.7,2026-04-20,187020822,2903,Sani Securities Company Ltd.,Sanima Securities Limited,2026-04-20 11:45:32.319720,Liberty Energy Company Limited
2026042004003709,LEC,19,83,231,241.3,55740.3,2026-04-20,187020823,2903,Nepal Investment And Securities Trading Private Limited,Sanima Securities Limited,2026-04-20 11:45:32.319817,Liberty Energy Company Limited
2026042004003979,LEC,19,32,250,241.3,60325.0,2026-04-20,187025511,2903,Nepal Investment And Securities Trading Private Limited,Premier Securities Company Ltd.,2026-04-20 11:49:14.906400,Liberty Energy Company Limited
2026042004004000,LEC,19,48,19,241.3,4584.7,2026-04-20,187025578,2903,Nepal Investment And Securities Trading Private Limited,Trishakti Securities Public Limited,2026-04-20 11:49:16.166877,Liberty Energy Company Limited
2026042004004001,LEC,52,48,1181,241.2,284857.2,2026-04-20,187025579,2903,Sundhara Securities Limited,Trishakti Securities Public Limited,2026-04-20 11:49:16.167032,Liberty Energy Company Limited
2026042004004065,LEC,52,58,819,241.2,197542.8,2026-04-20,187026466,2903,Sundhara Securities Limited,Naasa Securities Co. Ltd.,2026-04-20 11:50:03.043508,Liberty Energy Company Limited
2026042004004075,LEC,7,56,3520,241.0,848320.0,2026-04-20,187026664,2903,J.F. Securites (PVT) Ltd.,Sri Hari Securities Pvt. Ltd.,2026-04-20 11:50:13.339702,Liberty Energy Company Limited
2026042004004076,LEC,38,56,60,241.0,14460.0,2026-04-20,187026666,2903,Dipshikha Dhitopatra Karobar Co. Pvt Ltd.,Sri Hari Securities Pvt. Ltd.,2026-04-20 11:50:13.340075,Liberty Energy Company Limited
2026042004004077,LEC,42,56,200,241.0,48200.0,2026-04-20,187026668,2903,Sani Securities Company Ltd.,Sri Hari Securities Pvt. Ltd.,2026-04-20 11:50:13.340256,Liberty Energy Company Limited
2026042004004078,LEC,39,56,1000,241.0,241000.0,2026-04-20,187026670,2903,Sumeru Securities Pvt. Ltd.,Sri Hari Securities Pvt. Ltd.,2026-04-20 11:50:13.340455,Liberty Energy Company Limited
2026042004004079,LEC,7,56,100,240.5,24050.0,2026-04-20,187026672,2903,J.F. Securites (PVT) Ltd.,Sri Hari Securities Pvt. Ltd.,2026-04-20 11:50:13.340633,Liberty Energy Company Limited
2026042004004080,LEC,42,56,200,240.1,48020.0,2026-04-20,187026674,2903,Sani Securities Company Ltd.,Sri Hari Securities Pvt. Ltd.,2026-04-20 11:50:13.340792,Liberty Energy Company Limited
2026042004004081,LEC,56,56,50,240.1,12005.0,2026-04-20,187026676,2903,Sri Hari Securities Pvt. Ltd.,Sri Hari Securities Pvt. Ltd.,2026-04-20 11:50:13.340954,Liberty Energy Company Limited
2026042004004082,LEC,91,56,3000,240.1,720300.0,2026-04-20,187026678,2903,Citizens Share Broker Limited,Sri Hari Securities Pvt. Ltd.,2026-04-20 11:50:13.341161,Liberty Energy Company Limited
2026042004004083,LEC,44,56,200,240.0,48000.0,2026-04-20,187026680,2903,Dynamic Money Managers Securities Pvt. Ltd.,Sri Hari Securities Pvt. Ltd.,2026-04-20 11:50:13.341331,Liberty Energy Company Limited
2026042004004084,LEC,11,56,100,240.0,24000.0,2026-04-20,187026682,2903,Malla & Malla Stock Broking Company Pvt. Limited,Sri Hari Securities Pvt. Ltd.,2026-04-20 11:50:13.341521,Liberty Energy Company Limited
2026042004004085,LEC,58,56,17,240.0,4080.0,2026-04-20,187026684,2903,Naasa Securities Co. Ltd.,Sri Hari Securities Pvt. Ltd.,2026-04-20 11:50:13.341677,Liberty Energy Company Limited
2026042004004086,LEC,49,56,25,240.0,6000.0,2026-04-20,187026686,2903,Online Securities Pvt. Ltd.,Sri Hari Securities Pvt. Ltd.,2026-04-20 11:50:13.341829,Liberty Energy Company Limited
2026042004004087,LEC,28,56,80,240.0,19200.0,2026-04-20,187026688,2903,Shree Krishna Securities Ltd.,Sri Hari Securities Pvt. Ltd.,2026-04-20 11:50:13.342016,Liberty Energy Company Limited
2026042004004088,LEC,58,56,100,240.0,24000.0,2026-04-20,187026690,2903,Naasa Securities Co. Ltd.,Sri Hari Securities Pvt. Ltd.,2026-04-20 11:50:13.342169,Liberty Energy Company Limited
2026042004004104,LEC,7,58,181,238.1,43096.1,2026-04-20,187026899,2903,J.F. Securites (PVT) Ltd.,Naasa Securities Co. Ltd.,2026-04-20 11:50:27.848904,Liberty Energy Company Limited
2026042004004211,LEC,45,56,1348,240.0,323520.0,2026-04-20,187027873,2903,Imperial Securities Company Pvt. Ltd.,Sri Hari Securities Pvt. Ltd.,2026-04-20 11:51:22.894218,Liberty Energy Company Limited
2026042004004212,LEC,45,42,652,240.0,156480.0,2026-04-20,187027876,2903,Imperial Securities Company Pvt. Ltd.,Sani Securities Company Ltd.,2026-04-20 11:51:22.894525,Liberty Energy Company Limited
2026042004004219,LEC,7,44,119,238.1,28333.9,2026-04-20,187027976,2903,J.F. Securites (PVT) Ltd.,Dynamic Money Managers Securities Pvt. Ltd.,2026-04-20 11:51:29.143943,Liberty Energy Company Limited
2026042004004220,LEC,41,44,400,238.1,95240.0,2026-04-20,187027978,2903,Linch Stock Market Ltd.,Dynamic Money Managers Securities Pvt. Ltd.,2026-04-20 11:51:29.144217,Liberty Energy Company Limited
2026042004004221,LEC,49,44,100,238.0,23800.0,2026-04-20,187027980,2903,Online Securities Pvt. Ltd.,Dynamic Money Managers Securities Pvt. Ltd.,2026-04-20 11:51:29.144422,Liberty Energy Company Limited
2026042004004222,LEC,42,44,50,238.0,11900.0,2026-04-20,187027982,2903,Sani Securities Company Ltd.,Dynamic Money Managers Securities Pvt. Ltd.,2026-04-20 11:51:29.144604,Liberty Energy Company Limited
2026042004004223,LEC,101,44,300,238.0,71400.0,2026-04-20,187027984,2903,APPLE SECURITIES PRIVATE LIMITED,Dynamic Money Managers Securities Pvt. Ltd.,2026-04-20 11:51:29.144766,Liberty Energy Company Limited
2026042004004224,LEC,16,44,31,238.0,7378.0,2026-04-20,187027985,2903,Primo Securities (PVT) Ltd.,Dynamic Money Managers Securities Pvt. Ltd.,2026-04-20 11:51:29.144944,Liberty Energy Company Limited
2026042004004234,LEC,39,42,200,240.0,48000.0,2026-04-20,187028226,2903,Sumeru Securities Pvt. Ltd.,Sani Securities Company Ltd.,2026-04-20 11:51:38.969682,Liberty Energy Company Limited
2026042004004274,LEC,45,77,20,239.1,4782.0,2026-04-20,187029065,2903,Imperial Securities Company Pvt. Ltd.,Nabil Stock Dealer Ltd.,2026-04-20 11:52:24.731691,Liberty Energy Company Limited
2026042004004388,LEC,45,41,1980,239.1,473418.0,2026-04-20,187030400,2903,Imperial Securities Company Pvt. Ltd.,Linch Stock Market Ltd.,2026-04-20 11:53:13.195662,Liberty Energy Company Limited
2026042004004389,LEC,48,41,400,239.0,95600.0,2026-04-20,187030402,2903,Trishakti Securities Public Limited,Linch Stock Market Ltd.,2026-04-20 11:53:13.195846,Liberty Energy Company Limited
2026042004004390,LEC,45,41,1000,238.1,238100.0,2026-04-20,187030404,2903,Imperial Securities Company Pvt. Ltd.,Linch Stock Market Ltd.,2026-04-20 11:53:13.195966,Liberty Energy Company Limited
2026042004004391,LEC,51,41,100,238.1,23810.0,2026-04-20,187030406,2903,Oxford Securities Pvt. Ltd.,Linch Stock Market Ltd.,2026-04-20 11:53:13.196024,Liberty Energy Company Limited
2026042004004392,LEC,16,41,2059,238.0,490042.0,2026-04-20,187030408,2903,Primo Securities (PVT) Ltd.,Linch Stock Market Ltd.,2026-04-20 11:53:13.196081,Liberty Energy Company Limited
2026042004004393,LEC,41,41,400,238.0,95200.0,2026-04-20,187030410,2903,Linch Stock Market Ltd.,Linch Stock Market Ltd.,2026-04-20 11:53:13.196157,Liberty Energy Company Limited
2026042004004394,LEC,35,41,100,238.0,23800.0,2026-04-20,187030412,2903,Kohinoor Investment & Securities Pvt. Ltd.,Linch Stock Market Ltd.,2026-04-20 11:53:13.196218,Liberty Energy Company Limited
2026042004004395,LEC,21,41,500,238.0,119000.0,2026-04-20,187030414,2903,Midas Stock Broking Company Private Limited,Linch Stock Market Ltd.,2026-04-20 11:53:13.196321,Liberty Energy Company Limited
2026042004004590,LEC,34,62,100,237.2,23720.0,2026-04-20,187033604,2903,Vision Securities Pvt. Ltd,Capital Max Securities Ltd,2026-04-20 11:55:41.737279,Liberty Energy Company Limited
2026042004004591,LEC,19,62,400,237.1,94840.0,2026-04-20,187033605,2903,Nepal Investment And Securities Trading Private Limited,Capital Max Securities Ltd,2026-04-20 11:55:41.737508,Liberty Energy Company Limited
2026042004004707,LEC,94,41,500,237.0,118500.0,2026-04-20,187035710,2903,K.B.L. Securities Limited ,Linch Stock Market Ltd.,2026-04-20 11:57:14.458332,Liberty Energy Company Limited
2026042004004708,LEC,45,41,1000,237.0,237000.0,2026-04-20,187035712,2903,Imperial Securities Company Pvt. Ltd.,Linch Stock Market Ltd.,2026-04-20 11:57:14.458493,Liberty Energy Company Limited
2026042004004709,LEC,38,41,1000,237.0,237000.0,2026-04-20,187035714,2903,Dipshikha Dhitopatra Karobar Co. Pvt Ltd.,Linch Stock Market Ltd.,2026-04-20 11:57:14.458565,Liberty Energy Company Limited
2026042004004710,LEC,57,41,300,237.0,71100.0,2026-04-20,187035716,2903,Aryatara Investment & Securities,Linch Stock Market Ltd.,2026-04-20 11:57:14.458629,Liberty Energy Company Limited
2026042004004711,LEC,44,41,200,237.0,47400.0,2026-04-20,187035718,2903,Dynamic Money Managers Securities Pvt. Ltd.,Linch Stock Market Ltd.,2026-04-20 11:57:14.458689,Liberty Energy Company Limited
2026042004004712,LEC,36,41,461,237.0,109257.0,2026-04-20,187035719,2903,Secured Securities Ltd.,Linch Stock Market Ltd.,2026-04-20 11:57:14.458748,Liberty Energy Company Limited
2026042004004722,LEC,10,45,3,231.0,693.0,2026-04-20,187035791,2903,Pragyan Securities (PVT) Ltd.,Imperial Securities Company Pvt. Ltd.,2026-04-20 11:57:18.068170,Liberty Energy Company Limited
2026042004004724,LEC,36,52,145,237.0,34365.0,2026-04-20,187035811,2903,Secured Securities Ltd.,Sundhara Securities Limited,2026-04-20 11:57:19.096909,Liberty Energy Company Limited
2026042004004819,LEC,41,58,12,237.1,2845.2,2026-04-20,187037079,2903,Linch Stock Market Ltd.,Naasa Securities Co. Ltd.,2026-04-20 11:58:25.358718,Liberty Energy Company Limited
2026042004004985,LEC,57,4,500,237.3,118650.0,2026-04-20,187039090,2903,Aryatara Investment & Securities,Opal Securities Investment (PVT) Ltd.,2026-04-20 12:00:21.553058,Liberty Energy Company Limited
2026042004004986,LEC,45,4,500,237.2,118600.0,2026-04-20,187039091,2903,Imperial Securities Company Pvt. Ltd.,Opal Securities Investment (PVT) Ltd.,2026-04-20 12:00:21.553234,Liberty Energy Company Limited
2026042004005002,LEC,45,26,270,237.2,64044.0,2026-04-20,187039427,2903,Imperial Securities Company Pvt. Ltd.,Asian Securities Private Ltd.,2026-04-20 12:00:35.902914,Liberty Energy Company Limited
2026042004005252,LEC,42,62,200,239.4,47880.0,2026-04-20,187043046,2903,Sani Securities Company Ltd.,Capital Max Securities Ltd,2026-04-20 12:04:28.839196,Liberty Energy Company Limited
2026042004005308,LEC,52,62,225,238.1,53572.5,2026-04-20,187043834,2903,Sundhara Securities Limited,Capital Max Securities Ltd,2026-04-20 12:05:24.794400,Liberty Energy Company Limited
2026042004005309,LEC,45,62,55,237.5,13062.5,2026-04-20,187043836,2903,Imperial Securities Company Pvt. Ltd.,Capital Max Securities Ltd,2026-04-20 12:05:24.794766,Liberty Energy Company Limited
2026042004005310,LEC,34,62,20,237.5,4750.0,2026-04-20,187043837,2903,Vision Securities Pvt. Ltd,Capital Max Securities Ltd,2026-04-20 12:05:24.794985,Liberty Energy Company Limited
2026042004005324,LEC,34,7,20,237.5,4750.0,2026-04-20,187044038,2903,Vision Securities Pvt. Ltd,J.F. Securites (PVT) Ltd.,2026-04-20 12:05:39.835586,Liberty Energy Company Limited
2026042004005326,LEC,58,7,50,237.5,11875.0,2026-04-20,187044058,2903,Naasa Securities Co. Ltd.,J.F. Securites (PVT) Ltd.,2026-04-20 12:05:42.345273,Liberty Energy Company Limited
2026042004005331,LEC,42,62,200,237.4,47480.0,2026-04-20,187044126,2903,Sani Securities Company Ltd.,Capital Max Securities Ltd,2026-04-20 12:05:48.556883,Liberty Energy Company Limited
2026042004005332,LEC,52,62,150,237.4,35610.0,2026-04-20,187044127,2903,Sundhara Securities Limited,Capital Max Securities Ltd,2026-04-20 12:05:48.557202,Liberty Energy Company Limited
2026042004005374,LEC,41,7,30,237.5,7125.0,2026-04-20,187044593,2903,Linch Stock Market Ltd.,J.F. Securites (PVT) Ltd.,2026-04-20 12:06:24.415533,Liberty Energy Company Limited
2026042004005402,LEC,45,28,229,238.0,54502.0,2026-04-20,187045089,2903,Imperial Securities Company Pvt. Ltd.,Shree Krishna Securities Ltd.,2026-04-20 12:07:07.381938,Liberty Energy Company Limited
2026042004005446,LEC,45,29,107,238.0,25466.0,2026-04-20,187045683,2903,Imperial Securities Company Pvt. Ltd.,Trisul Securities & Invt. Ltd.,2026-04-20 12:07:53.885457,Liberty Energy Company Limited
2026042004005580,LEC,42,58,10,239.0,2390.0,2026-04-20,187047667,2903,Sani Securities Company Ltd.,Naasa Securities Co. Ltd.,2026-04-20 12:10:15.202429,Liberty Energy Company Limited
2026042004005640,LEC,38,50,200,239.5,47900.0,2026-04-20,187048971,2903,Dipshikha Dhitopatra Karobar Co. Pvt Ltd.,Cristal Kanchanjanga Securites Pvt. Ltd.,2026-04-20 12:11:40.160158,Liberty Energy Company Limited
2026042004005641,LEC,38,34,20,239.5,4790.0,2026-04-20,187048973,2903,Dipshikha Dhitopatra Karobar Co. Pvt Ltd.,Vision Securities Pvt. Ltd,2026-04-20 12:11:40.160565,Liberty Energy Company Limited
2026042004005642,LEC,38,52,100,239.8,23980.0,2026-04-20,187048975,2903,Dipshikha Dhitopatra Karobar Co. Pvt Ltd.,Sundhara Securities Limited,2026-04-20 12:11:40.160799,Liberty Energy Company Limited
2026042004005643,LEC,38,72,680,239.9,163132.0,2026-04-20,187048978,2903,Dipshikha Dhitopatra Karobar Co. Pvt Ltd.,Hatemalo Financial Services Private Limited,2026-04-20 12:11:40.161042,Liberty Energy Company Limited
2026042004005754,LEC,4,72,86,239.9,20631.4,2026-04-20,187050559,2903,Opal Securities Investment (PVT) Ltd.,Hatemalo Financial Services Private Limited,2026-04-20 12:13:01.674504,Liberty Energy Company Limited
2026042004005817,LEC,85,72,1234,239.9,296036.6,2026-04-20,187051347,2903,Capital Hub P. Ltd,Hatemalo Financial Services Private Limited,2026-04-20 12:13:54.844580,Liberty Energy Company Limited
2026042004005818,LEC,85,42,148,240.0,35520.0,2026-04-20,187051349,2903,Capital Hub P. Ltd,Sani Securities Company Ltd.,2026-04-20 12:13:54.844759,Liberty Energy Company Limited
2026042004005819,LEC,85,94,1000,240.0,240000.0,2026-04-20,187051351,2903,Capital Hub P. Ltd,K.B.L. Securities Limited ,2026-04-20 12:13:54.844838,Liberty Energy Company Limited
2026042004005820,LEC,85,49,2500,240.0,600000.0,2026-04-20,187051353,2903,Capital Hub P. Ltd,Online Securities Pvt. Ltd.,2026-04-20 12:13:54.844914,Liberty Energy Company Limited
2026042004005821,LEC,85,67,118,240.0,28320.0,2026-04-20,187051356,2903,Capital Hub P. Ltd,Property Wiard Limited,2026-04-20 12:13:54.844988,Liberty Energy Company Limited
2026042004005822,LEC,63,49,60,239.1,14346.0,2026-04-20,187051383,2903,Himalayan Brokerage Company Limited,Online Securities Pvt. Ltd.,2026-04-20 12:13:56.191467,Liberty Energy Company Limited
2026042004005843,LEC,38,67,500,240.0,120000.0,2026-04-20,187051540,2903,Dipshikha Dhitopatra Karobar Co. Pvt Ltd.,Property Wiard Limited,2026-04-20 12:14:11.778964,Liberty Energy Company Limited
2026042004005874,LEC,11,67,60,240.0,14400.0,2026-04-20,187052174,2903,Malla & Malla Stock Broking Company Pvt. Limited,Property Wiard Limited,2026-04-20 12:14:50.674344,Liberty Energy Company Limited
2026042004005899,LEC,58,67,270,240.0,64800.0,2026-04-20,187052566,2903,Naasa Securities Co. Ltd.,Property Wiard Limited,2026-04-20 12:15:25.341102,Liberty Energy Company Limited
2026042004005965,LEC,5,67,452,240.0,108480.0,2026-04-20,187053441,2903,Market Securities & Exchange (PVT) Ltd.,Property Wiard Limited,2026-04-20 12:16:25.438666,Liberty Energy Company Limited
2026042004005966,LEC,5,17,10,240.0,2400.0,2026-04-20,187053443,2903,Market Securities & Exchange (PVT) Ltd.,ABC Securities Private Limited,2026-04-20 12:16:25.438849,Liberty Energy Company Limited
2026042004006226,LEC,7,1,500,242.0,121000.0,2026-04-20,187057057,2903,J.F. Securites (PVT) Ltd.,Kumari Securities Private Limited,2026-04-20 12:20:21.378568,Liberty Energy Company Limited
2026042004006227,LEC,7,58,100,242.0,24200.0,2026-04-20,187057060,2903,J.F. Securites (PVT) Ltd.,Naasa Securities Co. Ltd.,2026-04-20 12:20:21.378967,Liberty Energy Company Limited
2026042004006317,LEC,7,58,20,242.0,4840.0,2026-04-20,187058581,2903,J.F. Securites (PVT) Ltd.,Naasa Securities Co. Ltd.,2026-04-20 12:22:06.979942,Liberty Energy Company Limited
2026042004006318,LEC,7,57,1000,242.0,242000.0,2026-04-20,187058583,2903,J.F. Securites (PVT) Ltd.,Aryatara Investment & Securities,2026-04-20 12:22:06.980409,Liberty Energy Company Limited
2026042004006319,LEC,7,41,480,242.0,116160.0,2026-04-20,187058586,2903,J.F. Securites (PVT) Ltd.,Linch Stock Market Ltd.,2026-04-20 12:22:06.980728,Liberty Energy Company Limited
2026042004006341,LEC,7,41,20,242.0,4840.0,2026-04-20,187058990,2903,J.F. Securites (PVT) Ltd.,Linch Stock Market Ltd.,2026-04-20 12:22:27.906728,Liberty Energy Company Limited
2026042004006356,LEC,42,48,100,242.0,24200.0,2026-04-20,187059444,2903,Sani Securities Company Ltd.,Trishakti Securities Public Limited,2026-04-20 12:22:56.977306,Liberty Energy Company Limited
2026042004006606,LEC,42,58,18,240.3,4325.4,2026-04-20,187061897,2903,Sani Securities Company Ltd.,Naasa Securities Co. Ltd.,2026-04-20 12:26:11.525656,Liberty Energy Company Limited
2026042004006751,LEC,51,56,140,241.0,33740.0,2026-04-20,187063752,2903,Oxford Securities Pvt. Ltd.,Sri Hari Securities Pvt. Ltd.,2026-04-20 12:28:55.715639,Liberty Energy Company Limited
2026042004006752,LEC,42,56,82,240.3,19704.6,2026-04-20,187063754,2903,Sani Securities Company Ltd.,Sri Hari Securities Pvt. Ltd.,2026-04-20 12:28:55.715835,Liberty Energy Company Limited
2026042004006753,LEC,36,56,300,240.1,72030.0,2026-04-20,187063756,2903,Secured Securities Ltd.,Sri Hari Securities Pvt. Ltd.,2026-04-20 12:28:55.715916,Liberty Energy Company Limited
2026042004006754,LEC,5,56,38,240.0,9120.0,2026-04-20,187063758,2903,Market Securities & Exchange (PVT) Ltd.,Sri Hari Securities Pvt. Ltd.,2026-04-20 12:28:55.715992,Liberty Energy Company Limited
2026042004006755,LEC,89,56,1000,240.0,240000.0,2026-04-20,187063760,2903,Global IME Securities Limited,Sri Hari Securities Pvt. Ltd.,2026-04-20 12:28:55.716072,Liberty Energy Company Limited
2026042004006756,LEC,7,56,500,240.0,120000.0,2026-04-20,187063762,2903,J.F. Securites (PVT) Ltd.,Sri Hari Securities Pvt. Ltd.,2026-04-20 12:28:55.716147,Liberty Energy Company Limited
2026042004006757,LEC,36,56,1000,240.0,240000.0,2026-04-20,187063764,2903,Secured Securities Ltd.,Sri Hari Securities Pvt. Ltd.,2026-04-20 12:28:55.716220,Liberty Energy Company Limited
2026042004006883,LEC,42,48,190,239.0,45410.0,2026-04-20,187065172,2903,Sani Securities Company Ltd.,Trishakti Securities Public Limited,2026-04-20 12:31:18.753561,Liberty Energy Company Limited
2026042004006884,LEC,58,48,210,239.0,50190.0,2026-04-20,187065173,2903,Naasa Securities Co. Ltd.,Trishakti Securities Public Limited,2026-04-20 12:31:18.753997,Liberty Energy Company Limited
2026042004006924,LEC,74,56,2940,240.0,705600.0,2026-04-20,187065921,2903,KALASH STOCK MARKET PVT. LTD.,Sri Hari Securities Pvt. Ltd.,2026-04-20 12:32:26.295828,Liberty Energy Company Limited
2026042004007039,LEC,74,42,1460,241.0,351860.0,2026-04-20,187067816,2903,KALASH STOCK MARKET PVT. LTD.,Sani Securities Company Ltd.,2026-04-20 12:35:26.186513,Liberty Energy Company Limited
2026042004007086,LEC,66,42,40,241.0,9640.0,2026-04-20,187068932,2903,Miyo Securities Pvt Ltd,Sani Securities Company Ltd.,2026-04-20 12:36:48.695210,Liberty Energy Company Limited
2026042004007128,LEC,74,42,100,241.0,24100.0,2026-04-20,187070028,2903,KALASH STOCK MARKET PVT. LTD.,Sani Securities Company Ltd.,2026-04-20 12:38:21.063677,Liberty Energy Company Limited
2026042004007130,LEC,50,17,100,239.3,23930.0,2026-04-20,187070046,2903,Cristal Kanchanjanga Securites Pvt. Ltd.,ABC Securities Private Limited,2026-04-20 12:38:22.866579,Liberty Energy Company Limited
2026042004007131,LEC,45,17,894,239.2,213844.8,2026-04-20,187070048,2903,Imperial Securities Company Pvt. Ltd.,ABC Securities Private Limited,2026-04-20 12:38:22.866623,Liberty Energy Company Limited
2026042004007132,LEC,45,17,2000,239.2,478400.0,2026-04-20,187070050,2903,Imperial Securities Company Pvt. Ltd.,ABC Securities Private Limited,2026-04-20 12:38:22.866648,Liberty Energy Company Limited
2026042004007133,LEC,58,17,1006,239.0,240434.0,2026-04-20,187070051,2903,Naasa Securities Co. Ltd.,ABC Securities Private Limited,2026-04-20 12:38:22.866670,Liberty Energy Company Limited
2026042004007144,LEC,43,42,100,241.0,24100.0,2026-04-20,187070216,2903,South Asian Bulls Pvt. Ltd.,Sani Securities Company Ltd.,2026-04-20 12:38:38.076443,Liberty Energy Company Limited
2026042004007204,LEC,58,89,84,239.0,20076.0,2026-04-20,187071478,2903,Naasa Securities Co. Ltd.,Global IME Securities Limited,2026-04-20 12:40:19.429322,Liberty Energy Company Limited
2026042004007205,LEC,7,89,66,239.0,15774.0,2026-04-20,187071479,2903,J.F. Securites (PVT) Ltd.,Global IME Securities Limited,2026-04-20 12:40:19.429537,Liberty Energy Company Limited
2026042004007241,LEC,7,17,44,239.0,10516.0,2026-04-20,187072024,2903,J.F. Securites (PVT) Ltd.,ABC Securities Private Limited,2026-04-20 12:41:14.971052,Liberty Energy Company Limited
2026042004007242,LEC,36,17,956,239.0,228484.0,2026-04-20,187072025,2903,Secured Securities Ltd.,ABC Securities Private Limited,2026-04-20 12:41:14.971148,Liberty Energy Company Limited
2026042004007368,LEC,36,54,10,239.0,2390.0,2026-04-20,187073703,2903,Secured Securities Ltd.,Sewa Securities Pvt. Ltd.,2026-04-20 12:44:04.998374,Liberty Energy Company Limited
2026042004007381,LEC,58,17,46,240.0,11040.0,2026-04-20,187073996,2903,Naasa Securities Co. Ltd.,ABC Securities Private Limited,2026-04-20 12:44:38.732908,Liberty Energy Company Limited
2026042004007407,LEC,36,46,10,239.0,2390.0,2026-04-20,187074441,2903,Secured Securities Ltd.,Kalika Securities Pvt. Ltd.,2026-04-20 12:45:24.843606,Liberty Energy Company Limited
2026042004007679,LEC,60,14,30,239.2,7176.0,2026-04-20,187078474,2903,Nagarik Stock Dealer ,Nepal Stock House (PVT) Ltd.,2026-04-20 12:51:29.397882,Liberty Energy Company Limited
2026042004007680,LEC,43,14,100,239.1,23910.0,2026-04-20,187078476,2903,South Asian Bulls Pvt. Ltd.,Nepal Stock House (PVT) Ltd.,2026-04-20 12:51:29.398336,Liberty Energy Company Limited
2026042004007681,LEC,36,14,24,239.0,5736.0,2026-04-20,187078478,2903,Secured Securities Ltd.,Nepal Stock House (PVT) Ltd.,2026-04-20 12:51:29.398593,Liberty Energy Company Limited
2026042004007682,LEC,42,14,46,239.0,10994.0,2026-04-20,187078479,2903,Sani Securities Company Ltd.,Nepal Stock House (PVT) Ltd.,2026-04-20 12:51:29.398837,Liberty Energy Company Limited
2026042004007762,LEC,42,17,454,239.0,108506.0,2026-04-20,187079490,2903,Sani Securities Company Ltd.,ABC Securities Private Limited,2026-04-20 12:53:04.789487,Liberty Energy Company Limited
2026042004007763,LEC,52,17,167,238.5,39829.5,2026-04-20,187079492,2903,Sundhara Securities Limited,ABC Securities Private Limited,2026-04-20 12:53:04.789661,Liberty Energy Company Limited
2026042004007764,LEC,57,17,100,238.3,23830.0,2026-04-20,187079494,2903,Aryatara Investment & Securities,ABC Securities Private Limited,2026-04-20 12:53:04.789789,Liberty Energy Company Limited
2026042004007765,LEC,58,17,100,238.3,23830.0,2026-04-20,187079496,2903,Naasa Securities Co. Ltd.,ABC Securities Private Limited,2026-04-20 12:53:04.789865,Liberty Energy Company Limited
2026042004007766,LEC,19,17,100,238.3,23830.0,2026-04-20,187079498,2903,Nepal Investment And Securities Trading Private Limited,ABC Securities Private Limited,2026-04-20 12:53:04.789937,Liberty Energy Company Limited
2026042004007767,LEC,58,17,79,238.2,18817.8,2026-04-20,187079499,2903,Naasa Securities Co. Ltd.,ABC Securities Private Limited,2026-04-20 12:53:04.790011,Liberty Energy Company Limited
2026042004007777,LEC,58,17,30,238.2,7146.0,2026-04-20,187079602,2903,Naasa Securities Co. Ltd.,ABC Securities Private Limited,2026-04-20 12:53:15.465449,Liberty Energy Company Limited
2026042004007778,LEC,89,17,500,238.1,119050.0,2026-04-20,187079604,2903,Global IME Securities Limited,ABC Securities Private Limited,2026-04-20 12:53:15.465512,Liberty Energy Company Limited
2026042004007779,LEC,91,17,100,238.1,23810.0,2026-04-20,187079606,2903,Citizens Share Broker Limited,ABC Securities Private Limited,2026-04-20 12:53:15.465540,Liberty Energy Company Limited
2026042004007780,LEC,45,17,1000,238.0,238000.0,2026-04-20,187079608,2903,Imperial Securities Company Pvt. Ltd.,ABC Securities Private Limited,2026-04-20 12:53:15.465560,Liberty Energy Company Limited
2026042004007781,LEC,4,17,370,238.0,88060.0,2026-04-20,187079609,2903,Opal Securities Investment (PVT) Ltd.,ABC Securities Private Limited,2026-04-20 12:53:15.465617,Liberty Energy Company Limited
2026042004007869,LEC,28,68,500,239.0,119500.0,2026-04-20,187080932,2903,Shree Krishna Securities Ltd.,Elite Stock House Limited,2026-04-20 12:55:11.785000,Liberty Energy Company Limited
2026042004007882,LEC,47,49,200,238.1,47620.0,2026-04-20,187081165,2903,Neev Securities Pvt. Ltd.,Online Securities Pvt. Ltd.,2026-04-20 12:55:35.785556,Liberty Energy Company Limited
2026042004007903,LEC,7,68,10,239.0,2390.0,2026-04-20,187081516,2903,J.F. Securites (PVT) Ltd.,Elite Stock House Limited,2026-04-20 12:56:07.145789,Liberty Energy Company Limited
2026042004007971,LEC,47,53,301,238.1,71668.1,2026-04-20,187082396,2903,Neev Securities Pvt. Ltd.,Investment Management Nepal Pvt. Ltd.,2026-04-20 12:57:47.679657,Liberty Energy Company Limited
2026042004007972,LEC,4,53,130,238.0,30940.0,2026-04-20,187082398,2903,Opal Securities Investment (PVT) Ltd.,Investment Management Nepal Pvt. Ltd.,2026-04-20 12:57:47.679766,Liberty Energy Company Limited
2026042004007973,LEC,57,53,100,238.0,23800.0,2026-04-20,187082400,2903,Aryatara Investment & Securities,Investment Management Nepal Pvt. Ltd.,2026-04-20 12:57:47.679794,Liberty Energy Company Limited
2026042004007974,LEC,57,53,60,238.0,14280.0,2026-04-20,187082402,2903,Aryatara Investment & Securities,Investment Management Nepal Pvt. Ltd.,2026-04-20 12:57:47.679816,Liberty Energy Company Limited
2026042004007975,LEC,101,53,275,237.6,65340.0,2026-04-20,187082404,2903,APPLE SECURITIES PRIVATE LIMITED,Investment Management Nepal Pvt. Ltd.,2026-04-20 12:57:47.679840,Liberty Energy Company Limited
2026042004007976,LEC,45,53,500,237.5,118750.0,2026-04-20,187082406,2903,Imperial Securities Company Pvt. Ltd.,Investment Management Nepal Pvt. Ltd.,2026-04-20 12:57:47.679906,Liberty Energy Company Limited
2026042004007977,LEC,49,53,55,237.5,13062.5,2026-04-20,187082408,2903,Online Securities Pvt. Ltd.,Investment Management Nepal Pvt. Ltd.,2026-04-20 12:57:47.679931,Liberty Energy Company Limited
2026042004007978,LEC,52,53,350,237.4,83090.0,2026-04-20,187082410,2903,Sundhara Securities Limited,Investment Management Nepal Pvt. Ltd.,2026-04-20 12:57:47.679955,Liberty Energy Company Limited
2026042004007979,LEC,52,53,229,237.3,54341.7,2026-04-20,187082411,2903,Sundhara Securities Limited,Investment Management Nepal Pvt. Ltd.,2026-04-20 12:57:47.679978,Liberty Energy Company Limited
2026042004007987,LEC,52,38,30,237.3,7119.0,2026-04-20,187082561,2903,Sundhara Securities Limited,Dipshikha Dhitopatra Karobar Co. Pvt Ltd.,2026-04-20 12:58:09.058962,Liberty Energy Company Limited
2026042004008101,LEC,43,50,100,238.0,23800.0,2026-04-20,187084416,2903,South Asian Bulls Pvt. Ltd.,Cristal Kanchanjanga Securites Pvt. Ltd.,2026-04-20 13:01:35.594470,Liberty Energy Company Limited
2026042004008435,LEC,47,41,25,238.1,5952.5,2026-04-20,187088772,2903,Neev Securities Pvt. Ltd.,Linch Stock Market Ltd.,2026-04-20 13:09:06.240811,Liberty Energy Company Limited
2026042004008436,LEC,70,41,509,238.0,121142.0,2026-04-20,187088773,2903,Infinity Securities Limited,Linch Stock Market Ltd.,2026-04-20 13:09:06.241079,Liberty Energy Company Limited
2026042004008447,LEC,35,68,200,239.0,47800.0,2026-04-20,187089010,2903,Kohinoor Investment & Securities Pvt. Ltd.,Elite Stock House Limited,2026-04-20 13:09:36.442674,Liberty Energy Company Limited
2026042004008451,LEC,19,68,100,239.0,23900.0,2026-04-20,187089095,2903,Nepal Investment And Securities Trading Private Limited,Elite Stock House Limited,2026-04-20 13:09:49.998724,Liberty Energy Company Limited
2026042004008757,LEC,53,68,45,239.0,10755.0,2026-04-20,187093006,2903,Investment Management Nepal Pvt. Ltd.,Elite Stock House Limited,2026-04-20 13:16:23.453513,Liberty Energy Company Limited
2026042004008795,LEC,38,51,50,238.5,11925.0,2026-04-20,187093536,2903,Dipshikha Dhitopatra Karobar Co. Pvt Ltd.,Oxford Securities Pvt. Ltd.,2026-04-20 13:17:23.419724,Liberty Energy Company Limited
2026042004008964,LEC,74,51,40,238.5,9540.0,2026-04-20,187096893,2903,KALASH STOCK MARKET PVT. LTD.,Oxford Securities Pvt. Ltd.,2026-04-20 13:23:56.765075,Liberty Energy Company Limited
2026042004008965,LEC,74,58,30,238.5,7155.0,2026-04-20,187096895,2903,KALASH STOCK MARKET PVT. LTD.,Naasa Securities Co. Ltd.,2026-04-20 13:23:56.765581,Liberty Energy Company Limited
2026042004008966,LEC,74,38,10,238.5,2385.0,2026-04-20,187096898,2903,KALASH STOCK MARKET PVT. LTD.,Dipshikha Dhitopatra Karobar Co. Pvt Ltd.,2026-04-20 13:23:56.765887,Liberty Energy Company Limited
2026042004008983,LEC,45,17,150,238.2,35730.0,2026-04-20,187097176,2903,Imperial Securities Company Pvt. Ltd.,ABC Securities Private Limited,2026-04-20 13:24:23.144978,Liberty Energy Company Limited
2026042004008984,LEC,89,17,500,238.2,119100.0,2026-04-20,187097178,2903,Global IME Securities Limited,ABC Securities Private Limited,2026-04-20 13:24:23.145091,Liberty Energy Company Limited
2026042004008985,LEC,89,17,500,238.2,119100.0,2026-04-20,187097180,2903,Global IME Securities Limited,ABC Securities Private Limited,2026-04-20 13:24:23.145160,Liberty Energy Company Limited
2026042004008986,LEC,45,17,2000,238.1,476200.0,2026-04-20,187097182,2903,Imperial Securities Company Pvt. Ltd.,ABC Securities Private Limited,2026-04-20 13:24:23.145236,Liberty Energy Company Limited
2026042004008987,LEC,91,17,190,238.1,45239.0,2026-04-20,187097184,2903,Citizens Share Broker Limited,ABC Securities Private Limited,2026-04-20 13:24:23.145308,Liberty Energy Company Limited
2026042004008988,LEC,70,17,491,238.0,116858.0,2026-04-20,187097186,2903,Infinity Securities Limited,ABC Securities Private Limited,2026-04-20 13:24:23.145418,Liberty Energy Company Limited
2026042004008989,LEC,36,17,54,238.0,12852.0,2026-04-20,187097188,2903,Secured Securities Ltd.,ABC Securities Private Limited,2026-04-20 13:24:23.145491,Liberty Energy Company Limited
2026042004008990,LEC,72,17,1000,238.0,238000.0,2026-04-20,187097190,2903,Hatemalo Financial Services Private Limited,ABC Securities Private Limited,2026-04-20 13:24:23.145559,Liberty Energy Company Limited
2026042004008991,LEC,38,17,200,238.0,47600.0,2026-04-20,187097192,2903,Dipshikha Dhitopatra Karobar Co. Pvt Ltd.,ABC Securities Private Limited,2026-04-20 13:24:23.145632,Liberty Energy Company Limited
2026042004008992,LEC,49,17,675,238.0,160650.0,2026-04-20,187097194,2903,Online Securities Pvt. Ltd.,ABC Securities Private Limited,2026-04-20 13:24:23.145728,Liberty Energy Company Limited
2026042004008993,LEC,18,17,240,238.0,57120.0,2026-04-20,187097195,2903,Sagarmatha Securities Private Limited,ABC Securities Private Limited,2026-04-20 13:24:23.145799,Liberty Energy Company Limited
2026042004008995,LEC,74,62,50,238.5,11925.0,2026-04-20,187097206,2903,KALASH STOCK MARKET PVT. LTD.,Capital Max Securities Ltd,2026-04-20 13:24:26.147623,Liberty Energy Company Limited
2026042004009015,LEC,18,36,160,238.0,38080.0,2026-04-20,187097738,2903,Sagarmatha Securities Private Limited,Secured Securities Ltd.,2026-04-20 13:25:23.784978,Liberty Energy Company Limited
2026042004009016,LEC,45,36,10,238.0,2380.0,2026-04-20,187097740,2903,Imperial Securities Company Pvt. Ltd.,Secured Securities Ltd.,2026-04-20 13:25:23.785074,Liberty Energy Company Limited
2026042004009017,LEC,90,36,30,237.9,7137.0,2026-04-20,187097741,2903,Sajilo Broker Limited,Secured Securities Ltd.,2026-04-20 13:25:23.785171,Liberty Energy Company Limited
2026042004009049,LEC,90,17,70,237.9,16653.0,2026-04-20,187098114,2903,Sajilo Broker Limited,ABC Securities Private Limited,2026-04-20 13:26:10.230228,Liberty Energy Company Limited
2026042004009050,LEC,42,17,490,237.6,116424.0,2026-04-20,187098116,2903,Sani Securities Company Ltd.,ABC Securities Private Limited,2026-04-20 13:26:10.230288,Liberty Energy Company Limited
2026042004009051,LEC,42,17,100,237.5,23750.0,2026-04-20,187098118,2903,Sani Securities Company Ltd.,ABC Securities Private Limited,2026-04-20 13:26:10.230320,Liberty Energy Company Limited
2026042004009052,LEC,49,17,65,237.5,15437.5,2026-04-20,187098120,2903,Online Securities Pvt. Ltd.,ABC Securities Private Limited,2026-04-20 13:26:10.230340,Liberty Energy Company Limited
2026042004009053,LEC,89,17,500,237.5,118750.0,2026-04-20,187098122,2903,Global IME Securities Limited,ABC Securities Private Limited,2026-04-20 13:26:10.230360,Liberty Energy Company Limited
2026042004009054,LEC,57,17,100,237.4,23740.0,2026-04-20,187098124,2903,Aryatara Investment & Securities,ABC Securities Private Limited,2026-04-20 13:26:10.230380,Liberty Energy Company Limited
2026042004009055,LEC,52,17,2000,237.4,474800.0,2026-04-20,187098126,2903,Sundhara Securities Limited,ABC Securities Private Limited,2026-04-20 13:26:10.230441,Liberty Energy Company Limited
2026042004009056,LEC,17,17,1275,237.4,302685.0,2026-04-20,187098127,2903,ABC Securities Private Limited,ABC Securities Private Limited,2026-04-20 13:26:10.230493,Liberty Energy Company Limited
2026042004009097,LEC,58,91,20,238.0,4760.0,2026-04-20,187098624,2903,Naasa Securities Co. Ltd.,Citizens Share Broker Limited,2026-04-20 13:27:04.013328,Liberty Energy Company Limited
2026042004009212,LEC,43,17,100,237.6,23760.0,2026-04-20,187099886,2903,South Asian Bulls Pvt. Ltd.,ABC Securities Private Limited,2026-04-20 13:29:00.424388,Liberty Energy Company Limited
2026042004009213,LEC,90,17,500,237.6,118800.0,2026-04-20,187099888,2903,Sajilo Broker Limited,ABC Securities Private Limited,2026-04-20 13:29:00.424845,Liberty Energy Company Limited
2026042004009214,LEC,33,17,400,237.5,95000.0,2026-04-20,187099889,2903,Dakshinkali Investment & Securities Pvt. Ltd.,ABC Securities Private Limited,2026-04-20 13:29:00.425142,Liberty Energy Company Limited
2026042004009360,LEC,49,68,50,239.0,11950.0,2026-04-20,187102380,2903,Online Securities Pvt. Ltd.,Elite Stock House Limited,2026-04-20 13:33:57.882924,Liberty Energy Company Limited
2026042004009379,LEC,34,13,40,238.0,9520.0,2026-04-20,187102775,2903,Vision Securities Pvt. Ltd,Thrive Brokerage House Pvt. Ltd,2026-04-20 13:34:35.954622,Liberty Energy Company Limited
2026042004009486,LEC,63,22,100,238.1,23810.0,2026-04-20,187105127,2903,Himalayan Brokerage Company Limited,Siprabi Securities Pvt. Ltd.,2026-04-20 13:37:25.750920,Liberty Energy Company Limited
2026042004009636,LEC,63,38,10,238.1,2381.0,2026-04-20,187106775,2903,Himalayan Brokerage Company Limited,Dipshikha Dhitopatra Karobar Co. Pvt Ltd.,2026-04-20 13:39:57.624008,Liberty Energy Company Limited
2026042004009747,LEC,52,68,95,239.0,22705.0,2026-04-20,187109589,2903,Sundhara Securities Limited,Elite Stock House Limited,2026-04-20 13:42:55.429509,Liberty Energy Company Limited
2026042004009748,LEC,52,32,20,239.0,4780.0,2026-04-20,187109591,2903,Sundhara Securities Limited,Premier Securities Company Ltd.,2026-04-20 13:42:55.430026,Liberty Energy Company Limited
2026042004009749,LEC,52,52,100,239.8,23980.0,2026-04-20,187109593,2903,Sundhara Securities Limited,Sundhara Securities Limited,2026-04-20 13:42:55.430354,Liberty Energy Company Limited
2026042004009750,LEC,52,17,35,240.0,8400.0,2026-04-20,187109596,2903,Sundhara Securities Limited,ABC Securities Private Limited,2026-04-20 13:42:55.430647,Liberty Energy Company Limited
2026042004009831,LEC,39,17,50,239.1,11955.0,2026-04-20,187111574,2903,Sumeru Securities Pvt. Ltd.,ABC Securities Private Limited,2026-04-20 13:45:18.407668,Liberty Energy Company Limited
2026042004009843,LEC,38,17,201,239.0,48039.0,2026-04-20,187111726,2903,Dipshikha Dhitopatra Karobar Co. Pvt Ltd.,ABC Securities Private Limited,2026-04-20 13:45:36.960522,Liberty Energy Company Limited
2026042004009940,LEC,35,17,200,238.9,47780.0,2026-04-20,187117338,2903,Kohinoor Investment & Securities Pvt. Ltd.,ABC Securities Private Limited,2026-04-20 13:49:18.973213,Liberty Energy Company Limited
2026042004009965,LEC,42,17,668,239.0,159652.0,2026-04-20,187117888,2903,Sani Securities Company Ltd.,ABC Securities Private Limited,2026-04-20 13:49:40.124247,Liberty Energy Company Limited
2026042004010092,LEC,21,45,800,239.0,191200.0,2026-04-20,187120409,2903,Midas Stock Broking Company Private Limited,Imperial Securities Company Pvt. Ltd.,2026-04-20 13:52:47.884576,Liberty Energy Company Limited
2026042004010176,LEC,51,58,30,240.0,7200.0,2026-04-20,187121231,2903,Oxford Securities Pvt. Ltd.,Naasa Securities Co. Ltd.,2026-04-20 13:54:00.262180,Liberty Energy Company Limited
2026042004010177,LEC,51,34,40,240.0,9600.0,2026-04-20,187121233,2903,Oxford Securities Pvt. Ltd.,Vision Securities Pvt. Ltd,2026-04-20 13:54:00.262697,Liberty Energy Company Limited
2026042004010178,LEC,51,42,15,240.0,3600.0,2026-04-20,187121235,2903,Oxford Securities Pvt. Ltd.,Sani Securities Company Ltd.,2026-04-20 13:54:00.263024,Liberty Energy Company Limited
2026042004010179,LEC,51,57,100,240.0,24000.0,2026-04-20,187121237,2903,Oxford Securities Pvt. Ltd.,Aryatara Investment & Securities,2026-04-20 13:54:00.263372,Liberty Energy Company Limited
2026042004010180,LEC,51,13,815,240.0,195600.0,2026-04-20,187121240,2903,Oxford Securities Pvt. Ltd.,Thrive Brokerage House Pvt. Ltd,2026-04-20 13:54:00.263677,Liberty Energy Company Limited
2026042004010279,LEC,57,13,160,240.0,38400.0,2026-04-20,187122464,2903,Aryatara Investment & Securities,Thrive Brokerage House Pvt. Ltd,2026-04-20 13:55:45.292720,Liberty Energy Company Limited
2026042004010297,LEC,41,13,1000,240.0,240000.0,2026-04-20,187122916,2903,Linch Stock Market Ltd.,Thrive Brokerage House Pvt. Ltd,2026-04-20 13:56:20.557150,Liberty Energy Company Limited
2026042004010319,LEC,63,13,25,240.0,6000.0,2026-04-20,187123053,2903,Himalayan Brokerage Company Limited,Thrive Brokerage House Pvt. Ltd,2026-04-20 13:56:33.568277,Liberty Energy Company Limited
2026042004010389,LEC,17,42,300,241.0,72300.0,2026-04-20,187124233,2903,ABC Securities Private Limited,Sani Securities Company Ltd.,2026-04-20 13:58:07.929698,Liberty Energy Company Limited
2026042004010390,LEC,17,34,50,241.0,12050.0,2026-04-20,187124235,2903,ABC Securities Private Limited,Vision Securities Pvt. Ltd,2026-04-20 13:58:07.930205,Liberty Energy Company Limited
2026042004010391,LEC,17,28,150,241.0,36150.0,2026-04-20,187124238,2903,ABC Securities Private Limited,Shree Krishna Securities Ltd.,2026-04-20 13:58:07.930544,Liberty Energy Company Limited
2026042004010487,LEC,43,57,100,240.8,24080.0,2026-04-20,187126494,2903,South Asian Bulls Pvt. Ltd.,Aryatara Investment & Securities,2026-04-20 14:01:49.611682,Liberty Energy Company Limited
2026042004010534,LEC,25,57,100,240.8,24080.0,2026-04-20,187127555,2903,Sweta Securities Private Limited,Aryatara Investment & Securities,2026-04-20 14:03:37.741767,Liberty Energy Company Limited
2026042004010535,LEC,25,48,900,241.8,217620.0,2026-04-20,187127558,2903,Sweta Securities Private Limited,Trishakti Securities Public Limited,2026-04-20 14:03:37.742062,Liberty Energy Company Limited
2026042004010654,LEC,50,44,100,240.1,24010.0,2026-04-20,187129574,2903,Cristal Kanchanjanga Securites Pvt. Ltd.,Dynamic Money Managers Securities Pvt. Ltd.,2026-04-20 14:06:27.454394,Liberty Energy Company Limited
2026042004010655,LEC,63,44,110,240.0,26400.0,2026-04-20,187129576,2903,Himalayan Brokerage Company Limited,Dynamic Money Managers Securities Pvt. Ltd.,2026-04-20 14:06:27.454951,Liberty Energy Company Limited
2026042004010656,LEC,57,44,70,240.0,16800.0,2026-04-20,187129578,2903,Aryatara Investment & Securities,Dynamic Money Managers Securities Pvt. Ltd.,2026-04-20 14:06:27.455284,Liberty Energy Company Limited
2026042004010657,LEC,21,44,220,240.0,52800.0,2026-04-20,187129579,2903,Midas Stock Broking Company Private Limited,Dynamic Money Managers Securities Pvt. Ltd.,2026-04-20 14:06:27.455645,Liberty Energy Company Limited
2026042004010731,LEC,85,59,11,241.0,2651.0,2026-04-20,187130666,2903,Capital Hub P. Ltd,Deevyaa Securities & Stock House Pvt. Ltd,2026-04-20 14:07:43.333229,Liberty Energy Company Limited
2026042004010754,LEC,58,59,240,241.0,57840.0,2026-04-20,187130976,2903,Naasa Securities Co. Ltd.,Deevyaa Securities & Stock House Pvt. Ltd,2026-04-20 14:08:09.006076,Liberty Energy Company Limited
2026042004010800,LEC,48,59,10,241.0,2410.0,2026-04-20,187131286,2903,Trishakti Securities Public Limited,Deevyaa Securities & Stock House Pvt. Ltd,2026-04-20 14:08:33.643679,Liberty Energy Company Limited
2026042004010859,LEC,43,59,100,241.0,24100.0,2026-04-20,187131984,2903,South Asian Bulls Pvt. Ltd.,Deevyaa Securities & Stock House Pvt. Ltd,2026-04-20 14:09:25.454248,Liberty Energy Company Limited
2026042004010883,LEC,32,59,639,241.0,153999.0,2026-04-20,187132192,2903,Premier Securities Company Ltd.,Deevyaa Securities & Stock House Pvt. Ltd,2026-04-20 14:09:42.320078,Liberty Energy Company Limited
2026042004010887,LEC,11,35,10,240.1,2401.0,2026-04-20,187132286,2903,Malla & Malla Stock Broking Company Pvt. Limited,Kohinoor Investment & Securities Pvt. Ltd.,2026-04-20 14:09:50.543140,Liberty Energy Company Limited
2026042004010888,LEC,59,35,20,240.1,4802.0,2026-04-20,187132287,2903,Deevyaa Securities & Stock House Pvt. Ltd,Kohinoor Investment & Securities Pvt. Ltd.,2026-04-20 14:09:50.543489,Liberty Energy Company Limited
2026042004010915,LEC,38,41,30,241.5,7245.0,2026-04-20,187132497,2903,Dipshikha Dhitopatra Karobar Co. Pvt Ltd.,Linch Stock Market Ltd.,2026-04-20 14:10:06.976768,Liberty Energy Company Limited
2026042004010916,LEC,38,48,100,241.8,24180.0,2026-04-20,187132499,2903,Dipshikha Dhitopatra Karobar Co. Pvt Ltd.,Trishakti Securities Public Limited,2026-04-20 14:10:06.977344,Liberty Energy Company Limited
2026042004010917,LEC,38,1,770,241.9,186263.0,2026-04-20,187132501,2903,Dipshikha Dhitopatra Karobar Co. Pvt Ltd.,Kumari Securities Private Limited,2026-04-20 14:10:06.977701,Liberty Energy Company Limited
2026042004010918,LEC,38,1,200,241.9,48380.0,2026-04-20,187132503,2903,Dipshikha Dhitopatra Karobar Co. Pvt Ltd.,Kumari Securities Private Limited,2026-04-20 14:10:06.978011,Liberty Energy Company Limited
2026042004010931,LEC,38,57,200,241.9,48380.0,2026-04-20,187132611,2903,Dipshikha Dhitopatra Karobar Co. Pvt Ltd.,Aryatara Investment & Securities,2026-04-20 14:10:14.262969,Liberty Energy Company Limited
2026042004010957,LEC,94,41,500,242.0,121000.0,2026-04-20,187132789,2903,K.B.L. Securities Limited ,Linch Stock Market Ltd.,2026-04-20 14:10:32.678378,Liberty Energy Company Limited
2026042004010958,LEC,94,22,1000,242.0,242000.0,2026-04-20,187132791,2903,K.B.L. Securities Limited ,Siprabi Securities Pvt. Ltd.,2026-04-20 14:10:32.678643,Liberty Energy Company Limited
2026042004010959,LEC,94,58,500,242.0,121000.0,2026-04-20,187132794,2903,K.B.L. Securities Limited ,Naasa Securities Co. Ltd.,2026-04-20 14:10:32.678768,Liberty Energy Company Limited
2026042004010969,LEC,38,58,100,242.0,24200.0,2026-04-20,187132959,2903,Dipshikha Dhitopatra Karobar Co. Pvt Ltd.,Naasa Securities Co. Ltd.,2026-04-20 14:10:38.883013,Liberty Energy Company Limited
2026042004010970,LEC,38,91,80,242.0,19360.0,2026-04-20,187132961,2903,Dipshikha Dhitopatra Karobar Co. Pvt Ltd.,Citizens Share Broker Limited,2026-04-20 14:10:38.883526,Liberty Energy Company Limited
2026042004010971,LEC,38,58,10,242.0,2420.0,2026-04-20,187132963,2903,Dipshikha Dhitopatra Karobar Co. Pvt Ltd.,Naasa Securities Co. Ltd.,2026-04-20 14:10:38.883944,Liberty Energy Company Limited
2026042004011487,LEC,58,57,100,242.4,24240.0,2026-04-20,187137965,2903,Naasa Securities Co. Ltd.,Aryatara Investment & Securities,2026-04-20 14:18:34.321938,Liberty Energy Company Limited
2026042004011514,LEC,58,92,150,242.5,36375.0,2026-04-20,187138230,2903,Naasa Securities Co. Ltd.,Roadshow securities limited,2026-04-20 14:19:02.622015,Liberty Energy Company Limited
2026042004011549,LEC,58,57,100,242.4,24240.0,2026-04-20,187138549,2903,Naasa Securities Co. Ltd.,Aryatara Investment & Securities,2026-04-20 14:19:36.611071,Liberty Energy Company Limited
2026042004011550,LEC,58,92,150,242.5,36375.0,2026-04-20,187138552,2903,Naasa Securities Co. Ltd.,Roadshow securities limited,2026-04-20 14:19:36.611658,Liberty Energy Company Limited
2026042004011558,LEC,38,32,10,242.0,2420.0,2026-04-20,187138618,2903,Dipshikha Dhitopatra Karobar Co. Pvt Ltd.,Premier Securities Company Ltd.,2026-04-20 14:19:43.462375,Liberty Energy Company Limited
2026042004011559,LEC,51,32,20,242.0,4840.0,2026-04-20,187138619,2903,Oxford Securities Pvt. Ltd.,Premier Securities Company Ltd.,2026-04-20 14:19:43.462877,Liberty Energy Company Limited
2026042004011575,LEC,26,92,85,242.5,20612.5,2026-04-20,187138840,2903,Asian Securities Private Ltd.,Roadshow securities limited,2026-04-20 14:19:56.658235,Liberty Energy Company Limited
2026042004011576,LEC,42,92,1615,242.5,391637.5,2026-04-20,187138841,2903,Sani Securities Company Ltd.,Roadshow securities limited,2026-04-20 14:19:57.060415,Liberty Energy Company Limited
2026042004011577,LEC,42,6,40,242.8,9712.0,2026-04-20,187138844,2903,Sani Securities Company Ltd.,Agrawal Securities (PVT) Ltd.,2026-04-20 14:19:57.060672,Liberty Energy Company Limited
2026042004011923,LEC,21,36,980,242.0,237160.0,2026-04-20,187142060,2903,Midas Stock Broking Company Private Limited,Secured Securities Ltd.,2026-04-20 14:24:22.502762,Liberty Energy Company Limited
2026042004012012,LEC,52,90,200,241.0,48200.0,2026-04-20,187142670,2903,Sundhara Securities Limited,Sajilo Broker Limited,2026-04-20 14:25:12.951093,Liberty Energy Company Limited
2026042004012013,LEC,32,90,61,241.0,14701.0,2026-04-20,187142672,2903,Premier Securities Company Ltd.,Sajilo Broker Limited,2026-04-20 14:25:12.951673,Liberty Energy Company Limited
2026042004012014,LEC,17,90,500,240.2,120100.0,2026-04-20,187142674,2903,ABC Securities Private Limited,Sajilo Broker Limited,2026-04-20 14:25:12.952040,Liberty Energy Company Limited
2026042004012015,LEC,59,90,80,240.1,19208.0,2026-04-20,187142676,2903,Deevyaa Securities & Stock House Pvt. Ltd,Sajilo Broker Limited,2026-04-20 14:25:12.952394,Liberty Energy Company Limited
2026042004012016,LEC,36,90,159,240.1,38175.9,2026-04-20,187142677,2903,Secured Securities Ltd.,Sajilo Broker Limited,2026-04-20 14:25:12.952793,Liberty Energy Company Limited
2026042004012299,LEC,36,45,341,240.1,81874.1,2026-04-20,187144822,2903,Secured Securities Ltd.,Imperial Securities Company Pvt. Ltd.,2026-04-20 14:27:46.223439,Liberty Energy Company Limited
2026042004012300,LEC,26,45,50,240.0,12000.0,2026-04-20,187144824,2903,Asian Securities Private Ltd.,Imperial Securities Company Pvt. Ltd.,2026-04-20 14:27:46.223962,Liberty Energy Company Limited
2026042004012301,LEC,48,45,409,240.0,98160.0,2026-04-20,187144825,2903,Trishakti Securities Public Limited,Imperial Securities Company Pvt. Ltd.,2026-04-20 14:27:46.224306,Liberty Energy Company Limited
2026042004012513,LEC,48,36,21,240.0,5040.0,2026-04-20,187146432,2903,Trishakti Securities Public Limited,Secured Securities Ltd.,2026-04-20 14:29:54.102880,Liberty Energy Company Limited
2026042004012514,LEC,45,36,1979,239.6,474168.4,2026-04-20,187146433,2903,Imperial Securities Company Pvt. Ltd.,Secured Securities Ltd.,2026-04-20 14:29:54.103415,Liberty Energy Company Limited
2026042004012657,LEC,45,36,20,239.6,4792.0,2026-04-20,187147163,2903,Imperial Securities Company Pvt. Ltd.,Secured Securities Ltd.,2026-04-20 14:30:37.911657,Liberty Energy Company Limited
2026042004012709,LEC,57,57,50,240.0,12000.0,2026-04-20,187147798,2903,Aryatara Investment & Securities,Aryatara Investment & Securities,2026-04-20 14:31:37.641096,Liberty Energy Company Limited
2026042004012805,LEC,34,57,1650,240.0,396000.0,2026-04-20,187148714,2903,Vision Securities Pvt. Ltd,Aryatara Investment & Securities,2026-04-20 14:32:47.317868,Liberty Energy Company Limited
2026042004012969,LEC,58,36,58,241.0,13978.0,2026-04-20,187150044,2903,Naasa Securities Co. Ltd.,Secured Securities Ltd.,2026-04-20 14:34:59.093020,Liberty Energy Company Limited
2026042004013174,LEC,17,13,21,240.0,5040.0,2026-04-20,187152314,2903,ABC Securities Private Limited,Thrive Brokerage House Pvt. Ltd,2026-04-20 14:38:32.124301,Liberty Energy Company Limited
2026042004013175,LEC,45,13,479,240.0,114960.0,2026-04-20,187152315,2903,Imperial Securities Company Pvt. Ltd.,Thrive Brokerage House Pvt. Ltd,2026-04-20 14:38:32.124565,Liberty Energy Company Limited
2026042004013178,LEC,56,45,200,240.9,48180.0,2026-04-20,187152326,2903,Sri Hari Securities Pvt. Ltd.,Imperial Securities Company Pvt. Ltd.,2026-04-20 14:38:32.346494,Liberty Energy Company Limited
2026042004013441,LEC,45,85,521,240.0,125040.0,2026-04-20,187155114,2903,Imperial Securities Company Pvt. Ltd.,Capital Hub P. Ltd,2026-04-20 14:42:08.658131,Liberty Energy Company Limited
2026042004013460,LEC,7,85,479,240.0,114960.0,2026-04-20,187155403,2903,J.F. Securites (PVT) Ltd.,Capital Hub P. Ltd,2026-04-20 14:42:41.153371,Liberty Energy Company Limited
2026042004013714,LEC,7,85,521,240.0,125040.0,2026-04-20,187158016,2903,J.F. Securites (PVT) Ltd.,Capital Hub P. Ltd,2026-04-20 14:45:54.010526,Liberty Energy Company Limited
2026042004013715,LEC,58,85,215,240.0,51600.0,2026-04-20,187158018,2903,Naasa Securities Co. Ltd.,Capital Hub P. Ltd,2026-04-20 14:45:54.011060,Liberty Energy Company Limited
2026042004013716,LEC,34,85,1340,240.0,321600.0,2026-04-20,187158020,2903,Vision Securities Pvt. Ltd,Capital Hub P. Ltd,2026-04-20 14:45:54.011416,Liberty Energy Company Limited
2026042004013717,LEC,54,85,1340,239.9,321466.0,2026-04-20,187158022,2903,Sewa Securities Pvt. Ltd.,Capital Hub P. Ltd,2026-04-20 14:45:54.011760,Liberty Energy Company Limited
2026042004013752,LEC,39,33,100,239.7,23970.0,2026-04-20,187158224,2903,Sumeru Securities Pvt. Ltd.,Dakshinkali Investment & Securities Pvt. Ltd.,2026-04-20 14:46:07.699065,Liberty Energy Company Limited
2026042004013753,LEC,43,33,300,239.6,71880.0,2026-04-20,187158225,2903,South Asian Bulls Pvt. Ltd.,Dakshinkali Investment & Securities Pvt. Ltd.,2026-04-20 14:46:07.699116,Liberty Energy Company Limited
2026042004013814,LEC,35,3,100,240.8,24080.0,2026-04-20,187158960,2903,Kohinoor Investment & Securities Pvt. Ltd.,Arun Securities (PVT) Ltd.,2026-04-20 14:47:08.260523,Liberty Energy Company Limited
2026042004013968,LEC,14,85,200,240.0,48000.0,2026-04-20,187160671,2903,Nepal Stock House (PVT) Ltd.,Capital Hub P. Ltd,2026-04-20 14:48:47.447628,Liberty Energy Company Limited
2026042004014002,LEC,14,85,800,240.0,192000.0,2026-04-20,187160843,2903,Nepal Stock House (PVT) Ltd.,Capital Hub P. Ltd,2026-04-20 14:48:57.782781,Liberty Energy Company Limited
2026042004014014,LEC,62,35,50,240.0,12000.0,2026-04-20,187161018,2903,Capital Max Securities Ltd,Kohinoor Investment & Securities Pvt. Ltd.,2026-04-20 14:49:06.684882,Liberty Energy Company Limited
2026042004014152,LEC,34,36,150,239.6,35940.0,2026-04-20,187162126,2903,Vision Securities Pvt. Ltd,Secured Securities Ltd.,2026-04-20 14:50:13.473301,Liberty Energy Company Limited
2026042004014153,LEC,45,36,10,239.5,2395.0,2026-04-20,187162128,2903,Imperial Securities Company Pvt. Ltd.,Secured Securities Ltd.,2026-04-20 14:50:13.473877,Liberty Energy Company Limited
2026042004014154,LEC,47,36,50,239.5,11975.0,2026-04-20,187162130,2903,Neev Securities Pvt. Ltd.,Secured Securities Ltd.,2026-04-20 14:50:13.474241,Liberty Energy Company Limited
2026042004014155,LEC,6,36,568,239.5,136036.0,2026-04-20,187162131,2903,Agrawal Securities (PVT) Ltd.,Secured Securities Ltd.,2026-04-20 14:50:13.474614,Liberty Energy Company Limited
2026042004014343,LEC,13,34,30,239.6,7188.0,2026-04-20,187163784,2903,Thrive Brokerage House Pvt. Ltd,Vision Securities Pvt. Ltd,2026-04-20 14:51:59.795800,Liberty Energy Company Limited
2026042004014344,LEC,6,34,432,239.5,103464.0,2026-04-20,187163786,2903,Agrawal Securities (PVT) Ltd.,Vision Securities Pvt. Ltd,2026-04-20 14:51:59.796063,Liberty Energy Company Limited
2026042004014345,LEC,42,34,250,239.5,59875.0,2026-04-20,187163788,2903,Sani Securities Company Ltd.,Vision Securities Pvt. Ltd,2026-04-20 14:51:59.796182,Liberty Energy Company Limited
2026042004014346,LEC,36,34,200,239.2,47840.0,2026-04-20,187163790,2903,Secured Securities Ltd.,Vision Securities Pvt. Ltd,2026-04-20 14:51:59.796302,Liberty Energy Company Limited
2026042004014347,LEC,45,34,375,239.2,89700.0,2026-04-20,187163792,2903,Imperial Securities Company Pvt. Ltd.,Vision Securities Pvt. Ltd,2026-04-20 14:51:59.796431,Liberty Energy Company Limited
2026042004014348,LEC,58,34,1500,239.1,358650.0,2026-04-20,187163794,2903,Naasa Securities Co. Ltd.,Vision Securities Pvt. Ltd,2026-04-20 14:51:59.796549,Liberty Energy Company Limited
2026042004014349,LEC,8,34,213,239.0,50907.0,2026-04-20,187163795,2903,Brilliant Securities Pvt. Ltd.,Vision Securities Pvt. Ltd,2026-04-20 14:51:59.796661,Liberty Energy Company Limited
2026042004014378,LEC,8,56,87,239.0,20793.0,2026-04-20,187164028,2903,Brilliant Securities Pvt. Ltd.,Sri Hari Securities Pvt. Ltd.,2026-04-20 14:52:09.105434,Liberty Energy Company Limited
2026042004014379,LEC,36,56,500,239.0,119500.0,2026-04-20,187164030,2903,Secured Securities Ltd.,Sri Hari Securities Pvt. Ltd.,2026-04-20 14:52:09.106009,Liberty Energy Company Limited
2026042004014426,LEC,36,58,200,238.7,47740.0,2026-04-20,187164400,2903,Secured Securities Ltd.,Naasa Securities Co. Ltd.,2026-04-20 14:52:30.100988,Liberty Energy Company Limited
2026042004014455,LEC,44,57,500,238.6,119300.0,2026-04-20,187164593,2903,Dynamic Money Managers Securities Pvt. Ltd.,Aryatara Investment & Securities,2026-04-20 14:52:37.056552,Liberty Energy Company Limited
2026042004014463,LEC,44,45,100,238.6,23860.0,2026-04-20,187164719,2903,Dynamic Money Managers Securities Pvt. Ltd.,Imperial Securities Company Pvt. Ltd.,2026-04-20 14:52:42.995946,Liberty Energy Company Limited
2026042004014556,LEC,44,45,50,238.6,11930.0,2026-04-20,187165249,2903,Dynamic Money Managers Securities Pvt. Ltd.,Imperial Securities Company Pvt. Ltd.,2026-04-20 14:53:07.134261,Liberty Energy Company Limited
2026042004014558,LEC,44,13,1350,238.6,322110.0,2026-04-20,187165268,2903,Dynamic Money Managers Securities Pvt. Ltd.,Thrive Brokerage House Pvt. Ltd,2026-04-20 14:53:08.440011,Liberty Energy Company Limited
2026042004014559,LEC,38,13,10,238.5,2385.0,2026-04-20,187165270,2903,Dipshikha Dhitopatra Karobar Co. Pvt Ltd.,Thrive Brokerage House Pvt. Ltd,2026-04-20 14:53:08.440571,Liberty Energy Company Limited
2026042004014560,LEC,49,13,100,238.5,23850.0,2026-04-20,187165272,2903,Online Securities Pvt. Ltd.,Thrive Brokerage House Pvt. Ltd,2026-04-20 14:53:08.440933,Liberty Energy Company Limited
2026042004014561,LEC,38,13,11,238.4,2622.4,2026-04-20,187165274,2903,Dipshikha Dhitopatra Karobar Co. Pvt Ltd.,Thrive Brokerage House Pvt. Ltd,2026-04-20 14:53:08.441268,Liberty Energy Company Limited
2026042004014562,LEC,74,13,50,238.1,11905.0,2026-04-20,187165276,2903,KALASH STOCK MARKET PVT. LTD.,Thrive Brokerage House Pvt. Ltd,2026-04-20 14:53:08.441620,Liberty Energy Company Limited
2026042004014563,LEC,45,13,1979,238.1,471199.9,2026-04-20,187165277,2903,Imperial Securities Company Pvt. Ltd.,Thrive Brokerage House Pvt. Ltd,2026-04-20 14:53:08.441960,Liberty Energy Company Limited
2026042004014699,LEC,45,56,21,238.1,5000.1,2026-04-20,187166142,2903,Imperial Securities Company Pvt. Ltd.,Sri Hari Securities Pvt. Ltd.,2026-04-20 14:53:43.595042,Liberty Energy Company Limited
2026042004014700,LEC,34,56,500,238.1,119050.0,2026-04-20,187166144,2903,Vision Securities Pvt. Ltd,Sri Hari Securities Pvt. Ltd.,2026-04-20 14:53:43.595373,Liberty Energy Company Limited
2026042004014701,LEC,25,56,80,238.1,19048.0,2026-04-20,187166146,2903,Sweta Securities Private Limited,Sri Hari Securities Pvt. Ltd.,2026-04-20 14:53:43.595492,Liberty Energy Company Limited
2026042004014702,LEC,34,56,260,238.0,61880.0,2026-04-20,187166148,2903,Vision Securities Pvt. Ltd,Sri Hari Securities Pvt. Ltd.,2026-04-20 14:53:43.595604,Liberty Energy Company Limited
2026042004014703,LEC,49,56,215,238.0,51170.0,2026-04-20,187166150,2903,Online Securities Pvt. Ltd.,Sri Hari Securities Pvt. Ltd.,2026-04-20 14:53:43.595715,Liberty Energy Company Limited
2026042004014704,LEC,58,56,100,238.0,23800.0,2026-04-20,187166152,2903,Naasa Securities Co. Ltd.,Sri Hari Securities Pvt. Ltd.,2026-04-20 14:53:43.595825,Liberty Energy Company Limited
2026042004014705,LEC,66,56,50,238.0,11900.0,2026-04-20,187166154,2903,Miyo Securities Pvt Ltd,Sri Hari Securities Pvt. Ltd.,2026-04-20 14:53:43.596129,Liberty Energy Company Limited
2026042004014706,LEC,35,56,50,238.0,11900.0,2026-04-20,187166156,2903,Kohinoor Investment & Securities Pvt. Ltd.,Sri Hari Securities Pvt. Ltd.,2026-04-20 14:53:43.596242,Liberty Energy Company Limited
2026042004014707,LEC,39,56,100,238.0,23800.0,2026-04-20,187166158,2903,Sumeru Securities Pvt. Ltd.,Sri Hari Securities Pvt. Ltd.,2026-04-20 14:53:43.596364,Liberty Energy Company Limited
2026042004014708,LEC,49,56,365,238.0,86870.0,2026-04-20,187166160,2903,Online Securities Pvt. Ltd.,Sri Hari Securities Pvt. Ltd.,2026-04-20 14:53:43.596476,Liberty Energy Company Limited
2026042004014709,LEC,42,56,1000,238.0,238000.0,2026-04-20,187166162,2903,Sani Securities Company Ltd.,Sri Hari Securities Pvt. Ltd.,2026-04-20 14:53:43.596585,Liberty Energy Company Limited
2026042004014710,LEC,41,56,1000,238.0,238000.0,2026-04-20,187166164,2903,Linch Stock Market Ltd.,Sri Hari Securities Pvt. Ltd.,2026-04-20 14:53:43.596692,Liberty Energy Company Limited
2026042004014739,LEC,44,56,672,238.0,159936.0,2026-04-20,187166525,2903,Dynamic Money Managers Securities Pvt. Ltd.,Sri Hari Securities Pvt. Ltd.,2026-04-20 14:53:58.972762,Liberty Energy Company Limited
2026042004014773,LEC,44,58,300,238.0,71400.0,2026-04-20,187166819,2903,Dynamic Money Managers Securities Pvt. Ltd.,Naasa Securities Co. Ltd.,2026-04-20 14:54:08.900972,Liberty Energy Company Limited
2026042004014791,LEC,42,36,340,238.1,80954.0,2026-04-20,187166905,2903,Sani Securities Company Ltd.,Secured Securities Ltd.,2026-04-20 14:54:12.826966,Liberty Energy Company Limited
2026042004014792,LEC,42,35,950,240.0,228000.0,2026-04-20,187166907,2903,Sani Securities Company Ltd.,Kohinoor Investment & Securities Pvt. Ltd.,2026-04-20 14:54:12.827221,Liberty Energy Company Limited
2026042004014793,LEC,42,57,30,240.0,7200.0,2026-04-20,187166909,2903,Sani Securities Company Ltd.,Aryatara Investment & Securities,2026-04-20 14:54:12.827334,Liberty Energy Company Limited
2026042004014794,LEC,42,52,480,240.8,115584.0,2026-04-20,187166912,2903,Sani Securities Company Ltd.,Sundhara Securities Limited,2026-04-20 14:54:12.827446,Liberty Energy Company Limited
2026042004014959,LEC,42,95,10,239.0,2390.0,2026-04-20,187168440,2903,Sani Securities Company Ltd.,Magnet Securities and Investment Company Private Limited,2026-04-20 14:55:20.646848,Liberty Energy Company Limited
2026042004014960,LEC,48,95,165,238.1,39286.5,2026-04-20,187168441,2903,Trishakti Securities Public Limited,Magnet Securities and Investment Company Private Limited,2026-04-20 14:55:20.647529,Liberty Energy Company Limited
2026042004015506,LEC,51,49,25,238.2,5955.0,2026-04-20,187172357,2903,Oxford Securities Pvt. Ltd.,Online Securities Pvt. Ltd.,2026-04-20 14:57:33.268788,Liberty Energy Company Limited
2026042004015588,LEC,44,56,500,239.0,119500.0,2026-04-20,187172784,2903,Dynamic Money Managers Securities Pvt. Ltd.,Sri Hari Securities Pvt. Ltd.,2026-04-20 14:57:45.892823,Liberty Energy Company Limited
2026042004015628,LEC,42,21,100,238.3,23830.0,2026-04-20,187173174,2903,Sani Securities Company Ltd.,Midas Stock Broking Company Private Limited,2026-04-20 14:57:58.381179,Liberty Energy Company Limited
2026042004015629,LEC,51,21,100,238.2,23820.0,2026-04-20,187173175,2903,Oxford Securities Pvt. Ltd.,Midas Stock Broking Company Private Limited,2026-04-20 14:57:58.381708,Liberty Energy Company Limited
2026042004015645,LEC,42,48,19,239.0,4541.0,2026-04-20,187173391,2903,Sani Securities Company Ltd.,Trishakti Securities Public Limited,2026-04-20 14:58:04.429044,Liberty Energy Company Limited
2026042004015646,LEC,42,57,145,239.0,34655.0,2026-04-20,187173394,2903,Sani Securities Company Ltd.,Aryatara Investment & Securities,2026-04-20 14:58:04.429323,Liberty Energy Company Limited
2026042004016074,LEC,38,44,11,238.4,2622.4,2026-04-20,187176057,2903,Dipshikha Dhitopatra Karobar Co. Pvt Ltd.,Dynamic Money Managers Securities Pvt. Ltd.,2026-04-20 14:59:03.899173,Liberty Energy Company Limited
2026042004016095,LEC,29,59,200,239.0,47800.0,2026-04-20,187176346,2903,Trisul Securities & Invt. Ltd.,Deevyaa Securities & Stock House Pvt. Ltd,2026-04-20 14:59:09.987138,Liberty Energy Company Limited
2026042004016096,LEC,29,41,300,239.0,71700.0,2026-04-20,187176349,2903,Trisul Securities & Invt. Ltd.,Linch Stock Market Ltd.,2026-04-20 14:59:09.987418,Liberty Energy Company Limited
2026042004016130,LEC,38,85,489,238.4,116577.6,2026-04-20,187176624,2903,Dipshikha Dhitopatra Karobar Co. Pvt Ltd.,Capital Hub P. Ltd,2026-04-20 14:59:16.713659,Liberty Energy Company Limited
2026042004016131,LEC,41,85,100,238.4,23840.0,2026-04-20,187176626,2903,Linch Stock Market Ltd.,Capital Hub P. Ltd,2026-04-20 14:59:16.713715,Liberty Energy Company Limited
2026042004016132,LEC,36,85,394,238.4,93929.6,2026-04-20,187176628,2903,Secured Securities Ltd.,Capital Hub P. Ltd,2026-04-20 14:59:16.713741,Liberty Energy Company Limited
2026042004016133,LEC,95,85,600,238.4,143040.0,2026-04-20,187176630,2903,Magnet Securities and Investment Company Private Limited,Capital Hub P. Ltd,2026-04-20 14:59:16.713768,Liberty Energy Company Limited
2026042004016134,LEC,58,85,300,238.4,71520.0,2026-04-20,187176632,2903,Naasa Securities Co. Ltd.,Capital Hub P. Ltd,2026-04-20 14:59:16.713791,Liberty Energy Company Limited
2026042004016135,LEC,39,85,117,238.3,27881.1,2026-04-20,187176633,2903,Sumeru Securities Pvt. Ltd.,Capital Hub P. Ltd,2026-04-20 14:59:16.713842,Liberty Energy Company Limited
2026042004016270,LEC,8,58,10,239.0,2390.0,2026-04-20,187177880,2903,Brilliant Securities Pvt. Ltd.,Naasa Securities Co. Ltd.,2026-04-20 14:59:35.006594,Liberty Energy Company Limited
2026042004016274,LEC,74,59,50,238.5,11925.0,2026-04-20,187177922,2903,KALASH STOCK MARKET PVT. LTD.,Deevyaa Securities & Stock House Pvt. Ltd,2026-04-20 14:59:36.015576,Liberty Energy Company Limited
2026042004016275,LEC,39,59,383,238.3,91268.9,2026-04-20,187177924,2903,Sumeru Securities Pvt. Ltd.,Deevyaa Securities & Stock House Pvt. Ltd,2026-04-20 14:59:36.015694,Liberty Energy Company Limited
2026042004016276,LEC,95,59,67,238.3,15966.1,2026-04-20,187177925,2903,Magnet Securities and Investment Company Private Limited,Deevyaa Securities & Stock House Pvt. Ltd,2026-04-20 14:59:36.015802,Liberty Energy Company Limited
2026042004016289,LEC,48,56,10,238.5,2385.0,2026-04-20,187177991,2903,Trishakti Securities Public Limited,Sri Hari Securities Pvt. Ltd.,2026-04-20 14:59:37.332061,Liberty Energy Company Limited
2026042004016362,LEC,48,59,25,238.5,5962.5,2026-04-20,187178809,2903,Trishakti Securities Public Limited,Deevyaa Securities & Stock House Pvt. Ltd,2026-04-20 14:59:46.721555,Liberty Energy Company Limited
2026042004016363,LEC,95,59,475,238.3,113192.5,2026-04-20,187178810,2903,Magnet Securities and Investment Company Private Limited,Deevyaa Securities & Stock House Pvt. Ltd,2026-04-20 14:59:46.721598,Liberty Energy Company Limited
2026042004016397,LEC,95,41,458,238.3,109141.4,2026-04-20,187179136,2903,Magnet Securities and Investment Company Private Limited,Linch Stock Market Ltd.,2026-04-20 14:59:51.161998,Liberty Energy Company Limited
2026042004016398,LEC,41,41,42,238.3,10008.6,2026-04-20,187179137,2903,Linch Stock Market Ltd.,Linch Stock Market Ltd.,2026-04-20 14:59:51.162528,Liberty Energy Company Limited
2026042004016431,LEC,41,57,10,238.3,2383.0,2026-04-20,187179487,2903,Linch Stock Market Ltd.,Aryatara Investment & Securities,2026-04-20 14:59:55.660204,Liberty Energy Company Limited
2026042004016444,LEC,85,45,10,238.5,2385.0,2026-04-20,187179579,2903,Capital Hub P. Ltd,Imperial Securities Company Pvt. Ltd.,2026-04-20 14:59:57.233554,Liberty Energy Company Limited
2026042004016640,LEC,8,45,90,238.5,21465.0,2026-04-20,187180322,2903,Brilliant Securities Pvt. Ltd.,Imperial Securities Company Pvt. Ltd.,2026-04-20 14:59:59.675652,Liberty Energy Company Limited
2026042004016641,LEC,8,58,60,239.0,14340.0,2026-04-20,187180328,2903,Brilliant Securities Pvt. Ltd.,Naasa Securities Co. Ltd.,2026-04-20 14:59:59.675704,Liberty Energy Company Limited
