contract_id,symbol,buyer_member_id,seller_member_id,volume,price,amount,buyer_broker,seller_broker,transaction_time
2026042001000011,MBL,14,29,20,240.0,4800.0,Nepal Stock House (PVT) Ltd.,Trisul Securities & Invt. Ltd.,2026-04-20 10:46:00.071144
2026042001001647,MBL,75,43,10,257.0,2570.0,N.I.M.B. Stock Markets Limited,South Asian Bulls Pvt. Ltd.,2026-04-20 11:02:00.021558
2026042001006256,MBL,58,50,40,253.0,10120.0,Naasa Securities Co. Ltd.,Cristal Kanchanjanga Securites Pvt. Ltd.,2026-04-20 11:07:31.036793
2026042001006257,MBL,48,50,200,250.2,50040.0,Trishakti Securities Public Limited,Cristal Kanchanjanga Securites Pvt. Ltd.,2026-04-20 11:07:31.036863
2026042001006258,MBL,11,50,200,250.1,50020.0,Malla & Malla Stock Broking Company Pvt. Limited,Cristal Kanchanjanga Securites Pvt. Ltd.,2026-04-20 11:07:31.036920
2026042001006259,MBL,45,50,20,250.0,5000.0,Imperial Securities Company Pvt. Ltd.,Cristal Kanchanjanga Securites Pvt. Ltd.,2026-04-20 11:07:31.036963
2026042001006260,MBL,58,50,25,250.0,6250.0,Naasa Securities Co. Ltd.,Cristal Kanchanjanga Securites Pvt. Ltd.,2026-04-20 11:07:31.037001
2026042001006432,MBL,29,50,415,250.0,103750.0,Trisul Securities & Invt. Ltd.,Cristal Kanchanjanga Securites Pvt. Ltd.,2026-04-20 11:07:43.883678
2026042001009751,MBL,13,44,2000,250.0,500000.0,Thrive Brokerage House Pvt. Ltd,Dynamic Money Managers Securities Pvt. Ltd.,2026-04-20 11:12:14.367393
2026042001010464,MBL,13,47,11,250.0,2750.0,Thrive Brokerage House Pvt. Ltd,Neev Securities Pvt. Ltd.,2026-04-20 11:13:08.374470
2026042001011950,MBL,13,44,1989,250.0,497250.0,Thrive Brokerage House Pvt. Ltd,Dynamic Money Managers Securities Pvt. Ltd.,2026-04-20 11:14:57.008658
2026042001012248,MBL,13,44,11,250.0,2750.0,Thrive Brokerage House Pvt. Ltd,Dynamic Money Managers Securities Pvt. Ltd.,2026-04-20 11:15:19.175711
2026042001013801,MBL,13,26,499,250.2,124849.8,Thrive Brokerage House Pvt. Ltd,Asian Securities Private Ltd.,2026-04-20 11:17:24.731163
2026042001017363,MBL,42,44,10,253.0,2530.0,Sani Securities Company Ltd.,Dynamic Money Managers Securities Pvt. Ltd.,2026-04-20 11:21:50.361599
2026042001018369,MBL,13,44,990,253.0,250470.0,Thrive Brokerage House Pvt. Ltd,Dynamic Money Managers Securities Pvt. Ltd.,2026-04-20 11:23:28.124106
2026042001018370,MBL,13,49,500,253.9,126950.0,Thrive Brokerage House Pvt. Ltd,Online Securities Pvt. Ltd.,2026-04-20 11:23:28.124317
2026042001025412,MBL,51,64,116,251.1,29127.6,Oxford Securities Pvt. Ltd.,SUN SECURITIES PVT LTD,2026-04-20 11:38:20.745354
2026042001025413,MBL,14,64,384,251.0,96384.0,Nepal Stock House (PVT) Ltd.,SUN SECURITIES PVT LTD,2026-04-20 11:38:20.745468
2026042001027004,MBL,21,25,101,251.1,25361.1,Midas Stock Broking Company Private Limited,Sweta Securities Private Limited,2026-04-20 11:42:06.307933
2026042001027005,MBL,14,25,616,251.0,154616.0,Nepal Stock House (PVT) Ltd.,Sweta Securities Private Limited,2026-04-20 11:42:06.308193
2026042001027006,MBL,57,25,35,250.9,8781.5,Aryatara Investment & Securities,Sweta Securities Private Limited,2026-04-20 11:42:06.308356
2026042001027007,MBL,21,25,100,250.7,25070.0,Midas Stock Broking Company Private Limited,Sweta Securities Private Limited,2026-04-20 11:42:06.308509
2026042001027008,MBL,34,25,780,250.6,195468.0,Vision Securities Pvt. Ltd,Sweta Securities Private Limited,2026-04-20 11:42:06.308661
2026042001027009,MBL,56,25,1510,250.3,377953.0,Sri Hari Securities Pvt. Ltd.,Sweta Securities Private Limited,2026-04-20 11:42:06.308808
2026042001027010,MBL,14,25,200,250.1,50020.0,Nepal Stock House (PVT) Ltd.,Sweta Securities Private Limited,2026-04-20 11:42:06.308974
2026042001027011,MBL,92,25,1000,250.1,250100.0,Roadshow securities limited,Sweta Securities Private Limited,2026-04-20 11:42:06.309155
2026042001027012,MBL,52,25,50,250.1,12505.0,Sundhara Securities Limited,Sweta Securities Private Limited,2026-04-20 11:42:06.309299
2026042001027013,MBL,13,25,608,250.1,152060.8,Thrive Brokerage House Pvt. Ltd,Sweta Securities Private Limited,2026-04-20 11:42:06.309443
2026042001028525,MBL,13,42,30,250.2,7506.0,Thrive Brokerage House Pvt. Ltd,Sani Securities Company Ltd.,2026-04-20 11:46:03.646315
2026042001028750,MBL,13,42,116,250.2,29023.2,Thrive Brokerage House Pvt. Ltd,Sani Securities Company Ltd.,2026-04-20 11:46:24.213769
2026042001028847,MBL,13,75,500,250.2,125100.0,Thrive Brokerage House Pvt. Ltd,N.I.M.B. Stock Markets Limited,2026-04-20 11:46:42.172084
2026042001028892,MBL,13,44,354,250.2,88570.8,Thrive Brokerage House Pvt. Ltd,Dynamic Money Managers Securities Pvt. Ltd.,2026-04-20 11:46:47.967836
2026042001028893,MBL,13,44,392,250.1,98039.2,Thrive Brokerage House Pvt. Ltd,Dynamic Money Managers Securities Pvt. Ltd.,2026-04-20 11:46:47.967963
2026042001028894,MBL,57,44,50,250.0,12500.0,Aryatara Investment & Securities,Dynamic Money Managers Securities Pvt. Ltd.,2026-04-20 11:46:47.968070
2026042001028895,MBL,35,44,18,250.0,4500.0,Kohinoor Investment & Securities Pvt. Ltd.,Dynamic Money Managers Securities Pvt. Ltd.,2026-04-20 11:46:47.968125
2026042001028896,MBL,57,44,50,250.0,12500.0,Aryatara Investment & Securities,Dynamic Money Managers Securities Pvt. Ltd.,2026-04-20 11:46:47.968178
2026042001028897,MBL,66,44,500,250.0,125000.0,Miyo Securities Pvt Ltd,Dynamic Money Managers Securities Pvt. Ltd.,2026-04-20 11:46:47.968231
2026042001028898,MBL,52,44,600,250.0,150000.0,Sundhara Securities Limited,Dynamic Money Managers Securities Pvt. Ltd.,2026-04-20 11:46:47.968290
2026042001029321,MBL,13,42,10,250.0,2500.0,Thrive Brokerage House Pvt. Ltd,Sani Securities Company Ltd.,2026-04-20 11:47:42.216463
2026042001029982,MBL,13,16,378,250.0,94500.0,Thrive Brokerage House Pvt. Ltd,Primo Securities (PVT) Ltd.,2026-04-20 11:49:26.865174
2026042001030795,MBL,13,42,10,250.0,2500.0,Thrive Brokerage House Pvt. Ltd,Sani Securities Company Ltd.,2026-04-20 11:51:57.984544
2026042001034364,MBL,13,41,102,250.0,25500.0,Thrive Brokerage House Pvt. Ltd,Linch Stock Market Ltd.,2026-04-20 12:00:57.845952
2026042001034365,MBL,48,41,100,250.0,25000.0,Trishakti Securities Public Limited,Linch Stock Market Ltd.,2026-04-20 12:00:57.846082
2026042001034366,MBL,44,41,298,250.0,74500.0,Dynamic Money Managers Securities Pvt. Ltd.,Linch Stock Market Ltd.,2026-04-20 12:00:57.846161
2026042001035138,MBL,29,13,52,250.0,13000.0,Trisul Securities & Invt. Ltd.,Thrive Brokerage House Pvt. Ltd,2026-04-20 12:03:21.326111
2026042001035139,MBL,29,41,192,250.0,48000.0,Trisul Securities & Invt. Ltd.,Linch Stock Market Ltd.,2026-04-20 12:03:21.326228
2026042001036531,MBL,56,41,500,251.0,125500.0,Sri Hari Securities Pvt. Ltd.,Linch Stock Market Ltd.,2026-04-20 12:09:02.777898
2026042001039729,MBL,14,84,1000,252.0,252000.0,Nepal Stock House (PVT) Ltd.,MILKY WAY SHARE BROKER COMPANY LTD ,2026-04-20 12:19:33.508049
2026042001039730,MBL,14,39,1000,252.0,252000.0,Nepal Stock House (PVT) Ltd.,Sumeru Securities Pvt. Ltd.,2026-04-20 12:19:33.508404
2026042001041488,MBL,52,22,300,251.0,75300.0,Sundhara Securities Limited,Siprabi Securities Pvt. Ltd.,2026-04-20 12:26:22.909750
2026042001041489,MBL,29,22,500,251.0,125500.0,Trisul Securities & Invt. Ltd.,Siprabi Securities Pvt. Ltd.,2026-04-20 12:26:22.910019
2026042001041490,MBL,14,22,500,250.5,125250.0,Nepal Stock House (PVT) Ltd.,Siprabi Securities Pvt. Ltd.,2026-04-20 12:26:22.910246
2026042001041491,MBL,17,22,30,250.4,7512.0,ABC Securities Private Limited,Siprabi Securities Pvt. Ltd.,2026-04-20 12:26:22.910475
2026042001041492,MBL,56,22,500,250.2,125100.0,Sri Hari Securities Pvt. Ltd.,Siprabi Securities Pvt. Ltd.,2026-04-20 12:26:22.910653
2026042001041493,MBL,14,22,170,250.1,42517.0,Nepal Stock House (PVT) Ltd.,Siprabi Securities Pvt. Ltd.,2026-04-20 12:26:22.910829
2026042001041543,MBL,14,22,430,250.1,107543.0,Nepal Stock House (PVT) Ltd.,Siprabi Securities Pvt. Ltd.,2026-04-20 12:26:42.944144
2026042001041544,MBL,42,22,10,250.0,2500.0,Sani Securities Company Ltd.,Siprabi Securities Pvt. Ltd.,2026-04-20 12:26:42.944419
2026042001041545,MBL,42,22,500,250.0,125000.0,Sani Securities Company Ltd.,Siprabi Securities Pvt. Ltd.,2026-04-20 12:26:42.944590
2026042001041546,MBL,29,22,24,250.0,6000.0,Trisul Securities & Invt. Ltd.,Siprabi Securities Pvt. Ltd.,2026-04-20 12:26:42.944752
2026042001041728,MBL,14,22,36,250.0,9000.0,Nepal Stock House (PVT) Ltd.,Siprabi Securities Pvt. Ltd.,2026-04-20 12:27:44.268680
2026042001041729,MBL,14,56,11,250.0,2750.0,Nepal Stock House (PVT) Ltd.,Sri Hari Securities Pvt. Ltd.,2026-04-20 12:27:44.268788
2026042001043094,MBL,42,22,20,251.0,5020.0,Sani Securities Company Ltd.,Siprabi Securities Pvt. Ltd.,2026-04-20 12:34:25.841120
2026042001043852,MBL,45,22,10,251.0,2510.0,Imperial Securities Company Pvt. Ltd.,Siprabi Securities Pvt. Ltd.,2026-04-20 12:37:31.294068
2026042001044322,MBL,49,22,170,251.0,42670.0,Online Securities Pvt. Ltd.,Siprabi Securities Pvt. Ltd.,2026-04-20 12:38:57.658280
2026042001044955,MBL,35,41,100,251.0,25100.0,Kohinoor Investment & Securities Pvt. Ltd.,Linch Stock Market Ltd.,2026-04-20 12:42:24.469372
2026042001045233,MBL,14,41,400,251.0,100400.0,Nepal Stock House (PVT) Ltd.,Linch Stock Market Ltd.,2026-04-20 12:44:09.413266
2026042001046441,MBL,14,39,53,251.5,13329.5,Nepal Stock House (PVT) Ltd.,Sumeru Securities Pvt. Ltd.,2026-04-20 12:50:19.630223
2026042001049137,MBL,58,59,4,245.0,980.0,Naasa Securities Co. Ltd.,Deevyaa Securities & Stock House Pvt. Ltd,2026-04-20 13:05:26.404184
2026042001049316,MBL,58,39,2,247.2,494.4,Naasa Securities Co. Ltd.,Sumeru Securities Pvt. Ltd.,2026-04-20 13:06:28.244673
2026042001049437,MBL,58,54,3,250.0,750.0,Naasa Securities Co. Ltd.,Sewa Securities Pvt. Ltd.,2026-04-20 13:07:17.709684
2026042001050449,MBL,4,56,23,250.1,5752.3,Opal Securities Investment (PVT) Ltd.,Sri Hari Securities Pvt. Ltd.,2026-04-20 13:13:10.982997
2026042001050736,MBL,4,39,95,250.1,23759.5,Opal Securities Investment (PVT) Ltd.,Sumeru Securities Pvt. Ltd.,2026-04-20 13:15:07.234136
2026042001051082,MBL,14,1,500,250.5,125250.0,Nepal Stock House (PVT) Ltd.,Kumari Securities Private Limited,2026-04-20 13:17:13.409810
2026042001051761,MBL,49,17,100,250.2,25020.0,Online Securities Pvt. Ltd.,ABC Securities Private Limited,2026-04-20 13:21:43.161475
2026042001051762,MBL,22,17,17,250.2,4253.4,Siprabi Securities Pvt. Ltd.,ABC Securities Private Limited,2026-04-20 13:21:43.161767
2026042001051813,MBL,4,11,50,251.0,12550.0,Opal Securities Investment (PVT) Ltd.,Malla & Malla Stock Broking Company Pvt. Limited,2026-04-20 13:22:06.514413
2026042001051814,MBL,4,21,50,251.0,12550.0,Opal Securities Investment (PVT) Ltd.,Midas Stock Broking Company Private Limited,2026-04-20 13:22:06.514624
2026042001051815,MBL,4,58,82,251.0,20582.0,Opal Securities Investment (PVT) Ltd.,Naasa Securities Co. Ltd.,2026-04-20 13:22:06.514711
2026042001051874,MBL,49,58,315,251.0,79065.0,Online Securities Pvt. Ltd.,Naasa Securities Co. Ltd.,2026-04-20 13:22:29.524453
2026042001052076,MBL,5,96,200,250.2,50040.0,Market Securities & Exchange (PVT) Ltd.,Himalayan Securities Limited,2026-04-20 13:23:33.725772
2026042001053646,MBL,13,39,100,250.2,25020.0,Thrive Brokerage House Pvt. Ltd,Sumeru Securities Pvt. Ltd.,2026-04-20 13:32:34.870623
2026042001054299,MBL,13,34,176,250.2,44035.2,Thrive Brokerage House Pvt. Ltd,Vision Securities Pvt. Ltd,2026-04-20 13:35:46.381874
2026042001055385,MBL,13,48,45,250.2,11259.0,Thrive Brokerage House Pvt. Ltd,Trishakti Securities Public Limited,2026-04-20 13:39:39.435781
2026042001056595,MBL,1,58,10,250.3,2503.0,Kumari Securities Private Limited,Naasa Securities Co. Ltd.,2026-04-20 13:42:56.741676
2026042001056596,MBL,13,58,11,250.2,2752.2,Thrive Brokerage House Pvt. Ltd,Naasa Securities Co. Ltd.,2026-04-20 13:42:56.741847
2026042001056885,MBL,48,22,200,251.4,50280.0,Trishakti Securities Public Limited,Siprabi Securities Pvt. Ltd.,2026-04-20 13:43:50.978862
2026042001056886,MBL,48,7,1040,251.5,261560.0,Trishakti Securities Public Limited,J.F. Securites (PVT) Ltd.,2026-04-20 13:43:50.978964
2026042001056887,MBL,48,49,927,251.8,233418.6,Trishakti Securities Public Limited,Online Securities Pvt. Ltd.,2026-04-20 13:43:50.979066
2026042001056888,MBL,48,41,2000,251.9,503800.0,Trishakti Securities Public Limited,Linch Stock Market Ltd.,2026-04-20 13:43:50.979148
2026042001056889,MBL,48,21,150,251.9,37785.0,Trishakti Securities Public Limited,Midas Stock Broking Company Private Limited,2026-04-20 13:43:50.979223
2026042001056890,MBL,48,22,683,252.0,172116.0,Trishakti Securities Public Limited,Siprabi Securities Pvt. Ltd.,2026-04-20 13:43:50.979325
2026042001057851,MBL,1,22,15,252.0,3780.0,Kumari Securities Private Limited,Siprabi Securities Pvt. Ltd.,2026-04-20 13:46:44.134565
2026042001061643,MBL,49,32,50,250.6,12530.0,Online Securities Pvt. Ltd.,Premier Securities Company Ltd.,2026-04-20 13:55:38.262181
2026042001064091,MBL,56,57,300,250.8,75240.0,Sri Hari Securities Pvt. Ltd.,Aryatara Investment & Securities,2026-04-20 14:06:20.279863
2026042001064670,MBL,42,22,92,252.0,23184.0,Sani Securities Company Ltd.,Siprabi Securities Pvt. Ltd.,2026-04-20 14:08:35.962139
2026042001064671,MBL,42,7,58,252.0,14616.0,Sani Securities Company Ltd.,J.F. Securites (PVT) Ltd.,2026-04-20 14:08:35.962332
2026042001065347,MBL,49,7,982,252.0,247464.0,Online Securities Pvt. Ltd.,J.F. Securites (PVT) Ltd.,2026-04-20 14:12:19.622708
2026042001065348,MBL,49,34,10,252.0,2520.0,Online Securities Pvt. Ltd.,Vision Securities Pvt. Ltd,2026-04-20 14:12:19.622906
2026042001066245,MBL,14,22,54,252.0,13608.0,Nepal Stock House (PVT) Ltd.,Siprabi Securities Pvt. Ltd.,2026-04-20 14:17:19.098819
2026042001066246,MBL,14,43,200,252.0,50400.0,Nepal Stock House (PVT) Ltd.,South Asian Bulls Pvt. Ltd.,2026-04-20 14:17:19.099217
2026042001067806,MBL,21,83,100,251.3,25130.0,Midas Stock Broking Company Private Limited,Sanima Securities Limited,2026-04-20 14:26:08.717493
2026042001067807,MBL,84,83,1400,251.2,351680.0,MILKY WAY SHARE BROKER COMPANY LTD ,Sanima Securities Limited,2026-04-20 14:26:08.717532
2026042001068168,MBL,45,29,20,251.1,5022.0,Imperial Securities Company Pvt. Ltd.,Trisul Securities & Invt. Ltd.,2026-04-20 14:28:16.638874
2026042001068227,MBL,45,38,252,252.0,63504.0,Imperial Securities Company Pvt. Ltd.,Dipshikha Dhitopatra Karobar Co. Pvt Ltd.,2026-04-20 14:28:42.423350
2026042001068352,MBL,45,49,1248,252.0,314496.0,Imperial Securities Company Pvt. Ltd.,Online Securities Pvt. Ltd.,2026-04-20 14:29:30.641016
2026042001069200,MBL,21,39,100,251.3,25130.0,Midas Stock Broking Company Private Limited,Sumeru Securities Pvt. Ltd.,2026-04-20 14:34:13.305231
2026042001069313,MBL,1,49,115,252.0,28980.0,Kumari Securities Private Limited,Online Securities Pvt. Ltd.,2026-04-20 14:35:16.924671
2026042001069869,MBL,52,49,10,252.0,2520.0,Sundhara Securities Limited,Online Securities Pvt. Ltd.,2026-04-20 14:38:20.582208
2026042001070402,MBL,45,49,600,252.0,151200.0,Imperial Securities Company Pvt. Ltd.,Online Securities Pvt. Ltd.,2026-04-20 14:40:50.357664
2026042001070647,MBL,44,49,19,252.0,4788.0,Dynamic Money Managers Securities Pvt. Ltd.,Online Securities Pvt. Ltd.,2026-04-20 14:42:17.304540
2026042001070648,MBL,49,49,8,252.0,2016.0,Online Securities Pvt. Ltd.,Online Securities Pvt. Ltd.,2026-04-20 14:42:17.304723
2026042001071518,MBL,51,54,40,252.0,10080.0,Oxford Securities Pvt. Ltd.,Sewa Securities Pvt. Ltd.,2026-04-20 14:46:47.874727
2026042001072419,MBL,42,54,20,252.0,5040.0,Sani Securities Company Ltd.,Sewa Securities Pvt. Ltd.,2026-04-20 14:50:55.865644
2026042001072785,MBL,45,58,101,251.2,25371.2,Imperial Securities Company Pvt. Ltd.,Naasa Securities Co. Ltd.,2026-04-20 14:52:34.927537
2026042001073227,MBL,45,58,399,251.2,100228.8,Imperial Securities Company Pvt. Ltd.,Naasa Securities Co. Ltd.,2026-04-20 14:53:58.985567
2026042001073228,MBL,45,58,280,251.1,70308.0,Imperial Securities Company Pvt. Ltd.,Naasa Securities Co. Ltd.,2026-04-20 14:53:58.985735
2026042001073229,MBL,45,58,221,251.1,55493.1,Imperial Securities Company Pvt. Ltd.,Naasa Securities Co. Ltd.,2026-04-20 14:53:58.985827
2026042001073561,MBL,49,22,10,251.5,2515.0,Online Securities Pvt. Ltd.,Siprabi Securities Pvt. Ltd.,2026-04-20 14:55:10.966392
2026042001073858,MBL,45,45,779,251.1,195606.9,Imperial Securities Company Pvt. Ltd.,Imperial Securities Company Pvt. Ltd.,2026-04-20 14:56:11.657461
2026042001073859,MBL,28,45,1000,251.1,251100.0,Shree Krishna Securities Ltd.,Imperial Securities Company Pvt. Ltd.,2026-04-20 14:56:11.657646
2026042001073860,MBL,57,45,221,251.0,55471.0,Aryatara Investment & Securities,Imperial Securities Company Pvt. Ltd.,2026-04-20 14:56:11.657743
2026042001073959,MBL,57,13,79,251.0,19829.0,Aryatara Investment & Securities,Thrive Brokerage House Pvt. Ltd,2026-04-20 14:56:34.038535
2026042001073960,MBL,29,13,1000,251.0,251000.0,Trisul Securities & Invt. Ltd.,Thrive Brokerage House Pvt. Ltd,2026-04-20 14:56:34.038737
2026042001073961,MBL,62,13,421,251.0,105671.0,Capital Max Securities Ltd,Thrive Brokerage House Pvt. Ltd,2026-04-20 14:56:34.038832
2026042001074330,MBL,42,54,10,252.0,2520.0,Sani Securities Company Ltd.,Sewa Securities Pvt. Ltd.,2026-04-20 14:57:33.860373
2026042001075481,MBL,1,54,125,251.1,31387.5,Kumari Securities Private Limited,Sewa Securities Pvt. Ltd.,2026-04-20 14:59:39.258166
