contractId,stockSymbol,buyerMemberId,sellerMemberId,quantity,rate,amount,businessDate,tradeBookId,stockId,buyerBrokerName,sellerBrokerName,transaction_time,securityName
2026042004000258,MEN,7,20,50,600.0,30000.0,2026-04-20,186955539,2913,J.F. Securites (PVT) Ltd.,Sipla Securities Private Limited,2026-04-20 11:03:48.369941,Mountain Energy Nepal Limited
2026042004000283,MEN,44,45,11,595.1,6546.1,2026-04-20,186956817,2913,Dynamic Money Managers Securities Pvt. Ltd.,Imperial Securities Company Pvt. Ltd.,2026-04-20 11:04:21.965289,Mountain Energy Nepal Limited
2026042004000545,MEN,49,45,90,596.0,53640.0,2026-04-20,186963065,2913,Online Securities Pvt. Ltd.,Imperial Securities Company Pvt. Ltd.,2026-04-20 11:07:41.609104,Mountain Energy Nepal Limited
2026042004000701,MEN,58,3,20,600.0,12000.0,2026-04-20,186966474,2913,Naasa Securities Co. Ltd.,Arun Securities (PVT) Ltd.,2026-04-20 11:09:29.516620,Mountain Energy Nepal Limited
2026042004000740,MEN,56,58,20,596.1,11922.0,2026-04-20,186967176,2913,Sri Hari Securities Pvt. Ltd.,Naasa Securities Co. Ltd.,2026-04-20 11:09:49.590364,Mountain Energy Nepal Limited
2026042004000741,MEN,42,58,22,596.1,13114.2,2026-04-20,186967177,2913,Sani Securities Company Ltd.,Naasa Securities Co. Ltd.,2026-04-20 11:09:49.590521,Mountain Energy Nepal Limited
2026042004000824,MEN,43,52,1,599.0,599.0,2026-04-20,186968769,2913,South Asian Bulls Pvt. Ltd.,Sundhara Securities Limited,2026-04-20 11:10:52.379073,Mountain Energy Nepal Limited
2026042004000843,MEN,42,17,10,596.1,5961.0,2026-04-20,186969705,2913,Sani Securities Company Ltd.,ABC Securities Private Limited,2026-04-20 11:11:17.301572,Mountain Energy Nepal Limited
2026042004000915,MEN,96,17,10,597.0,5970.0,2026-04-20,186971015,2913,Himalayan Securities Limited,ABC Securities Private Limited,2026-04-20 11:11:56.216232,Mountain Energy Nepal Limited
2026042004001386,MEN,42,1,300,598.0,179400.0,2026-04-20,186982003,2913,Sani Securities Company Ltd.,Kumari Securities Private Limited,2026-04-20 11:17:41.522332,Mountain Energy Nepal Limited
2026042004001644,MEN,74,58,1,599.0,599.0,2026-04-20,186986917,2913,KALASH STOCK MARKET PVT. LTD.,Naasa Securities Co. Ltd.,2026-04-20 11:19:43.398306,Mountain Energy Nepal Limited
2026042004001933,MEN,44,3,51,600.0,30600.0,2026-04-20,186994642,2913,Dynamic Money Managers Securities Pvt. Ltd.,Arun Securities (PVT) Ltd.,2026-04-20 11:24:33.601074,Mountain Energy Nepal Limited
2026042004002081,MEN,74,4,3,598.0,1794.0,2026-04-20,186997317,2913,KALASH STOCK MARKET PVT. LTD.,Opal Securities Investment (PVT) Ltd.,2026-04-20 11:26:41.876099,Mountain Energy Nepal Limited
2026042004002153,MEN,4,17,50,598.2,29910.0,2026-04-20,186998473,2913,Opal Securities Investment (PVT) Ltd.,ABC Securities Private Limited,2026-04-20 11:27:38.881601,Mountain Energy Nepal Limited
2026042004002348,MEN,58,3,10,600.0,6000.0,2026-04-20,187001806,2913,Naasa Securities Co. Ltd.,Arun Securities (PVT) Ltd.,2026-04-20 11:30:21.018837,Mountain Energy Nepal Limited
2026042004002481,MEN,4,58,102,598.2,61016.4,2026-04-20,187004583,2913,Opal Securities Investment (PVT) Ltd.,Naasa Securities Co. Ltd.,2026-04-20 11:32:25.610747,Mountain Energy Nepal Limited
2026042004002544,MEN,4,46,15,598.2,8973.0,2026-04-20,187005657,2913,Opal Securities Investment (PVT) Ltd.,Kalika Securities Pvt. Ltd.,2026-04-20 11:33:16.892506,Mountain Energy Nepal Limited
2026042004002800,MEN,4,54,83,598.2,49650.6,2026-04-20,187008448,2913,Opal Securities Investment (PVT) Ltd.,Sewa Securities Pvt. Ltd.,2026-04-20 11:35:37.774041,Mountain Energy Nepal Limited
2026042004002801,MEN,58,54,17,598.0,10166.0,2026-04-20,187008449,2913,Naasa Securities Co. Ltd.,Sewa Securities Pvt. Ltd.,2026-04-20 11:35:37.774277,Mountain Energy Nepal Limited
2026042004003394,MEN,58,74,18,598.0,10764.0,2026-04-20,187017118,2913,Naasa Securities Co. Ltd.,KALASH STOCK MARKET PVT. LTD.,2026-04-20 11:42:30.362426,Mountain Energy Nepal Limited
2026042004003395,MEN,58,74,10,598.0,5980.0,2026-04-20,187017120,2913,Naasa Securities Co. Ltd.,KALASH STOCK MARKET PVT. LTD.,2026-04-20 11:42:30.362599,Mountain Energy Nepal Limited
2026042004003485,MEN,57,44,10,598.0,5980.0,2026-04-20,187018072,2913,Aryatara Investment & Securities,Dynamic Money Managers Securities Pvt. Ltd.,2026-04-20 11:43:22.012963,Mountain Energy Nepal Limited
2026042004003495,MEN,74,58,1,598.0,598.0,2026-04-20,187018239,2913,KALASH STOCK MARKET PVT. LTD.,Naasa Securities Co. Ltd.,2026-04-20 11:43:33.818176,Mountain Energy Nepal Limited
2026042004003717,MEN,36,3,15,597.0,8955.0,2026-04-20,187021077,2913,Secured Securities Ltd.,Arun Securities (PVT) Ltd.,2026-04-20 11:45:45.303398,Mountain Energy Nepal Limited
2026042004003739,MEN,32,8,10,596.5,5965.0,2026-04-20,187021692,2913,Premier Securities Company Ltd.,Brilliant Securities Pvt. Ltd.,2026-04-20 11:46:13.398053,Mountain Energy Nepal Limited
2026042004003740,MEN,92,8,90,596.2,53658.0,2026-04-20,187021693,2913,Roadshow securities limited,Brilliant Securities Pvt. Ltd.,2026-04-20 11:46:13.398209,Mountain Energy Nepal Limited
2026042004004097,MEN,21,58,100,597.0,59700.0,2026-04-20,187026797,2913,Midas Stock Broking Company Private Limited,Naasa Securities Co. Ltd.,2026-04-20 11:50:21.350913,Mountain Energy Nepal Limited
2026042004004197,MEN,50,44,20,598.0,11960.0,2026-04-20,187027706,2913,Cristal Kanchanjanga Securites Pvt. Ltd.,Dynamic Money Managers Securities Pvt. Ltd.,2026-04-20 11:51:12.398764,Mountain Energy Nepal Limited
2026042004004661,MEN,38,14,200,598.5,119700.0,2026-04-20,187034758,2913,Dipshikha Dhitopatra Karobar Co. Pvt Ltd.,Nepal Stock House (PVT) Ltd.,2026-04-20 11:56:38.588650,Mountain Energy Nepal Limited
2026042004004949,MEN,47,3,16,598.0,9568.0,2026-04-20,187038667,2913,Neev Securities Pvt. Ltd.,Arun Securities (PVT) Ltd.,2026-04-20 11:59:58.806561,Mountain Energy Nepal Limited
2026042004004980,MEN,47,4,50,598.0,29900.0,2026-04-20,187038963,2913,Neev Securities Pvt. Ltd.,Opal Securities Investment (PVT) Ltd.,2026-04-20 12:00:12.679040,Mountain Energy Nepal Limited
2026042004005161,MEN,47,58,120,598.0,71760.0,2026-04-20,187041623,2913,Neev Securities Pvt. Ltd.,Naasa Securities Co. Ltd.,2026-04-20 12:02:44.622217,Mountain Energy Nepal Limited
2026042004005177,MEN,39,42,10,599.0,5990.0,2026-04-20,187041908,2913,Sumeru Securities Pvt. Ltd.,Sani Securities Company Ltd.,2026-04-20 12:03:03.854293,Mountain Energy Nepal Limited
2026042004005404,MEN,47,58,10,598.0,5980.0,2026-04-20,187045123,2913,Neev Securities Pvt. Ltd.,Naasa Securities Co. Ltd.,2026-04-20 12:07:08.905564,Mountain Energy Nepal Limited
2026042004005693,MEN,21,8,50,597.0,29850.0,2026-04-20,187049642,2913,Midas Stock Broking Company Private Limited,Brilliant Securities Pvt. Ltd.,2026-04-20 12:12:25.345349,Mountain Energy Nepal Limited
2026042004005694,MEN,50,8,18,597.0,10746.0,2026-04-20,187049644,2913,Cristal Kanchanjanga Securites Pvt. Ltd.,Brilliant Securities Pvt. Ltd.,2026-04-20 12:12:25.345650,Mountain Energy Nepal Limited
2026042004005695,MEN,42,8,32,597.0,19104.0,2026-04-20,187049645,2913,Sani Securities Company Ltd.,Brilliant Securities Pvt. Ltd.,2026-04-20 12:12:25.345839,Mountain Energy Nepal Limited
2026042004005840,MEN,58,58,15,598.0,8970.0,2026-04-20,187051519,2913,Naasa Securities Co. Ltd.,Naasa Securities Co. Ltd.,2026-04-20 12:14:09.668761,Mountain Energy Nepal Limited
2026042004005863,MEN,58,8,20,598.0,11960.0,2026-04-20,187051999,2913,Naasa Securities Co. Ltd.,Brilliant Securities Pvt. Ltd.,2026-04-20 12:14:38.380119,Mountain Energy Nepal Limited
2026042004005910,MEN,42,38,18,597.0,10746.0,2026-04-20,187052770,2913,Sani Securities Company Ltd.,Dipshikha Dhitopatra Karobar Co. Pvt Ltd.,2026-04-20 12:15:41.719219,Mountain Energy Nepal Limited
2026042004005991,MEN,8,38,50,597.0,29850.0,2026-04-20,187053790,2913,Brilliant Securities Pvt. Ltd.,Dipshikha Dhitopatra Karobar Co. Pvt Ltd.,2026-04-20 12:16:48.580914,Mountain Energy Nepal Limited
2026042004006076,MEN,92,42,15,596.2,8943.0,2026-04-20,187054715,2913,Roadshow securities limited,Sani Securities Company Ltd.,2026-04-20 12:17:59.943550,Mountain Energy Nepal Limited
2026042004006213,MEN,44,38,132,596.4,78724.8,2026-04-20,187056759,2913,Dynamic Money Managers Securities Pvt. Ltd.,Dipshikha Dhitopatra Karobar Co. Pvt Ltd.,2026-04-20 12:19:56.576714,Mountain Energy Nepal Limited
2026042004006240,MEN,44,67,168,596.4,100195.2,2026-04-20,187057160,2913,Dynamic Money Managers Securities Pvt. Ltd.,Property Wiard Limited,2026-04-20 12:20:29.131431,Mountain Energy Nepal Limited
2026042004006241,MEN,44,67,489,596.3,291590.7,2026-04-20,187057162,2913,Dynamic Money Managers Securities Pvt. Ltd.,Property Wiard Limited,2026-04-20 12:20:29.131634,Mountain Energy Nepal Limited
2026042004006242,MEN,92,67,95,596.2,56639.0,2026-04-20,187057164,2913,Roadshow securities limited,Property Wiard Limited,2026-04-20 12:20:29.131708,Mountain Energy Nepal Limited
2026042004006243,MEN,42,67,68,596.1,40534.8,2026-04-20,187057166,2913,Sani Securities Company Ltd.,Property Wiard Limited,2026-04-20 12:20:29.131777,Mountain Energy Nepal Limited
2026042004006244,MEN,38,67,50,596.1,29805.0,2026-04-20,187057168,2913,Dipshikha Dhitopatra Karobar Co. Pvt Ltd.,Property Wiard Limited,2026-04-20 12:20:29.131846,Mountain Energy Nepal Limited
2026042004006245,MEN,20,67,130,596.1,77493.0,2026-04-20,187057169,2913,Sipla Securities Private Limited,Property Wiard Limited,2026-04-20 12:20:29.131913,Mountain Energy Nepal Limited
2026042004006270,MEN,20,8,880,596.1,524568.0,2026-04-20,187057569,2913,Sipla Securities Private Limited,Brilliant Securities Pvt. Ltd.,2026-04-20 12:21:06.490375,Mountain Energy Nepal Limited
2026042004006334,MEN,20,32,180,596.1,107298.0,2026-04-20,187058887,2913,Sipla Securities Private Limited,Premier Securities Company Ltd.,2026-04-20 12:22:20.139415,Mountain Energy Nepal Limited
2026042004006351,MEN,58,16,20,599.0,11980.0,2026-04-20,187059398,2913,Naasa Securities Co. Ltd.,Primo Securities (PVT) Ltd.,2026-04-20 12:22:51.222772,Mountain Energy Nepal Limited
2026042004006740,MEN,44,49,15,597.0,8955.0,2026-04-20,187063586,2913,Dynamic Money Managers Securities Pvt. Ltd.,Online Securities Pvt. Ltd.,2026-04-20 12:28:36.710643,Mountain Energy Nepal Limited
2026042004006741,MEN,36,49,5,597.0,2985.0,2026-04-20,187063587,2913,Secured Securities Ltd.,Online Securities Pvt. Ltd.,2026-04-20 12:28:36.710890,Mountain Energy Nepal Limited
2026042004006860,MEN,58,50,25,597.0,14925.0,2026-04-20,187064750,2913,Naasa Securities Co. Ltd.,Cristal Kanchanjanga Securites Pvt. Ltd.,2026-04-20 12:30:30.357670,Mountain Energy Nepal Limited
2026042004006865,MEN,20,48,50,596.1,29805.0,2026-04-20,187064811,2913,Sipla Securities Private Limited,Trishakti Securities Public Limited,2026-04-20 12:30:37.411568,Mountain Energy Nepal Limited
2026042004006912,MEN,20,58,58,596.1,34573.8,2026-04-20,187065596,2913,Sipla Securities Private Limited,Naasa Securities Co. Ltd.,2026-04-20 12:31:58.646596,Mountain Energy Nepal Limited
2026042004006930,MEN,94,50,100,597.0,59700.0,2026-04-20,187066012,2913,K.B.L. Securities Limited ,Cristal Kanchanjanga Securites Pvt. Ltd.,2026-04-20 12:32:35.981109,Mountain Energy Nepal Limited
2026042004006940,MEN,58,50,100,597.0,59700.0,2026-04-20,187066344,2913,Naasa Securities Co. Ltd.,Cristal Kanchanjanga Securites Pvt. Ltd.,2026-04-20 12:33:07.651372,Mountain Energy Nepal Limited
2026042004006943,MEN,20,48,200,596.1,119220.0,2026-04-20,187066543,2913,Sipla Securities Private Limited,Trishakti Securities Public Limited,2026-04-20 12:33:20.542057,Mountain Energy Nepal Limited
2026042004006950,MEN,49,48,700,596.0,417200.0,2026-04-20,187066648,2913,Online Securities Pvt. Ltd.,Trishakti Securities Public Limited,2026-04-20 12:33:30.772069,Mountain Energy Nepal Limited
2026042004006951,MEN,42,48,70,596.0,41720.0,2026-04-20,187066650,2913,Sani Securities Company Ltd.,Trishakti Securities Public Limited,2026-04-20 12:33:30.772253,Mountain Energy Nepal Limited
2026042004006952,MEN,45,48,10,596.0,5960.0,2026-04-20,187066652,2913,Imperial Securities Company Pvt. Ltd.,Trishakti Securities Public Limited,2026-04-20 12:33:30.772348,Mountain Energy Nepal Limited
2026042004006953,MEN,52,48,10,596.0,5960.0,2026-04-20,187066654,2913,Sundhara Securities Limited,Trishakti Securities Public Limited,2026-04-20 12:33:30.772417,Mountain Energy Nepal Limited
2026042004006954,MEN,52,48,10,596.0,5960.0,2026-04-20,187066655,2913,Sundhara Securities Limited,Trishakti Securities Public Limited,2026-04-20 12:33:30.772488,Mountain Energy Nepal Limited
2026042004006965,MEN,52,48,10,596.0,5960.0,2026-04-20,187066763,2913,Sundhara Securities Limited,Trishakti Securities Public Limited,2026-04-20 12:33:42.287126,Mountain Energy Nepal Limited
2026042004007222,MEN,58,50,500,597.0,298500.0,2026-04-20,187071728,2913,Naasa Securities Co. Ltd.,Cristal Kanchanjanga Securites Pvt. Ltd.,2026-04-20 12:40:49.883670,Mountain Energy Nepal Limited
2026042004007317,MEN,34,50,15,597.0,8955.0,2026-04-20,187073265,2913,Vision Securities Pvt. Ltd,Cristal Kanchanjanga Securites Pvt. Ltd.,2026-04-20 12:43:13.352989,Mountain Energy Nepal Limited
2026042004007409,MEN,38,36,10,597.0,5970.0,2026-04-20,187074487,2913,Dipshikha Dhitopatra Karobar Co. Pvt Ltd.,Secured Securities Ltd.,2026-04-20 12:45:27.607139,Mountain Energy Nepal Limited
2026042004007489,MEN,34,51,12,597.0,7164.0,2026-04-20,187075820,2913,Vision Securities Pvt. Ltd,Oxford Securities Pvt. Ltd.,2026-04-20 12:47:42.733036,Mountain Energy Nepal Limited
2026042004007787,MEN,38,42,5,599.0,2995.0,2026-04-20,187079651,2913,Dipshikha Dhitopatra Karobar Co. Pvt Ltd.,Sani Securities Company Ltd.,2026-04-20 12:53:21.057514,Mountain Energy Nepal Limited
2026042004007853,MEN,38,58,2,597.0,1194.0,2026-04-20,187080863,2913,Dipshikha Dhitopatra Karobar Co. Pvt Ltd.,Naasa Securities Co. Ltd.,2026-04-20 12:55:07.158825,Mountain Energy Nepal Limited
2026042004008048,MEN,10,25,10,597.0,5970.0,2026-04-20,187083472,2913,Pragyan Securities (PVT) Ltd.,Sweta Securities Private Limited,2026-04-20 12:59:53.888101,Mountain Energy Nepal Limited
2026042004008149,MEN,65,38,10,597.0,5970.0,2026-04-20,187084923,2913,Sharepro Securities Private Limited,Dipshikha Dhitopatra Karobar Co. Pvt Ltd.,2026-04-20 13:02:21.481840,Mountain Energy Nepal Limited
2026042004008156,MEN,65,40,40,598.0,23920.0,2026-04-20,187084988,2913,Sharepro Securities Private Limited,Creative Securities Pvt Ltd,2026-04-20 13:02:30.234215,Mountain Energy Nepal Limited
2026042004008291,MEN,36,59,15,596.2,8943.0,2026-04-20,187086411,2913,Secured Securities Ltd.,Deevyaa Securities & Stock House Pvt. Ltd,2026-04-20 13:05:00.462417,Mountain Energy Nepal Limited
2026042004008325,MEN,36,42,100,596.2,59620.0,2026-04-20,187087087,2913,Secured Securities Ltd.,Sani Securities Company Ltd.,2026-04-20 13:06:01.963846,Mountain Energy Nepal Limited
2026042004008382,MEN,94,40,60,598.0,35880.0,2026-04-20,187088049,2913,K.B.L. Securities Limited ,Creative Securities Pvt Ltd,2026-04-20 13:07:47.581033,Mountain Energy Nepal Limited
2026042004008457,MEN,94,57,10,598.0,5980.0,2026-04-20,187089238,2913,K.B.L. Securities Limited ,Aryatara Investment & Securities,2026-04-20 13:10:07.715465,Mountain Energy Nepal Limited
2026042004008458,MEN,94,57,20,597.0,11940.0,2026-04-20,187089240,2913,K.B.L. Securities Limited ,Aryatara Investment & Securities,2026-04-20 13:10:07.715689,Mountain Energy Nepal Limited
2026042004008459,MEN,58,57,100,596.1,59610.0,2026-04-20,187089242,2913,Naasa Securities Co. Ltd.,Aryatara Investment & Securities,2026-04-20 13:10:07.715771,Mountain Energy Nepal Limited
2026042004008460,MEN,52,57,30,596.0,17880.0,2026-04-20,187089244,2913,Sundhara Securities Limited,Aryatara Investment & Securities,2026-04-20 13:10:07.715848,Mountain Energy Nepal Limited
2026042004008461,MEN,47,57,10,596.0,5960.0,2026-04-20,187089246,2913,Neev Securities Pvt. Ltd.,Aryatara Investment & Securities,2026-04-20 13:10:07.715922,Mountain Energy Nepal Limited
2026042004008462,MEN,34,57,1000,596.0,596000.0,2026-04-20,187089248,2913,Vision Securities Pvt. Ltd,Aryatara Investment & Securities,2026-04-20 13:10:07.716003,Mountain Energy Nepal Limited
2026042004008463,MEN,17,57,150,596.0,89400.0,2026-04-20,187089250,2913,ABC Securities Private Limited,Aryatara Investment & Securities,2026-04-20 13:10:07.716080,Mountain Energy Nepal Limited
2026042004008464,MEN,21,57,20,596.0,11920.0,2026-04-20,187089252,2913,Midas Stock Broking Company Private Limited,Aryatara Investment & Securities,2026-04-20 13:10:07.716242,Mountain Energy Nepal Limited
2026042004008465,MEN,16,57,292,596.0,174032.0,2026-04-20,187089254,2913,Primo Securities (PVT) Ltd.,Aryatara Investment & Securities,2026-04-20 13:10:07.716363,Mountain Energy Nepal Limited
2026042004008466,MEN,58,57,20,596.0,11920.0,2026-04-20,187089256,2913,Naasa Securities Co. Ltd.,Aryatara Investment & Securities,2026-04-20 13:10:07.716459,Mountain Energy Nepal Limited
2026042004008467,MEN,51,57,50,596.0,29800.0,2026-04-20,187089258,2913,Oxford Securities Pvt. Ltd.,Aryatara Investment & Securities,2026-04-20 13:10:07.716595,Mountain Energy Nepal Limited
2026042004008542,MEN,52,57,298,595.5,177459.0,2026-04-20,187089837,2913,Sundhara Securities Limited,Aryatara Investment & Securities,2026-04-20 13:11:03.912419,Mountain Energy Nepal Limited
2026042004008845,MEN,49,58,15,596.0,8940.0,2026-04-20,187094679,2913,Online Securities Pvt. Ltd.,Naasa Securities Co. Ltd.,2026-04-20 13:19:41.618473,Mountain Energy Nepal Limited
2026042004008914,MEN,49,45,35,596.0,20860.0,2026-04-20,187095944,2913,Online Securities Pvt. Ltd.,Imperial Securities Company Pvt. Ltd.,2026-04-20 13:22:20.293354,Mountain Energy Nepal Limited
2026042004008915,MEN,72,45,587,596.0,349852.0,2026-04-20,187095946,2913,Hatemalo Financial Services Private Limited,Imperial Securities Company Pvt. Ltd.,2026-04-20 13:22:20.293400,Mountain Energy Nepal Limited
2026042004008916,MEN,17,45,100,595.7,59570.0,2026-04-20,187095948,2913,ABC Securities Private Limited,Imperial Securities Company Pvt. Ltd.,2026-04-20 13:22:20.293423,Mountain Energy Nepal Limited
2026042004008917,MEN,38,45,100,595.6,59560.0,2026-04-20,187095950,2913,Dipshikha Dhitopatra Karobar Co. Pvt Ltd.,Imperial Securities Company Pvt. Ltd.,2026-04-20 13:22:20.293445,Mountain Energy Nepal Limited
2026042004008918,MEN,44,45,200,595.6,119120.0,2026-04-20,187095952,2913,Dynamic Money Managers Securities Pvt. Ltd.,Imperial Securities Company Pvt. Ltd.,2026-04-20 13:22:20.293470,Mountain Energy Nepal Limited
2026042004008919,MEN,52,45,32,595.5,19056.0,2026-04-20,187095954,2913,Sundhara Securities Limited,Imperial Securities Company Pvt. Ltd.,2026-04-20 13:22:20.293496,Mountain Energy Nepal Limited
2026042004008920,MEN,11,45,50,595.5,29775.0,2026-04-20,187095956,2913,Malla & Malla Stock Broking Company Pvt. Limited,Imperial Securities Company Pvt. Ltd.,2026-04-20 13:22:20.293520,Mountain Energy Nepal Limited
2026042004008921,MEN,58,45,25,595.5,14887.5,2026-04-20,187095958,2913,Naasa Securities Co. Ltd.,Imperial Securities Company Pvt. Ltd.,2026-04-20 13:22:20.293545,Mountain Energy Nepal Limited
2026042004008922,MEN,58,45,53,595.5,31561.5,2026-04-20,187095960,2913,Naasa Securities Co. Ltd.,Imperial Securities Company Pvt. Ltd.,2026-04-20 13:22:20.293600,Mountain Energy Nepal Limited
2026042004008923,MEN,60,45,530,595.5,315615.0,2026-04-20,187095962,2913,Nagarik Stock Dealer ,Imperial Securities Company Pvt. Ltd.,2026-04-20 13:22:20.293619,Mountain Energy Nepal Limited
2026042004008924,MEN,62,45,150,595.4,89310.0,2026-04-20,187095964,2913,Capital Max Securities Ltd,Imperial Securities Company Pvt. Ltd.,2026-04-20 13:22:20.293641,Mountain Energy Nepal Limited
2026042004008925,MEN,44,45,500,595.3,297650.0,2026-04-20,187095966,2913,Dynamic Money Managers Securities Pvt. Ltd.,Imperial Securities Company Pvt. Ltd.,2026-04-20 13:22:20.293663,Mountain Energy Nepal Limited
2026042004008926,MEN,42,45,10,595.3,5953.0,2026-04-20,187095968,2913,Sani Securities Company Ltd.,Imperial Securities Company Pvt. Ltd.,2026-04-20 13:22:20.293688,Mountain Energy Nepal Limited
2026042004008927,MEN,76,45,128,595.1,76172.8,2026-04-20,187095969,2913,Machhapuchchhre Securities Limited,Imperial Securities Company Pvt. Ltd.,2026-04-20 13:22:20.293720,Mountain Energy Nepal Limited
2026042004009035,MEN,76,49,15,595.1,8926.5,2026-04-20,187097949,2913,Machhapuchchhre Securities Limited,Online Securities Pvt. Ltd.,2026-04-20 13:25:44.635388,Mountain Energy Nepal Limited
2026042004009138,MEN,76,5,857,595.1,510000.7,2026-04-20,187099160,2913,Machhapuchchhre Securities Limited,Market Securities & Exchange (PVT) Ltd.,2026-04-20 13:27:54.553372,Mountain Energy Nepal Limited
2026042004009139,MEN,20,5,1500,595.1,892650.0,2026-04-20,187099162,2913,Sipla Securities Private Limited,Market Securities & Exchange (PVT) Ltd.,2026-04-20 13:27:54.553795,Mountain Energy Nepal Limited
2026042004009140,MEN,83,5,150,595.1,89265.0,2026-04-20,187099164,2913,Sanima Securities Limited,Market Securities & Exchange (PVT) Ltd.,2026-04-20 13:27:54.554025,Mountain Energy Nepal Limited
2026042004009141,MEN,41,5,200,595.1,119020.0,2026-04-20,187099166,2913,Linch Stock Market Ltd.,Market Securities & Exchange (PVT) Ltd.,2026-04-20 13:27:54.554284,Mountain Energy Nepal Limited
2026042004009142,MEN,48,5,20,595.1,11902.0,2026-04-20,187099168,2913,Trishakti Securities Public Limited,Market Securities & Exchange (PVT) Ltd.,2026-04-20 13:27:54.554536,Mountain Energy Nepal Limited
2026042004009143,MEN,17,5,100,595.1,59510.0,2026-04-20,187099170,2913,ABC Securities Private Limited,Market Securities & Exchange (PVT) Ltd.,2026-04-20 13:27:54.554788,Mountain Energy Nepal Limited
2026042004009144,MEN,47,5,200,595.0,119000.0,2026-04-20,187099172,2913,Neev Securities Pvt. Ltd.,Market Securities & Exchange (PVT) Ltd.,2026-04-20 13:27:54.555017,Mountain Energy Nepal Limited
2026042004009145,MEN,52,5,25,595.0,14875.0,2026-04-20,187099174,2913,Sundhara Securities Limited,Market Securities & Exchange (PVT) Ltd.,2026-04-20 13:27:54.555239,Mountain Energy Nepal Limited
2026042004009146,MEN,35,5,10,595.0,5950.0,2026-04-20,187099176,2913,Kohinoor Investment & Securities Pvt. Ltd.,Market Securities & Exchange (PVT) Ltd.,2026-04-20 13:27:54.555511,Mountain Energy Nepal Limited
2026042004009147,MEN,62,5,17,595.0,10115.0,2026-04-20,187099178,2913,Capital Max Securities Ltd,Market Securities & Exchange (PVT) Ltd.,2026-04-20 13:27:54.555732,Mountain Energy Nepal Limited
2026042004009148,MEN,4,5,950,595.0,565250.0,2026-04-20,187099180,2913,Opal Securities Investment (PVT) Ltd.,Market Securities & Exchange (PVT) Ltd.,2026-04-20 13:27:54.555990,Mountain Energy Nepal Limited
2026042004009149,MEN,42,5,10,595.0,5950.0,2026-04-20,187099182,2913,Sani Securities Company Ltd.,Market Securities & Exchange (PVT) Ltd.,2026-04-20 13:27:54.556188,Mountain Energy Nepal Limited
2026042004009150,MEN,77,5,100,595.0,59500.0,2026-04-20,187099184,2913,Nabil Stock Dealer Ltd.,Market Securities & Exchange (PVT) Ltd.,2026-04-20 13:27:54.556417,Mountain Energy Nepal Limited
2026042004009151,MEN,49,5,137,595.0,81515.0,2026-04-20,187099186,2913,Online Securities Pvt. Ltd.,Market Securities & Exchange (PVT) Ltd.,2026-04-20 13:27:54.556648,Mountain Energy Nepal Limited
2026042004009152,MEN,66,5,100,595.0,59500.0,2026-04-20,187099188,2913,Miyo Securities Pvt Ltd,Market Securities & Exchange (PVT) Ltd.,2026-04-20 13:27:54.556857,Mountain Energy Nepal Limited
2026042004009153,MEN,49,5,150,595.0,89250.0,2026-04-20,187099190,2913,Online Securities Pvt. Ltd.,Market Securities & Exchange (PVT) Ltd.,2026-04-20 13:27:54.557103,Mountain Energy Nepal Limited
2026042004009154,MEN,88,5,30,595.0,17850.0,2026-04-20,187099192,2913,Blue Chip Securities Ltd,Market Securities & Exchange (PVT) Ltd.,2026-04-20 13:27:54.557308,Mountain Energy Nepal Limited
2026042004009155,MEN,42,5,100,595.0,59500.0,2026-04-20,187099194,2913,Sani Securities Company Ltd.,Market Securities & Exchange (PVT) Ltd.,2026-04-20 13:27:54.557524,Mountain Energy Nepal Limited
2026042004009156,MEN,38,5,200,595.0,119000.0,2026-04-20,187099196,2913,Dipshikha Dhitopatra Karobar Co. Pvt Ltd.,Market Securities & Exchange (PVT) Ltd.,2026-04-20 13:27:54.557753,Mountain Energy Nepal Limited
2026042004009157,MEN,45,5,10,595.0,5950.0,2026-04-20,187099198,2913,Imperial Securities Company Pvt. Ltd.,Market Securities & Exchange (PVT) Ltd.,2026-04-20 13:27:54.557956,Mountain Energy Nepal Limited
2026042004009158,MEN,17,5,100,595.0,59500.0,2026-04-20,187099200,2913,ABC Securities Private Limited,Market Securities & Exchange (PVT) Ltd.,2026-04-20 13:27:54.558156,Mountain Energy Nepal Limited
2026042004009159,MEN,10,5,34,595.0,20230.0,2026-04-20,187099201,2913,Pragyan Securities (PVT) Ltd.,Market Securities & Exchange (PVT) Ltd.,2026-04-20 13:27:54.558403,Mountain Energy Nepal Limited
2026042004009249,MEN,10,52,60,595.0,35700.0,2026-04-20,187100301,2913,Pragyan Securities (PVT) Ltd.,Sundhara Securities Limited,2026-04-20 13:29:56.405139,Mountain Energy Nepal Limited
2026042004009284,MEN,75,59,690,596.0,411240.0,2026-04-20,187101087,2913,N.I.M.B. Stock Markets Limited,Deevyaa Securities & Stock House Pvt. Ltd,2026-04-20 13:31:14.073086,Mountain Energy Nepal Limited
2026042004009285,MEN,75,8,15,597.0,8955.0,2026-04-20,187101089,2913,N.I.M.B. Stock Markets Limited,Brilliant Securities Pvt. Ltd.,2026-04-20 13:31:14.073165,Mountain Energy Nepal Limited
2026042004009286,MEN,75,52,15,598.0,8970.0,2026-04-20,187101091,2913,N.I.M.B. Stock Markets Limited,Sundhara Securities Limited,2026-04-20 13:31:14.073200,Mountain Energy Nepal Limited
2026042004009287,MEN,75,49,1000,598.0,598000.0,2026-04-20,187101093,2913,N.I.M.B. Stock Markets Limited,Online Securities Pvt. Ltd.,2026-04-20 13:31:14.073227,Mountain Energy Nepal Limited
2026042004009288,MEN,75,16,80,599.0,47920.0,2026-04-20,187101095,2913,N.I.M.B. Stock Markets Limited,Primo Securities (PVT) Ltd.,2026-04-20 13:31:14.073251,Mountain Energy Nepal Limited
2026042004009289,MEN,75,94,36,599.0,21564.0,2026-04-20,187101097,2913,N.I.M.B. Stock Markets Limited,K.B.L. Securities Limited ,2026-04-20 13:31:14.073279,Mountain Energy Nepal Limited
2026042004009290,MEN,75,29,164,599.6,98334.4,2026-04-20,187101100,2913,N.I.M.B. Stock Markets Limited,Trisul Securities & Invt. Ltd.,2026-04-20 13:31:14.073302,Mountain Energy Nepal Limited
2026042004009471,MEN,62,53,12,599.0,7188.0,2026-04-20,187104286,2913,Capital Max Securities Ltd,Investment Management Nepal Pvt. Ltd.,2026-04-20 13:36:44.195146,Mountain Energy Nepal Limited
2026042004009472,MEN,10,49,200,595.0,119000.0,2026-04-20,187104299,2913,Pragyan Securities (PVT) Ltd.,Online Securities Pvt. Ltd.,2026-04-20 13:36:46.658299,Mountain Energy Nepal Limited
2026042004009723,MEN,75,85,194,598.0,116012.0,2026-04-20,187108905,2913,N.I.M.B. Stock Markets Limited,Capital Hub P. Ltd,2026-04-20 13:42:08.542689,Mountain Energy Nepal Limited
2026042004009724,MEN,75,53,488,599.0,292312.0,2026-04-20,187108907,2913,N.I.M.B. Stock Markets Limited,Investment Management Nepal Pvt. Ltd.,2026-04-20 13:42:08.542790,Mountain Energy Nepal Limited
2026042004009725,MEN,75,34,15,599.0,8985.0,2026-04-20,187108909,2913,N.I.M.B. Stock Markets Limited,Vision Securities Pvt. Ltd,2026-04-20 13:42:08.542919,Mountain Energy Nepal Limited
2026042004009726,MEN,75,29,303,599.6,181678.8,2026-04-20,187108912,2913,N.I.M.B. Stock Markets Limited,Trisul Securities & Invt. Ltd.,2026-04-20 13:42:08.542992,Mountain Energy Nepal Limited
2026042004010141,MEN,42,41,40,599.0,23960.0,2026-04-20,187120938,2913,Sani Securities Company Ltd.,Linch Stock Market Ltd.,2026-04-20 13:53:39.164276,Mountain Energy Nepal Limited
2026042004010324,MEN,58,41,20,599.0,11980.0,2026-04-20,187123214,2913,Naasa Securities Co. Ltd.,Linch Stock Market Ltd.,2026-04-20 13:56:41.584231,Mountain Energy Nepal Limited
2026042004010426,MEN,51,41,15,599.0,8985.0,2026-04-20,187124878,2913,Oxford Securities Pvt. Ltd.,Linch Stock Market Ltd.,2026-04-20 13:59:24.535421,Mountain Energy Nepal Limited
2026042004010491,MEN,58,58,2,595.0,1190.0,2026-04-20,187126591,2913,Naasa Securities Co. Ltd.,Naasa Securities Co. Ltd.,2026-04-20 14:02:01.063014,Mountain Energy Nepal Limited
2026042004011137,MEN,58,41,25,599.0,14975.0,2026-04-20,187134337,2913,Naasa Securities Co. Ltd.,Linch Stock Market Ltd.,2026-04-20 14:12:43.740651,Mountain Energy Nepal Limited
2026042004011138,MEN,58,64,75,599.0,44925.0,2026-04-20,187134340,2913,Naasa Securities Co. Ltd.,SUN SECURITIES PVT LTD,2026-04-20 14:12:43.740866,Mountain Energy Nepal Limited
2026042004011241,MEN,74,57,2,581.1,1162.2,2026-04-20,187135047,2913,KALASH STOCK MARKET PVT. LTD.,Aryatara Investment & Securities,2026-04-20 14:13:43.997423,Mountain Energy Nepal Limited
2026042004011264,MEN,74,58,1,595.0,595.0,2026-04-20,187135323,2913,KALASH STOCK MARKET PVT. LTD.,Naasa Securities Co. Ltd.,2026-04-20 14:14:06.957941,Mountain Energy Nepal Limited
2026042004011338,MEN,10,57,500,598.0,299000.0,2026-04-20,187136137,2913,Pragyan Securities (PVT) Ltd.,Aryatara Investment & Securities,2026-04-20 14:15:23.173363,Mountain Energy Nepal Limited
2026042004011408,MEN,74,11,1,595.0,595.0,2026-04-20,187137135,2913,KALASH STOCK MARKET PVT. LTD.,Malla & Malla Stock Broking Company Pvt. Limited,2026-04-20 14:16:52.147346,Mountain Energy Nepal Limited
2026042004011417,MEN,74,35,2,595.0,1190.0,2026-04-20,187137207,2913,KALASH STOCK MARKET PVT. LTD.,Kohinoor Investment & Securities Pvt. Ltd.,2026-04-20 14:17:00.629078,Mountain Energy Nepal Limited
2026042004011433,MEN,74,35,2,596.0,1192.0,2026-04-20,187137357,2913,KALASH STOCK MARKET PVT. LTD.,Kohinoor Investment & Securities Pvt. Ltd.,2026-04-20 14:17:18.883694,Mountain Energy Nepal Limited
2026042004011446,MEN,74,35,2,597.0,1194.0,2026-04-20,187137521,2913,KALASH STOCK MARKET PVT. LTD.,Kohinoor Investment & Securities Pvt. Ltd.,2026-04-20 14:17:37.572043,Mountain Energy Nepal Limited
2026042004011456,MEN,74,25,3,597.0,1791.0,2026-04-20,187137603,2913,KALASH STOCK MARKET PVT. LTD.,Sweta Securities Private Limited,2026-04-20 14:17:50.362098,Mountain Energy Nepal Limited
2026042004011508,MEN,87,32,50,599.0,29950.0,2026-04-20,187138166,2913,S.P.S.A. Securities Limited,Premier Securities Company Ltd.,2026-04-20 14:18:54.245864,Mountain Energy Nepal Limited
2026042004011512,MEN,47,49,15,598.0,8970.0,2026-04-20,187138223,2913,Neev Securities Pvt. Ltd.,Online Securities Pvt. Ltd.,2026-04-20 14:19:02.260339,Mountain Energy Nepal Limited
2026042004011537,MEN,44,32,20,599.0,11980.0,2026-04-20,187138517,2913,Dynamic Money Managers Securities Pvt. Ltd.,Premier Securities Company Ltd.,2026-04-20 14:19:34.487049,Mountain Energy Nepal Limited
2026042004011538,MEN,44,57,500,599.0,299500.0,2026-04-20,187138519,2913,Dynamic Money Managers Securities Pvt. Ltd.,Aryatara Investment & Securities,2026-04-20 14:19:34.487444,Mountain Energy Nepal Limited
2026042004011539,MEN,44,64,275,599.0,164725.0,2026-04-20,187138521,2913,Dynamic Money Managers Securities Pvt. Ltd.,SUN SECURITIES PVT LTD,2026-04-20 14:19:34.487692,Mountain Energy Nepal Limited
2026042004011540,MEN,44,42,500,599.5,299750.0,2026-04-20,187138523,2913,Dynamic Money Managers Securities Pvt. Ltd.,Sani Securities Company Ltd.,2026-04-20 14:19:34.487943,Mountain Energy Nepal Limited
2026042004011541,MEN,44,29,33,599.6,19786.8,2026-04-20,187138525,2913,Dynamic Money Managers Securities Pvt. Ltd.,Trisul Securities & Invt. Ltd.,2026-04-20 14:19:34.488163,Mountain Energy Nepal Limited
2026042004011542,MEN,44,44,200,599.6,119920.0,2026-04-20,187138527,2913,Dynamic Money Managers Securities Pvt. Ltd.,Dynamic Money Managers Securities Pvt. Ltd.,2026-04-20 14:19:34.488405,Mountain Energy Nepal Limited
2026042004011543,MEN,44,74,456,599.7,273463.2,2026-04-20,187138529,2913,Dynamic Money Managers Securities Pvt. Ltd.,KALASH STOCK MARKET PVT. LTD.,2026-04-20 14:19:34.488624,Mountain Energy Nepal Limited
2026042004011544,MEN,44,44,200,599.8,119960.0,2026-04-20,187138531,2913,Dynamic Money Managers Securities Pvt. Ltd.,Dynamic Money Managers Securities Pvt. Ltd.,2026-04-20 14:19:34.488847,Mountain Energy Nepal Limited
2026042004011545,MEN,44,87,15,599.9,8998.5,2026-04-20,187138533,2913,Dynamic Money Managers Securities Pvt. Ltd.,S.P.S.A. Securities Limited,2026-04-20 14:19:34.489057,Mountain Energy Nepal Limited
2026042004011546,MEN,44,29,440,599.9,263956.0,2026-04-20,187138535,2913,Dynamic Money Managers Securities Pvt. Ltd.,Trisul Securities & Invt. Ltd.,2026-04-20 14:19:34.489272,Mountain Energy Nepal Limited
2026042004011547,MEN,44,16,750,600.0,450000.0,2026-04-20,187138537,2913,Dynamic Money Managers Securities Pvt. Ltd.,Primo Securities (PVT) Ltd.,2026-04-20 14:19:34.489500,Mountain Energy Nepal Limited
2026042004011548,MEN,44,16,611,600.0,366600.0,2026-04-20,187138540,2913,Dynamic Money Managers Securities Pvt. Ltd.,Primo Securities (PVT) Ltd.,2026-04-20 14:19:34.489730,Mountain Energy Nepal Limited
2026042004011776,MEN,74,87,2,595.0,1190.0,2026-04-20,187140531,2913,KALASH STOCK MARKET PVT. LTD.,S.P.S.A. Securities Limited,2026-04-20 14:22:37.677466,Mountain Energy Nepal Limited
2026042004011790,MEN,34,16,10,600.0,6000.0,2026-04-20,187140610,2913,Vision Securities Pvt. Ltd,Primo Securities (PVT) Ltd.,2026-04-20 14:22:42.634606,Mountain Energy Nepal Limited
2026042004011797,MEN,74,5,2,596.0,1192.0,2026-04-20,187140701,2913,KALASH STOCK MARKET PVT. LTD.,Market Securities & Exchange (PVT) Ltd.,2026-04-20 14:22:49.614749,Mountain Energy Nepal Limited
2026042004011924,MEN,10,16,26,600.0,15600.0,2026-04-20,187142062,2913,Pragyan Securities (PVT) Ltd.,Primo Securities (PVT) Ltd.,2026-04-20 14:24:23.240604,Mountain Energy Nepal Limited
2026042004012156,MEN,33,32,50,599.0,29950.0,2026-04-20,187143676,2913,Dakshinkali Investment & Securities Pvt. Ltd.,Premier Securities Company Ltd.,2026-04-20 14:26:17.302084,Mountain Energy Nepal Limited
2026042004012157,MEN,50,32,150,599.0,89850.0,2026-04-20,187143677,2913,Cristal Kanchanjanga Securites Pvt. Ltd.,Premier Securities Company Ltd.,2026-04-20 14:26:17.302489,Mountain Energy Nepal Limited
2026042004012200,MEN,50,32,16,599.0,9584.0,2026-04-20,187144027,2913,Cristal Kanchanjanga Securites Pvt. Ltd.,Premier Securities Company Ltd.,2026-04-20 14:26:43.813850,Mountain Energy Nepal Limited
2026042004012511,MEN,50,21,20,599.0,11980.0,2026-04-20,187146393,2913,Cristal Kanchanjanga Securites Pvt. Ltd.,Midas Stock Broking Company Private Limited,2026-04-20 14:29:49.691153,Mountain Energy Nepal Limited
2026042004012601,MEN,74,56,2,582.0,1164.0,2026-04-20,187146885,2913,KALASH STOCK MARKET PVT. LTD.,Sri Hari Securities Pvt. Ltd.,2026-04-20 14:30:21.820406,Mountain Energy Nepal Limited
2026042004012660,MEN,58,42,10,599.7,5997.0,2026-04-20,187147182,2913,Naasa Securities Co. Ltd.,Sani Securities Company Ltd.,2026-04-20 14:30:39.324927,Mountain Energy Nepal Limited
2026042004012814,MEN,42,42,200,598.1,119620.0,2026-04-20,187148840,2913,Sani Securities Company Ltd.,Sani Securities Company Ltd.,2026-04-20 14:33:00.833800,Mountain Energy Nepal Limited
2026042004012815,MEN,20,42,1300,598.1,777530.0,2026-04-20,187148841,2913,Sipla Securities Private Limited,Sani Securities Company Ltd.,2026-04-20 14:33:00.834089,Mountain Energy Nepal Limited
2026042004013418,MEN,50,7,69,599.0,41331.0,2026-04-20,187154967,2913,Cristal Kanchanjanga Securites Pvt. Ltd.,J.F. Securites (PVT) Ltd.,2026-04-20 14:41:56.442982,Mountain Energy Nepal Limited
2026042004013483,MEN,50,53,31,599.0,18569.0,2026-04-20,187155718,2913,Cristal Kanchanjanga Securites Pvt. Ltd.,Investment Management Nepal Pvt. Ltd.,2026-04-20 14:43:10.122281,Mountain Energy Nepal Limited
2026042004013484,MEN,14,53,19,599.0,11381.0,2026-04-20,187155727,2913,Nepal Stock House (PVT) Ltd.,Investment Management Nepal Pvt. Ltd.,2026-04-20 14:43:10.656583,Mountain Energy Nepal Limited
2026042004013612,MEN,14,13,11,599.0,6589.0,2026-04-20,187157070,2913,Nepal Stock House (PVT) Ltd.,Thrive Brokerage House Pvt. Ltd,2026-04-20 14:44:44.499816,Mountain Energy Nepal Limited
2026042004013646,MEN,50,13,14,599.0,8386.0,2026-04-20,187157316,2913,Cristal Kanchanjanga Securites Pvt. Ltd.,Thrive Brokerage House Pvt. Ltd,2026-04-20 14:45:01.776653,Mountain Energy Nepal Limited
2026042004013681,MEN,45,7,100,598.5,59850.0,2026-04-20,187157664,2913,Imperial Securities Company Pvt. Ltd.,J.F. Securites (PVT) Ltd.,2026-04-20 14:45:26.151923,Mountain Energy Nepal Limited
2026042004013682,MEN,45,7,100,598.2,59820.0,2026-04-20,187157666,2913,Imperial Securities Company Pvt. Ltd.,J.F. Securites (PVT) Ltd.,2026-04-20 14:45:26.152148,Mountain Energy Nepal Limited
2026042004013683,MEN,20,7,130,598.1,77753.0,2026-04-20,187157667,2913,Sipla Securities Private Limited,J.F. Securites (PVT) Ltd.,2026-04-20 14:45:26.152270,Mountain Energy Nepal Limited
2026042004013744,MEN,1,52,2,590.0,1180.0,2026-04-20,187158167,2913,Kumari Securities Private Limited,Sundhara Securities Limited,2026-04-20 14:46:03.569882,Mountain Energy Nepal Limited
2026042004013803,MEN,49,13,47,599.0,28153.0,2026-04-20,187158749,2913,Online Securities Pvt. Ltd.,Thrive Brokerage House Pvt. Ltd,2026-04-20 14:46:50.588989,Mountain Energy Nepal Limited
2026042004013809,MEN,49,42,40,599.0,23960.0,2026-04-20,187158849,2913,Online Securities Pvt. Ltd.,Sani Securities Company Ltd.,2026-04-20 14:46:59.278216,Mountain Energy Nepal Limited
2026042004015081,MEN,51,42,30,598.5,17955.0,2026-04-20,187169172,2913,Oxford Securities Pvt. Ltd.,Sani Securities Company Ltd.,2026-04-20 14:55:46.526168,Mountain Energy Nepal Limited
2026042004015511,MEN,20,34,49,598.1,29306.9,2026-04-20,187172391,2913,Sipla Securities Private Limited,Vision Securities Pvt. Ltd,2026-04-20 14:57:33.719291,Mountain Energy Nepal Limited
2026042004016183,MEN,57,33,85,598.5,50872.5,2026-04-20,187177083,2913,Aryatara Investment & Securities,Dakshinkali Investment & Securities Pvt. Ltd.,2026-04-20 14:59:23.334961,Mountain Energy Nepal Limited
2026042004016184,MEN,57,48,36,599.0,21564.0,2026-04-20,187177085,2913,Aryatara Investment & Securities,Trishakti Securities Public Limited,2026-04-20 14:59:23.335373,Mountain Energy Nepal Limited
2026042004016185,MEN,57,17,60,599.0,35940.0,2026-04-20,187177087,2913,Aryatara Investment & Securities,ABC Securities Private Limited,2026-04-20 14:59:23.335641,Mountain Energy Nepal Limited
2026042004016186,MEN,57,80,60,599.0,35940.0,2026-04-20,187177089,2913,Aryatara Investment & Securities,Indira securities pvt. ltd,2026-04-20 14:59:23.335883,Mountain Energy Nepal Limited
2026042004016187,MEN,57,22,24,599.5,14388.0,2026-04-20,187177091,2913,Aryatara Investment & Securities,Siprabi Securities Pvt. Ltd.,2026-04-20 14:59:23.336156,Mountain Energy Nepal Limited
2026042004016188,MEN,57,52,35,599.5,20982.5,2026-04-20,187177094,2913,Aryatara Investment & Securities,Sundhara Securities Limited,2026-04-20 14:59:23.336423,Mountain Energy Nepal Limited
2026042004016390,MEN,49,49,33,599.0,19767.0,2026-04-20,187179050,2913,Online Securities Pvt. Ltd.,Online Securities Pvt. Ltd.,2026-04-20 14:59:50.010773,Mountain Energy Nepal Limited
