contractId,stockSymbol,buyerMemberId,sellerMemberId,quantity,rate,amount,businessDate,tradeBookId,stockId,buyerBrokerName,sellerBrokerName,transaction_time,securityName
2026042003000018,MFIL,35,35,10,800.0,8000.0,2026-04-20,186948027,516,Kohinoor Investment & Securities Pvt. Ltd.,Kohinoor Investment & Securities Pvt. Ltd.,2026-04-20 10:46:00.071203,Manjushree Finance Ltd.
2026042003000031,MFIL,33,35,10,787.0,7870.0,2026-04-20,186948703,516,Dakshinkali Investment & Securities Pvt. Ltd.,Kohinoor Investment & Securities Pvt. Ltd.,2026-04-20 11:00:16.586830,Manjushree Finance Ltd.
2026042003000046,MFIL,88,95,100,824.0,82400.0,2026-04-20,186951916,516,Blue Chip Securities Ltd,Magnet Securities and Investment Company Private Limited,2026-04-20 11:01:57.801517,Manjushree Finance Ltd.
2026042003000047,MFIL,35,40,10,824.0,8240.0,2026-04-20,186952103,516,Kohinoor Investment & Securities Pvt. Ltd.,Creative Securities Pvt Ltd,2026-04-20 11:02:03.748312,Manjushree Finance Ltd.
2026042003000048,MFIL,35,35,10,840.0,8400.0,2026-04-20,186952106,516,Kohinoor Investment & Securities Pvt. Ltd.,Kohinoor Investment & Securities Pvt. Ltd.,2026-04-20 11:02:03.748363,Manjushree Finance Ltd.
2026042003000049,MFIL,35,63,10,798.0,7980.0,2026-04-20,186952223,516,Kohinoor Investment & Securities Pvt. Ltd.,Himalayan Brokerage Company Limited,2026-04-20 11:02:07.362886,Manjushree Finance Ltd.
2026042003000060,MFIL,17,60,1400,840.0,1176000.0,2026-04-20,186954899,516,ABC Securities Private Limited,Nagarik Stock Dealer ,2026-04-20 11:03:24.663059,Manjushree Finance Ltd.
2026042003000061,MFIL,17,95,500,840.0,420000.0,2026-04-20,186954901,516,ABC Securities Private Limited,Magnet Securities and Investment Company Private Limited,2026-04-20 11:03:24.663088,Manjushree Finance Ltd.
2026042003000062,MFIL,17,35,10,865.0,8650.0,2026-04-20,186954904,516,ABC Securities Private Limited,Kohinoor Investment & Securities Pvt. Ltd.,2026-04-20 11:03:24.663123,Manjushree Finance Ltd.
2026042003000063,MFIL,35,49,10,865.0,8650.0,2026-04-20,186954936,516,Kohinoor Investment & Securities Pvt. Ltd.,Online Securities Pvt. Ltd.,2026-04-20 11:03:25.998427,Manjushree Finance Ltd.
2026042003000064,MFIL,48,35,10,800.3,8003.0,2026-04-20,186955033,516,Trishakti Securities Public Limited,Kohinoor Investment & Securities Pvt. Ltd.,2026-04-20 11:03:29.691777,Manjushree Finance Ltd.
2026042003000117,MFIL,92,6,10,824.0,8240.0,2026-04-20,186962186,516,Roadshow securities limited,Agrawal Securities (PVT) Ltd.,2026-04-20 11:07:23.344159,Manjushree Finance Ltd.
2026042003000119,MFIL,66,35,10,807.0,8070.0,2026-04-20,186962519,516,Miyo Securities Pvt Ltd,Kohinoor Investment & Securities Pvt. Ltd.,2026-04-20 11:07:28.729536,Manjushree Finance Ltd.
2026042003000216,MFIL,74,34,100,809.0,80900.0,2026-04-20,186969999,516,KALASH STOCK MARKET PVT. LTD.,Vision Securities Pvt. Ltd,2026-04-20 11:11:30.194259,Manjushree Finance Ltd.
2026042003000221,MFIL,66,34,90,808.3,72747.0,2026-04-20,186970711,516,Miyo Securities Pvt Ltd,Vision Securities Pvt. Ltd,2026-04-20 11:11:46.432292,Manjushree Finance Ltd.
2026042003000229,MFIL,28,34,100,808.2,80820.0,2026-04-20,186971395,516,Shree Krishna Securities Ltd.,Vision Securities Pvt. Ltd,2026-04-20 11:12:09.806032,Manjushree Finance Ltd.
2026042003000243,MFIL,28,34,30,808.2,24246.0,2026-04-20,186973143,516,Shree Krishna Securities Ltd.,Vision Securities Pvt. Ltd,2026-04-20 11:13:04.396941,Manjushree Finance Ltd.
2026042003000344,MFIL,86,88,40,810.0,32400.0,2026-04-20,186983152,516,Stoxkarts Securities Limited,Blue Chip Securities Ltd,2026-04-20 11:18:10.528913,Manjushree Finance Ltd.
2026042003000345,MFIL,86,88,50,809.0,40450.0,2026-04-20,186983154,516,Stoxkarts Securities Limited,Blue Chip Securities Ltd,2026-04-20 11:18:10.528970,Manjushree Finance Ltd.
2026042003000346,MFIL,28,88,10,808.2,8082.0,2026-04-20,186983155,516,Shree Krishna Securities Ltd.,Blue Chip Securities Ltd,2026-04-20 11:18:10.528997,Manjushree Finance Ltd.
2026042003000403,MFIL,28,88,60,808.2,48492.0,2026-04-20,186988510,516,Shree Krishna Securities Ltd.,Blue Chip Securities Ltd,2026-04-20 11:20:45.410383,Manjushree Finance Ltd.
2026042003000404,MFIL,47,88,300,808.2,242460.0,2026-04-20,186988512,516,Neev Securities Pvt. Ltd.,Blue Chip Securities Ltd,2026-04-20 11:20:45.410462,Manjushree Finance Ltd.
2026042003000405,MFIL,89,88,10,808.2,8082.0,2026-04-20,186988514,516,Global IME Securities Limited,Blue Chip Securities Ltd,2026-04-20 11:20:45.410493,Manjushree Finance Ltd.
2026042003000406,MFIL,19,88,10,808.0,8080.0,2026-04-20,186988516,516,Nepal Investment And Securities Trading Private Limited,Blue Chip Securities Ltd,2026-04-20 11:20:45.410520,Manjushree Finance Ltd.
2026042003000407,MFIL,43,88,10,807.0,8070.0,2026-04-20,186988517,516,South Asian Bulls Pvt. Ltd.,Blue Chip Securities Ltd,2026-04-20 11:20:45.410545,Manjushree Finance Ltd.
2026042003000449,MFIL,74,35,100,808.0,80800.0,2026-04-20,186993962,516,KALASH STOCK MARKET PVT. LTD.,Kohinoor Investment & Securities Pvt. Ltd.,2026-04-20 11:24:09.027067,Manjushree Finance Ltd.
2026042003000450,MFIL,6,35,176,807.1,142049.6,2026-04-20,186993963,516,Agrawal Securities (PVT) Ltd.,Kohinoor Investment & Securities Pvt. Ltd.,2026-04-20 11:24:09.027171,Manjushree Finance Ltd.
2026042003000470,MFIL,33,88,90,809.0,72810.0,2026-04-20,186995592,516,Dakshinkali Investment & Securities Pvt. Ltd.,Blue Chip Securities Ltd,2026-04-20 11:25:18.430431,Manjushree Finance Ltd.
2026042003000471,MFIL,6,88,1110,807.1,895881.0,2026-04-20,186995593,516,Agrawal Securities (PVT) Ltd.,Blue Chip Securities Ltd,2026-04-20 11:25:18.430504,Manjushree Finance Ltd.
2026042003000503,MFIL,19,88,500,807.2,403600.0,2026-04-20,186998080,516,Nepal Investment And Securities Trading Private Limited,Blue Chip Securities Ltd,2026-04-20 11:27:12.842495,Manjushree Finance Ltd.
2026042003000504,MFIL,6,88,14,807.1,11299.4,2026-04-20,186998082,516,Agrawal Securities (PVT) Ltd.,Blue Chip Securities Ltd,2026-04-20 11:27:12.842639,Manjushree Finance Ltd.
2026042003000505,MFIL,25,88,186,807.1,150120.6,2026-04-20,186998083,516,Sweta Securities Private Limited,Blue Chip Securities Ltd,2026-04-20 11:27:12.842689,Manjushree Finance Ltd.
2026042003000560,MFIL,25,88,14,807.1,11299.4,2026-04-20,187002482,516,Sweta Securities Private Limited,Blue Chip Securities Ltd,2026-04-20 11:30:40.467494,Manjushree Finance Ltd.
2026042003000561,MFIL,43,88,190,807.0,153330.0,2026-04-20,187002484,516,South Asian Bulls Pvt. Ltd.,Blue Chip Securities Ltd,2026-04-20 11:30:40.467537,Manjushree Finance Ltd.
2026042003000562,MFIL,44,88,20,807.0,16140.0,2026-04-20,187002486,516,Dynamic Money Managers Securities Pvt. Ltd.,Blue Chip Securities Ltd,2026-04-20 11:30:40.467564,Manjushree Finance Ltd.
2026042003000563,MFIL,14,88,50,807.0,40350.0,2026-04-20,187002488,516,Nepal Stock House (PVT) Ltd.,Blue Chip Securities Ltd,2026-04-20 11:30:40.467589,Manjushree Finance Ltd.
2026042003000564,MFIL,66,88,226,805.0,181930.0,2026-04-20,187002489,516,Miyo Securities Pvt Ltd,Blue Chip Securities Ltd,2026-04-20 11:30:40.467615,Manjushree Finance Ltd.
2026042003000620,MFIL,17,88,200,810.0,162000.0,2026-04-20,187005964,516,ABC Securities Private Limited,Blue Chip Securities Ltd,2026-04-20 11:33:34.736584,Manjushree Finance Ltd.
2026042003000621,MFIL,60,88,100,807.1,80710.0,2026-04-20,187005966,516,Nagarik Stock Dealer ,Blue Chip Securities Ltd,2026-04-20 11:33:34.736622,Manjushree Finance Ltd.
2026042003000622,MFIL,58,88,115,807.0,92805.0,2026-04-20,187005968,516,Naasa Securities Co. Ltd.,Blue Chip Securities Ltd,2026-04-20 11:33:34.736643,Manjushree Finance Ltd.
2026042003000623,MFIL,60,88,10,805.1,8051.0,2026-04-20,187005969,516,Nagarik Stock Dealer ,Blue Chip Securities Ltd,2026-04-20 11:33:34.736665,Manjushree Finance Ltd.
2026042003000891,MFIL,63,88,3000,808.0,2424000.0,2026-04-20,187017298,516,Himalayan Brokerage Company Limited,Blue Chip Securities Ltd,2026-04-20 11:42:43.329583,Manjushree Finance Ltd.
2026042003000904,MFIL,89,88,10,805.5,8055.0,2026-04-20,187017849,516,Global IME Securities Limited,Blue Chip Securities Ltd,2026-04-20 11:43:09.792835,Manjushree Finance Ltd.
2026042003001044,MFIL,89,8,10,805.6,8056.0,2026-04-20,187023892,516,Global IME Securities Limited,Brilliant Securities Pvt. Ltd.,2026-04-20 11:47:52.642735,Manjushree Finance Ltd.
2026042003001045,MFIL,59,8,20,805.5,16110.0,2026-04-20,187023894,516,Deevyaa Securities & Stock House Pvt. Ltd,Brilliant Securities Pvt. Ltd.,2026-04-20 11:47:52.642879,Manjushree Finance Ltd.
2026042003001046,MFIL,74,8,70,805.3,56371.0,2026-04-20,187023895,516,KALASH STOCK MARKET PVT. LTD.,Brilliant Securities Pvt. Ltd.,2026-04-20 11:47:52.642959,Manjushree Finance Ltd.
2026042003001495,MFIL,63,88,1000,810.0,810000.0,2026-04-20,187039042,516,Himalayan Brokerage Company Limited,Blue Chip Securities Ltd,2026-04-20 12:00:18.628786,Manjushree Finance Ltd.
2026042003001511,MFIL,74,63,10,805.3,8053.0,2026-04-20,187039349,516,KALASH STOCK MARKET PVT. LTD.,Himalayan Brokerage Company Limited,2026-04-20 12:00:31.054169,Manjushree Finance Ltd.
2026042003001560,MFIL,74,49,20,805.3,16106.0,2026-04-20,187041528,516,KALASH STOCK MARKET PVT. LTD.,Online Securities Pvt. Ltd.,2026-04-20 12:02:38.361183,Manjushree Finance Ltd.
2026042003001561,MFIL,60,49,200,805.3,161060.0,2026-04-20,187041530,516,Nagarik Stock Dealer ,Online Securities Pvt. Ltd.,2026-04-20 12:02:38.361519,Manjushree Finance Ltd.
2026042003001562,MFIL,60,49,80,805.3,64424.0,2026-04-20,187041531,516,Nagarik Stock Dealer ,Online Securities Pvt. Ltd.,2026-04-20 12:02:38.361707,Manjushree Finance Ltd.
2026042003001572,MFIL,56,56,100,806.0,80600.0,2026-04-20,187042094,516,Sri Hari Securities Pvt. Ltd.,Sri Hari Securities Pvt. Ltd.,2026-04-20 12:03:14.749769,Manjushree Finance Ltd.
2026042003001584,MFIL,56,56,40,806.0,32240.0,2026-04-20,187042428,516,Sri Hari Securities Pvt. Ltd.,Sri Hari Securities Pvt. Ltd.,2026-04-20 12:03:43.360440,Manjushree Finance Ltd.
2026042003001781,MFIL,33,26,40,807.0,32280.0,2026-04-20,187050597,516,Dakshinkali Investment & Securities Pvt. Ltd.,Asian Securities Private Ltd.,2026-04-20 12:13:03.545712,Manjushree Finance Ltd.
2026042003002004,MFIL,49,88,10,808.0,8080.0,2026-04-20,187058930,516,Online Securities Pvt. Ltd.,Blue Chip Securities Ltd,2026-04-20 12:22:24.003401,Manjushree Finance Ltd.
2026042003002005,MFIL,35,88,10,807.1,8071.0,2026-04-20,187058932,516,Kohinoor Investment & Securities Pvt. Ltd.,Blue Chip Securities Ltd,2026-04-20 12:22:24.003501,Manjushree Finance Ltd.
2026042003002006,MFIL,33,88,10,807.0,8070.0,2026-04-20,187058934,516,Dakshinkali Investment & Securities Pvt. Ltd.,Blue Chip Securities Ltd,2026-04-20 12:22:24.003530,Manjushree Finance Ltd.
2026042003002007,MFIL,45,88,20,807.0,16140.0,2026-04-20,187058936,516,Imperial Securities Company Pvt. Ltd.,Blue Chip Securities Ltd,2026-04-20 12:22:24.003562,Manjushree Finance Ltd.
2026042003002008,MFIL,26,88,100,807.0,80700.0,2026-04-20,187058938,516,Asian Securities Private Ltd.,Blue Chip Securities Ltd,2026-04-20 12:22:24.003627,Manjushree Finance Ltd.
2026042003002009,MFIL,58,88,50,807.0,40350.0,2026-04-20,187058940,516,Naasa Securities Co. Ltd.,Blue Chip Securities Ltd,2026-04-20 12:22:24.003660,Manjushree Finance Ltd.
2026042003002010,MFIL,44,88,10,806.0,8060.0,2026-04-20,187058942,516,Dynamic Money Managers Securities Pvt. Ltd.,Blue Chip Securities Ltd,2026-04-20 12:22:24.003688,Manjushree Finance Ltd.
2026042003002011,MFIL,86,88,100,806.0,80600.0,2026-04-20,187058944,516,Stoxkarts Securities Limited,Blue Chip Securities Ltd,2026-04-20 12:22:24.003714,Manjushree Finance Ltd.
2026042003002012,MFIL,60,88,156,805.3,125626.8,2026-04-20,187058945,516,Nagarik Stock Dealer ,Blue Chip Securities Ltd,2026-04-20 12:22:24.003737,Manjushree Finance Ltd.
2026042003002116,MFIL,34,19,30,818.0,24540.0,2026-04-20,187061588,516,Vision Securities Pvt. Ltd,Nepal Investment And Securities Trading Private Limited,2026-04-20 12:25:51.017954,Manjushree Finance Ltd.
2026042003002138,MFIL,34,35,10,805.6,8056.0,2026-04-20,187062329,516,Vision Securities Pvt. Ltd,Kohinoor Investment & Securities Pvt. Ltd.,2026-04-20 12:26:49.019897,Manjushree Finance Ltd.
2026042003002376,MFIL,17,33,300,806.0,241800.0,2026-04-20,187071877,516,ABC Securities Private Limited,Dakshinkali Investment & Securities Pvt. Ltd.,2026-04-20 12:41:02.483100,Manjushree Finance Ltd.
2026042003002680,MFIL,58,4,100,810.0,81000.0,2026-04-20,187080830,516,Naasa Securities Co. Ltd.,Opal Securities Investment (PVT) Ltd.,2026-04-20 12:55:03.376731,Manjushree Finance Ltd.
2026042003002751,MFIL,58,63,30,810.0,24300.0,2026-04-20,187082100,516,Naasa Securities Co. Ltd.,Himalayan Brokerage Company Limited,2026-04-20 12:57:14.278316,Manjushree Finance Ltd.
2026042003002752,MFIL,58,63,100,806.1,80610.0,2026-04-20,187082101,516,Naasa Securities Co. Ltd.,Himalayan Brokerage Company Limited,2026-04-20 12:57:14.278489,Manjushree Finance Ltd.
2026042003002759,MFIL,52,58,20,807.0,16140.0,2026-04-20,187082656,516,Sundhara Securities Limited,Naasa Securities Co. Ltd.,2026-04-20 12:58:18.668557,Manjushree Finance Ltd.
2026042003002760,MFIL,17,58,200,806.0,161200.0,2026-04-20,187082658,516,ABC Securities Private Limited,Naasa Securities Co. Ltd.,2026-04-20 12:58:18.668713,Manjushree Finance Ltd.
2026042003002761,MFIL,34,58,25,805.6,20140.0,2026-04-20,187082660,516,Vision Securities Pvt. Ltd,Naasa Securities Co. Ltd.,2026-04-20 12:58:18.668773,Manjushree Finance Ltd.
2026042003002762,MFIL,58,58,20,805.5,16110.0,2026-04-20,187082662,516,Naasa Securities Co. Ltd.,Naasa Securities Co. Ltd.,2026-04-20 12:58:18.668833,Manjushree Finance Ltd.
2026042003002763,MFIL,60,58,215,805.3,173139.5,2026-04-20,187082663,516,Nagarik Stock Dealer ,Naasa Securities Co. Ltd.,2026-04-20 12:58:18.668890,Manjushree Finance Ltd.
2026042003003216,MFIL,70,63,60,806.0,48360.0,2026-04-20,187092560,516,Infinity Securities Limited,Himalayan Brokerage Company Limited,2026-04-20 13:15:35.517895,Manjushree Finance Ltd.
2026042003003217,MFIL,60,63,30,805.3,24159.0,2026-04-20,187092561,516,Nagarik Stock Dealer ,Himalayan Brokerage Company Limited,2026-04-20 13:15:35.517956,Manjushree Finance Ltd.
2026042003003316,MFIL,66,49,100,805.0,80500.0,2026-04-20,187095083,516,Miyo Securities Pvt Ltd,Online Securities Pvt. Ltd.,2026-04-20 13:20:37.724479,Manjushree Finance Ltd.
2026042003003464,MFIL,33,4,11,815.0,8965.0,2026-04-20,187099686,516,Dakshinkali Investment & Securities Pvt. Ltd.,Opal Securities Investment (PVT) Ltd.,2026-04-20 13:28:40.239692,Manjushree Finance Ltd.
2026042003003471,MFIL,17,63,10,806.5,8065.0,2026-04-20,187099991,516,ABC Securities Private Limited,Himalayan Brokerage Company Limited,2026-04-20 13:29:15.014447,Manjushree Finance Ltd.
2026042003003670,MFIL,17,35,50,807.0,40350.0,2026-04-20,187110008,516,ABC Securities Private Limited,Kohinoor Investment & Securities Pvt. Ltd.,2026-04-20 13:43:21.068653,Manjushree Finance Ltd.
2026042003003671,MFIL,11,35,200,806.0,161200.0,2026-04-20,187110010,516,Malla & Malla Stock Broking Company Pvt. Limited,Kohinoor Investment & Securities Pvt. Ltd.,2026-04-20 13:43:21.068760,Manjushree Finance Ltd.
2026042003003672,MFIL,70,35,40,806.0,32240.0,2026-04-20,187110012,516,Infinity Securities Limited,Kohinoor Investment & Securities Pvt. Ltd.,2026-04-20 13:43:21.068843,Manjushree Finance Ltd.
2026042003003673,MFIL,66,35,174,805.0,140070.0,2026-04-20,187110014,516,Miyo Securities Pvt Ltd,Kohinoor Investment & Securities Pvt. Ltd.,2026-04-20 13:43:21.068900,Manjushree Finance Ltd.
2026042003003674,MFIL,49,35,200,805.0,161000.0,2026-04-20,187110016,516,Online Securities Pvt. Ltd.,Kohinoor Investment & Securities Pvt. Ltd.,2026-04-20 13:43:21.068974,Manjushree Finance Ltd.
2026042003003675,MFIL,44,35,10,805.0,8050.0,2026-04-20,187110018,516,Dynamic Money Managers Securities Pvt. Ltd.,Kohinoor Investment & Securities Pvt. Ltd.,2026-04-20 13:43:21.069058,Manjushree Finance Ltd.
2026042003003676,MFIL,47,35,30,805.0,24150.0,2026-04-20,187110020,516,Neev Securities Pvt. Ltd.,Kohinoor Investment & Securities Pvt. Ltd.,2026-04-20 13:43:21.069138,Manjushree Finance Ltd.
2026042003003677,MFIL,86,35,100,805.0,80500.0,2026-04-20,187110022,516,Stoxkarts Securities Limited,Kohinoor Investment & Securities Pvt. Ltd.,2026-04-20 13:43:21.069280,Manjushree Finance Ltd.
2026042003003678,MFIL,96,35,696,805.0,560280.0,2026-04-20,187110023,516,Himalayan Securities Limited,Kohinoor Investment & Securities Pvt. Ltd.,2026-04-20 13:43:21.069335,Manjushree Finance Ltd.
2026042003003691,MFIL,96,35,554,805.0,445970.0,2026-04-20,187110420,516,Himalayan Securities Limited,Kohinoor Investment & Securities Pvt. Ltd.,2026-04-20 13:43:45.980852,Manjushree Finance Ltd.
2026042003003692,MFIL,57,35,19,805.0,15295.0,2026-04-20,187110421,516,Aryatara Investment & Securities,Kohinoor Investment & Securities Pvt. Ltd.,2026-04-20 13:43:45.980904,Manjushree Finance Ltd.
2026042003003738,MFIL,17,63,100,805.1,80510.0,2026-04-20,187113106,516,ABC Securities Private Limited,Himalayan Brokerage Company Limited,2026-04-20 13:47:00.171499,Manjushree Finance Ltd.
2026042003003739,MFIL,66,63,20,805.0,16100.0,2026-04-20,187113108,516,Miyo Securities Pvt Ltd,Himalayan Brokerage Company Limited,2026-04-20 13:47:00.171533,Manjushree Finance Ltd.
2026042003003740,MFIL,7,63,50,805.0,40250.0,2026-04-20,187113109,516,J.F. Securites (PVT) Ltd.,Himalayan Brokerage Company Limited,2026-04-20 13:47:00.171561,Manjushree Finance Ltd.
2026042003003815,MFIL,34,63,500,805.0,402500.0,2026-04-20,187119113,516,Vision Securities Pvt. Ltd,Himalayan Brokerage Company Limited,2026-04-20 13:50:39.631244,Manjushree Finance Ltd.
2026042003003938,MFIL,38,63,50,805.0,40250.0,2026-04-20,187124299,516,Dipshikha Dhitopatra Karobar Co. Pvt Ltd.,Himalayan Brokerage Company Limited,2026-04-20 13:58:12.582657,Manjushree Finance Ltd.
2026042003004020,MFIL,35,63,100,805.1,80510.0,2026-04-20,187127204,516,Kohinoor Investment & Securities Pvt. Ltd.,Himalayan Brokerage Company Limited,2026-04-20 14:03:09.289540,Manjushree Finance Ltd.
2026042003004021,MFIL,63,63,100,805.1,80510.0,2026-04-20,187127206,516,Himalayan Brokerage Company Limited,Himalayan Brokerage Company Limited,2026-04-20 14:03:09.289846,Manjushree Finance Ltd.
2026042003004022,MFIL,57,63,1000,805.0,805000.0,2026-04-20,187127207,516,Aryatara Investment & Securities,Himalayan Brokerage Company Limited,2026-04-20 14:03:09.290072,Manjushree Finance Ltd.
2026042003004248,MFIL,88,8,50,813.0,40650.0,2026-04-20,187135091,516,Blue Chip Securities Ltd,Brilliant Securities Pvt. Ltd.,2026-04-20 14:13:48.847384,Manjushree Finance Ltd.
2026042003004408,MFIL,88,63,12,813.0,9756.0,2026-04-20,187138892,516,Blue Chip Securities Ltd,Himalayan Brokerage Company Limited,2026-04-20 14:20:01.752846,Manjushree Finance Ltd.
2026042003004409,MFIL,6,63,10,805.2,8052.0,2026-04-20,187138893,516,Agrawal Securities (PVT) Ltd.,Himalayan Brokerage Company Limited,2026-04-20 14:20:01.752932,Manjushree Finance Ltd.
2026042003004497,MFIL,14,43,100,814.0,81400.0,2026-04-20,187141692,516,Nepal Stock House (PVT) Ltd.,South Asian Bulls Pvt. Ltd.,2026-04-20 14:23:45.846605,Manjushree Finance Ltd.
2026042003004665,MFIL,60,42,10,806.0,8060.0,2026-04-20,187146318,516,Nagarik Stock Dealer ,Sani Securities Company Ltd.,2026-04-20 14:29:38.791481,Manjushree Finance Ltd.
2026042003004666,MFIL,94,42,90,806.0,72540.0,2026-04-20,187146319,516,K.B.L. Securities Limited ,Sani Securities Company Ltd.,2026-04-20 14:29:38.791739,Manjushree Finance Ltd.
2026042003004816,MFIL,35,63,5000,806.4,4032000.0,2026-04-20,187150122,516,Kohinoor Investment & Securities Pvt. Ltd.,Himalayan Brokerage Company Limited,2026-04-20 14:35:14.159512,Manjushree Finance Ltd.
2026042003004838,MFIL,63,35,5000,806.4,4032000.0,2026-04-20,187150526,516,Himalayan Brokerage Company Limited,Kohinoor Investment & Securities Pvt. Ltd.,2026-04-20 14:35:53.945838,Manjushree Finance Ltd.
2026042003004849,MFIL,6,35,190,806.3,153197.0,2026-04-20,187150702,516,Agrawal Securities (PVT) Ltd.,Kohinoor Investment & Securities Pvt. Ltd.,2026-04-20 14:36:07.919521,Manjushree Finance Ltd.
2026042003004850,MFIL,21,35,200,806.2,161240.0,2026-04-20,187150704,516,Midas Stock Broking Company Private Limited,Kohinoor Investment & Securities Pvt. Ltd.,2026-04-20 14:36:07.919863,Manjushree Finance Ltd.
2026042003004851,MFIL,94,35,110,806.0,88660.0,2026-04-20,187150706,516,K.B.L. Securities Limited ,Kohinoor Investment & Securities Pvt. Ltd.,2026-04-20 14:36:07.920089,Manjushree Finance Ltd.
2026042003004860,MFIL,33,35,50,806.0,40300.0,2026-04-20,187150882,516,Dakshinkali Investment & Securities Pvt. Ltd.,Kohinoor Investment & Securities Pvt. Ltd.,2026-04-20 14:36:28.460421,Manjushree Finance Ltd.
2026042003004868,MFIL,57,63,100,805.6,80560.0,2026-04-20,187151086,516,Aryatara Investment & Securities,Himalayan Brokerage Company Limited,2026-04-20 14:36:46.204636,Manjushree Finance Ltd.
2026042003004869,MFIL,35,63,100,805.3,80530.0,2026-04-20,187151088,516,Kohinoor Investment & Securities Pvt. Ltd.,Himalayan Brokerage Company Limited,2026-04-20 14:36:46.204800,Manjushree Finance Ltd.
2026042003004870,MFIL,20,63,1000,805.2,805200.0,2026-04-20,187151089,516,Sipla Securities Private Limited,Himalayan Brokerage Company Limited,2026-04-20 14:36:46.204874,Manjushree Finance Ltd.
2026042003004893,MFIL,49,35,100,806.0,80600.0,2026-04-20,187151748,516,Online Securities Pvt. Ltd.,Kohinoor Investment & Securities Pvt. Ltd.,2026-04-20 14:37:40.394402,Manjushree Finance Ltd.
2026042003004895,MFIL,98,35,150,806.0,120900.0,2026-04-20,187151894,516,Trademow Securities Private Limited,Kohinoor Investment & Securities Pvt. Ltd.,2026-04-20 14:37:53.645280,Manjushree Finance Ltd.
2026042003004904,MFIL,22,63,200,806.0,161200.0,2026-04-20,187152322,516,Siprabi Securities Pvt. Ltd.,Himalayan Brokerage Company Limited,2026-04-20 14:38:32.237902,Manjushree Finance Ltd.
2026042003004905,MFIL,92,63,100,805.1,80510.0,2026-04-20,187152323,516,Roadshow securities limited,Himalayan Brokerage Company Limited,2026-04-20 14:38:32.238180,Manjushree Finance Ltd.
2026042003004926,MFIL,20,63,700,805.1,563570.0,2026-04-20,187152847,516,Sipla Securities Private Limited,Himalayan Brokerage Company Limited,2026-04-20 14:38:59.149230,Manjushree Finance Ltd.
2026042003004972,MFIL,20,56,300,805.1,241530.0,2026-04-20,187154114,516,Sipla Securities Private Limited,Sri Hari Securities Pvt. Ltd.,2026-04-20 14:40:33.371176,Manjushree Finance Ltd.
2026042003004973,MFIL,92,56,100,805.0,80500.0,2026-04-20,187154116,516,Roadshow securities limited,Sri Hari Securities Pvt. Ltd.,2026-04-20 14:40:33.371509,Manjushree Finance Ltd.
2026042003004974,MFIL,86,56,19,805.0,15295.0,2026-04-20,187154117,516,Stoxkarts Securities Limited,Sri Hari Securities Pvt. Ltd.,2026-04-20 14:40:33.371704,Manjushree Finance Ltd.
2026042003005063,MFIL,45,63,85,805.1,68433.5,2026-04-20,187156114,516,Imperial Securities Company Pvt. Ltd.,Himalayan Brokerage Company Limited,2026-04-20 14:43:37.441204,Manjushree Finance Ltd.
2026042003005064,MFIL,86,63,81,805.0,65205.0,2026-04-20,187156116,516,Stoxkarts Securities Limited,Himalayan Brokerage Company Limited,2026-04-20 14:43:37.441373,Manjushree Finance Ltd.
2026042003005065,MFIL,20,63,834,805.0,671370.0,2026-04-20,187156117,516,Sipla Securities Private Limited,Himalayan Brokerage Company Limited,2026-04-20 14:43:37.441440,Manjushree Finance Ltd.
2026042003005139,MFIL,20,60,166,805.0,133630.0,2026-04-20,187157776,516,Sipla Securities Private Limited,Nagarik Stock Dealer ,2026-04-20 14:45:34.213617,Manjushree Finance Ltd.
2026042003005140,MFIL,50,60,200,805.0,161000.0,2026-04-20,187157778,516,Cristal Kanchanjanga Securites Pvt. Ltd.,Nagarik Stock Dealer ,2026-04-20 14:45:34.213717,Manjushree Finance Ltd.
2026042003005141,MFIL,52,60,20,804.3,16086.0,2026-04-20,187157780,516,Sundhara Securities Limited,Nagarik Stock Dealer ,2026-04-20 14:45:34.213791,Manjushree Finance Ltd.
2026042003005142,MFIL,92,60,100,804.3,80430.0,2026-04-20,187157782,516,Roadshow securities limited,Nagarik Stock Dealer ,2026-04-20 14:45:34.213872,Manjushree Finance Ltd.
2026042003005143,MFIL,20,60,514,804.3,413410.2,2026-04-20,187157783,516,Sipla Securities Private Limited,Nagarik Stock Dealer ,2026-04-20 14:45:34.213949,Manjushree Finance Ltd.
2026042003005181,MFIL,20,60,486,804.3,390889.8,2026-04-20,187158386,516,Sipla Securities Private Limited,Nagarik Stock Dealer ,2026-04-20 14:46:19.523112,Manjushree Finance Ltd.
2026042003005182,MFIL,49,60,14,804.0,11256.0,2026-04-20,187158387,516,Online Securities Pvt. Ltd.,Nagarik Stock Dealer ,2026-04-20 14:46:19.523152,Manjushree Finance Ltd.
2026042003005222,MFIL,80,80,3000,804.1,2412300.0,2026-04-20,187159207,516,Indira securities pvt. ltd,Indira securities pvt. ltd,2026-04-20 14:47:23.754722,Manjushree Finance Ltd.
2026042003005581,MFIL,58,58,10,808.0,8080.0,2026-04-20,187166724,516,Naasa Securities Co. Ltd.,Naasa Securities Co. Ltd.,2026-04-20 14:54:06.394631,Manjushree Finance Ltd.
2026042003005649,MFIL,16,62,100,806.0,80600.0,2026-04-20,187167764,516,Primo Securities (PVT) Ltd.,Capital Max Securities Ltd,2026-04-20 14:54:53.575095,Manjushree Finance Ltd.
2026042003005650,MFIL,80,62,200,804.3,160860.0,2026-04-20,187167766,516,Indira securities pvt. ltd,Capital Max Securities Ltd,2026-04-20 14:54:53.575154,Manjushree Finance Ltd.
2026042003005651,MFIL,41,62,34,804.2,27342.8,2026-04-20,187167768,516,Linch Stock Market Ltd.,Capital Max Securities Ltd,2026-04-20 14:54:53.575201,Manjushree Finance Ltd.
2026042003005652,MFIL,26,62,100,804.1,80410.0,2026-04-20,187167770,516,Asian Securities Private Ltd.,Capital Max Securities Ltd,2026-04-20 14:54:53.575225,Manjushree Finance Ltd.
2026042003005653,MFIL,49,62,36,804.0,28944.0,2026-04-20,187167772,516,Online Securities Pvt. Ltd.,Capital Max Securities Ltd,2026-04-20 14:54:53.575248,Manjushree Finance Ltd.
2026042003005654,MFIL,94,62,100,804.0,80400.0,2026-04-20,187167775,516,K.B.L. Securities Limited ,Capital Max Securities Ltd,2026-04-20 14:54:53.575271,Manjushree Finance Ltd.
2026042003005655,MFIL,86,62,100,804.0,80400.0,2026-04-20,187167779,516,Stoxkarts Securities Limited,Capital Max Securities Ltd,2026-04-20 14:54:53.575292,Manjushree Finance Ltd.
2026042003005656,MFIL,58,62,20,804.0,16080.0,2026-04-20,187167783,516,Naasa Securities Co. Ltd.,Capital Max Securities Ltd,2026-04-20 14:54:53.575316,Manjushree Finance Ltd.
2026042003005657,MFIL,58,62,20,804.0,16080.0,2026-04-20,187167786,516,Naasa Securities Co. Ltd.,Capital Max Securities Ltd,2026-04-20 14:54:53.575358,Manjushree Finance Ltd.
2026042003005658,MFIL,48,62,100,804.0,80400.0,2026-04-20,187167790,516,Trishakti Securities Public Limited,Capital Max Securities Ltd,2026-04-20 14:54:53.575398,Manjushree Finance Ltd.
2026042003005659,MFIL,42,62,220,804.0,176880.0,2026-04-20,187167791,516,Sani Securities Company Ltd.,Capital Max Securities Ltd,2026-04-20 14:54:53.575417,Manjushree Finance Ltd.
2026042003005755,MFIL,42,96,30,804.0,24120.0,2026-04-20,187169550,516,Sani Securities Company Ltd.,Himalayan Securities Limited,2026-04-20 14:56:03.326224,Manjushree Finance Ltd.
2026042003005756,MFIL,98,96,200,803.1,160620.0,2026-04-20,187169552,516,Trademow Securities Private Limited,Himalayan Securities Limited,2026-04-20 14:56:03.326283,Manjushree Finance Ltd.
2026042003005757,MFIL,6,96,50,803.1,40155.0,2026-04-20,187169554,516,Agrawal Securities (PVT) Ltd.,Himalayan Securities Limited,2026-04-20 14:56:03.326308,Manjushree Finance Ltd.
2026042003005758,MFIL,80,96,120,803.1,96372.0,2026-04-20,187169556,516,Indira securities pvt. ltd,Himalayan Securities Limited,2026-04-20 14:56:03.326332,Manjushree Finance Ltd.
2026042003005759,MFIL,33,96,100,803.0,80300.0,2026-04-20,187169558,516,Dakshinkali Investment & Securities Pvt. Ltd.,Himalayan Securities Limited,2026-04-20 14:56:03.326353,Manjushree Finance Ltd.
2026042003005760,MFIL,80,96,100,803.0,80300.0,2026-04-20,187169560,516,Indira securities pvt. ltd,Himalayan Securities Limited,2026-04-20 14:56:03.326377,Manjushree Finance Ltd.
2026042003005761,MFIL,7,96,400,803.0,321200.0,2026-04-20,187169561,516,J.F. Securites (PVT) Ltd.,Himalayan Securities Limited,2026-04-20 14:56:03.326403,Manjushree Finance Ltd.
2026042003005794,MFIL,35,81,10,810.0,8100.0,2026-04-20,187170212,516,Kohinoor Investment & Securities Pvt. Ltd.,Aakashbhairab Securities Ltd.,2026-04-20 14:56:28.292151,Manjushree Finance Ltd.
2026042003005873,MFIL,41,96,25,804.0,20100.0,2026-04-20,187171630,516,Linch Stock Market Ltd.,Himalayan Securities Limited,2026-04-20 14:57:16.171122,Manjushree Finance Ltd.
2026042003005874,MFIL,7,96,100,803.0,80300.0,2026-04-20,187171634,516,J.F. Securites (PVT) Ltd.,Himalayan Securities Limited,2026-04-20 14:57:16.171165,Manjushree Finance Ltd.
2026042003005875,MFIL,70,96,10,803.0,8030.0,2026-04-20,187171636,516,Infinity Securities Limited,Himalayan Securities Limited,2026-04-20 14:57:16.171193,Manjushree Finance Ltd.
2026042003005876,MFIL,35,96,50,802.5,40125.0,2026-04-20,187171638,516,Kohinoor Investment & Securities Pvt. Ltd.,Himalayan Securities Limited,2026-04-20 14:57:16.171234,Manjushree Finance Ltd.
2026042003005877,MFIL,10,96,100,802.0,80200.0,2026-04-20,187171640,516,Pragyan Securities (PVT) Ltd.,Himalayan Securities Limited,2026-04-20 14:57:16.171262,Manjushree Finance Ltd.
2026042003005878,MFIL,83,96,215,802.0,172430.0,2026-04-20,187171641,516,Sanima Securities Limited,Himalayan Securities Limited,2026-04-20 14:57:16.171290,Manjushree Finance Ltd.
2026042003005926,MFIL,53,81,90,810.0,72900.0,2026-04-20,187172741,516,Investment Management Nepal Pvt. Ltd.,Aakashbhairab Securities Ltd.,2026-04-20 14:57:44.506459,Manjushree Finance Ltd.
2026042003005927,MFIL,53,26,100,810.0,81000.0,2026-04-20,187172743,516,Investment Management Nepal Pvt. Ltd.,Asian Securities Private Ltd.,2026-04-20 14:57:44.506501,Manjushree Finance Ltd.
2026042003005928,MFIL,53,8,10,811.0,8110.0,2026-04-20,187172746,516,Investment Management Nepal Pvt. Ltd.,Brilliant Securities Pvt. Ltd.,2026-04-20 14:57:44.506545,Manjushree Finance Ltd.
2026042003006125,MFIL,32,48,15,802.1,12031.5,2026-04-20,187177478,516,Premier Securities Company Ltd.,Trishakti Securities Public Limited,2026-04-20 14:59:29.039719,Manjushree Finance Ltd.
2026042003006126,MFIL,83,48,285,802.0,228570.0,2026-04-20,187177479,516,Sanima Securities Limited,Trishakti Securities Public Limited,2026-04-20 14:59:29.039756,Manjushree Finance Ltd.
2026042003006146,MFIL,35,96,10,810.0,8100.0,2026-04-20,187177651,516,Kohinoor Investment & Securities Pvt. Ltd.,Himalayan Securities Limited,2026-04-20 14:59:31.109234,Manjushree Finance Ltd.
2026042003006183,MFIL,33,96,10,810.0,8100.0,2026-04-20,187178664,516,Dakshinkali Investment & Securities Pvt. Ltd.,Himalayan Securities Limited,2026-04-20 14:59:45.833792,Manjushree Finance Ltd.
