contractId,stockSymbol,buyerMemberId,sellerMemberId,quantity,rate,amount,businessDate,tradeBookId,stockId,buyerBrokerName,sellerBrokerName,transaction_time,securityName
2026042003000089,MNBBL,35,34,100,378.0,37800.0,2026-04-20,186958974,474,Kohinoor Investment & Securities Pvt. Ltd.,Vision Securities Pvt. Ltd,2026-04-20 11:05:40.726316,Muktinath Bikas Bank Ltd.
2026042003000090,MNBBL,45,34,91,378.0,34398.0,2026-04-20,186958975,474,Imperial Securities Company Pvt. Ltd.,Vision Securities Pvt. Ltd,2026-04-20 11:05:40.726363,Muktinath Bikas Bank Ltd.
2026042003000134,MNBBL,21,38,1,370.0,370.0,2026-04-20,186964423,474,Midas Stock Broking Company Private Limited,Dipshikha Dhitopatra Karobar Co. Pvt Ltd.,2026-04-20 11:08:20.804763,Muktinath Bikas Bank Ltd.
2026042003000147,MNBBL,58,54,16,376.0,6016.0,2026-04-20,186965122,474,Naasa Securities Co. Ltd.,Sewa Securities Pvt. Ltd.,2026-04-20 11:08:45.689690,Muktinath Bikas Bank Ltd.
2026042003000148,MNBBL,48,54,24,375.0,9000.0,2026-04-20,186965123,474,Trishakti Securities Public Limited,Sewa Securities Pvt. Ltd.,2026-04-20 11:08:45.689755,Muktinath Bikas Bank Ltd.
2026042003000416,MNBBL,45,14,19,378.0,7182.0,2026-04-20,186990160,474,Imperial Securities Company Pvt. Ltd.,Nepal Stock House (PVT) Ltd.,2026-04-20 11:21:42.230402,Muktinath Bikas Bank Ltd.
2026042003000439,MNBBL,58,1,3,375.0,1125.0,2026-04-20,186992685,474,Naasa Securities Co. Ltd.,Kumari Securities Private Limited,2026-04-20 11:23:19.554706,Muktinath Bikas Bank Ltd.
2026042003000446,MNBBL,45,1,2,378.0,756.0,2026-04-20,186993125,474,Imperial Securities Company Pvt. Ltd.,Kumari Securities Private Limited,2026-04-20 11:23:36.610829,Muktinath Bikas Bank Ltd.
2026042003000490,MNBBL,44,14,41,378.0,15498.0,2026-04-20,186997305,474,Dynamic Money Managers Securities Pvt. Ltd.,Nepal Stock House (PVT) Ltd.,2026-04-20 11:26:41.091957,Muktinath Bikas Bank Ltd.
2026042003000527,MNBBL,14,51,37,378.1,13989.7,2026-04-20,187000004,474,Nepal Stock House (PVT) Ltd.,Oxford Securities Pvt. Ltd.,2026-04-20 11:28:47.740707,Muktinath Bikas Bank Ltd.
2026042003000543,MNBBL,57,21,30,380.0,11400.0,2026-04-20,187001039,474,Aryatara Investment & Securities,Midas Stock Broking Company Private Limited,2026-04-20 11:29:36.580241,Muktinath Bikas Bank Ltd.
2026042003000544,MNBBL,57,8,20,380.0,7600.0,2026-04-20,187001042,474,Aryatara Investment & Securities,Brilliant Securities Pvt. Ltd.,2026-04-20 11:29:36.580359,Muktinath Bikas Bank Ltd.
2026042003000547,MNBBL,44,50,90,378.0,34020.0,2026-04-20,187001293,474,Dynamic Money Managers Securities Pvt. Ltd.,Cristal Kanchanjanga Securites Pvt. Ltd.,2026-04-20 11:29:50.980142,Muktinath Bikas Bank Ltd.
2026042003000552,MNBBL,49,50,10,378.0,3780.0,2026-04-20,187001659,474,Online Securities Pvt. Ltd.,Cristal Kanchanjanga Securites Pvt. Ltd.,2026-04-20 11:30:12.301741,Muktinath Bikas Bank Ltd.
2026042003000611,MNBBL,44,8,151,380.0,57380.0,2026-04-20,187005645,474,Dynamic Money Managers Securities Pvt. Ltd.,Brilliant Securities Pvt. Ltd.,2026-04-20 11:33:16.116625,Muktinath Bikas Bank Ltd.
2026042003000624,MNBBL,34,85,10,381.9,3819.0,2026-04-20,187005980,474,Vision Securities Pvt. Ltd,Capital Hub P. Ltd,2026-04-20 11:33:35.439144,Muktinath Bikas Bank Ltd.
2026042003000796,MNBBL,57,42,40,381.0,15240.0,2026-04-20,187012406,474,Aryatara Investment & Securities,Sani Securities Company Ltd.,2026-04-20 11:38:26.661554,Muktinath Bikas Bank Ltd.
2026042003000810,MNBBL,58,58,10,380.1,3801.0,2026-04-20,187013148,474,Naasa Securities Co. Ltd.,Naasa Securities Co. Ltd.,2026-04-20 11:39:09.705633,Muktinath Bikas Bank Ltd.
2026042003000811,MNBBL,25,35,1,370.0,370.0,2026-04-20,187013189,474,Sweta Securities Private Limited,Kohinoor Investment & Securities Pvt. Ltd.,2026-04-20 11:39:12.134000,Muktinath Bikas Bank Ltd.
2026042003000847,MNBBL,44,25,10,380.0,3800.0,2026-04-20,187014375,474,Dynamic Money Managers Securities Pvt. Ltd.,Sweta Securities Private Limited,2026-04-20 11:40:12.255256,Muktinath Bikas Bank Ltd.
2026042003000853,MNBBL,25,35,1,377.0,377.0,2026-04-20,187014751,474,Sweta Securities Private Limited,Kohinoor Investment & Securities Pvt. Ltd.,2026-04-20 11:40:33.023823,Muktinath Bikas Bank Ltd.
2026042003000856,MNBBL,25,47,1,378.0,378.0,2026-04-20,187015123,474,Sweta Securities Private Limited,Neev Securities Pvt. Ltd.,2026-04-20 11:40:53.941333,Muktinath Bikas Bank Ltd.
2026042003000860,MNBBL,44,58,39,380.0,14820.0,2026-04-20,187015256,474,Dynamic Money Managers Securities Pvt. Ltd.,Naasa Securities Co. Ltd.,2026-04-20 11:41:00.105093,Muktinath Bikas Bank Ltd.
2026042003000892,MNBBL,40,58,51,380.0,19380.0,2026-04-20,187017323,474,Creative Securities Pvt Ltd,Naasa Securities Co. Ltd.,2026-04-20 11:42:45.704914,Muktinath Bikas Bank Ltd.
2026042003000923,MNBBL,40,32,67,380.0,25460.0,2026-04-20,187018513,474,Creative Securities Pvt Ltd,Premier Securities Company Ltd.,2026-04-20 11:43:48.238941,Muktinath Bikas Bank Ltd.
2026042003000971,MNBBL,40,59,132,380.0,50160.0,2026-04-20,187020082,474,Creative Securities Pvt Ltd,Deevyaa Securities & Stock House Pvt. Ltd,2026-04-20 11:44:59.346615,Muktinath Bikas Bank Ltd.
2026042003000972,MNBBL,58,59,200,380.0,76000.0,2026-04-20,187020083,474,Naasa Securities Co. Ltd.,Deevyaa Securities & Stock House Pvt. Ltd,2026-04-20 11:44:59.346819,Muktinath Bikas Bank Ltd.
2026042003001006,MNBBL,25,1,1,377.0,377.0,2026-04-20,187021083,474,Sweta Securities Private Limited,Kumari Securities Private Limited,2026-04-20 11:45:46.359858,Muktinath Bikas Bank Ltd.
2026042003001007,MNBBL,25,51,1,378.0,378.0,2026-04-20,187021311,474,Sweta Securities Private Limited,Oxford Securities Pvt. Ltd.,2026-04-20 11:45:58.712677,Muktinath Bikas Bank Ltd.
2026042003001057,MNBBL,49,85,40,378.0,15120.0,2026-04-20,187024168,474,Online Securities Pvt. Ltd.,Capital Hub P. Ltd,2026-04-20 11:48:11.426964,Muktinath Bikas Bank Ltd.
2026042003001058,MNBBL,41,85,101,378.0,38178.0,2026-04-20,187024170,474,Linch Stock Market Ltd.,Capital Hub P. Ltd,2026-04-20 11:48:11.427079,Muktinath Bikas Bank Ltd.
2026042003001059,MNBBL,58,85,20,378.0,7560.0,2026-04-20,187024172,474,Naasa Securities Co. Ltd.,Capital Hub P. Ltd,2026-04-20 11:48:11.427135,Muktinath Bikas Bank Ltd.
2026042003001216,MNBBL,14,21,44,376.0,16544.0,2026-04-20,187029547,474,Nepal Stock House (PVT) Ltd.,Midas Stock Broking Company Private Limited,2026-04-20 11:52:32.249740,Muktinath Bikas Bank Ltd.
2026042003001225,MNBBL,21,21,100,375.3,37530.0,2026-04-20,187029773,474,Midas Stock Broking Company Private Limited,Midas Stock Broking Company Private Limited,2026-04-20 11:52:43.438405,Muktinath Bikas Bank Ltd.
2026042003001440,MNBBL,25,67,3,375.0,1125.0,2026-04-20,187037027,474,Sweta Securities Private Limited,Property Wiard Limited,2026-04-20 11:58:19.657983,Muktinath Bikas Bank Ltd.
2026042003001539,MNBBL,53,42,10,376.0,3760.0,2026-04-20,187040505,474,Investment Management Nepal Pvt. Ltd.,Sani Securities Company Ltd.,2026-04-20 12:01:36.296171,Muktinath Bikas Bank Ltd.
2026042003001569,MNBBL,58,33,10,376.0,3760.0,2026-04-20,187041992,474,Naasa Securities Co. Ltd.,Dakshinkali Investment & Securities Pvt. Ltd.,2026-04-20 12:03:09.849741,Muktinath Bikas Bank Ltd.
2026042003001570,MNBBL,7,33,84,375.4,31533.6,2026-04-20,187041993,474,J.F. Securites (PVT) Ltd.,Dakshinkali Investment & Securities Pvt. Ltd.,2026-04-20 12:03:09.849781,Muktinath Bikas Bank Ltd.
2026042003001687,MNBBL,41,19,10,377.9,3779.0,2026-04-20,187045794,474,Linch Stock Market Ltd.,Nepal Investment And Securities Trading Private Limited,2026-04-20 12:08:02.721162,Muktinath Bikas Bank Ltd.
2026042003001688,MNBBL,7,7,116,375.4,43546.4,2026-04-20,187045848,474,J.F. Securites (PVT) Ltd.,J.F. Securites (PVT) Ltd.,2026-04-20 12:08:10.255389,Muktinath Bikas Bank Ltd.
2026042003001689,MNBBL,21,7,121,375.4,45423.4,2026-04-20,187045849,474,Midas Stock Broking Company Private Limited,J.F. Securites (PVT) Ltd.,2026-04-20 12:08:10.255477,Muktinath Bikas Bank Ltd.
2026042003001715,MNBBL,7,58,91,375.6,34179.6,2026-04-20,187046573,474,J.F. Securites (PVT) Ltd.,Naasa Securities Co. Ltd.,2026-04-20 12:09:04.940066,Muktinath Bikas Bank Ltd.
2026042003001717,MNBBL,32,85,367,378.0,138726.0,2026-04-20,187046609,474,Premier Securities Company Ltd.,Capital Hub P. Ltd,2026-04-20 12:09:08.592130,Muktinath Bikas Bank Ltd.
2026042003001718,MNBBL,32,49,133,379.0,50407.0,2026-04-20,187046612,474,Premier Securities Company Ltd.,Online Securities Pvt. Ltd.,2026-04-20 12:09:08.592221,Muktinath Bikas Bank Ltd.
2026042003001742,MNBBL,7,40,16,375.6,6009.6,2026-04-20,187047533,474,J.F. Securites (PVT) Ltd.,Creative Securities Pvt Ltd,2026-04-20 12:10:06.316786,Muktinath Bikas Bank Ltd.
2026042003001926,MNBBL,21,52,1,375.0,375.0,2026-04-20,187055685,474,Midas Stock Broking Company Private Limited,Sundhara Securities Limited,2026-04-20 12:19:05.114469,Muktinath Bikas Bank Ltd.
2026042003001966,MNBBL,58,77,10,378.0,3780.0,2026-04-20,187057128,474,Naasa Securities Co. Ltd.,Nabil Stock Dealer Ltd.,2026-04-20 12:20:26.288962,Muktinath Bikas Bank Ltd.
2026042003002029,MNBBL,32,49,107,379.0,40553.0,2026-04-20,187059637,474,Premier Securities Company Ltd.,Online Securities Pvt. Ltd.,2026-04-20 12:23:10.365573,Muktinath Bikas Bank Ltd.
2026042003002030,MNBBL,32,19,12,379.9,4558.8,2026-04-20,187059639,474,Premier Securities Company Ltd.,Nepal Investment And Securities Trading Private Limited,2026-04-20 12:23:10.365675,Muktinath Bikas Bank Ltd.
2026042003002031,MNBBL,32,6,14,380.0,5320.0,2026-04-20,187059641,474,Premier Securities Company Ltd.,Agrawal Securities (PVT) Ltd.,2026-04-20 12:23:10.365752,Muktinath Bikas Bank Ltd.
2026042003002032,MNBBL,32,21,400,380.0,152000.0,2026-04-20,187059643,474,Premier Securities Company Ltd.,Midas Stock Broking Company Private Limited,2026-04-20 12:23:10.365821,Muktinath Bikas Bank Ltd.
2026042003002033,MNBBL,32,21,250,380.9,95225.0,2026-04-20,187059645,474,Premier Securities Company Ltd.,Midas Stock Broking Company Private Limited,2026-04-20 12:23:10.365898,Muktinath Bikas Bank Ltd.
2026042003002034,MNBBL,32,54,50,381.0,19050.0,2026-04-20,187059647,474,Premier Securities Company Ltd.,Sewa Securities Pvt. Ltd.,2026-04-20 12:23:10.365999,Muktinath Bikas Bank Ltd.
2026042003002035,MNBBL,32,8,167,381.0,63627.0,2026-04-20,187059650,474,Premier Securities Company Ltd.,Brilliant Securities Pvt. Ltd.,2026-04-20 12:23:10.366081,Muktinath Bikas Bank Ltd.
2026042003002134,MNBBL,58,4,21,376.0,7896.0,2026-04-20,187062239,474,Naasa Securities Co. Ltd.,Opal Securities Investment (PVT) Ltd.,2026-04-20 12:26:39.583239,Muktinath Bikas Bank Ltd.
2026042003002158,MNBBL,1,49,19,376.0,7144.0,2026-04-20,187063443,474,Kumari Securities Private Limited,Online Securities Pvt. Ltd.,2026-04-20 12:28:24.533340,Muktinath Bikas Bank Ltd.
2026042003002205,MNBBL,34,29,18,380.0,6840.0,2026-04-20,187064799,474,Vision Securities Pvt. Ltd,Trisul Securities & Invt. Ltd.,2026-04-20 12:30:36.056448,Muktinath Bikas Bank Ltd.
2026042003002220,MNBBL,42,8,28,381.0,10668.0,2026-04-20,187065569,474,Sani Securities Company Ltd.,Brilliant Securities Pvt. Ltd.,2026-04-20 12:31:56.858461,Muktinath Bikas Bank Ltd.
2026042003002221,MNBBL,42,25,10,381.0,3810.0,2026-04-20,187065573,474,Sani Securities Company Ltd.,Sweta Securities Private Limited,2026-04-20 12:31:56.858704,Muktinath Bikas Bank Ltd.
2026042003002228,MNBBL,42,13,100,381.0,38100.0,2026-04-20,187065937,474,Sani Securities Company Ltd.,Thrive Brokerage House Pvt. Ltd,2026-04-20 12:32:28.468695,Muktinath Bikas Bank Ltd.
2026042003002251,MNBBL,42,59,12,381.8,4581.6,2026-04-20,187066412,474,Sani Securities Company Ltd.,Deevyaa Securities & Stock House Pvt. Ltd,2026-04-20 12:33:13.508475,Muktinath Bikas Bank Ltd.
2026042003002362,MNBBL,21,8,1,372.0,372.0,2026-04-20,187071471,474,Midas Stock Broking Company Private Limited,Brilliant Securities Pvt. Ltd.,2026-04-20 12:40:18.978396,Muktinath Bikas Bank Ltd.
2026042003002446,MNBBL,34,37,22,380.0,8360.0,2026-04-20,187073296,474,Vision Securities Pvt. Ltd,Swarna Laxmi Securities Pvt. Ltd.,2026-04-20 12:43:18.859328,Muktinath Bikas Bank Ltd.
2026042003002447,MNBBL,32,37,10,380.0,3800.0,2026-04-20,187073298,474,Premier Securities Company Ltd.,Swarna Laxmi Securities Pvt. Ltd.,2026-04-20 12:43:18.859635,Muktinath Bikas Bank Ltd.
2026042003002448,MNBBL,17,37,968,380.0,367840.0,2026-04-20,187073299,474,ABC Securities Private Limited,Swarna Laxmi Securities Pvt. Ltd.,2026-04-20 12:43:18.859829,Muktinath Bikas Bank Ltd.
2026042003002502,MNBBL,17,22,32,380.0,12160.0,2026-04-20,187074892,474,ABC Securities Private Limited,Siprabi Securities Pvt. Ltd.,2026-04-20 12:46:21.221936,Muktinath Bikas Bank Ltd.
2026042003002503,MNBBL,17,22,13,380.0,4940.0,2026-04-20,187074893,474,ABC Securities Private Limited,Siprabi Securities Pvt. Ltd.,2026-04-20 12:46:21.222153,Muktinath Bikas Bank Ltd.
2026042003002526,MNBBL,17,42,47,380.0,17860.0,2026-04-20,187075961,474,ABC Securities Private Limited,Sani Securities Company Ltd.,2026-04-20 12:47:55.466894,Muktinath Bikas Bank Ltd.
2026042003002637,MNBBL,17,64,150,380.0,57000.0,2026-04-20,187079647,474,ABC Securities Private Limited,SUN SECURITIES PVT LTD,2026-04-20 12:53:20.347320,Muktinath Bikas Bank Ltd.
2026042003002638,MNBBL,25,36,1,372.0,372.0,2026-04-20,187079661,474,Sweta Securities Private Limited,Secured Securities Ltd.,2026-04-20 12:53:21.558084,Muktinath Bikas Bank Ltd.
2026042003002691,MNBBL,17,58,23,380.0,8740.0,2026-04-20,187081112,474,ABC Securities Private Limited,Naasa Securities Co. Ltd.,2026-04-20 12:55:29.946364,Muktinath Bikas Bank Ltd.
2026042003002692,MNBBL,46,58,20,380.0,7600.0,2026-04-20,187081114,474,Kalika Securities Pvt. Ltd.,Naasa Securities Co. Ltd.,2026-04-20 12:55:29.946539,Muktinath Bikas Bank Ltd.
2026042003002758,MNBBL,26,49,30,379.2,11376.0,2026-04-20,187082642,474,Asian Securities Private Ltd.,Online Securities Pvt. Ltd.,2026-04-20 12:58:16.242447,Muktinath Bikas Bank Ltd.
2026042003002778,MNBBL,42,51,100,379.0,37900.0,2026-04-20,187082978,474,Sani Securities Company Ltd.,Oxford Securities Pvt. Ltd.,2026-04-20 12:58:52.740578,Muktinath Bikas Bank Ltd.
2026042003002779,MNBBL,11,51,50,378.0,18900.0,2026-04-20,187082980,474,Malla & Malla Stock Broking Company Pvt. Limited,Oxford Securities Pvt. Ltd.,2026-04-20 12:58:52.740680,Muktinath Bikas Bank Ltd.
2026042003002780,MNBBL,28,51,10,377.0,3770.0,2026-04-20,187082982,474,Shree Krishna Securities Ltd.,Oxford Securities Pvt. Ltd.,2026-04-20 12:58:52.740750,Muktinath Bikas Bank Ltd.
2026042003002781,MNBBL,41,51,10,377.0,3770.0,2026-04-20,187082984,474,Linch Stock Market Ltd.,Oxford Securities Pvt. Ltd.,2026-04-20 12:58:52.740841,Muktinath Bikas Bank Ltd.
2026042003002782,MNBBL,7,51,43,376.6,16193.8,2026-04-20,187082985,474,J.F. Securites (PVT) Ltd.,Oxford Securities Pvt. Ltd.,2026-04-20 12:58:52.740902,Muktinath Bikas Bank Ltd.
2026042003002944,MNBBL,58,14,18,378.0,6804.0,2026-04-20,187086796,474,Naasa Securities Co. Ltd.,Nepal Stock House (PVT) Ltd.,2026-04-20 13:05:38.407141,Muktinath Bikas Bank Ltd.
2026042003003237,MNBBL,42,14,100,378.0,37800.0,2026-04-20,187093210,474,Sani Securities Company Ltd.,Nepal Stock House (PVT) Ltd.,2026-04-20 13:16:49.945479,Muktinath Bikas Bank Ltd.
2026042003003315,MNBBL,25,42,1,370.0,370.0,2026-04-20,187095037,474,Sweta Securities Private Limited,Sani Securities Company Ltd.,2026-04-20 13:20:30.626862,Muktinath Bikas Bank Ltd.
2026042003003382,MNBBL,41,14,42,378.0,15876.0,2026-04-20,187097259,474,Linch Stock Market Ltd.,Nepal Stock House (PVT) Ltd.,2026-04-20 13:24:31.586596,Muktinath Bikas Bank Ltd.
2026042003003400,MNBBL,42,34,240,378.0,90720.0,2026-04-20,187097657,474,Sani Securities Company Ltd.,Vision Securities Pvt. Ltd,2026-04-20 13:25:13.325964,Muktinath Bikas Bank Ltd.
2026042003003401,MNBBL,42,34,109,378.0,41202.0,2026-04-20,187097659,474,Sani Securities Company Ltd.,Vision Securities Pvt. Ltd,2026-04-20 13:25:13.326142,Muktinath Bikas Bank Ltd.
2026042003003402,MNBBL,42,58,651,378.0,246078.0,2026-04-20,187097662,474,Sani Securities Company Ltd.,Naasa Securities Co. Ltd.,2026-04-20 13:25:13.326225,Muktinath Bikas Bank Ltd.
2026042003003413,MNBBL,57,58,59,378.0,22302.0,2026-04-20,187097944,474,Aryatara Investment & Securities,Naasa Securities Co. Ltd.,2026-04-20 13:25:44.419731,Muktinath Bikas Bank Ltd.
2026042003003485,MNBBL,45,58,100,378.0,37800.0,2026-04-20,187100562,474,Imperial Securities Company Pvt. Ltd.,Naasa Securities Co. Ltd.,2026-04-20 13:30:25.529512,Muktinath Bikas Bank Ltd.
2026042003003497,MNBBL,37,45,10,377.0,3770.0,2026-04-20,187101272,474,Swarna Laxmi Securities Pvt. Ltd.,Imperial Securities Company Pvt. Ltd.,2026-04-20 13:31:33.926393,Muktinath Bikas Bank Ltd.
2026042003003517,MNBBL,42,45,300,377.0,113100.0,2026-04-20,187101658,474,Sani Securities Company Ltd.,Imperial Securities Company Pvt. Ltd.,2026-04-20 13:32:29.883557,Muktinath Bikas Bank Ltd.
2026042003003563,MNBBL,46,58,10,376.9,3769.0,2026-04-20,187103039,474,Kalika Securities Pvt. Ltd.,Naasa Securities Co. Ltd.,2026-04-20 13:35:04.781793,Muktinath Bikas Bank Ltd.
2026042003003593,MNBBL,40,45,10,377.0,3770.0,2026-04-20,187104032,474,Creative Securities Pvt Ltd,Imperial Securities Company Pvt. Ltd.,2026-04-20 13:36:24.119293,Muktinath Bikas Bank Ltd.
2026042003003597,MNBBL,45,45,100,377.0,37700.0,2026-04-20,187105156,474,Imperial Securities Company Pvt. Ltd.,Imperial Securities Company Pvt. Ltd.,2026-04-20 13:37:31.257745,Muktinath Bikas Bank Ltd.
2026042003003647,MNBBL,4,45,50,377.0,18850.0,2026-04-20,187108636,474,Opal Securities Investment (PVT) Ltd.,Imperial Securities Company Pvt. Ltd.,2026-04-20 13:41:53.682328,Muktinath Bikas Bank Ltd.
2026042003003683,MNBBL,22,45,30,377.0,11310.0,2026-04-20,187110297,474,Siprabi Securities Pvt. Ltd.,Imperial Securities Company Pvt. Ltd.,2026-04-20 13:43:37.878527,Muktinath Bikas Bank Ltd.
2026042003003684,MNBBL,22,45,170,377.0,64090.0,2026-04-20,187110300,474,Siprabi Securities Pvt. Ltd.,Imperial Securities Company Pvt. Ltd.,2026-04-20 13:43:37.878720,Muktinath Bikas Bank Ltd.
2026042003003709,MNBBL,57,45,500,377.0,188500.0,2026-04-20,187110826,474,Aryatara Investment & Securities,Imperial Securities Company Pvt. Ltd.,2026-04-20 13:44:27.282787,Muktinath Bikas Bank Ltd.
2026042003003721,MNBBL,21,45,83,377.0,31291.0,2026-04-20,187111239,474,Midas Stock Broking Company Private Limited,Imperial Securities Company Pvt. Ltd.,2026-04-20 13:44:51.539397,Muktinath Bikas Bank Ltd.
2026042003003802,MNBBL,58,58,10,378.0,3780.0,2026-04-20,187118772,474,Naasa Securities Co. Ltd.,Naasa Securities Co. Ltd.,2026-04-20 13:50:06.538899,Muktinath Bikas Bank Ltd.
2026042003003835,MNBBL,13,4,134,377.0,50518.0,2026-04-20,187119811,474,Thrive Brokerage House Pvt. Ltd,Opal Securities Investment (PVT) Ltd.,2026-04-20 13:51:45.239286,Muktinath Bikas Bank Ltd.
2026042003003836,MNBBL,46,58,30,378.0,11340.0,2026-04-20,187119847,474,Kalika Securities Pvt. Ltd.,Naasa Securities Co. Ltd.,2026-04-20 13:51:48.035795,Muktinath Bikas Bank Ltd.
2026042003003837,MNBBL,46,21,10,378.0,3780.0,2026-04-20,187119850,474,Kalika Securities Pvt. Ltd.,Midas Stock Broking Company Private Limited,2026-04-20 13:51:48.036150,Muktinath Bikas Bank Ltd.
2026042003003899,MNBBL,5,4,500,377.9,188950.0,2026-04-20,187122733,474,Market Securities & Exchange (PVT) Ltd.,Opal Securities Investment (PVT) Ltd.,2026-04-20 13:56:00.343886,Muktinath Bikas Bank Ltd.
2026042003003900,MNBBL,5,53,500,378.0,189000.0,2026-04-20,187122736,474,Market Securities & Exchange (PVT) Ltd.,Investment Management Nepal Pvt. Ltd.,2026-04-20 13:56:00.344094,Muktinath Bikas Bank Ltd.
2026042003003975,MNBBL,4,53,1000,378.0,378000.0,2026-04-20,187125450,474,Opal Securities Investment (PVT) Ltd.,Investment Management Nepal Pvt. Ltd.,2026-04-20 14:00:27.895330,Muktinath Bikas Bank Ltd.
2026042003004000,MNBBL,50,57,1000,378.0,378000.0,2026-04-20,187126640,474,Cristal Kanchanjanga Securites Pvt. Ltd.,Aryatara Investment & Securities,2026-04-20 14:02:06.451411,Muktinath Bikas Bank Ltd.
2026042003004063,MNBBL,8,57,20,378.0,7560.0,2026-04-20,187129200,474,Brilliant Securities Pvt. Ltd.,Aryatara Investment & Securities,2026-04-20 14:05:59.410232,Muktinath Bikas Bank Ltd.
2026042003004096,MNBBL,49,49,2,380.0,760.0,2026-04-20,187130477,474,Online Securities Pvt. Ltd.,Online Securities Pvt. Ltd.,2026-04-20 14:07:26.618555,Muktinath Bikas Bank Ltd.
2026042003004102,MNBBL,58,19,100,377.5,37750.0,2026-04-20,187130808,474,Naasa Securities Co. Ltd.,Nepal Investment And Securities Trading Private Limited,2026-04-20 14:07:56.441451,Muktinath Bikas Bank Ltd.
2026042003004117,MNBBL,13,19,166,377.0,62582.0,2026-04-20,187131102,474,Thrive Brokerage House Pvt. Ltd,Nepal Investment And Securities Trading Private Limited,2026-04-20 14:08:20.963174,Muktinath Bikas Bank Ltd.
2026042003004118,MNBBL,57,19,22,377.0,8294.0,2026-04-20,187131104,474,Aryatara Investment & Securities,Nepal Investment And Securities Trading Private Limited,2026-04-20 14:08:20.963541,Muktinath Bikas Bank Ltd.
2026042003004119,MNBBL,41,19,53,377.0,19981.0,2026-04-20,187131106,474,Linch Stock Market Ltd.,Nepal Investment And Securities Trading Private Limited,2026-04-20 14:08:20.963775,Muktinath Bikas Bank Ltd.
2026042003004137,MNBBL,58,19,65,377.0,24505.0,2026-04-20,187131646,474,Naasa Securities Co. Ltd.,Nepal Investment And Securities Trading Private Limited,2026-04-20 14:09:01.050366,Muktinath Bikas Bank Ltd.
2026042003004139,MNBBL,58,19,20,377.0,7540.0,2026-04-20,187131688,474,Naasa Securities Co. Ltd.,Nepal Investment And Securities Trading Private Limited,2026-04-20 14:09:03.415247,Muktinath Bikas Bank Ltd.
2026042003004149,MNBBL,4,19,121,377.0,45617.0,2026-04-20,187132129,474,Opal Securities Investment (PVT) Ltd.,Nepal Investment And Securities Trading Private Limited,2026-04-20 14:09:35.125198,Muktinath Bikas Bank Ltd.
2026042003004223,MNBBL,35,57,980,378.0,370440.0,2026-04-20,187134027,474,Kohinoor Investment & Securities Pvt. Ltd.,Aryatara Investment & Securities,2026-04-20 14:12:16.292003,Muktinath Bikas Bank Ltd.
2026042003004224,MNBBL,35,57,2000,378.0,756000.0,2026-04-20,187134029,474,Kohinoor Investment & Securities Pvt. Ltd.,Aryatara Investment & Securities,2026-04-20 14:12:16.292235,Muktinath Bikas Bank Ltd.
2026042003004225,MNBBL,35,57,747,378.0,282366.0,2026-04-20,187134031,474,Kohinoor Investment & Securities Pvt. Ltd.,Aryatara Investment & Securities,2026-04-20 14:12:16.292340,Muktinath Bikas Bank Ltd.
2026042003004242,MNBBL,46,40,500,379.0,189500.0,2026-04-20,187134891,474,Kalika Securities Pvt. Ltd.,Creative Securities Pvt Ltd,2026-04-20 14:13:27.752556,Muktinath Bikas Bank Ltd.
2026042003004267,MNBBL,21,21,1,377.0,377.0,2026-04-20,187135317,474,Midas Stock Broking Company Private Limited,Midas Stock Broking Company Private Limited,2026-04-20 14:14:06.559751,Muktinath Bikas Bank Ltd.
2026042003004368,MNBBL,82,45,153,379.9,58124.7,2026-04-20,187138103,474,N.M.B. SECURITIES LIMITED,Imperial Securities Company Pvt. Ltd.,2026-04-20 14:18:49.941244,Muktinath Bikas Bank Ltd.
2026042003004369,MNBBL,82,16,347,379.9,131825.3,2026-04-20,187138106,474,N.M.B. SECURITIES LIMITED,Primo Securities (PVT) Ltd.,2026-04-20 14:18:49.941604,Muktinath Bikas Bank Ltd.
2026042003004381,MNBBL,82,16,153,379.9,58124.7,2026-04-20,187138303,474,N.M.B. SECURITIES LIMITED,Primo Securities (PVT) Ltd.,2026-04-20 14:19:10.465327,Muktinath Bikas Bank Ltd.
2026042003004480,MNBBL,90,58,400,380.0,152000.0,2026-04-20,187140650,474,Sajilo Broker Limited,Naasa Securities Co. Ltd.,2026-04-20 14:22:44.448431,Muktinath Bikas Bank Ltd.
2026042003004482,MNBBL,21,80,1,378.0,378.0,2026-04-20,187140711,474,Midas Stock Broking Company Private Limited,Indira securities pvt. ltd,2026-04-20 14:22:50.448848,Muktinath Bikas Bank Ltd.
2026042003004486,MNBBL,82,58,347,380.0,131860.0,2026-04-20,187140880,474,N.M.B. SECURITIES LIMITED,Naasa Securities Co. Ltd.,2026-04-20 14:23:06.410802,Muktinath Bikas Bank Ltd.
2026042003004487,MNBBL,21,48,1,378.0,378.0,2026-04-20,187140897,474,Midas Stock Broking Company Private Limited,Trishakti Securities Public Limited,2026-04-20 14:23:07.799935,Muktinath Bikas Bank Ltd.
2026042003004492,MNBBL,82,58,260,380.0,98800.0,2026-04-20,187141149,474,N.M.B. SECURITIES LIMITED,Naasa Securities Co. Ltd.,2026-04-20 14:23:19.055719,Muktinath Bikas Bank Ltd.
2026042003004493,MNBBL,82,38,100,380.0,38000.0,2026-04-20,187141151,474,N.M.B. SECURITIES LIMITED,Dipshikha Dhitopatra Karobar Co. Pvt Ltd.,2026-04-20 14:23:19.056105,Muktinath Bikas Bank Ltd.
2026042003004496,MNBBL,82,3,140,381.0,53340.0,2026-04-20,187141336,474,N.M.B. SECURITIES LIMITED,Arun Securities (PVT) Ltd.,2026-04-20 14:23:35.850628,Muktinath Bikas Bank Ltd.
2026042003004515,MNBBL,82,3,760,381.0,289560.0,2026-04-20,187142509,474,N.M.B. SECURITIES LIMITED,Arun Securities (PVT) Ltd.,2026-04-20 14:24:57.994229,Muktinath Bikas Bank Ltd.
2026042003004516,MNBBL,82,38,15,381.0,5715.0,2026-04-20,187142511,474,N.M.B. SECURITIES LIMITED,Dipshikha Dhitopatra Karobar Co. Pvt Ltd.,2026-04-20 14:24:57.994308,Muktinath Bikas Bank Ltd.
2026042003004517,MNBBL,82,32,70,381.5,26705.0,2026-04-20,187142513,474,N.M.B. SECURITIES LIMITED,Premier Securities Company Ltd.,2026-04-20 14:24:57.994405,Muktinath Bikas Bank Ltd.
2026042003004518,MNBBL,82,16,255,381.5,97282.5,2026-04-20,187142516,474,N.M.B. SECURITIES LIMITED,Primo Securities (PVT) Ltd.,2026-04-20 14:24:57.994470,Muktinath Bikas Bank Ltd.
2026042003004519,MNBBL,48,42,28,380.0,10640.0,2026-04-20,187142537,474,Trishakti Securities Public Limited,Sani Securities Company Ltd.,2026-04-20 14:25:02.559065,Muktinath Bikas Bank Ltd.
2026042003004551,MNBBL,48,91,250,380.0,95000.0,2026-04-20,187143509,474,Trishakti Securities Public Limited,Citizens Share Broker Limited,2026-04-20 14:26:05.912325,Muktinath Bikas Bank Ltd.
2026042003004610,MNBBL,48,45,198,380.0,75240.0,2026-04-20,187144962,474,Trishakti Securities Public Limited,Imperial Securities Company Pvt. Ltd.,2026-04-20 14:27:55.191177,Muktinath Bikas Bank Ltd.
2026042003004656,MNBBL,46,35,100,379.0,37900.0,2026-04-20,187146182,474,Kalika Securities Pvt. Ltd.,Kohinoor Investment & Securities Pvt. Ltd.,2026-04-20 14:29:31.037711,Muktinath Bikas Bank Ltd.
2026042003004657,MNBBL,4,35,100,379.0,37900.0,2026-04-20,187146184,474,Opal Securities Investment (PVT) Ltd.,Kohinoor Investment & Securities Pvt. Ltd.,2026-04-20 14:29:31.037753,Muktinath Bikas Bank Ltd.
2026042003004658,MNBBL,34,35,10,379.0,3790.0,2026-04-20,187146186,474,Vision Securities Pvt. Ltd,Kohinoor Investment & Securities Pvt. Ltd.,2026-04-20 14:29:31.037779,Muktinath Bikas Bank Ltd.
2026042003004659,MNBBL,35,35,273,378.0,103194.0,2026-04-20,187146188,474,Kohinoor Investment & Securities Pvt. Ltd.,Kohinoor Investment & Securities Pvt. Ltd.,2026-04-20 14:29:31.037809,Muktinath Bikas Bank Ltd.
2026042003004660,MNBBL,49,35,32,378.0,12096.0,2026-04-20,187146190,474,Online Securities Pvt. Ltd.,Kohinoor Investment & Securities Pvt. Ltd.,2026-04-20 14:29:31.037834,Muktinath Bikas Bank Ltd.
2026042003004661,MNBBL,14,35,600,378.0,226800.0,2026-04-20,187146192,474,Nepal Stock House (PVT) Ltd.,Kohinoor Investment & Securities Pvt. Ltd.,2026-04-20 14:29:31.037859,Muktinath Bikas Bank Ltd.
2026042003004662,MNBBL,54,35,19,377.1,7164.9,2026-04-20,187146194,474,Sewa Securities Pvt. Ltd.,Kohinoor Investment & Securities Pvt. Ltd.,2026-04-20 14:29:31.037885,Muktinath Bikas Bank Ltd.
2026042003004663,MNBBL,4,35,866,377.0,326482.0,2026-04-20,187146195,474,Opal Securities Investment (PVT) Ltd.,Kohinoor Investment & Securities Pvt. Ltd.,2026-04-20 14:29:31.037911,Muktinath Bikas Bank Ltd.
2026042003004682,MNBBL,21,41,1,370.0,370.0,2026-04-20,187146967,474,Midas Stock Broking Company Private Limited,Linch Stock Market Ltd.,2026-04-20 14:30:26.681055,Muktinath Bikas Bank Ltd.
2026042003004704,MNBBL,58,45,50,380.0,19000.0,2026-04-20,187147456,474,Naasa Securities Co. Ltd.,Imperial Securities Company Pvt. Ltd.,2026-04-20 14:31:07.805132,Muktinath Bikas Bank Ltd.
2026042003004761,MNBBL,22,45,53,380.0,20140.0,2026-04-20,187148372,474,Siprabi Securities Pvt. Ltd.,Imperial Securities Company Pvt. Ltd.,2026-04-20 14:32:23.568087,Muktinath Bikas Bank Ltd.
2026042003004772,MNBBL,57,35,140,378.0,52920.0,2026-04-20,187148569,474,Aryatara Investment & Securities,Kohinoor Investment & Securities Pvt. Ltd.,2026-04-20 14:32:36.429090,Muktinath Bikas Bank Ltd.
2026042003004773,MNBBL,34,35,10,378.0,3780.0,2026-04-20,187148573,474,Vision Securities Pvt. Ltd,Kohinoor Investment & Securities Pvt. Ltd.,2026-04-20 14:32:36.429136,Muktinath Bikas Bank Ltd.
2026042003004774,MNBBL,62,35,500,377.3,188650.0,2026-04-20,187148577,474,Capital Max Securities Ltd,Kohinoor Investment & Securities Pvt. Ltd.,2026-04-20 14:32:36.429177,Muktinath Bikas Bank Ltd.
2026042003004775,MNBBL,4,35,13,377.0,4901.0,2026-04-20,187148581,474,Opal Securities Investment (PVT) Ltd.,Kohinoor Investment & Securities Pvt. Ltd.,2026-04-20 14:32:36.429206,Muktinath Bikas Bank Ltd.
2026042003004776,MNBBL,42,35,337,377.0,127049.0,2026-04-20,187148583,474,Sani Securities Company Ltd.,Kohinoor Investment & Securities Pvt. Ltd.,2026-04-20 14:32:36.429313,Muktinath Bikas Bank Ltd.
2026042003004837,MNBBL,21,35,1,365.7,365.7,2026-04-20,187150521,474,Midas Stock Broking Company Private Limited,Kohinoor Investment & Securities Pvt. Ltd.,2026-04-20 14:35:53.807247,Muktinath Bikas Bank Ltd.
2026042003004919,MNBBL,34,26,10,377.1,3771.0,2026-04-20,187152780,474,Vision Securities Pvt. Ltd,Asian Securities Private Ltd.,2026-04-20 14:38:51.677535,Muktinath Bikas Bank Ltd.
2026042003004920,MNBBL,42,26,24,377.0,9048.0,2026-04-20,187152782,474,Sani Securities Company Ltd.,Asian Securities Private Ltd.,2026-04-20 14:38:51.677771,Muktinath Bikas Bank Ltd.
2026042003004921,MNBBL,13,26,14,377.0,5278.0,2026-04-20,187152784,474,Thrive Brokerage House Pvt. Ltd,Asian Securities Private Ltd.,2026-04-20 14:38:51.677853,Muktinath Bikas Bank Ltd.
2026042003004922,MNBBL,32,26,11,377.0,4147.0,2026-04-20,187152786,474,Premier Securities Company Ltd.,Asian Securities Private Ltd.,2026-04-20 14:38:51.677933,Muktinath Bikas Bank Ltd.
2026042003004923,MNBBL,38,26,75,377.0,28275.0,2026-04-20,187152788,474,Dipshikha Dhitopatra Karobar Co. Pvt Ltd.,Asian Securities Private Ltd.,2026-04-20 14:38:51.678010,Muktinath Bikas Bank Ltd.
2026042003004924,MNBBL,34,26,10,377.0,3770.0,2026-04-20,187152790,474,Vision Securities Pvt. Ltd,Asian Securities Private Ltd.,2026-04-20 14:38:51.678095,Muktinath Bikas Bank Ltd.
2026042003004929,MNBBL,21,26,117,377.0,44109.0,2026-04-20,187153060,474,Midas Stock Broking Company Private Limited,Asian Securities Private Ltd.,2026-04-20 14:39:12.723409,Muktinath Bikas Bank Ltd.
2026042003005009,MNBBL,34,53,10,376.9,3769.0,2026-04-20,187154906,474,Vision Securities Pvt. Ltd,Investment Management Nepal Pvt. Ltd.,2026-04-20 14:41:51.681691,Muktinath Bikas Bank Ltd.
2026042003005010,MNBBL,43,53,200,376.9,75380.0,2026-04-20,187154908,474,South Asian Bulls Pvt. Ltd.,Investment Management Nepal Pvt. Ltd.,2026-04-20 14:41:51.681908,Muktinath Bikas Bank Ltd.
2026042003005011,MNBBL,54,53,290,376.8,109272.0,2026-04-20,187154909,474,Sewa Securities Pvt. Ltd.,Investment Management Nepal Pvt. Ltd.,2026-04-20 14:41:51.682012,Muktinath Bikas Bank Ltd.
2026042003005034,MNBBL,19,26,92,377.0,34684.0,2026-04-20,187155289,474,Nepal Investment And Securities Trading Private Limited,Asian Securities Private Ltd.,2026-04-20 14:42:26.890105,Muktinath Bikas Bank Ltd.
2026042003005035,MNBBL,19,56,19,377.0,7163.0,2026-04-20,187155292,474,Nepal Investment And Securities Trading Private Limited,Sri Hari Securities Pvt. Ltd.,2026-04-20 14:42:26.890336,Muktinath Bikas Bank Ltd.
2026042003005179,MNBBL,21,29,29,377.0,10933.0,2026-04-20,187158364,474,Midas Stock Broking Company Private Limited,Trisul Securities & Invt. Ltd.,2026-04-20 14:46:17.555364,Muktinath Bikas Bank Ltd.
2026042003005180,MNBBL,54,29,60,377.0,22620.0,2026-04-20,187158366,474,Sewa Securities Pvt. Ltd.,Trisul Securities & Invt. Ltd.,2026-04-20 14:46:17.555736,Muktinath Bikas Bank Ltd.
2026042003005230,MNBBL,42,29,20,377.0,7540.0,2026-04-20,187159305,474,Sani Securities Company Ltd.,Trisul Securities & Invt. Ltd.,2026-04-20 14:47:30.537087,Muktinath Bikas Bank Ltd.
2026042003005281,MNBBL,49,29,105,377.0,39585.0,2026-04-20,187160351,474,Online Securities Pvt. Ltd.,Trisul Securities & Invt. Ltd.,2026-04-20 14:48:30.409669,Muktinath Bikas Bank Ltd.
2026042003005282,MNBBL,49,35,95,377.0,35815.0,2026-04-20,187160354,474,Online Securities Pvt. Ltd.,Kohinoor Investment & Securities Pvt. Ltd.,2026-04-20 14:48:30.410067,Muktinath Bikas Bank Ltd.
2026042003005325,MNBBL,34,35,10,377.0,3770.0,2026-04-20,187161298,474,Vision Securities Pvt. Ltd,Kohinoor Investment & Securities Pvt. Ltd.,2026-04-20 14:49:24.911900,Muktinath Bikas Bank Ltd.
2026042003005353,MNBBL,54,8,120,376.8,45216.0,2026-04-20,187161975,474,Sewa Securities Pvt. Ltd.,Brilliant Securities Pvt. Ltd.,2026-04-20 14:50:05.991802,Muktinath Bikas Bank Ltd.
2026042003005399,MNBBL,54,53,67,376.8,25245.6,2026-04-20,187162903,474,Sewa Securities Pvt. Ltd.,Investment Management Nepal Pvt. Ltd.,2026-04-20 14:51:02.683348,Muktinath Bikas Bank Ltd.
2026042003005429,MNBBL,45,35,195,377.0,73515.0,2026-04-20,187163350,474,Imperial Securities Company Pvt. Ltd.,Kohinoor Investment & Securities Pvt. Ltd.,2026-04-20 14:51:30.466283,Muktinath Bikas Bank Ltd.
2026042003005492,MNBBL,58,51,47,378.0,17766.0,2026-04-20,187164598,474,Naasa Securities Co. Ltd.,Oxford Securities Pvt. Ltd.,2026-04-20 14:52:37.216154,Muktinath Bikas Bank Ltd.
2026042003005493,MNBBL,54,51,258,376.8,97214.4,2026-04-20,187164599,474,Sewa Securities Pvt. Ltd.,Oxford Securities Pvt. Ltd.,2026-04-20 14:52:37.216347,Muktinath Bikas Bank Ltd.
2026042003005610,MNBBL,14,32,27,377.1,10181.7,2026-04-20,187167350,474,Nepal Stock House (PVT) Ltd.,Premier Securities Company Ltd.,2026-04-20 14:54:35.695411,Muktinath Bikas Bank Ltd.
2026042003005611,MNBBL,16,32,73,376.9,27513.7,2026-04-20,187167351,474,Primo Securities (PVT) Ltd.,Premier Securities Company Ltd.,2026-04-20 14:54:35.695630,Muktinath Bikas Bank Ltd.
2026042003005762,MNBBL,38,50,20,379.0,7580.0,2026-04-20,187169568,474,Dipshikha Dhitopatra Karobar Co. Pvt Ltd.,Cristal Kanchanjanga Securites Pvt. Ltd.,2026-04-20 14:56:03.727862,Muktinath Bikas Bank Ltd.
2026042003005812,MNBBL,58,50,30,379.0,11370.0,2026-04-20,187170263,474,Naasa Securities Co. Ltd.,Cristal Kanchanjanga Securites Pvt. Ltd.,2026-04-20 14:56:31.122053,Muktinath Bikas Bank Ltd.
2026042003006111,MNBBL,87,48,15,377.5,5662.5,2026-04-20,187177212,474,S.P.S.A. Securities Limited,Trishakti Securities Public Limited,2026-04-20 14:59:25.977016,Muktinath Bikas Bank Ltd.
2026042003006112,MNBBL,52,48,51,377.0,19227.0,2026-04-20,187177213,474,Sundhara Securities Limited,Trishakti Securities Public Limited,2026-04-20 14:59:25.977228,Muktinath Bikas Bank Ltd.
2026042003006209,MNBBL,58,28,12,379.9,4558.8,2026-04-20,187179202,474,Naasa Securities Co. Ltd.,Shree Krishna Securities Ltd.,2026-04-20 14:59:52.259681,Muktinath Bikas Bank Ltd.
