contractId,stockSymbol,buyerMemberId,sellerMemberId,quantity,rate,amount,businessDate,tradeBookId,stockId,buyerBrokerName,sellerBrokerName,transaction_time,securityName
2026042003000016,MPFL,10,11,10,625.0,6250.0,2026-04-20,186948011,471,Pragyan Securities (PVT) Ltd.,Malla & Malla Stock Broking Company Pvt. Limited,2026-04-20 10:46:00.064036,Multipurpose Finance Company  Limited
2026042003000075,MPFL,25,41,10,666.6,6666.0,2026-04-20,186957454,471,Sweta Securities Private Limited,Linch Stock Market Ltd.,2026-04-20 11:04:46.650487,Multipurpose Finance Company  Limited
2026042003000094,MPFL,84,91,100,679.0,67900.0,2026-04-20,186959346,471,MILKY WAY SHARE BROKER COMPANY LTD ,Citizens Share Broker Limited,2026-04-20 11:05:55.717949,Multipurpose Finance Company  Limited
2026042003000115,MPFL,84,25,100,658.7,65870.0,2026-04-20,186961663,471,MILKY WAY SHARE BROKER COMPANY LTD ,Sweta Securities Private Limited,2026-04-20 11:07:08.934041,Multipurpose Finance Company  Limited
2026042003000122,MPFL,5,32,50,660.0,33000.0,2026-04-20,186962891,471,Market Securities & Exchange (PVT) Ltd.,Premier Securities Company Ltd.,2026-04-20 11:07:36.768796,Multipurpose Finance Company  Limited
2026042003000130,MPFL,5,32,150,660.0,99000.0,2026-04-20,186964069,471,Market Securities & Exchange (PVT) Ltd.,Premier Securities Company Ltd.,2026-04-20 11:08:13.060951,Multipurpose Finance Company  Limited
2026042003000164,MPFL,32,21,10,673.9,6739.0,2026-04-20,186966444,471,Premier Securities Company Ltd.,Midas Stock Broking Company Private Limited,2026-04-20 11:09:28.206541,Multipurpose Finance Company  Limited
2026042003000182,MPFL,17,26,500,659.0,329500.0,2026-04-20,186967678,471,ABC Securities Private Limited,Asian Securities Private Ltd.,2026-04-20 11:10:05.226848,Multipurpose Finance Company  Limited
2026042003000183,MPFL,4,26,100,650.0,65000.0,2026-04-20,186967679,471,Opal Securities Investment (PVT) Ltd.,Asian Securities Private Ltd.,2026-04-20 11:10:05.226904,Multipurpose Finance Company  Limited
2026042003000440,MPFL,5,41,68,650.0,44200.0,2026-04-20,186992812,471,Market Securities & Exchange (PVT) Ltd.,Linch Stock Market Ltd.,2026-04-20 11:23:23.816048,Multipurpose Finance Company  Limited
2026042003000492,MPFL,32,41,20,645.0,12900.0,2026-04-20,186997590,471,Premier Securities Company Ltd.,Linch Stock Market Ltd.,2026-04-20 11:26:53.566278,Multipurpose Finance Company  Limited
2026042003000530,MPFL,16,41,250,645.0,161250.0,2026-04-20,187000090,471,Primo Securities (PVT) Ltd.,Linch Stock Market Ltd.,2026-04-20 11:28:51.644560,Multipurpose Finance Company  Limited
2026042003000795,MPFL,22,41,100,645.0,64500.0,2026-04-20,187012392,471,Siprabi Securities Pvt. Ltd.,Linch Stock Market Ltd.,2026-04-20 11:38:25.896058,Multipurpose Finance Company  Limited
2026042003001010,MPFL,36,41,62,642.1,39810.2,2026-04-20,187021563,471,Secured Securities Ltd.,Linch Stock Market Ltd.,2026-04-20 11:46:09.964783,Multipurpose Finance Company  Limited
2026042003001109,MPFL,58,38,20,642.1,12842.0,2026-04-20,187025980,471,Naasa Securities Co. Ltd.,Dipshikha Dhitopatra Karobar Co. Pvt Ltd.,2026-04-20 11:49:36.035512,Multipurpose Finance Company  Limited
2026042003001110,MPFL,16,38,20,642.1,12842.0,2026-04-20,187025982,471,Primo Securities (PVT) Ltd.,Dipshikha Dhitopatra Karobar Co. Pvt Ltd.,2026-04-20 11:49:36.035733,Multipurpose Finance Company  Limited
2026042003001111,MPFL,3,38,115,642.0,73830.0,2026-04-20,187025984,471,Arun Securities (PVT) Ltd.,Dipshikha Dhitopatra Karobar Co. Pvt Ltd.,2026-04-20 11:49:36.035877,Multipurpose Finance Company  Limited
2026042003001112,MPFL,38,38,75,640.0,48000.0,2026-04-20,187025985,471,Dipshikha Dhitopatra Karobar Co. Pvt Ltd.,Dipshikha Dhitopatra Karobar Co. Pvt Ltd.,2026-04-20 11:49:36.035996,Multipurpose Finance Company  Limited
2026042003001854,MPFL,38,47,10,645.0,6450.0,2026-04-20,187052893,471,Dipshikha Dhitopatra Karobar Co. Pvt Ltd.,Neev Securities Pvt. Ltd.,2026-04-20 12:15:47.958364,Multipurpose Finance Company  Limited
2026042003001855,MPFL,38,47,10,648.0,6480.0,2026-04-20,187052896,471,Dipshikha Dhitopatra Karobar Co. Pvt Ltd.,Neev Securities Pvt. Ltd.,2026-04-20 12:15:47.958437,Multipurpose Finance Company  Limited
2026042003001985,MPFL,45,41,250,649.0,162250.0,2026-04-20,187057942,471,Imperial Securities Company Pvt. Ltd.,Linch Stock Market Ltd.,2026-04-20 12:21:29.960272,Multipurpose Finance Company  Limited
2026042003002084,MPFL,21,1,100,644.0,64400.0,2026-04-20,187060740,471,Midas Stock Broking Company Private Limited,Kumari Securities Private Limited,2026-04-20 12:24:38.698886,Multipurpose Finance Company  Limited
2026042003002085,MPFL,38,1,50,643.5,32175.0,2026-04-20,187060742,471,Dipshikha Dhitopatra Karobar Co. Pvt Ltd.,Kumari Securities Private Limited,2026-04-20 12:24:38.699177,Multipurpose Finance Company  Limited
2026042003002086,MPFL,33,1,20,643.0,12860.0,2026-04-20,187060744,471,Dakshinkali Investment & Securities Pvt. Ltd.,Kumari Securities Private Limited,2026-04-20 12:24:38.699335,Multipurpose Finance Company  Limited
2026042003002414,MPFL,36,1,70,642.2,44954.0,2026-04-20,187072738,471,Secured Securities Ltd.,Kumari Securities Private Limited,2026-04-20 12:42:22.583563,Multipurpose Finance Company  Limited
2026042003002415,MPFL,38,1,100,642.1,64210.0,2026-04-20,187072740,471,Dipshikha Dhitopatra Karobar Co. Pvt Ltd.,Kumari Securities Private Limited,2026-04-20 12:42:22.583790,Multipurpose Finance Company  Limited
2026042003002416,MPFL,33,1,20,642.0,12840.0,2026-04-20,187072742,471,Dakshinkali Investment & Securities Pvt. Ltd.,Kumari Securities Private Limited,2026-04-20 12:42:22.583869,Multipurpose Finance Company  Limited
2026042003002417,MPFL,58,1,20,641.0,12820.0,2026-04-20,187072744,471,Naasa Securities Co. Ltd.,Kumari Securities Private Limited,2026-04-20 12:42:22.583955,Multipurpose Finance Company  Limited
2026042003002418,MPFL,33,1,20,641.0,12820.0,2026-04-20,187072746,471,Dakshinkali Investment & Securities Pvt. Ltd.,Kumari Securities Private Limited,2026-04-20 12:42:22.584076,Multipurpose Finance Company  Limited
2026042003002419,MPFL,38,1,25,640.0,16000.0,2026-04-20,187072748,471,Dipshikha Dhitopatra Karobar Co. Pvt Ltd.,Kumari Securities Private Limited,2026-04-20 12:42:22.584135,Multipurpose Finance Company  Limited
2026042003002420,MPFL,33,1,20,640.0,12800.0,2026-04-20,187072750,471,Dakshinkali Investment & Securities Pvt. Ltd.,Kumari Securities Private Limited,2026-04-20 12:42:22.584184,Multipurpose Finance Company  Limited
2026042003002421,MPFL,52,1,50,640.0,32000.0,2026-04-20,187072752,471,Sundhara Securities Limited,Kumari Securities Private Limited,2026-04-20 12:42:22.584235,Multipurpose Finance Company  Limited
2026042003002422,MPFL,74,1,200,640.0,128000.0,2026-04-20,187072754,471,KALASH STOCK MARKET PVT. LTD.,Kumari Securities Private Limited,2026-04-20 12:42:22.584285,Multipurpose Finance Company  Limited
2026042003002423,MPFL,47,1,200,640.0,128000.0,2026-04-20,187072756,471,Neev Securities Pvt. Ltd.,Kumari Securities Private Limited,2026-04-20 12:42:22.584464,Multipurpose Finance Company  Limited
2026042003002435,MPFL,33,1,20,639.0,12780.0,2026-04-20,187073064,471,Dakshinkali Investment & Securities Pvt. Ltd.,Kumari Securities Private Limited,2026-04-20 12:42:51.434931,Multipurpose Finance Company  Limited
2026042003002436,MPFL,22,1,85,638.0,54230.0,2026-04-20,187073065,471,Siprabi Securities Pvt. Ltd.,Kumari Securities Private Limited,2026-04-20 12:42:51.435198,Multipurpose Finance Company  Limited
2026042003002487,MPFL,32,41,10,649.0,6490.0,2026-04-20,187074430,471,Premier Securities Company Ltd.,Linch Stock Market Ltd.,2026-04-20 12:45:23.213963,Multipurpose Finance Company  Limited
2026042003004067,MPFL,36,21,50,646.0,32300.0,2026-04-20,187129232,471,Secured Securities Ltd.,Midas Stock Broking Company Private Limited,2026-04-20 14:06:03.525471,Multipurpose Finance Company  Limited
2026042003004073,MPFL,36,21,10,646.0,6460.0,2026-04-20,187129446,471,Secured Securities Ltd.,Midas Stock Broking Company Private Limited,2026-04-20 14:06:20.031163,Multipurpose Finance Company  Limited
2026042003004105,MPFL,38,21,40,646.0,25840.0,2026-04-20,187130914,471,Dipshikha Dhitopatra Karobar Co. Pvt Ltd.,Midas Stock Broking Company Private Limited,2026-04-20 14:08:00.968975,Multipurpose Finance Company  Limited
2026042003004222,MPFL,64,34,110,646.0,71060.0,2026-04-20,187134016,471,SUN SECURITIES PVT LTD,Vision Securities Pvt. Ltd,2026-04-20 14:12:15.586152,Multipurpose Finance Company  Limited
2026042003004415,MPFL,50,91,300,647.0,194100.0,2026-04-20,187139024,471,Cristal Kanchanjanga Securites Pvt. Ltd.,Citizens Share Broker Limited,2026-04-20 14:20:16.399516,Multipurpose Finance Company  Limited
2026042003004615,MPFL,33,91,20,644.5,12890.0,2026-04-20,187145194,471,Dakshinkali Investment & Securities Pvt. Ltd.,Citizens Share Broker Limited,2026-04-20 14:28:18.852709,Multipurpose Finance Company  Limited
2026042003004616,MPFL,36,91,80,644.1,51528.0,2026-04-20,187145196,471,Secured Securities Ltd.,Citizens Share Broker Limited,2026-04-20 14:28:18.852988,Multipurpose Finance Company  Limited
2026042003004617,MPFL,34,91,100,644.0,64400.0,2026-04-20,187145197,471,Vision Securities Pvt. Ltd,Citizens Share Broker Limited,2026-04-20 14:28:18.853193,Multipurpose Finance Company  Limited
2026042003004671,MPFL,34,43,100,644.0,64400.0,2026-04-20,187146472,471,Vision Securities Pvt. Ltd,South Asian Bulls Pvt. Ltd.,2026-04-20 14:29:56.985886,Multipurpose Finance Company  Limited
2026042003004672,MPFL,84,43,100,643.6,64360.0,2026-04-20,187146474,471,MILKY WAY SHARE BROKER COMPANY LTD ,South Asian Bulls Pvt. Ltd.,2026-04-20 14:29:56.986037,Multipurpose Finance Company  Limited
2026042003004673,MPFL,92,43,100,643.6,64360.0,2026-04-20,187146476,471,Roadshow securities limited,South Asian Bulls Pvt. Ltd.,2026-04-20 14:29:56.986102,Multipurpose Finance Company  Limited
2026042003004674,MPFL,58,43,50,643.1,32155.0,2026-04-20,187146478,471,Naasa Securities Co. Ltd.,South Asian Bulls Pvt. Ltd.,2026-04-20 14:29:56.986161,Multipurpose Finance Company  Limited
2026042003004675,MPFL,84,43,100,641.1,64110.0,2026-04-20,187146480,471,MILKY WAY SHARE BROKER COMPANY LTD ,South Asian Bulls Pvt. Ltd.,2026-04-20 14:29:56.986219,Multipurpose Finance Company  Limited
2026042003004676,MPFL,34,43,50,641.0,32050.0,2026-04-20,187146481,471,Vision Securities Pvt. Ltd,South Asian Bulls Pvt. Ltd.,2026-04-20 14:29:56.986275,Multipurpose Finance Company  Limited
2026042003004683,MPFL,3,6,150,643.0,96450.0,2026-04-20,187147019,471,Arun Securities (PVT) Ltd.,Agrawal Securities (PVT) Ltd.,2026-04-20 14:30:31.912397,Multipurpose Finance Company  Limited
2026042003004841,MPFL,3,7,50,646.0,32300.0,2026-04-20,187150566,471,Arun Securities (PVT) Ltd.,J.F. Securites (PVT) Ltd.,2026-04-20 14:35:55.501578,Multipurpose Finance Company  Limited
2026042003004999,MPFL,59,58,100,647.5,64750.0,2026-04-20,187154573,471,Deevyaa Securities & Stock House Pvt. Ltd,Naasa Securities Co. Ltd.,2026-04-20 14:41:20.608176,Multipurpose Finance Company  Limited
2026042003005000,MPFL,59,47,50,647.9,32395.0,2026-04-20,187154576,471,Deevyaa Securities & Stock House Pvt. Ltd,Neev Securities Pvt. Ltd.,2026-04-20 14:41:20.608463,Multipurpose Finance Company  Limited
2026042003005028,MPFL,3,92,200,645.0,129000.0,2026-04-20,187155183,471,Arun Securities (PVT) Ltd.,Roadshow securities limited,2026-04-20 14:42:15.877366,Multipurpose Finance Company  Limited
2026042003005032,MPFL,3,26,100,645.0,64500.0,2026-04-20,187155260,471,Arun Securities (PVT) Ltd.,Asian Securities Private Ltd.,2026-04-20 14:42:22.234811,Multipurpose Finance Company  Limited
2026042003005068,MPFL,59,26,10,645.0,6450.0,2026-04-20,187156323,471,Deevyaa Securities & Stock House Pvt. Ltd,Asian Securities Private Ltd.,2026-04-20 14:43:55.884231,Multipurpose Finance Company  Limited
2026042003005195,MPFL,34,47,50,647.9,32395.0,2026-04-20,187158748,471,Vision Securities Pvt. Ltd,Neev Securities Pvt. Ltd.,2026-04-20 14:46:50.487393,Multipurpose Finance Company  Limited
2026042003005206,MPFL,34,26,200,648.0,129600.0,2026-04-20,187158954,471,Vision Securities Pvt. Ltd,Asian Securities Private Ltd.,2026-04-20 14:47:07.611062,Multipurpose Finance Company  Limited
2026042003005349,MPFL,59,45,20,645.0,12900.0,2026-04-20,187161937,471,Deevyaa Securities & Stock House Pvt. Ltd,Imperial Securities Company Pvt. Ltd.,2026-04-20 14:50:03.283106,Multipurpose Finance Company  Limited
2026042003005401,MPFL,34,38,300,645.0,193500.0,2026-04-20,187163005,471,Vision Securities Pvt. Ltd,Dipshikha Dhitopatra Karobar Co. Pvt Ltd.,2026-04-20 14:51:06.972617,Multipurpose Finance Company  Limited
2026042003005638,MPFL,36,38,30,641.2,19236.0,2026-04-20,187167656,471,Secured Securities Ltd.,Dipshikha Dhitopatra Karobar Co. Pvt Ltd.,2026-04-20 14:54:47.197384,Multipurpose Finance Company  Limited
2026042003005639,MPFL,38,38,100,641.1,64110.0,2026-04-20,187167658,471,Dipshikha Dhitopatra Karobar Co. Pvt Ltd.,Dipshikha Dhitopatra Karobar Co. Pvt Ltd.,2026-04-20 14:54:47.197532,Multipurpose Finance Company  Limited
2026042003005640,MPFL,34,38,370,641.0,237170.0,2026-04-20,187167659,471,Vision Securities Pvt. Ltd,Dipshikha Dhitopatra Karobar Co. Pvt Ltd.,2026-04-20 14:54:47.197622,Multipurpose Finance Company  Limited
2026042003005726,MPFL,34,38,80,641.0,51280.0,2026-04-20,187169146,471,Vision Securities Pvt. Ltd,Dipshikha Dhitopatra Karobar Co. Pvt Ltd.,2026-04-20 14:55:45.666908,Multipurpose Finance Company  Limited
2026042003005727,MPFL,22,38,86,641.0,55126.0,2026-04-20,187169148,471,Siprabi Securities Pvt. Ltd.,Dipshikha Dhitopatra Karobar Co. Pvt Ltd.,2026-04-20 14:55:45.666989,Multipurpose Finance Company  Limited
2026042003005728,MPFL,29,38,10,640.5,6405.0,2026-04-20,187169150,471,Trisul Securities & Invt. Ltd.,Dipshikha Dhitopatra Karobar Co. Pvt Ltd.,2026-04-20 14:55:45.667015,Multipurpose Finance Company  Limited
2026042003005729,MPFL,45,38,50,640.3,32015.0,2026-04-20,187169152,471,Imperial Securities Company Pvt. Ltd.,Dipshikha Dhitopatra Karobar Co. Pvt Ltd.,2026-04-20 14:55:45.667052,Multipurpose Finance Company  Limited
2026042003005730,MPFL,29,38,10,640.3,6403.0,2026-04-20,187169154,471,Trisul Securities & Invt. Ltd.,Dipshikha Dhitopatra Karobar Co. Pvt Ltd.,2026-04-20 14:55:45.667087,Multipurpose Finance Company  Limited
2026042003005731,MPFL,34,38,164,640.2,104992.8,2026-04-20,187169155,471,Vision Securities Pvt. Ltd,Dipshikha Dhitopatra Karobar Co. Pvt Ltd.,2026-04-20 14:55:45.667126,Multipurpose Finance Company  Limited
2026042003006148,MPFL,58,19,10,646.6,6466.0,2026-04-20,187177696,471,Naasa Securities Co. Ltd.,Nepal Investment And Securities Trading Private Limited,2026-04-20 14:59:32.644643,Multipurpose Finance Company  Limited
2026042003006202,MPFL,32,19,10,646.6,6466.0,2026-04-20,187179054,471,Premier Securities Company Ltd.,Nepal Investment And Securities Trading Private Limited,2026-04-20 14:59:50.029145,Multipurpose Finance Company  Limited
2026042003006256,MPFL,35,19,10,646.6,6466.0,2026-04-20,187179573,471,Kohinoor Investment & Securities Pvt. Ltd.,Nepal Investment And Securities Trading Private Limited,2026-04-20 14:59:57.154697,Multipurpose Finance Company  Limited
