contractId,stockSymbol,buyerMemberId,sellerMemberId,quantity,rate,amount,businessDate,tradeBookId,stockId,buyerBrokerName,sellerBrokerName,transaction_time,securityName
2026042001000017,NMB,14,29,10,236.1,2361.0,2026-04-20,186948013,238,Nepal Stock House (PVT) Ltd.,Trisul Securities & Invt. Ltd.,2026-04-20 10:46:00.146817,NMB Bank Limited
2026042001003773,NMB,38,45,100,243.1,24310.0,2026-04-20,186956716,238,Dipshikha Dhitopatra Karobar Co. Pvt Ltd.,Imperial Securities Company Pvt. Ltd.,2026-04-20 11:04:18.899196,NMB Bank Limited
2026042001003774,NMB,50,45,100,243.1,24310.0,2026-04-20,186956717,238,Cristal Kanchanjanga Securites Pvt. Ltd.,Imperial Securities Company Pvt. Ltd.,2026-04-20 11:04:18.899262,NMB Bank Limited
2026042001004415,NMB,29,49,10,250.0,2500.0,2026-04-20,186958251,238,Trisul Securities & Invt. Ltd.,Online Securities Pvt. Ltd.,2026-04-20 11:05:16.287772,NMB Bank Limited
2026042001004877,NMB,29,1,10,257.0,2570.0,2026-04-20,186959290,238,Trisul Securities & Invt. Ltd.,Kumari Securities Private Limited,2026-04-20 11:05:53.940972,NMB Bank Limited
2026042001008744,NMB,25,44,70,252.0,17640.0,2026-04-20,186968994,238,Sweta Securities Private Limited,Dynamic Money Managers Securities Pvt. Ltd.,2026-04-20 11:10:58.813308,NMB Bank Limited
2026042001011595,NMB,58,1,24,250.0,6000.0,2026-04-20,186976097,238,Naasa Securities Co. Ltd.,Kumari Securities Private Limited,2026-04-20 11:14:35.385695,NMB Bank Limited
2026042001012438,NMB,43,36,50,245.0,12250.0,2026-04-20,186978150,238,South Asian Bulls Pvt. Ltd.,Secured Securities Ltd.,2026-04-20 11:15:33.837704,NMB Bank Limited
2026042001014626,NMB,22,36,250,245.0,61250.0,2026-04-20,186983882,238,Siprabi Securities Pvt. Ltd.,Secured Securities Ltd.,2026-04-20 11:18:32.219392,NMB Bank Limited
2026042001015127,NMB,22,7,200,245.0,49000.0,2026-04-20,186985094,238,Siprabi Securities Pvt. Ltd.,J.F. Securites (PVT) Ltd.,2026-04-20 11:19:11.757083,NMB Bank Limited
2026042001016533,NMB,76,1,10,249.9,2499.0,2026-04-20,186988348,238,Machhapuchchhre Securities Limited,Kumari Securities Private Limited,2026-04-20 11:20:39.865212,NMB Bank Limited
2026042001021040,NMB,36,49,18,245.1,4411.8,2026-04-20,186999826,238,Secured Securities Ltd.,Online Securities Pvt. Ltd.,2026-04-20 11:28:39.607351,NMB Bank Limited
2026042001021163,NMB,76,14,10,248.9,2489.0,2026-04-20,187000232,238,Machhapuchchhre Securities Limited,Nepal Stock House (PVT) Ltd.,2026-04-20 11:28:58.939191,NMB Bank Limited
2026042001027845,NMB,60,58,83,245.1,20343.3,2026-04-20,187019169,238,Nagarik Stock Dealer ,Naasa Securities Co. Ltd.,2026-04-20 11:44:13.045248,NMB Bank Limited
2026042001029938,NMB,60,57,589,245.1,144363.9,2026-04-20,187025655,238,Nagarik Stock Dealer ,Aryatara Investment & Securities,2026-04-20 11:49:20.347374,NMB Bank Limited
2026042001029994,NMB,60,32,128,245.1,31372.8,2026-04-20,187025834,238,Nagarik Stock Dealer ,Premier Securities Company Ltd.,2026-04-20 11:49:30.345374,NMB Bank Limited
2026042001029995,NMB,41,32,772,245.0,189140.0,2026-04-20,187025835,238,Linch Stock Market Ltd.,Premier Securities Company Ltd.,2026-04-20 11:49:30.345517,NMB Bank Limited
2026042001030018,NMB,32,1,500,245.0,122500.0,2026-04-20,187025891,238,Premier Securities Company Ltd.,Kumari Securities Private Limited,2026-04-20 11:49:34.808313,NMB Bank Limited
2026042001031260,NMB,89,38,45,245.0,11025.0,2026-04-20,187029877,238,Global IME Securities Limited,Dipshikha Dhitopatra Karobar Co. Pvt Ltd.,2026-04-20 11:52:49.183122,NMB Bank Limited
2026042001031508,NMB,89,1,255,245.0,62475.0,2026-04-20,187030790,238,Global IME Securities Limited,Kumari Securities Private Limited,2026-04-20 11:53:34.477615,NMB Bank Limited
2026042001031509,NMB,22,1,10,245.0,2450.0,2026-04-20,187030791,238,Siprabi Securities Pvt. Ltd.,Kumari Securities Private Limited,2026-04-20 11:53:34.477754,NMB Bank Limited
2026042001031807,NMB,76,59,10,246.0,2460.0,2026-04-20,187031820,238,Machhapuchchhre Securities Limited,Deevyaa Securities & Stock House Pvt. Ltd,2026-04-20 11:54:23.103573,NMB Bank Limited
2026042001033157,NMB,22,59,160,246.0,39360.0,2026-04-20,187035912,238,Siprabi Securities Pvt. Ltd.,Deevyaa Securities & Stock House Pvt. Ltd,2026-04-20 11:57:24.845551,NMB Bank Limited
2026042001033158,NMB,58,59,18,246.0,4428.0,2026-04-20,187035914,238,Naasa Securities Co. Ltd.,Deevyaa Securities & Stock House Pvt. Ltd,2026-04-20 11:57:24.845680,NMB Bank Limited
2026042001034947,NMB,58,59,10,246.0,2460.0,2026-04-20,187041562,238,Naasa Securities Co. Ltd.,Deevyaa Securities & Stock House Pvt. Ltd,2026-04-20 12:02:40.957425,NMB Bank Limited
2026042001035804,NMB,28,21,200,245.9,49180.0,2026-04-20,187044244,238,Shree Krishna Securities Ltd.,Midas Stock Broking Company Private Limited,2026-04-20 12:05:59.332603,NMB Bank Limited
2026042001036465,NMB,45,21,20,245.9,4918.0,2026-04-20,187046354,238,Imperial Securities Company Pvt. Ltd.,Midas Stock Broking Company Private Limited,2026-04-20 12:08:51.909302,NMB Bank Limited
2026042001037028,NMB,89,21,10,245.0,2450.0,2026-04-20,187047986,238,Global IME Securities Limited,Midas Stock Broking Company Private Limited,2026-04-20 12:10:34.468841,NMB Bank Limited
2026042001037029,NMB,49,21,70,245.0,17150.0,2026-04-20,187047987,238,Online Securities Pvt. Ltd.,Midas Stock Broking Company Private Limited,2026-04-20 12:10:34.469166,NMB Bank Limited
2026042001038968,NMB,76,59,10,246.0,2460.0,2026-04-20,187053928,238,Machhapuchchhre Securities Limited,Deevyaa Securities & Stock House Pvt. Ltd,2026-04-20 12:16:59.087113,NMB Bank Limited
2026042001040999,NMB,58,59,10,246.0,2460.0,2026-04-20,187060212,238,Naasa Securities Co. Ltd.,Deevyaa Securities & Stock House Pvt. Ltd,2026-04-20 12:23:57.313502,NMB Bank Limited
2026042001041424,NMB,38,42,10,245.0,2450.0,2026-04-20,187061801,238,Dipshikha Dhitopatra Karobar Co. Pvt Ltd.,Sani Securities Company Ltd.,2026-04-20 12:26:05.794657,NMB Bank Limited
2026042001041435,NMB,38,1,90,245.0,22050.0,2026-04-20,187061840,238,Dipshikha Dhitopatra Karobar Co. Pvt Ltd.,Kumari Securities Private Limited,2026-04-20 12:26:09.144977,NMB Bank Limited
2026042001041436,NMB,29,1,82,245.0,20090.0,2026-04-20,187061842,238,Trisul Securities & Invt. Ltd.,Kumari Securities Private Limited,2026-04-20 12:26:09.145129,NMB Bank Limited
2026042001041437,NMB,43,1,28,245.0,6860.0,2026-04-20,187061843,238,South Asian Bulls Pvt. Ltd.,Kumari Securities Private Limited,2026-04-20 12:26:09.145195,NMB Bank Limited
2026042001041507,NMB,38,59,82,246.0,20172.0,2026-04-20,187062085,238,Dipshikha Dhitopatra Karobar Co. Pvt Ltd.,Deevyaa Securities & Stock House Pvt. Ltd,2026-04-20 12:26:28.273132,NMB Bank Limited
2026042001041508,NMB,38,33,118,246.0,29028.0,2026-04-20,187062088,238,Dipshikha Dhitopatra Karobar Co. Pvt Ltd.,Dakshinkali Investment & Securities Pvt. Ltd.,2026-04-20 12:26:28.273433,NMB Bank Limited
2026042001041612,NMB,84,33,83,246.0,20418.0,2026-04-20,187062541,238,MILKY WAY SHARE BROKER COMPANY LTD ,Dakshinkali Investment & Securities Pvt. Ltd.,2026-04-20 12:27:06.828549,NMB Bank Limited
2026042001041613,NMB,84,25,17,246.0,4182.0,2026-04-20,187062544,238,MILKY WAY SHARE BROKER COMPANY LTD ,Sweta Securities Private Limited,2026-04-20 12:27:06.828856,NMB Bank Limited
2026042001042387,NMB,38,25,63,246.0,15498.0,2026-04-20,187065207,238,Dipshikha Dhitopatra Karobar Co. Pvt Ltd.,Sweta Securities Private Limited,2026-04-20 12:31:23.308425,NMB Bank Limited
2026042001042388,NMB,38,28,37,246.0,9102.0,2026-04-20,187065210,238,Dipshikha Dhitopatra Karobar Co. Pvt Ltd.,Shree Krishna Securities Ltd.,2026-04-20 12:31:23.308592,NMB Bank Limited
2026042001042639,NMB,34,45,10,245.5,2455.0,2026-04-20,187065883,238,Vision Securities Pvt. Ltd,Imperial Securities Company Pvt. Ltd.,2026-04-20 12:32:21.738242,NMB Bank Limited
2026042001042647,NMB,11,28,500,246.0,123000.0,2026-04-20,187065904,238,Malla & Malla Stock Broking Company Pvt. Limited,Shree Krishna Securities Ltd.,2026-04-20 12:32:22.951890,NMB Bank Limited
2026042001043191,NMB,34,14,90,245.5,22095.0,2026-04-20,187067484,238,Vision Securities Pvt. Ltd,Nepal Stock House (PVT) Ltd.,2026-04-20 12:34:55.567204,NMB Bank Limited
2026042001043192,NMB,43,14,72,245.0,17640.0,2026-04-20,187067486,238,South Asian Bulls Pvt. Ltd.,Nepal Stock House (PVT) Ltd.,2026-04-20 12:34:55.567499,NMB Bank Limited
2026042001043193,NMB,32,14,20,245.0,4900.0,2026-04-20,187067488,238,Premier Securities Company Ltd.,Nepal Stock House (PVT) Ltd.,2026-04-20 12:34:55.567691,NMB Bank Limited
2026042001043194,NMB,64,14,308,244.9,75429.2,2026-04-20,187067489,238,SUN SECURITIES PVT LTD,Nepal Stock House (PVT) Ltd.,2026-04-20 12:34:55.567881,NMB Bank Limited
2026042001043761,NMB,76,28,10,246.0,2460.0,2026-04-20,187069092,238,Machhapuchchhre Securities Limited,Shree Krishna Securities Ltd.,2026-04-20 12:37:02.520426,NMB Bank Limited
2026042001045844,NMB,41,28,27,246.0,6642.0,2026-04-20,187075787,238,Linch Stock Market Ltd.,Shree Krishna Securities Ltd.,2026-04-20 12:47:37.960059,NMB Bank Limited
2026042001045845,NMB,41,25,10,246.0,2460.0,2026-04-20,187075789,238,Linch Stock Market Ltd.,Sweta Securities Private Limited,2026-04-20 12:47:37.960368,NMB Bank Limited
2026042001046132,NMB,76,59,10,247.0,2470.0,2026-04-20,187076656,238,Machhapuchchhre Securities Limited,Deevyaa Securities & Stock House Pvt. Ltd,2026-04-20 12:48:47.442664,NMB Bank Limited
2026042001046218,NMB,48,59,31,247.0,7657.0,2026-04-20,187076920,238,Trishakti Securities Public Limited,Deevyaa Securities & Stock House Pvt. Ltd,2026-04-20 12:49:08.162946,NMB Bank Limited
2026042001046451,NMB,41,57,63,246.0,15498.0,2026-04-20,187077696,238,Linch Stock Market Ltd.,Aryatara Investment & Securities,2026-04-20 12:50:25.128499,NMB Bank Limited
2026042001046452,NMB,25,57,100,245.8,24580.0,2026-04-20,187077698,238,Sweta Securities Private Limited,Aryatara Investment & Securities,2026-04-20 12:50:25.128603,NMB Bank Limited
2026042001046453,NMB,43,57,30,245.0,7350.0,2026-04-20,187077700,238,South Asian Bulls Pvt. Ltd.,Aryatara Investment & Securities,2026-04-20 12:50:25.128662,NMB Bank Limited
2026042001046454,NMB,35,57,90,245.0,22050.0,2026-04-20,187077702,238,Kohinoor Investment & Securities Pvt. Ltd.,Aryatara Investment & Securities,2026-04-20 12:50:25.128721,NMB Bank Limited
2026042001046455,NMB,89,57,54,245.0,13230.0,2026-04-20,187077703,238,Global IME Securities Limited,Aryatara Investment & Securities,2026-04-20 12:50:25.128774,NMB Bank Limited
2026042001046677,NMB,76,59,10,247.0,2470.0,2026-04-20,187078492,238,Machhapuchchhre Securities Limited,Deevyaa Securities & Stock House Pvt. Ltd,2026-04-20 12:51:32.292550,NMB Bank Limited
2026042001048347,NMB,58,1,24,246.9,5925.6,2026-04-20,187083980,238,Naasa Securities Co. Ltd.,Kumari Securities Private Limited,2026-04-20 13:00:53.472573,NMB Bank Limited
2026042001050064,NMB,41,25,39,245.1,9558.9,2026-04-20,187090169,238,Linch Stock Market Ltd.,Sweta Securities Private Limited,2026-04-20 13:11:31.192629,NMB Bank Limited
2026042001050082,NMB,11,48,20,246.5,4930.0,2026-04-20,187090214,238,Malla & Malla Stock Broking Company Pvt. Limited,Trishakti Securities Public Limited,2026-04-20 13:11:36.767013,NMB Bank Limited
2026042001051416,NMB,58,21,10,246.0,2460.0,2026-04-20,187094498,238,Naasa Securities Co. Ltd.,Midas Stock Broking Company Private Limited,2026-04-20 13:19:17.120764,NMB Bank Limited
2026042001051608,NMB,42,45,10,245.1,2451.0,2026-04-20,187095179,238,Sani Securities Company Ltd.,Imperial Securities Company Pvt. Ltd.,2026-04-20 13:20:51.212191,NMB Bank Limited
2026042001052387,NMB,42,21,290,246.0,71340.0,2026-04-20,187097666,238,Sani Securities Company Ltd.,Midas Stock Broking Company Private Limited,2026-04-20 13:25:14.396438,NMB Bank Limited
2026042001053143,NMB,53,42,50,245.1,12255.0,2026-04-20,187100170,238,Investment Management Nepal Pvt. Ltd.,Sani Securities Company Ltd.,2026-04-20 13:29:39.728586,NMB Bank Limited
2026042001053144,NMB,89,42,10,245.0,2450.0,2026-04-20,187100171,238,Global IME Securities Limited,Sani Securities Company Ltd.,2026-04-20 13:29:39.728911,NMB Bank Limited
2026042001053260,NMB,19,21,50,246.0,12300.0,2026-04-20,187100526,238,Nepal Investment And Securities Trading Private Limited,Midas Stock Broking Company Private Limited,2026-04-20 13:30:20.788198,NMB Bank Limited
2026042001053435,NMB,13,21,150,246.0,36900.0,2026-04-20,187101022,238,Thrive Brokerage House Pvt. Ltd,Midas Stock Broking Company Private Limited,2026-04-20 13:31:08.597784,NMB Bank Limited
2026042001056079,NMB,42,21,62,246.0,15252.0,2026-04-20,187108275,238,Sani Securities Company Ltd.,Midas Stock Broking Company Private Limited,2026-04-20 13:41:12.655434,NMB Bank Limited
2026042001056080,NMB,42,59,48,246.0,11808.0,2026-04-20,187108278,238,Sani Securities Company Ltd.,Deevyaa Securities & Stock House Pvt. Ltd,2026-04-20 13:41:12.655753,NMB Bank Limited
2026042001056801,NMB,29,48,10,246.7,2467.0,2026-04-20,187110209,238,Trisul Securities & Invt. Ltd.,Trishakti Securities Public Limited,2026-04-20 13:43:32.322429,NMB Bank Limited
2026042001062378,NMB,89,57,400,245.2,98080.0,2026-04-20,187124521,238,Global IME Securities Limited,Aryatara Investment & Securities,2026-04-20 13:58:43.643816,NMB Bank Limited
2026042001063809,NMB,76,48,10,246.0,2460.0,2026-04-20,187128576,238,Machhapuchchhre Securities Limited,Trishakti Securities Public Limited,2026-04-20 14:05:11.911392,NMB Bank Limited
2026042001065093,NMB,52,48,21,246.0,5166.0,2026-04-20,187132988,238,Sundhara Securities Limited,Trishakti Securities Public Limited,2026-04-20 14:10:41.946227,NMB Bank Limited
2026042001065146,NMB,42,48,150,246.0,36900.0,2026-04-20,187133242,238,Sani Securities Company Ltd.,Trishakti Securities Public Limited,2026-04-20 14:11:02.975581,NMB Bank Limited
2026042001065680,NMB,29,48,10,246.0,2460.0,2026-04-20,187135298,238,Trisul Securities & Invt. Ltd.,Trishakti Securities Public Limited,2026-04-20 14:14:03.841839,NMB Bank Limited
2026042001065688,NMB,29,1,10,246.9,2469.0,2026-04-20,187135346,238,Trisul Securities & Invt. Ltd.,Kumari Securities Private Limited,2026-04-20 14:14:09.435816,NMB Bank Limited
2026042001066928,NMB,89,57,186,246.1,45774.6,2026-04-20,187140070,238,Global IME Securities Limited,Aryatara Investment & Securities,2026-04-20 14:21:49.723880,NMB Bank Limited
2026042001066929,NMB,58,57,100,246.0,24600.0,2026-04-20,187140072,238,Naasa Securities Co. Ltd.,Aryatara Investment & Securities,2026-04-20 14:21:49.724086,NMB Bank Limited
2026042001066972,NMB,76,1,10,246.9,2469.0,2026-04-20,187140282,238,Machhapuchchhre Securities Limited,Kumari Securities Private Limited,2026-04-20 14:22:12.864869,NMB Bank Limited
2026042001067418,NMB,76,42,30,245.6,7368.0,2026-04-20,187141721,238,Machhapuchchhre Securities Limited,Sani Securities Company Ltd.,2026-04-20 14:23:50.307935,NMB Bank Limited
2026042001067443,NMB,76,1,10,246.9,2469.0,2026-04-20,187141826,238,Machhapuchchhre Securities Limited,Kumari Securities Private Limited,2026-04-20 14:24:01.953351,NMB Bank Limited
2026042001067601,NMB,45,1,146,246.9,36047.4,2026-04-20,187142565,238,Imperial Securities Company Pvt. Ltd.,Kumari Securities Private Limited,2026-04-20 14:25:05.540297,NMB Bank Limited
2026042001067602,NMB,45,33,1354,247.0,334438.0,2026-04-20,187142568,238,Imperial Securities Company Pvt. Ltd.,Dakshinkali Investment & Securities Pvt. Ltd.,2026-04-20 14:25:05.540638,NMB Bank Limited
2026042001068276,NMB,42,1,10,246.9,2469.0,2026-04-20,187145766,238,Sani Securities Company Ltd.,Kumari Securities Private Limited,2026-04-20 14:29:05.532690,NMB Bank Limited
2026042001068994,NMB,95,1,190,246.9,46911.0,2026-04-20,187148830,238,Magnet Securities and Investment Company Private Limited,Kumari Securities Private Limited,2026-04-20 14:32:58.459391,NMB Bank Limited
2026042001069094,NMB,95,17,185,246.0,45510.0,2026-04-20,187149254,238,Magnet Securities and Investment Company Private Limited,ABC Securities Private Limited,2026-04-20 14:33:38.567292,NMB Bank Limited
2026042001069468,NMB,76,33,10,247.0,2470.0,2026-04-20,187150634,238,Machhapuchchhre Securities Limited,Dakshinkali Investment & Securities Pvt. Ltd.,2026-04-20 14:36:03.205296,NMB Bank Limited
2026042001070039,NMB,58,38,14,245.8,3441.2,2026-04-20,187152831,238,Naasa Securities Co. Ltd.,Dipshikha Dhitopatra Karobar Co. Pvt Ltd.,2026-04-20 14:38:58.069310,NMB Bank Limited
2026042001070366,NMB,33,49,10,245.8,2458.0,2026-04-20,187154139,238,Dakshinkali Investment & Securities Pvt. Ltd.,Online Securities Pvt. Ltd.,2026-04-20 14:40:34.773120,NMB Bank Limited
2026042001070367,NMB,33,41,90,246.0,22140.0,2026-04-20,187154142,238,Dakshinkali Investment & Securities Pvt. Ltd.,Linch Stock Market Ltd.,2026-04-20 14:40:34.773524,NMB Bank Limited
2026042001070796,NMB,95,41,212,246.0,52152.0,2026-04-20,187155724,238,Magnet Securities and Investment Company Private Limited,Linch Stock Market Ltd.,2026-04-20 14:43:10.400842,NMB Bank Limited
2026042001071105,NMB,58,33,14,247.0,3458.0,2026-04-20,187156866,238,Naasa Securities Co. Ltd.,Dakshinkali Investment & Securities Pvt. Ltd.,2026-04-20 14:44:29.586491,NMB Bank Limited
2026042001071657,NMB,51,49,40,245.8,9832.0,2026-04-20,187159362,238,Oxford Securities Pvt. Ltd.,Online Securities Pvt. Ltd.,2026-04-20 14:47:33.492840,NMB Bank Limited
2026042001071777,NMB,42,49,30,245.8,7374.0,2026-04-20,187159958,238,Sani Securities Company Ltd.,Online Securities Pvt. Ltd.,2026-04-20 14:48:06.794430,NMB Bank Limited
2026042001072147,NMB,18,49,30,245.8,7374.0,2026-04-20,187161594,238,Sagarmatha Securities Private Limited,Online Securities Pvt. Ltd.,2026-04-20 14:49:39.214732,NMB Bank Limited
2026042001072475,NMB,76,49,10,245.6,2456.0,2026-04-20,187163021,238,Machhapuchchhre Securities Limited,Online Securities Pvt. Ltd.,2026-04-20 14:51:08.093243,NMB Bank Limited
2026042001072959,NMB,3,44,1000,245.7,245700.0,2026-04-20,187165442,238,Arun Securities (PVT) Ltd.,Dynamic Money Managers Securities Pvt. Ltd.,2026-04-20 14:53:17.945359,NMB Bank Limited
2026042001072960,NMB,76,44,960,245.6,235776.0,2026-04-20,187165444,238,Machhapuchchhre Securities Limited,Dynamic Money Managers Securities Pvt. Ltd.,2026-04-20 14:53:17.945681,NMB Bank Limited
2026042001072961,NMB,53,44,50,245.6,12280.0,2026-04-20,187165446,238,Investment Management Nepal Pvt. Ltd.,Dynamic Money Managers Securities Pvt. Ltd.,2026-04-20 14:53:17.945899,NMB Bank Limited
2026042001072962,NMB,76,44,600,245.6,147360.0,2026-04-20,187165448,238,Machhapuchchhre Securities Limited,Dynamic Money Managers Securities Pvt. Ltd.,2026-04-20 14:53:17.946112,NMB Bank Limited
2026042001072963,NMB,76,44,1000,245.5,245500.0,2026-04-20,187165450,238,Machhapuchchhre Securities Limited,Dynamic Money Managers Securities Pvt. Ltd.,2026-04-20 14:53:17.946322,NMB Bank Limited
2026042001072964,NMB,76,44,1000,245.5,245500.0,2026-04-20,187165452,238,Machhapuchchhre Securities Limited,Dynamic Money Managers Securities Pvt. Ltd.,2026-04-20 14:53:17.946524,NMB Bank Limited
2026042001072965,NMB,76,44,300,245.5,73650.0,2026-04-20,187165454,238,Machhapuchchhre Securities Limited,Dynamic Money Managers Securities Pvt. Ltd.,2026-04-20 14:53:17.946721,NMB Bank Limited
2026042001072966,NMB,76,44,90,245.5,22095.0,2026-04-20,187165455,238,Machhapuchchhre Securities Limited,Dynamic Money Managers Securities Pvt. Ltd.,2026-04-20 14:53:17.946916,NMB Bank Limited
2026042001074146,NMB,76,32,10,245.5,2455.0,2026-04-20,187171233,238,Machhapuchchhre Securities Limited,Premier Securities Company Ltd.,2026-04-20 14:57:01.226375,NMB Bank Limited
2026042001074326,NMB,29,48,10,246.9,2469.0,2026-04-20,187172348,238,Trisul Securities & Invt. Ltd.,Trishakti Securities Public Limited,2026-04-20 14:57:32.433480,NMB Bank Limited
2026042001075075,NMB,13,32,10,246.0,2460.0,2026-04-20,187176399,238,Thrive Brokerage House Pvt. Ltd,Premier Securities Company Ltd.,2026-04-20 14:59:11.340998,NMB Bank Limited
2026042001075126,NMB,13,48,255,246.0,62730.0,2026-04-20,187176646,238,Thrive Brokerage House Pvt. Ltd,Trishakti Securities Public Limited,2026-04-20 14:59:16.921369,NMB Bank Limited
2026042001075183,NMB,4,48,50,246.0,12300.0,2026-04-20,187176960,238,Opal Securities Investment (PVT) Ltd.,Trishakti Securities Public Limited,2026-04-20 14:59:20.873709,NMB Bank Limited
2026042001075373,NMB,32,48,600,245.9,147540.0,2026-04-20,187177920,238,Premier Securities Company Ltd.,Trishakti Securities Public Limited,2026-04-20 14:59:36.014376,NMB Bank Limited
2026042001075709,NMB,8,48,85,245.6,20876.0,2026-04-20,187179051,238,Brilliant Securities Pvt. Ltd.,Trishakti Securities Public Limited,2026-04-20 14:59:50.017351,NMB Bank Limited
