contract_id,symbol,buyer_member_id,seller_member_id,volume,price,amount,buyer_broker,seller_broker,transaction_time
2026042004003022,OHL,34,58,20,709.0,14180.0,Vision Securities Pvt. Ltd,Naasa Securities Co. Ltd.,2026-04-20 11:37:40.321698
2026042004003755,OHL,34,1,180,709.0,127620.0,Vision Securities Pvt. Ltd,Kumari Securities Private Limited,2026-04-20 11:46:22.278866
2026042004003756,OHL,1,1,80,708.2,56656.0,Kumari Securities Private Limited,Kumari Securities Private Limited,2026-04-20 11:46:22.278960
2026042004003757,OHL,49,1,200,708.0,141600.0,Online Securities Pvt. Ltd.,Kumari Securities Private Limited,2026-04-20 11:46:22.278993
2026042004003758,OHL,38,1,300,708.0,212400.0,Dipshikha Dhitopatra Karobar Co. Pvt Ltd.,Kumari Securities Private Limited,2026-04-20 11:46:22.279024
2026042004003759,OHL,54,1,100,708.0,70800.0,Sewa Securities Pvt. Ltd.,Kumari Securities Private Limited,2026-04-20 11:46:22.279062
2026042004004090,OHL,47,1,100,708.0,70800.0,Neev Securities Pvt. Ltd.,Kumari Securities Private Limited,2026-04-20 11:50:15.889240
2026042004004122,OHL,74,1,40,701.2,28048.0,KALASH STOCK MARKET PVT. LTD.,Kumari Securities Private Limited,2026-04-20 11:50:37.425791
2026042004004372,OHL,34,57,100,701.3,70130.0,Vision Securities Pvt. Ltd,Aryatara Investment & Securities,2026-04-20 11:53:07.791518
2026042004004549,OHL,58,58,10,702.1,7021.0,Naasa Securities Co. Ltd.,Naasa Securities Co. Ltd.,2026-04-20 11:55:04.380950
2026042004006760,OHL,34,58,61,707.0,43127.0,Vision Securities Pvt. Ltd,Naasa Securities Co. Ltd.,2026-04-20 12:29:05.227768
2026042004006781,OHL,34,16,39,707.0,27573.0,Vision Securities Pvt. Ltd,Primo Securities (PVT) Ltd.,2026-04-20 12:29:21.263049
2026042004006782,OHL,75,16,10,707.0,7070.0,N.I.M.B. Stock Markets Limited,Primo Securities (PVT) Ltd.,2026-04-20 12:29:21.263210
2026042004006955,OHL,48,74,10,718.9,7189.0,Trishakti Securities Public Limited,KALASH STOCK MARKET PVT. LTD.,2026-04-20 12:33:31.304977
2026042004007143,OHL,58,42,23,707.0,16261.0,Naasa Securities Co. Ltd.,Sani Securities Company Ltd.,2026-04-20 12:38:36.801364
2026042004007225,OHL,34,42,73,707.0,51611.0,Vision Securities Pvt. Ltd,Sani Securities Company Ltd.,2026-04-20 12:40:52.185743
2026042004008373,OHL,13,10,10,707.5,7075.0,Thrive Brokerage House Pvt. Ltd,Pragyan Securities (PVT) Ltd.,2026-04-20 13:07:28.297494
2026042004008374,OHL,42,10,30,707.1,21213.0,Sani Securities Company Ltd.,Pragyan Securities (PVT) Ltd.,2026-04-20 13:07:28.297661
2026042004008375,OHL,49,10,100,707.1,70710.0,Online Securities Pvt. Ltd.,Pragyan Securities (PVT) Ltd.,2026-04-20 13:07:28.297710
2026042004008376,OHL,34,10,276,707.0,195132.0,Vision Securities Pvt. Ltd,Pragyan Securities (PVT) Ltd.,2026-04-20 13:07:28.297756
2026042004008377,OHL,32,10,71,707.0,50197.0,Premier Securities Company Ltd.,Pragyan Securities (PVT) Ltd.,2026-04-20 13:07:28.297814
2026042004009642,OHL,74,37,50,715.0,35750.0,KALASH STOCK MARKET PVT. LTD.,Swarna Laxmi Securities Pvt. Ltd.,2026-04-20 13:40:23.392151
2026042004009825,OHL,14,48,10,712.0,7120.0,Nepal Stock House (PVT) Ltd.,Trishakti Securities Public Limited,2026-04-20 13:45:05.467134
2026042004009946,OHL,34,48,10,708.1,7081.0,Vision Securities Pvt. Ltd,Trishakti Securities Public Limited,2026-04-20 13:49:22.143970
2026042004009947,OHL,58,48,10,708.0,7080.0,Naasa Securities Co. Ltd.,Trishakti Securities Public Limited,2026-04-20 13:49:22.144053
2026042004009948,OHL,13,48,10,708.0,7080.0,Thrive Brokerage House Pvt. Ltd,Trishakti Securities Public Limited,2026-04-20 13:49:22.144150
2026042004009949,OHL,32,48,29,707.0,20503.0,Premier Securities Company Ltd.,Trishakti Securities Public Limited,2026-04-20 13:49:22.144229
2026042004009950,OHL,38,48,50,705.1,35255.0,Dipshikha Dhitopatra Karobar Co. Pvt Ltd.,Trishakti Securities Public Limited,2026-04-20 13:49:22.144291
2026042004009951,OHL,49,48,10,705.0,7050.0,Online Securities Pvt. Ltd.,Trishakti Securities Public Limited,2026-04-20 13:49:22.144384
2026042004009952,OHL,45,48,12,705.0,8460.0,Imperial Securities Company Pvt. Ltd.,Trishakti Securities Public Limited,2026-04-20 13:49:22.144450
2026042004009953,OHL,42,48,69,705.0,48645.0,Sani Securities Company Ltd.,Trishakti Securities Public Limited,2026-04-20 13:49:22.144503
2026042004009960,OHL,42,48,31,705.0,21855.0,Sani Securities Company Ltd.,Trishakti Securities Public Limited,2026-04-20 13:49:35.593083
2026042004009961,OHL,43,48,20,704.3,14086.0,South Asian Bulls Pvt. Ltd.,Trishakti Securities Public Limited,2026-04-20 13:49:35.593142
2026042004009962,OHL,20,48,50,704.2,35210.0,Sipla Securities Private Limited,Trishakti Securities Public Limited,2026-04-20 13:49:35.593175
2026042004009963,OHL,62,48,10,704.0,7040.0,Capital Max Securities Ltd,Trishakti Securities Public Limited,2026-04-20 13:49:35.593204
2026042004009964,OHL,54,48,89,703.1,62575.9,Sewa Securities Pvt. Ltd.,Trishakti Securities Public Limited,2026-04-20 13:49:35.593231
2026042004009979,OHL,54,48,111,703.1,78044.1,Sewa Securities Pvt. Ltd.,Trishakti Securities Public Limited,2026-04-20 13:49:52.968295
2026042004009980,OHL,40,48,50,703.0,35150.0,Creative Securities Pvt Ltd,Trishakti Securities Public Limited,2026-04-20 13:49:52.968465
2026042004009981,OHL,54,48,200,702.1,140420.0,Sewa Securities Pvt. Ltd.,Trishakti Securities Public Limited,2026-04-20 13:49:52.968545
2026042004009982,OHL,34,48,40,702.1,28084.0,Vision Securities Pvt. Ltd,Trishakti Securities Public Limited,2026-04-20 13:49:52.968619
2026042004009983,OHL,51,48,50,702.0,35100.0,Oxford Securities Pvt. Ltd.,Trishakti Securities Public Limited,2026-04-20 13:49:52.968694
2026042004009984,OHL,16,48,500,702.0,351000.0,Primo Securities (PVT) Ltd.,Trishakti Securities Public Limited,2026-04-20 13:49:52.968767
2026042004009985,OHL,43,48,49,702.0,34398.0,South Asian Bulls Pvt. Ltd.,Trishakti Securities Public Limited,2026-04-20 13:49:52.968835
2026042004009987,OHL,43,48,100,702.0,70200.0,South Asian Bulls Pvt. Ltd.,Trishakti Securities Public Limited,2026-04-20 13:50:03.375359
2026042004011222,OHL,59,3,50,705.4,35270.0,Deevyaa Securities & Stock House Pvt. Ltd,Arun Securities (PVT) Ltd.,2026-04-20 14:13:29.356126
2026042004011223,OHL,58,3,10,705.3,7053.0,Naasa Securities Co. Ltd.,Arun Securities (PVT) Ltd.,2026-04-20 14:13:29.356192
2026042004011224,OHL,53,3,50,705.2,35260.0,Investment Management Nepal Pvt. Ltd.,Arun Securities (PVT) Ltd.,2026-04-20 14:13:29.356237
2026042004011225,OHL,45,3,25,705.0,17625.0,Imperial Securities Company Pvt. Ltd.,Arun Securities (PVT) Ltd.,2026-04-20 14:13:29.356265
2026042004011226,OHL,44,3,30,705.0,21150.0,Dynamic Money Managers Securities Pvt. Ltd.,Arun Securities (PVT) Ltd.,2026-04-20 14:13:29.356289
2026042004011227,OHL,33,3,28,704.0,19712.0,Dakshinkali Investment & Securities Pvt. Ltd.,Arun Securities (PVT) Ltd.,2026-04-20 14:13:29.356322
2026042004013481,OHL,21,25,16,715.0,11440.0,Midas Stock Broking Company Private Limited,Sweta Securities Private Limited,2026-04-20 14:43:07.800183
2026042004013523,OHL,98,57,5,703.0,3515.0,Trademow Securities Private Limited,Aryatara Investment & Securities,2026-04-20 14:43:56.704841
2026042004016339,OHL,33,57,40,713.0,28520.0,Dakshinkali Investment & Securities Pvt. Ltd.,Aryatara Investment & Securities,2026-04-20 14:59:43.222005
2026042004016354,OHL,33,50,145,713.0,103385.0,Dakshinkali Investment & Securities Pvt. Ltd.,Cristal Kanchanjanga Securites Pvt. Ltd.,2026-04-20 14:59:45.007725
