contractId,stockSymbol,buyerMemberId,sellerMemberId,quantity,rate,amount,businessDate,tradeBookId,stockId,buyerBrokerName,sellerBrokerName,transaction_time,securityName
2026042004000234,PMHPL,35,33,10,369.0,3690.0,2026-04-20,186954382,2786,Kohinoor Investment & Securities Pvt. Ltd.,Dakshinkali Investment & Securities Pvt. Ltd.,2026-04-20 11:03:10.138646,Panchakanya Mai Hydropower Ltd
2026042004001065,PMHPL,59,6,200,350.1,70020.0,2026-04-20,186974077,2786,Deevyaa Securities & Stock House Pvt. Ltd,Agrawal Securities (PVT) Ltd.,2026-04-20 11:13:37.966587,Panchakanya Mai Hydropower Ltd
2026042004001371,PMHPL,21,41,83,350.0,29050.0,2026-04-20,186981625,2786,Midas Stock Broking Company Private Limited,Linch Stock Market Ltd.,2026-04-20 11:17:25.869273,Panchakanya Mai Hydropower Ltd
2026042004001544,PMHPL,76,56,10,364.0,3640.0,2026-04-20,186983474,2786,Machhapuchchhre Securities Limited,Sri Hari Securities Pvt. Ltd.,2026-04-20 11:18:20.596735,Panchakanya Mai Hydropower Ltd
2026042004002305,PMHPL,60,53,1000,356.0,356000.0,2026-04-20,187000910,2786,Nagarik Stock Dealer ,Investment Management Nepal Pvt. Ltd.,2026-04-20 11:29:29.584716,Panchakanya Mai Hydropower Ltd
2026042004002306,PMHPL,60,53,10,356.0,3560.0,2026-04-20,187000911,2786,Nagarik Stock Dealer ,Investment Management Nepal Pvt. Ltd.,2026-04-20 11:29:29.584867,Panchakanya Mai Hydropower Ltd
2026042004002498,PMHPL,62,41,150,356.0,53400.0,2026-04-20,187005025,2786,Capital Max Securities Ltd,Linch Stock Market Ltd.,2026-04-20 11:32:47.615775,Panchakanya Mai Hydropower Ltd
2026042004002501,PMHPL,74,17,15,355.0,5325.0,2026-04-20,187005042,2786,KALASH STOCK MARKET PVT. LTD.,ABC Securities Private Limited,2026-04-20 11:32:48.669259,Panchakanya Mai Hydropower Ltd
2026042004002502,PMHPL,52,17,500,354.0,177000.0,2026-04-20,187005044,2786,Sundhara Securities Limited,ABC Securities Private Limited,2026-04-20 11:32:48.669402,Panchakanya Mai Hydropower Ltd
2026042004002930,PMHPL,21,17,17,350.0,5950.0,2026-04-20,187009798,2786,Midas Stock Broking Company Private Limited,ABC Securities Private Limited,2026-04-20 11:36:32.181883,Panchakanya Mai Hydropower Ltd
2026042004002931,PMHPL,35,17,155,350.0,54250.0,2026-04-20,187009801,2786,Kohinoor Investment & Securities Pvt. Ltd.,ABC Securities Private Limited,2026-04-20 11:36:32.182011,Panchakanya Mai Hydropower Ltd
2026042004002932,PMHPL,58,17,500,350.0,175000.0,2026-04-20,187009804,2786,Naasa Securities Co. Ltd.,ABC Securities Private Limited,2026-04-20 11:36:32.182070,Panchakanya Mai Hydropower Ltd
2026042004002933,PMHPL,45,17,148,350.0,51800.0,2026-04-20,187009806,2786,Imperial Securities Company Pvt. Ltd.,ABC Securities Private Limited,2026-04-20 11:36:32.182143,Panchakanya Mai Hydropower Ltd
2026042004002934,PMHPL,36,17,500,350.0,175000.0,2026-04-20,187009807,2786,Secured Securities Ltd.,ABC Securities Private Limited,2026-04-20 11:36:32.182192,Panchakanya Mai Hydropower Ltd
2026042004004263,PMHPL,74,65,45,350.1,15754.5,2026-04-20,187028892,2786,KALASH STOCK MARKET PVT. LTD.,Sharepro Securities Private Limited,2026-04-20 11:52:15.358296,Panchakanya Mai Hydropower Ltd
2026042004004264,PMHPL,62,65,55,350.0,19250.0,2026-04-20,187028894,2786,Capital Max Securities Ltd,Sharepro Securities Private Limited,2026-04-20 11:52:15.358441,Panchakanya Mai Hydropower Ltd
2026042004004265,PMHPL,14,65,50,350.0,17500.0,2026-04-20,187028896,2786,Nepal Stock House (PVT) Ltd.,Sharepro Securities Private Limited,2026-04-20 11:52:15.358496,Panchakanya Mai Hydropower Ltd
2026042004004266,PMHPL,57,65,500,350.0,175000.0,2026-04-20,187028898,2786,Aryatara Investment & Securities,Sharepro Securities Private Limited,2026-04-20 11:52:15.358550,Panchakanya Mai Hydropower Ltd
2026042004004275,PMHPL,58,53,61,348.0,21228.0,2026-04-20,187029138,2786,Naasa Securities Co. Ltd.,Investment Management Nepal Pvt. Ltd.,2026-04-20 11:52:27.739691,Panchakanya Mai Hydropower Ltd
2026042004004276,PMHPL,59,53,10,346.8,3468.0,2026-04-20,187029140,2786,Deevyaa Securities & Stock House Pvt. Ltd,Investment Management Nepal Pvt. Ltd.,2026-04-20 11:52:27.739819,Panchakanya Mai Hydropower Ltd
2026042004004277,PMHPL,59,53,10,346.7,3467.0,2026-04-20,187029142,2786,Deevyaa Securities & Stock House Pvt. Ltd,Investment Management Nepal Pvt. Ltd.,2026-04-20 11:52:27.739877,Panchakanya Mai Hydropower Ltd
2026042004004278,PMHPL,59,53,200,346.6,69320.0,2026-04-20,187029144,2786,Deevyaa Securities & Stock House Pvt. Ltd,Investment Management Nepal Pvt. Ltd.,2026-04-20 11:52:27.739930,Panchakanya Mai Hydropower Ltd
2026042004004279,PMHPL,64,53,123,346.5,42619.5,2026-04-20,187029145,2786,SUN SECURITIES PVT LTD,Investment Management Nepal Pvt. Ltd.,2026-04-20 11:52:27.739985,Panchakanya Mai Hydropower Ltd
2026042004004995,PMHPL,90,17,62,350.1,21706.2,2026-04-20,187039372,2786,Sajilo Broker Limited,ABC Securities Private Limited,2026-04-20 12:00:32.735134,Panchakanya Mai Hydropower Ltd
2026042004004996,PMHPL,74,17,100,347.5,34750.0,2026-04-20,187039374,2786,KALASH STOCK MARKET PVT. LTD.,ABC Securities Private Limited,2026-04-20 12:00:32.735406,Panchakanya Mai Hydropower Ltd
2026042004004997,PMHPL,74,17,30,347.1,10413.0,2026-04-20,187039376,2786,KALASH STOCK MARKET PVT. LTD.,ABC Securities Private Limited,2026-04-20 12:00:32.735567,Panchakanya Mai Hydropower Ltd
2026042004004998,PMHPL,11,17,200,347.0,69400.0,2026-04-20,187039378,2786,Malla & Malla Stock Broking Company Pvt. Limited,ABC Securities Private Limited,2026-04-20 12:00:32.735733,Panchakanya Mai Hydropower Ltd
2026042004004999,PMHPL,51,17,100,347.0,34700.0,2026-04-20,187039380,2786,Oxford Securities Pvt. Ltd.,ABC Securities Private Limited,2026-04-20 12:00:32.735888,Panchakanya Mai Hydropower Ltd
2026042004005013,PMHPL,51,17,150,347.0,52050.0,2026-04-20,187039653,2786,Oxford Securities Pvt. Ltd.,ABC Securities Private Limited,2026-04-20 12:00:49.188709,Panchakanya Mai Hydropower Ltd
2026042004005032,PMHPL,51,17,150,347.0,52050.0,2026-04-20,187040089,2786,Oxford Securities Pvt. Ltd.,ABC Securities Private Limited,2026-04-20 12:01:19.241380,Panchakanya Mai Hydropower Ltd
2026042004005389,PMHPL,35,56,10,355.0,3550.0,2026-04-20,187044860,2786,Kohinoor Investment & Securities Pvt. Ltd.,Sri Hari Securities Pvt. Ltd.,2026-04-20 12:06:49.663137,Panchakanya Mai Hydropower Ltd
2026042004005619,PMHPL,64,44,10,347.6,3476.0,2026-04-20,187048503,2786,SUN SECURITIES PVT LTD,Dynamic Money Managers Securities Pvt. Ltd.,2026-04-20 12:11:05.612561,Panchakanya Mai Hydropower Ltd
2026042004005638,PMHPL,35,56,10,355.0,3550.0,2026-04-20,187048948,2786,Kohinoor Investment & Securities Pvt. Ltd.,Sri Hari Securities Pvt. Ltd.,2026-04-20 12:11:38.179138,Panchakanya Mai Hydropower Ltd
2026042004006266,PMHPL,57,49,10,354.0,3540.0,2026-04-20,187057503,2786,Aryatara Investment & Securities,Online Securities Pvt. Ltd.,2026-04-20 12:20:56.923543,Panchakanya Mai Hydropower Ltd
2026042004006267,PMHPL,57,42,170,354.0,60180.0,2026-04-20,187057506,2786,Aryatara Investment & Securities,Sani Securities Company Ltd.,2026-04-20 12:20:56.923841,Panchakanya Mai Hydropower Ltd
2026042004007006,PMHPL,58,62,20,350.0,7000.0,2026-04-20,187067456,2786,Naasa Securities Co. Ltd.,Capital Max Securities Ltd,2026-04-20 12:34:53.117135,Panchakanya Mai Hydropower Ltd
2026042004007007,PMHPL,57,62,23,350.0,8050.0,2026-04-20,187067457,2786,Aryatara Investment & Securities,Capital Max Securities Ltd,2026-04-20 12:34:53.117282,Panchakanya Mai Hydropower Ltd
2026042004007309,PMHPL,57,58,77,350.0,26950.0,2026-04-20,187073099,2786,Aryatara Investment & Securities,Naasa Securities Co. Ltd.,2026-04-20 12:42:55.869400,Panchakanya Mai Hydropower Ltd
2026042004007341,PMHPL,64,51,590,348.1,205379.0,2026-04-20,187073435,2786,SUN SECURITIES PVT LTD,Oxford Securities Pvt. Ltd.,2026-04-20 12:43:32.578085,Panchakanya Mai Hydropower Ltd
2026042004007370,PMHPL,64,58,533,348.1,185537.3,2026-04-20,187073721,2786,SUN SECURITIES PVT LTD,Naasa Securities Co. Ltd.,2026-04-20 12:44:08.763803,Panchakanya Mai Hydropower Ltd
2026042004007738,PMHPL,62,17,150,351.9,52785.0,2026-04-20,187079314,2786,Capital Max Securities Ltd,ABC Securities Private Limited,2026-04-20 12:52:48.850153,Panchakanya Mai Hydropower Ltd
2026042004008082,PMHPL,21,17,150,351.9,52785.0,2026-04-20,187084153,2786,Midas Stock Broking Company Private Limited,ABC Securities Private Limited,2026-04-20 13:01:06.829519,Panchakanya Mai Hydropower Ltd
2026042004008095,PMHPL,21,57,200,352.0,70400.0,2026-04-20,187084335,2786,Midas Stock Broking Company Private Limited,Aryatara Investment & Securities,2026-04-20 13:01:27.663915,Panchakanya Mai Hydropower Ltd
2026042004008526,PMHPL,65,21,50,352.0,17600.0,2026-04-20,187089715,2786,Sharepro Securities Private Limited,Midas Stock Broking Company Private Limited,2026-04-20 13:10:53.093829,Panchakanya Mai Hydropower Ltd
2026042004008607,PMHPL,21,65,150,349.1,52365.0,2026-04-20,187090686,2786,Midas Stock Broking Company Private Limited,Sharepro Securities Private Limited,2026-04-20 13:12:29.272852,Panchakanya Mai Hydropower Ltd
2026042004008608,PMHPL,57,65,200,349.1,69820.0,2026-04-20,187090687,2786,Aryatara Investment & Securities,Sharepro Securities Private Limited,2026-04-20 13:12:29.273141,Panchakanya Mai Hydropower Ltd
2026042004009728,PMHPL,57,1,30,352.6,10578.0,2026-04-20,187109064,2786,Aryatara Investment & Securities,Kumari Securities Private Limited,2026-04-20 13:42:15.498713,Panchakanya Mai Hydropower Ltd
2026042004009802,PMHPL,58,33,11,352.5,3877.5,2026-04-20,187110852,2786,Naasa Securities Co. Ltd.,Dakshinkali Investment & Securities Pvt. Ltd.,2026-04-20 13:44:30.080801,Panchakanya Mai Hydropower Ltd
2026042004009826,PMHPL,85,33,100,352.5,35250.0,2026-04-20,187111438,2786,Capital Hub P. Ltd,Dakshinkali Investment & Securities Pvt. Ltd.,2026-04-20 13:45:06.324213,Panchakanya Mai Hydropower Ltd
2026042004009853,PMHPL,57,17,300,350.0,105000.0,2026-04-20,187112242,2786,Aryatara Investment & Securities,ABC Securities Private Limited,2026-04-20 13:46:10.681569,Panchakanya Mai Hydropower Ltd
2026042004009854,PMHPL,11,17,20,350.0,7000.0,2026-04-20,187112243,2786,Malla & Malla Stock Broking Company Pvt. Limited,ABC Securities Private Limited,2026-04-20 13:46:10.681760,Panchakanya Mai Hydropower Ltd
2026042004010469,PMHPL,41,33,150,352.2,52830.0,2026-04-20,187125908,2786,Linch Stock Market Ltd.,Dakshinkali Investment & Securities Pvt. Ltd.,2026-04-20 14:01:00.427894,Panchakanya Mai Hydropower Ltd
2026042004010711,PMHPL,49,21,20,352.0,7040.0,2026-04-20,187130266,2786,Online Securities Pvt. Ltd.,Midas Stock Broking Company Private Limited,2026-04-20 14:07:14.413736,Panchakanya Mai Hydropower Ltd
2026042004010803,PMHPL,64,21,515,352.0,181280.0,2026-04-20,187131335,2786,SUN SECURITIES PVT LTD,Midas Stock Broking Company Private Limited,2026-04-20 14:08:34.711128,Panchakanya Mai Hydropower Ltd
2026042004010804,PMHPL,64,1,220,352.1,77462.0,2026-04-20,187131337,2786,SUN SECURITIES PVT LTD,Kumari Securities Private Limited,2026-04-20 14:08:34.711281,Panchakanya Mai Hydropower Ltd
2026042004010820,PMHPL,64,33,10,352.2,3522.0,2026-04-20,187131470,2786,SUN SECURITIES PVT LTD,Dakshinkali Investment & Securities Pvt. Ltd.,2026-04-20 14:08:46.119303,Panchakanya Mai Hydropower Ltd
2026042004010905,PMHPL,38,33,50,352.2,17610.0,2026-04-20,187132452,2786,Dipshikha Dhitopatra Karobar Co. Pvt Ltd.,Dakshinkali Investment & Securities Pvt. Ltd.,2026-04-20 14:10:05.281666,Panchakanya Mai Hydropower Ltd
2026042004011478,PMHPL,29,40,100,351.0,35100.0,2026-04-20,187137835,2786,Trisul Securities & Invt. Ltd.,Creative Securities Pvt Ltd,2026-04-20 14:18:21.046815,Panchakanya Mai Hydropower Ltd
2026042004011517,PMHPL,43,33,169,352.2,59521.8,2026-04-20,187138251,2786,South Asian Bulls Pvt. Ltd.,Dakshinkali Investment & Securities Pvt. Ltd.,2026-04-20 14:19:07.197486,Panchakanya Mai Hydropower Ltd
2026042004011657,PMHPL,56,17,100,352.8,35280.0,2026-04-20,187139744,2786,Sri Hari Securities Pvt. Ltd.,ABC Securities Private Limited,2026-04-20 14:21:22.292141,Panchakanya Mai Hydropower Ltd
2026042004012021,PMHPL,58,57,10,352.0,3520.0,2026-04-20,187142716,2786,Naasa Securities Co. Ltd.,Aryatara Investment & Securities,2026-04-20 14:25:14.811859,Panchakanya Mai Hydropower Ltd
2026042004012205,PMHPL,43,16,31,351.1,10884.1,2026-04-20,187144100,2786,South Asian Bulls Pvt. Ltd.,Primo Securities (PVT) Ltd.,2026-04-20 14:26:47.616730,Panchakanya Mai Hydropower Ltd
2026042004012206,PMHPL,29,16,400,351.0,140400.0,2026-04-20,187144102,2786,Trisul Securities & Invt. Ltd.,Primo Securities (PVT) Ltd.,2026-04-20 14:26:47.616911,Panchakanya Mai Hydropower Ltd
2026042004012207,PMHPL,36,16,500,350.5,175250.0,2026-04-20,187144104,2786,Secured Securities Ltd.,Primo Securities (PVT) Ltd.,2026-04-20 14:26:47.616977,Panchakanya Mai Hydropower Ltd
2026042004012208,PMHPL,21,16,69,350.0,24150.0,2026-04-20,187144105,2786,Midas Stock Broking Company Private Limited,Primo Securities (PVT) Ltd.,2026-04-20 14:26:47.617034,Panchakanya Mai Hydropower Ltd
2026042004012522,PMHPL,21,16,31,350.0,10850.0,2026-04-20,187146574,2786,Midas Stock Broking Company Private Limited,Primo Securities (PVT) Ltd.,2026-04-20 14:30:03.447329,Panchakanya Mai Hydropower Ltd
2026042004012523,PMHPL,57,16,488,350.0,170800.0,2026-04-20,187146575,2786,Aryatara Investment & Securities,Primo Securities (PVT) Ltd.,2026-04-20 14:30:03.447483,Panchakanya Mai Hydropower Ltd
2026042004013674,PMHPL,58,32,410,352.0,144320.0,2026-04-20,187157590,2786,Naasa Securities Co. Ltd.,Premier Securities Company Ltd.,2026-04-20 14:45:21.270544,Panchakanya Mai Hydropower Ltd
2026042004013686,PMHPL,58,32,20,352.0,7040.0,2026-04-20,187157690,2786,Naasa Securities Co. Ltd.,Premier Securities Company Ltd.,2026-04-20 14:45:28.078098,Panchakanya Mai Hydropower Ltd
2026042004014256,PMHPL,58,21,10,350.3,3503.0,2026-04-20,187162989,2786,Naasa Securities Co. Ltd.,Midas Stock Broking Company Private Limited,2026-04-20 14:51:06.262913,Panchakanya Mai Hydropower Ltd
2026042004015250,PMHPL,32,60,500,350.7,175350.0,2026-04-20,187170433,2786,Premier Securities Company Ltd.,Nagarik Stock Dealer ,2026-04-20 14:56:35.079244,Panchakanya Mai Hydropower Ltd
2026042004015349,PMHPL,58,60,490,350.8,171892.0,2026-04-20,187171125,2786,Naasa Securities Co. Ltd.,Nagarik Stock Dealer ,2026-04-20 14:56:58.291983,Panchakanya Mai Hydropower Ltd
2026042004015410,PMHPL,18,60,10,350.6,3506.0,2026-04-20,187171463,2786,Sagarmatha Securities Private Limited,Nagarik Stock Dealer ,2026-04-20 14:57:09.269425,Panchakanya Mai Hydropower Ltd
2026042004015721,PMHPL,67,35,11,351.9,3870.9,2026-04-20,187173992,2786,Property Wiard Limited,Kohinoor Investment & Securities Pvt. Ltd.,2026-04-20 14:58:19.711637,Panchakanya Mai Hydropower Ltd
2026042004015815,PMHPL,42,35,285,351.9,100291.5,2026-04-20,187174630,2786,Sani Securities Company Ltd.,Kohinoor Investment & Securities Pvt. Ltd.,2026-04-20 14:58:38.950774,Panchakanya Mai Hydropower Ltd
2026042004015862,PMHPL,18,17,500,351.1,175550.0,2026-04-20,187174967,2786,Sagarmatha Securities Private Limited,ABC Securities Private Limited,2026-04-20 14:58:47.402512,Panchakanya Mai Hydropower Ltd
2026042004015877,PMHPL,18,16,423,351.1,148515.3,2026-04-20,187175017,2786,Sagarmatha Securities Private Limited,Primo Securities (PVT) Ltd.,2026-04-20 14:58:49.039934,Panchakanya Mai Hydropower Ltd
2026042004016072,PMHPL,51,35,50,351.9,17595.0,2026-04-20,187176032,2786,Oxford Securities Pvt. Ltd.,Kohinoor Investment & Securities Pvt. Ltd.,2026-04-20 14:59:03.171978,Panchakanya Mai Hydropower Ltd
2026042004016300,PMHPL,58,35,154,351.9,54192.6,2026-04-20,187178197,2786,Naasa Securities Co. Ltd.,Kohinoor Investment & Securities Pvt. Ltd.,2026-04-20 14:59:38.591653,Panchakanya Mai Hydropower Ltd
2026042004016301,PMHPL,58,32,46,352.0,16192.0,2026-04-20,187178200,2786,Naasa Securities Co. Ltd.,Premier Securities Company Ltd.,2026-04-20 14:59:38.591805,Panchakanya Mai Hydropower Ltd
2026042004016308,PMHPL,18,33,500,351.1,175550.0,2026-04-20,187178282,2786,Sagarmatha Securities Private Limited,Dakshinkali Investment & Securities Pvt. Ltd.,2026-04-20 14:59:39.625916,Panchakanya Mai Hydropower Ltd
