contractId,stockSymbol,buyerMemberId,sellerMemberId,quantity,rate,amount,businessDate,tradeBookId,stockId,buyerBrokerName,sellerBrokerName,transaction_time,securityName
2026042001000018,PRVU,4,29,10,206.0,2060.0,2026-04-20,186948015,255,Opal Securities Investment (PVT) Ltd.,Trisul Securities & Invt. Ltd.,2026-04-20 10:46:00.155020,Prabhu  Bank Limited
2026042001000019,PRVU,4,18,300,206.0,61800.0,2026-04-20,186948017,255,Opal Securities Investment (PVT) Ltd.,Sagarmatha Securities Private Limited,2026-04-20 10:46:00.155118,Prabhu  Bank Limited
2026042001000020,PRVU,4,62,300,206.0,61800.0,2026-04-20,186948019,255,Opal Securities Investment (PVT) Ltd.,Capital Max Securities Ltd,2026-04-20 10:46:00.155150,Prabhu  Bank Limited
2026042001000021,PRVU,4,57,50,206.0,10300.0,2026-04-20,186948021,255,Opal Securities Investment (PVT) Ltd.,Aryatara Investment & Securities,2026-04-20 10:46:00.155193,Prabhu  Bank Limited
2026042001000258,PRVU,63,45,70,207.1,14497.0,2026-04-20,186948834,255,Himalayan Brokerage Company Limited,Imperial Securities Company Pvt. Ltd.,2026-04-20 11:00:26.043485,Prabhu  Bank Limited
2026042001000259,PRVU,4,45,840,207.0,173880.0,2026-04-20,186948836,255,Opal Securities Investment (PVT) Ltd.,Imperial Securities Company Pvt. Ltd.,2026-04-20 11:00:26.043548,Prabhu  Bank Limited
2026042001001416,PRVU,49,8,16,207.0,3312.0,2026-04-20,186951440,255,Online Securities Pvt. Ltd.,Brilliant Securities Pvt. Ltd.,2026-04-20 11:01:36.242476,Prabhu  Bank Limited
2026042001001509,PRVU,34,8,143,207.0,29601.0,2026-04-20,186951664,255,Vision Securities Pvt. Ltd,Brilliant Securities Pvt. Ltd.,2026-04-20 11:01:47.280008,Prabhu  Bank Limited
2026042001001617,PRVU,63,8,10,207.0,2070.0,2026-04-20,186951910,255,Himalayan Brokerage Company Limited,Brilliant Securities Pvt. Ltd.,2026-04-20 11:01:57.663892,Prabhu  Bank Limited
2026042001001643,PRVU,59,8,192,207.0,39744.0,2026-04-20,186951968,255,Deevyaa Securities & Stock House Pvt. Ltd,Brilliant Securities Pvt. Ltd.,2026-04-20 11:01:59.707862,Prabhu  Bank Limited
2026042001001743,PRVU,57,8,179,207.0,37053.0,2026-04-20,186952185,255,Aryatara Investment & Securities,Brilliant Securities Pvt. Ltd.,2026-04-20 11:02:06.631414,Prabhu  Bank Limited
2026042001001744,PRVU,57,44,154,207.0,31878.0,2026-04-20,186952188,255,Aryatara Investment & Securities,Dynamic Money Managers Securities Pvt. Ltd.,2026-04-20 11:02:06.631561,Prabhu  Bank Limited
2026042001001931,PRVU,13,44,95,207.0,19665.0,2026-04-20,186952626,255,Thrive Brokerage House Pvt. Ltd,Dynamic Money Managers Securities Pvt. Ltd.,2026-04-20 11:02:22.127569,Prabhu  Bank Limited
2026042001002352,PRVU,58,58,100,206.0,20600.0,2026-04-20,186953547,255,Naasa Securities Co. Ltd.,Naasa Securities Co. Ltd.,2026-04-20 11:02:42.487772,Prabhu  Bank Limited
2026042001002891,PRVU,53,44,1000,207.0,207000.0,2026-04-20,186954766,255,Investment Management Nepal Pvt. Ltd.,Dynamic Money Managers Securities Pvt. Ltd.,2026-04-20 11:03:20.201067,Prabhu  Bank Limited
2026042001003007,PRVU,33,44,500,207.0,103500.0,2026-04-20,186955038,255,Dakshinkali Investment & Securities Pvt. Ltd.,Dynamic Money Managers Securities Pvt. Ltd.,2026-04-20 11:03:29.873311,Prabhu  Bank Limited
2026042001003628,PRVU,58,44,10,207.0,2070.0,2026-04-20,186956388,255,Naasa Securities Co. Ltd.,Dynamic Money Managers Securities Pvt. Ltd.,2026-04-20 11:04:08.229182,Prabhu  Bank Limited
2026042001004717,PRVU,32,44,500,207.0,103500.0,2026-04-20,186958928,255,Premier Securities Company Ltd.,Dynamic Money Managers Securities Pvt. Ltd.,2026-04-20 11:05:39.153923,Prabhu  Bank Limited
2026042001004878,PRVU,57,44,400,207.0,82800.0,2026-04-20,186959292,255,Aryatara Investment & Securities,Dynamic Money Managers Securities Pvt. Ltd.,2026-04-20 11:05:54.003718,Prabhu  Bank Limited
2026042001005447,PRVU,6,13,200,206.8,41360.0,2026-04-20,186960626,255,Agrawal Securities (PVT) Ltd.,Thrive Brokerage House Pvt. Ltd,2026-04-20 11:06:34.060086,Prabhu  Bank Limited
2026042001005448,PRVU,42,13,200,206.8,41360.0,2026-04-20,186960628,255,Sani Securities Company Ltd.,Thrive Brokerage House Pvt. Ltd,2026-04-20 11:06:34.060182,Prabhu  Bank Limited
2026042001005449,PRVU,45,13,100,206.8,20680.0,2026-04-20,186960630,255,Imperial Securities Company Pvt. Ltd.,Thrive Brokerage House Pvt. Ltd,2026-04-20 11:06:34.060231,Prabhu  Bank Limited
2026042001006027,PRVU,25,13,72,206.6,14875.2,2026-04-20,186962087,255,Sweta Securities Private Limited,Thrive Brokerage House Pvt. Ltd,2026-04-20 11:07:20.431737,Prabhu  Bank Limited
2026042001006028,PRVU,58,13,100,206.0,20600.0,2026-04-20,186962089,255,Naasa Securities Co. Ltd.,Thrive Brokerage House Pvt. Ltd,2026-04-20 11:07:20.431958,Prabhu  Bank Limited
2026042001006029,PRVU,45,13,20,206.0,4120.0,2026-04-20,186962091,255,Imperial Securities Company Pvt. Ltd.,Thrive Brokerage House Pvt. Ltd,2026-04-20 11:07:20.432136,Prabhu  Bank Limited
2026042001006030,PRVU,43,13,10,206.0,2060.0,2026-04-20,186962093,255,South Asian Bulls Pvt. Ltd.,Thrive Brokerage House Pvt. Ltd,2026-04-20 11:07:20.432278,Prabhu  Bank Limited
2026042001006031,PRVU,58,13,30,206.0,6180.0,2026-04-20,186962095,255,Naasa Securities Co. Ltd.,Thrive Brokerage House Pvt. Ltd,2026-04-20 11:07:20.432433,Prabhu  Bank Limited
2026042001006032,PRVU,34,13,5000,206.0,1030000.0,2026-04-20,186962097,255,Vision Securities Pvt. Ltd,Thrive Brokerage House Pvt. Ltd,2026-04-20 11:07:20.432577,Prabhu  Bank Limited
2026042001006033,PRVU,34,13,268,206.0,55208.0,2026-04-20,186962098,255,Vision Securities Pvt. Ltd,Thrive Brokerage House Pvt. Ltd,2026-04-20 11:07:20.432731,Prabhu  Bank Limited
2026042001006445,PRVU,4,44,100,207.0,20700.0,2026-04-20,186963184,255,Opal Securities Investment (PVT) Ltd.,Dynamic Money Managers Securities Pvt. Ltd.,2026-04-20 11:07:44.291965,Prabhu  Bank Limited
2026042001006558,PRVU,34,13,1732,206.0,356792.0,2026-04-20,186963476,255,Vision Securities Pvt. Ltd,Thrive Brokerage House Pvt. Ltd,2026-04-20 11:07:52.957843,Prabhu  Bank Limited
2026042001007035,PRVU,33,34,200,205.2,41040.0,2026-04-20,186964638,255,Dakshinkali Investment & Securities Pvt. Ltd.,Vision Securities Pvt. Ltd,2026-04-20 11:08:26.933091,Prabhu  Bank Limited
2026042001007036,PRVU,58,34,250,205.0,51250.0,2026-04-20,186964640,255,Naasa Securities Co. Ltd.,Vision Securities Pvt. Ltd,2026-04-20 11:08:26.933330,Prabhu  Bank Limited
2026042001007037,PRVU,29,34,480,205.0,98400.0,2026-04-20,186964641,255,Trisul Securities & Invt. Ltd.,Vision Securities Pvt. Ltd,2026-04-20 11:08:26.933391,Prabhu  Bank Limited
2026042001007170,PRVU,29,32,20,205.0,4100.0,2026-04-20,186964978,255,Trisul Securities & Invt. Ltd.,Premier Securities Company Ltd.,2026-04-20 11:08:40.644512,Prabhu  Bank Limited
2026042001007171,PRVU,11,32,200,205.0,41000.0,2026-04-20,186964980,255,Malla & Malla Stock Broking Company Pvt. Limited,Premier Securities Company Ltd.,2026-04-20 11:08:40.644740,Prabhu  Bank Limited
2026042001007172,PRVU,42,32,280,205.0,57400.0,2026-04-20,186964981,255,Sani Securities Company Ltd.,Premier Securities Company Ltd.,2026-04-20 11:08:40.644882,Prabhu  Bank Limited
2026042001007370,PRVU,42,38,100,205.0,20500.0,2026-04-20,186965504,255,Sani Securities Company Ltd.,Dipshikha Dhitopatra Karobar Co. Pvt Ltd.,2026-04-20 11:08:58.807472,Prabhu  Bank Limited
2026042001007661,PRVU,21,13,150,205.3,30795.0,2026-04-20,186966234,255,Midas Stock Broking Company Private Limited,Thrive Brokerage House Pvt. Ltd,2026-04-20 11:09:19.891063,Prabhu  Bank Limited
2026042001007662,PRVU,42,13,620,205.0,127100.0,2026-04-20,186966236,255,Sani Securities Company Ltd.,Thrive Brokerage House Pvt. Ltd,2026-04-20 11:09:19.891303,Prabhu  Bank Limited
2026042001007663,PRVU,34,13,1000,205.0,205000.0,2026-04-20,186966238,255,Vision Securities Pvt. Ltd,Thrive Brokerage House Pvt. Ltd,2026-04-20 11:09:19.891459,Prabhu  Bank Limited
2026042001007664,PRVU,44,13,100,205.0,20500.0,2026-04-20,186966240,255,Dynamic Money Managers Securities Pvt. Ltd.,Thrive Brokerage House Pvt. Ltd,2026-04-20 11:09:19.891600,Prabhu  Bank Limited
2026042001007665,PRVU,34,13,398,205.0,81590.0,2026-04-20,186966241,255,Vision Securities Pvt. Ltd,Thrive Brokerage House Pvt. Ltd,2026-04-20 11:09:19.891741,Prabhu  Bank Limited
2026042001007899,PRVU,34,6,1602,205.0,328410.0,2026-04-20,186966856,255,Vision Securities Pvt. Ltd,Agrawal Securities (PVT) Ltd.,2026-04-20 11:09:39.397988,Prabhu  Bank Limited
2026042001007900,PRVU,58,6,55,205.0,11275.0,2026-04-20,186966858,255,Naasa Securities Co. Ltd.,Agrawal Securities (PVT) Ltd.,2026-04-20 11:09:39.398140,Prabhu  Bank Limited
2026042001008097,PRVU,14,6,48,205.0,9840.0,2026-04-20,186967330,255,Nepal Stock House (PVT) Ltd.,Agrawal Securities (PVT) Ltd.,2026-04-20 11:09:55.797955,Prabhu  Bank Limited
2026042001008130,PRVU,53,6,50,205.0,10250.0,2026-04-20,186967404,255,Investment Management Nepal Pvt. Ltd.,Agrawal Securities (PVT) Ltd.,2026-04-20 11:09:57.992588,Prabhu  Bank Limited
2026042001008298,PRVU,41,6,495,205.0,101475.0,2026-04-20,186967841,255,Linch Stock Market Ltd.,Agrawal Securities (PVT) Ltd.,2026-04-20 11:10:12.575712,Prabhu  Bank Limited
2026042001008325,PRVU,57,44,10,204.9,2049.0,2026-04-20,186967922,255,Aryatara Investment & Securities,Dynamic Money Managers Securities Pvt. Ltd.,2026-04-20 11:10:16.609683,Prabhu  Bank Limited
2026042001008326,PRVU,47,44,20,204.9,4098.0,2026-04-20,186967923,255,Neev Securities Pvt. Ltd.,Dynamic Money Managers Securities Pvt. Ltd.,2026-04-20 11:10:16.609790,Prabhu  Bank Limited
2026042001008889,PRVU,34,22,13,206.0,2678.0,2026-04-20,186969355,255,Vision Securities Pvt. Ltd,Siprabi Securities Pvt. Ltd.,2026-04-20 11:11:11.223816,Prabhu  Bank Limited
2026042001008890,PRVU,34,58,12,206.0,2472.0,2026-04-20,186969358,255,Vision Securities Pvt. Ltd,Naasa Securities Co. Ltd.,2026-04-20 11:11:11.223926,Prabhu  Bank Limited
2026042001009085,PRVU,81,58,30,206.0,6180.0,2026-04-20,186969850,255,Aakashbhairab Securities Ltd.,Naasa Securities Co. Ltd.,2026-04-20 11:11:22.810475,Prabhu  Bank Limited
2026042001010301,PRVU,37,36,300,205.0,61500.0,2026-04-20,186972894,255,Swarna Laxmi Securities Pvt. Ltd.,Secured Securities Ltd.,2026-04-20 11:12:58.499267,Prabhu  Bank Limited
2026042001010302,PRVU,47,36,200,204.9,40980.0,2026-04-20,186972895,255,Neev Securities Pvt. Ltd.,Secured Securities Ltd.,2026-04-20 11:12:58.499531,Prabhu  Bank Limited
2026042001010762,PRVU,42,38,60,205.5,12330.0,2026-04-20,186974025,255,Sani Securities Company Ltd.,Dipshikha Dhitopatra Karobar Co. Pvt Ltd.,2026-04-20 11:13:36.643368,Prabhu  Bank Limited
2026042001010983,PRVU,42,21,200,205.5,41100.0,2026-04-20,186974671,255,Sani Securities Company Ltd.,Midas Stock Broking Company Private Limited,2026-04-20 11:13:56.450717,Prabhu  Bank Limited
2026042001011212,PRVU,42,1,24,205.5,4932.0,2026-04-20,186975197,255,Sani Securities Company Ltd.,Kumari Securities Private Limited,2026-04-20 11:14:16.688643,Prabhu  Bank Limited
2026042001012126,PRVU,42,42,10,205.5,2055.0,2026-04-20,186977387,255,Sani Securities Company Ltd.,Sani Securities Company Ltd.,2026-04-20 11:15:06.579211,Prabhu  Bank Limited
2026042001013392,PRVU,58,49,100,205.1,20510.0,2026-04-20,186980560,255,Naasa Securities Co. Ltd.,Online Securities Pvt. Ltd.,2026-04-20 11:16:49.390492,Prabhu  Bank Limited
2026042001013393,PRVU,58,49,10,205.0,2050.0,2026-04-20,186980562,255,Naasa Securities Co. Ltd.,Online Securities Pvt. Ltd.,2026-04-20 11:16:49.390613,Prabhu  Bank Limited
2026042001013716,PRVU,49,33,50,205.0,10250.0,2026-04-20,186981401,255,Online Securities Pvt. Ltd.,Dakshinkali Investment & Securities Pvt. Ltd.,2026-04-20 11:17:18.083934,Prabhu  Bank Limited
2026042001013828,PRVU,52,17,100,205.7,20570.0,2026-04-20,186981670,255,Sundhara Securities Limited,ABC Securities Private Limited,2026-04-20 11:17:27.207213,Prabhu  Bank Limited
2026042001014103,PRVU,49,29,300,205.0,61500.0,2026-04-20,186982407,255,Online Securities Pvt. Ltd.,Trisul Securities & Invt. Ltd.,2026-04-20 11:17:54.087339,Prabhu  Bank Limited
2026042001014398,PRVU,49,58,80,205.0,16400.0,2026-04-20,186983313,255,Online Securities Pvt. Ltd.,Naasa Securities Co. Ltd.,2026-04-20 11:18:16.024903,Prabhu  Bank Limited
2026042001014857,PRVU,42,58,6,205.5,1233.0,2026-04-20,186984449,255,Sani Securities Company Ltd.,Naasa Securities Co. Ltd.,2026-04-20 11:18:50.226094,Prabhu  Bank Limited
2026042001015534,PRVU,58,58,60,205.5,12330.0,2026-04-20,186986038,255,Naasa Securities Co. Ltd.,Naasa Securities Co. Ltd.,2026-04-20 11:19:31.145230,Prabhu  Bank Limited
2026042001015878,PRVU,49,49,65,205.0,13325.0,2026-04-20,186986751,255,Online Securities Pvt. Ltd.,Online Securities Pvt. Ltd.,2026-04-20 11:19:37.570202,Prabhu  Bank Limited
2026042001015968,PRVU,34,58,50,205.1,10255.0,2026-04-20,186986970,255,Vision Securities Pvt. Ltd,Naasa Securities Co. Ltd.,2026-04-20 11:19:46.667044,Prabhu  Bank Limited
2026042001016168,PRVU,58,58,90,205.1,18459.0,2026-04-20,186987469,255,Naasa Securities Co. Ltd.,Naasa Securities Co. Ltd.,2026-04-20 11:20:08.985765,Prabhu  Bank Limited
2026042001016410,PRVU,48,17,900,205.7,185130.0,2026-04-20,186988073,255,Trishakti Securities Public Limited,ABC Securities Private Limited,2026-04-20 11:20:32.274268,Prabhu  Bank Limited
2026042001016807,PRVU,48,54,100,205.8,20580.0,2026-04-20,186989050,255,Trishakti Securities Public Limited,Sewa Securities Pvt. Ltd.,2026-04-20 11:21:05.667790,Prabhu  Bank Limited
2026042001017163,PRVU,58,34,10,205.1,2051.0,2026-04-20,186989853,255,Naasa Securities Co. Ltd.,Vision Securities Pvt. Ltd,2026-04-20 11:21:30.357569,Prabhu  Bank Limited
2026042001017397,PRVU,58,14,400,205.1,82040.0,2026-04-20,186990488,255,Naasa Securities Co. Ltd.,Nepal Stock House (PVT) Ltd.,2026-04-20 11:21:57.934822,Prabhu  Bank Limited
2026042001017398,PRVU,49,14,100,205.0,20500.0,2026-04-20,186990489,255,Online Securities Pvt. Ltd.,Nepal Stock House (PVT) Ltd.,2026-04-20 11:21:57.935229,Prabhu  Bank Limited
2026042001017535,PRVU,57,58,24,205.8,4939.2,2026-04-20,186990836,255,Aryatara Investment & Securities,Naasa Securities Co. Ltd.,2026-04-20 11:22:12.401596,Prabhu  Bank Limited
2026042001018081,PRVU,66,58,10,205.8,2058.0,2026-04-20,186992168,255,Miyo Securities Pvt Ltd,Naasa Securities Co. Ltd.,2026-04-20 11:22:56.885482,Prabhu  Bank Limited
2026042001018253,PRVU,49,58,10,205.0,2050.0,2026-04-20,186992595,255,Online Securities Pvt. Ltd.,Naasa Securities Co. Ltd.,2026-04-20 11:23:18.465068,Prabhu  Bank Limited
2026042001018595,PRVU,49,32,300,205.0,61500.0,2026-04-20,186993555,255,Online Securities Pvt. Ltd.,Premier Securities Company Ltd.,2026-04-20 11:23:53.595452,Prabhu  Bank Limited
2026042001018769,PRVU,49,58,15,205.0,3075.0,2026-04-20,186993975,255,Online Securities Pvt. Ltd.,Naasa Securities Co. Ltd.,2026-04-20 11:24:09.313119,Prabhu  Bank Limited
2026042001018835,PRVU,49,26,63,205.0,12915.0,2026-04-20,186994135,255,Online Securities Pvt. Ltd.,Asian Securities Private Ltd.,2026-04-20 11:24:14.903009,Prabhu  Bank Limited
2026042001019467,PRVU,10,32,100,205.1,20510.0,2026-04-20,186995760,255,Pragyan Securities (PVT) Ltd.,Premier Securities Company Ltd.,2026-04-20 11:25:26.450188,Prabhu  Bank Limited
2026042001020056,PRVU,58,32,30,205.8,6174.0,2026-04-20,186997174,255,Naasa Securities Co. Ltd.,Premier Securities Company Ltd.,2026-04-20 11:26:34.677359,Prabhu  Bank Limited
2026042001020159,PRVU,34,32,50,205.8,10290.0,2026-04-20,186997480,255,Vision Securities Pvt. Ltd,Premier Securities Company Ltd.,2026-04-20 11:26:49.238685,Prabhu  Bank Limited
2026042001020746,PRVU,50,32,420,205.8,86436.0,2026-04-20,186999114,255,Cristal Kanchanjanga Securites Pvt. Ltd.,Premier Securities Company Ltd.,2026-04-20 11:28:03.924387,Prabhu  Bank Limited
2026042001021250,PRVU,67,29,2,205.0,410.0,2026-04-20,187000449,255,Property Wiard Limited,Trisul Securities & Invt. Ltd.,2026-04-20 11:29:08.120015,Prabhu  Bank Limited
2026042001021638,PRVU,42,49,19,205.6,3906.4,2026-04-20,187001431,255,Sani Securities Company Ltd.,Online Securities Pvt. Ltd.,2026-04-20 11:30:00.866580,Prabhu  Bank Limited
2026042001021777,PRVU,42,32,81,205.6,16653.6,2026-04-20,187001796,255,Sani Securities Company Ltd.,Premier Securities Company Ltd.,2026-04-20 11:30:20.682433,Prabhu  Bank Limited
2026042001021948,PRVU,33,32,300,205.6,61680.0,2026-04-20,187002190,255,Dakshinkali Investment & Securities Pvt. Ltd.,Premier Securities Company Ltd.,2026-04-20 11:30:31.196571,Prabhu  Bank Limited
2026042001022108,PRVU,34,49,100,205.5,20550.0,2026-04-20,187002573,255,Vision Securities Pvt. Ltd,Online Securities Pvt. Ltd.,2026-04-20 11:30:45.968396,Prabhu  Bank Limited
2026042001022880,PRVU,34,54,297,205.5,61033.5,2026-04-20,187004683,255,Vision Securities Pvt. Ltd,Sewa Securities Pvt. Ltd.,2026-04-20 11:32:31.846915,Prabhu  Bank Limited
2026042001022883,PRVU,34,57,10,205.5,2055.0,2026-04-20,187004689,255,Vision Securities Pvt. Ltd,Aryatara Investment & Securities,2026-04-20 11:32:32.185231,Prabhu  Bank Limited
2026042001023535,PRVU,36,32,30,205.6,6168.0,2026-04-20,187006566,255,Secured Securities Ltd.,Premier Securities Company Ltd.,2026-04-20 11:34:03.231218,Prabhu  Bank Limited
2026042001023574,PRVU,36,32,33,205.6,6784.8,2026-04-20,187006692,255,Secured Securities Ltd.,Premier Securities Company Ltd.,2026-04-20 11:34:08.622816,Prabhu  Bank Limited
2026042001023656,PRVU,36,32,20,205.6,4112.0,2026-04-20,187006936,255,Secured Securities Ltd.,Premier Securities Company Ltd.,2026-04-20 11:34:21.942523,Prabhu  Bank Limited
2026042001023763,PRVU,57,32,33,205.6,6784.8,2026-04-20,187007216,255,Aryatara Investment & Securities,Premier Securities Company Ltd.,2026-04-20 11:34:39.142286,Prabhu  Bank Limited
2026042001024335,PRVU,58,6,10,206.0,2060.0,2026-04-20,187009004,255,Naasa Securities Co. Ltd.,Agrawal Securities (PVT) Ltd.,2026-04-20 11:36:02.923572,Prabhu  Bank Limited
2026042001024389,PRVU,1,6,96,206.0,19776.0,2026-04-20,187009235,255,Kumari Securities Private Limited,Agrawal Securities (PVT) Ltd.,2026-04-20 11:36:12.841965,Prabhu  Bank Limited
2026042001024390,PRVU,1,21,50,206.0,10300.0,2026-04-20,187009237,255,Kumari Securities Private Limited,Midas Stock Broking Company Private Limited,2026-04-20 11:36:12.842184,Prabhu  Bank Limited
2026042001024391,PRVU,1,6,104,206.0,21424.0,2026-04-20,187009240,255,Kumari Securities Private Limited,Agrawal Securities (PVT) Ltd.,2026-04-20 11:36:12.842285,Prabhu  Bank Limited
2026042001024423,PRVU,57,45,25,205.6,5140.0,2026-04-20,187009326,255,Aryatara Investment & Securities,Imperial Securities Company Pvt. Ltd.,2026-04-20 11:36:15.987099,Prabhu  Bank Limited
2026042001024424,PRVU,34,45,93,205.5,19111.5,2026-04-20,187009328,255,Vision Securities Pvt. Ltd,Imperial Securities Company Pvt. Ltd.,2026-04-20 11:36:15.987549,Prabhu  Bank Limited
2026042001024425,PRVU,16,45,500,205.5,102750.0,2026-04-20,187009330,255,Primo Securities (PVT) Ltd.,Imperial Securities Company Pvt. Ltd.,2026-04-20 11:36:15.987863,Prabhu  Bank Limited
2026042001024426,PRVU,45,45,100,205.5,20550.0,2026-04-20,187009332,255,Imperial Securities Company Pvt. Ltd.,Imperial Securities Company Pvt. Ltd.,2026-04-20 11:36:15.988165,Prabhu  Bank Limited
2026042001024427,PRVU,32,45,20,205.3,4106.0,2026-04-20,187009334,255,Premier Securities Company Ltd.,Imperial Securities Company Pvt. Ltd.,2026-04-20 11:36:15.988526,Prabhu  Bank Limited
2026042001024428,PRVU,48,45,10,205.3,2053.0,2026-04-20,187009336,255,Trishakti Securities Public Limited,Imperial Securities Company Pvt. Ltd.,2026-04-20 11:36:15.988831,Prabhu  Bank Limited
2026042001024429,PRVU,50,45,50,205.2,10260.0,2026-04-20,187009338,255,Cristal Kanchanjanga Securites Pvt. Ltd.,Imperial Securities Company Pvt. Ltd.,2026-04-20 11:36:15.989119,Prabhu  Bank Limited
2026042001024430,PRVU,42,45,1000,205.2,205200.0,2026-04-20,187009340,255,Sani Securities Company Ltd.,Imperial Securities Company Pvt. Ltd.,2026-04-20 11:36:15.989406,Prabhu  Bank Limited
2026042001024431,PRVU,10,45,150,205.1,30765.0,2026-04-20,187009342,255,Pragyan Securities (PVT) Ltd.,Imperial Securities Company Pvt. Ltd.,2026-04-20 11:36:15.989698,Prabhu  Bank Limited
2026042001024432,PRVU,35,45,200,205.1,41020.0,2026-04-20,187009344,255,Kohinoor Investment & Securities Pvt. Ltd.,Imperial Securities Company Pvt. Ltd.,2026-04-20 11:36:15.990034,Prabhu  Bank Limited
2026042001024433,PRVU,49,45,17,205.0,3485.0,2026-04-20,187009346,255,Online Securities Pvt. Ltd.,Imperial Securities Company Pvt. Ltd.,2026-04-20 11:36:15.990347,Prabhu  Bank Limited
2026042001024434,PRVU,46,45,40,205.0,8200.0,2026-04-20,187009348,255,Kalika Securities Pvt. Ltd.,Imperial Securities Company Pvt. Ltd.,2026-04-20 11:36:15.990650,Prabhu  Bank Limited
2026042001024435,PRVU,42,45,50,205.0,10250.0,2026-04-20,187009350,255,Sani Securities Company Ltd.,Imperial Securities Company Pvt. Ltd.,2026-04-20 11:36:15.990954,Prabhu  Bank Limited
2026042001024436,PRVU,59,45,100,205.0,20500.0,2026-04-20,187009352,255,Deevyaa Securities & Stock House Pvt. Ltd,Imperial Securities Company Pvt. Ltd.,2026-04-20 11:36:15.991274,Prabhu  Bank Limited
2026042001024437,PRVU,16,45,250,205.0,51250.0,2026-04-20,187009354,255,Primo Securities (PVT) Ltd.,Imperial Securities Company Pvt. Ltd.,2026-04-20 11:36:15.991573,Prabhu  Bank Limited
2026042001024438,PRVU,58,45,10,205.0,2050.0,2026-04-20,187009356,255,Naasa Securities Co. Ltd.,Imperial Securities Company Pvt. Ltd.,2026-04-20 11:36:15.991879,Prabhu  Bank Limited
2026042001024439,PRVU,57,45,10,205.0,2050.0,2026-04-20,187009358,255,Aryatara Investment & Securities,Imperial Securities Company Pvt. Ltd.,2026-04-20 11:36:15.992175,Prabhu  Bank Limited
2026042001024440,PRVU,38,45,26,205.0,5330.0,2026-04-20,187009360,255,Dipshikha Dhitopatra Karobar Co. Pvt Ltd.,Imperial Securities Company Pvt. Ltd.,2026-04-20 11:36:15.992374,Prabhu  Bank Limited
2026042001024441,PRVU,57,45,43,205.0,8815.0,2026-04-20,187009362,255,Aryatara Investment & Securities,Imperial Securities Company Pvt. Ltd.,2026-04-20 11:36:15.992472,Prabhu  Bank Limited
2026042001024442,PRVU,48,45,10,205.0,2050.0,2026-04-20,187009364,255,Trishakti Securities Public Limited,Imperial Securities Company Pvt. Ltd.,2026-04-20 11:36:15.992570,Prabhu  Bank Limited
2026042001024443,PRVU,33,45,500,205.0,102500.0,2026-04-20,187009366,255,Dakshinkali Investment & Securities Pvt. Ltd.,Imperial Securities Company Pvt. Ltd.,2026-04-20 11:36:15.992666,Prabhu  Bank Limited
2026042001024444,PRVU,8,45,150,205.0,30750.0,2026-04-20,187009368,255,Brilliant Securities Pvt. Ltd.,Imperial Securities Company Pvt. Ltd.,2026-04-20 11:36:15.992789,Prabhu  Bank Limited
2026042001024445,PRVU,53,45,1000,205.0,205000.0,2026-04-20,187009370,255,Investment Management Nepal Pvt. Ltd.,Imperial Securities Company Pvt. Ltd.,2026-04-20 11:36:15.992884,Prabhu  Bank Limited
2026042001024446,PRVU,58,45,315,205.0,64575.0,2026-04-20,187009372,255,Naasa Securities Co. Ltd.,Imperial Securities Company Pvt. Ltd.,2026-04-20 11:36:15.992981,Prabhu  Bank Limited
2026042001024447,PRVU,44,45,60,205.0,12300.0,2026-04-20,187009374,255,Dynamic Money Managers Securities Pvt. Ltd.,Imperial Securities Company Pvt. Ltd.,2026-04-20 11:36:15.993079,Prabhu  Bank Limited
2026042001024448,PRVU,57,45,100,205.0,20500.0,2026-04-20,187009376,255,Aryatara Investment & Securities,Imperial Securities Company Pvt. Ltd.,2026-04-20 11:36:15.993171,Prabhu  Bank Limited
2026042001024449,PRVU,29,45,20,205.0,4100.0,2026-04-20,187009378,255,Trisul Securities & Invt. Ltd.,Imperial Securities Company Pvt. Ltd.,2026-04-20 11:36:15.993263,Prabhu  Bank Limited
2026042001024450,PRVU,88,45,150,205.0,30750.0,2026-04-20,187009380,255,Blue Chip Securities Ltd,Imperial Securities Company Pvt. Ltd.,2026-04-20 11:36:15.993357,Prabhu  Bank Limited
2026042001024451,PRVU,54,45,300,205.0,61500.0,2026-04-20,187009382,255,Sewa Securities Pvt. Ltd.,Imperial Securities Company Pvt. Ltd.,2026-04-20 11:36:15.993452,Prabhu  Bank Limited
2026042001024452,PRVU,58,45,38,205.0,7790.0,2026-04-20,187009384,255,Naasa Securities Co. Ltd.,Imperial Securities Company Pvt. Ltd.,2026-04-20 11:36:15.993548,Prabhu  Bank Limited
2026042001024453,PRVU,58,45,63,205.0,12915.0,2026-04-20,187009385,255,Naasa Securities Co. Ltd.,Imperial Securities Company Pvt. Ltd.,2026-04-20 11:36:15.993645,Prabhu  Bank Limited
2026042001025191,PRVU,58,58,180,205.0,36900.0,2026-04-20,187011570,255,Naasa Securities Co. Ltd.,Naasa Securities Co. Ltd.,2026-04-20 11:37:49.401632,Prabhu  Bank Limited
2026042001025192,PRVU,34,58,50,205.0,10250.0,2026-04-20,187011572,255,Vision Securities Pvt. Ltd,Naasa Securities Co. Ltd.,2026-04-20 11:37:49.401866,Prabhu  Bank Limited
2026042001025193,PRVU,16,58,79,205.0,16195.0,2026-04-20,187011573,255,Primo Securities (PVT) Ltd.,Naasa Securities Co. Ltd.,2026-04-20 11:37:49.401961,Prabhu  Bank Limited
2026042001025569,PRVU,16,42,27,205.0,5535.0,2026-04-20,187012730,255,Primo Securities (PVT) Ltd.,Sani Securities Company Ltd.,2026-04-20 11:38:41.141061,Prabhu  Bank Limited
2026042001025570,PRVU,56,42,23,205.0,4715.0,2026-04-20,187012731,255,Sri Hari Securities Pvt. Ltd.,Sani Securities Company Ltd.,2026-04-20 11:38:41.141464,Prabhu  Bank Limited
2026042001025600,PRVU,56,97,76,205.0,15580.0,2026-04-20,187012817,255,Sri Hari Securities Pvt. Ltd.,R.B.B. Securities Company Ltd,2026-04-20 11:38:48.742194,Prabhu  Bank Limited
2026042001025601,PRVU,56,58,1,205.0,205.0,2026-04-20,187012819,255,Sri Hari Securities Pvt. Ltd.,Naasa Securities Co. Ltd.,2026-04-20 11:38:48.742284,Prabhu  Bank Limited
2026042001026017,PRVU,57,41,60,205.0,12300.0,2026-04-20,187014061,255,Aryatara Investment & Securities,Linch Stock Market Ltd.,2026-04-20 11:39:59.285081,Prabhu  Bank Limited
2026042001026541,PRVU,57,17,450,205.0,92250.0,2026-04-20,187015443,255,Aryatara Investment & Securities,ABC Securities Private Limited,2026-04-20 11:41:12.370220,Prabhu  Bank Limited
2026042001026584,PRVU,34,13,25,205.9,5147.5,2026-04-20,187015544,255,Vision Securities Pvt. Ltd,Thrive Brokerage House Pvt. Ltd,2026-04-20 11:41:16.764770,Prabhu  Bank Limited
2026042001026736,PRVU,57,7,95,205.0,19475.0,2026-04-20,187015913,255,Aryatara Investment & Securities,J.F. Securites (PVT) Ltd.,2026-04-20 11:41:35.131747,Prabhu  Bank Limited
2026042001026929,PRVU,34,13,100,205.9,20590.0,2026-04-20,187016428,255,Vision Securities Pvt. Ltd,Thrive Brokerage House Pvt. Ltd,2026-04-20 11:41:58.997720,Prabhu  Bank Limited
2026042001026968,PRVU,57,39,394,205.0,80770.0,2026-04-20,187016512,255,Aryatara Investment & Securities,Sumeru Securities Pvt. Ltd.,2026-04-20 11:42:01.464660,Prabhu  Bank Limited
2026042001026969,PRVU,57,39,35,205.0,7175.0,2026-04-20,187016514,255,Aryatara Investment & Securities,Sumeru Securities Pvt. Ltd.,2026-04-20 11:42:01.464861,Prabhu  Bank Limited
2026042001026970,PRVU,58,39,100,205.0,20500.0,2026-04-20,187016516,255,Naasa Securities Co. Ltd.,Sumeru Securities Pvt. Ltd.,2026-04-20 11:42:01.464988,Prabhu  Bank Limited
2026042001026971,PRVU,44,39,37,205.0,7585.0,2026-04-20,187016518,255,Dynamic Money Managers Securities Pvt. Ltd.,Sumeru Securities Pvt. Ltd.,2026-04-20 11:42:01.465092,Prabhu  Bank Limited
2026042001027014,PRVU,42,39,50,205.0,10250.0,2026-04-20,187016628,255,Sani Securities Company Ltd.,Sumeru Securities Pvt. Ltd.,2026-04-20 11:42:06.392210,Prabhu  Bank Limited
2026042001027065,PRVU,45,39,384,205.0,78720.0,2026-04-20,187016793,255,Imperial Securities Company Pvt. Ltd.,Sumeru Securities Pvt. Ltd.,2026-04-20 11:42:15.252184,Prabhu  Bank Limited
2026042001027192,PRVU,45,38,70,205.0,14350.0,2026-04-20,187017165,255,Imperial Securities Company Pvt. Ltd.,Dipshikha Dhitopatra Karobar Co. Pvt Ltd.,2026-04-20 11:42:35.021518,Prabhu  Bank Limited
2026042001027542,PRVU,42,49,37,205.1,7588.7,2026-04-20,187018271,255,Sani Securities Company Ltd.,Online Securities Pvt. Ltd.,2026-04-20 11:43:35.359205,Prabhu  Bank Limited
2026042001029319,PRVU,51,33,200,205.8,41160.0,2026-04-20,187023738,255,Oxford Securities Pvt. Ltd.,Dakshinkali Investment & Securities Pvt. Ltd.,2026-04-20 11:47:41.136095,Prabhu  Bank Limited
2026042001029356,PRVU,35,33,22,205.8,4527.6,2026-04-20,187023846,255,Kohinoor Investment & Securities Pvt. Ltd.,Dakshinkali Investment & Securities Pvt. Ltd.,2026-04-20 11:47:49.800498,Prabhu  Bank Limited
2026042001030213,PRVU,42,13,13,205.1,2666.3,2026-04-20,187026536,255,Sani Securities Company Ltd.,Thrive Brokerage House Pvt. Ltd,2026-04-20 11:50:06.004812,Prabhu  Bank Limited
2026042001030214,PRVU,65,13,600,205.1,123060.0,2026-04-20,187026538,255,Sharepro Securities Private Limited,Thrive Brokerage House Pvt. Ltd,2026-04-20 11:50:06.005055,Prabhu  Bank Limited
2026042001030215,PRVU,68,13,30,205.1,6153.0,2026-04-20,187026540,255,Elite Stock House Limited,Thrive Brokerage House Pvt. Ltd,2026-04-20 11:50:06.005177,Prabhu  Bank Limited
2026042001030216,PRVU,45,13,546,205.0,111930.0,2026-04-20,187026542,255,Imperial Securities Company Pvt. Ltd.,Thrive Brokerage House Pvt. Ltd,2026-04-20 11:50:06.005298,Prabhu  Bank Limited
2026042001030217,PRVU,56,13,186,205.0,38130.0,2026-04-20,187026543,255,Sri Hari Securities Pvt. Ltd.,Thrive Brokerage House Pvt. Ltd,2026-04-20 11:50:06.005415,Prabhu  Bank Limited
2026042001030240,PRVU,42,49,417,205.1,85526.7,2026-04-20,187026615,255,Sani Securities Company Ltd.,Online Securities Pvt. Ltd.,2026-04-20 11:50:10.811014,Prabhu  Bank Limited
2026042001030361,PRVU,42,57,33,205.1,6768.3,2026-04-20,187027010,255,Sani Securities Company Ltd.,Aryatara Investment & Securities,2026-04-20 11:50:36.240402,Prabhu  Bank Limited
2026042001030362,PRVU,56,57,44,205.0,9020.0,2026-04-20,187027012,255,Sri Hari Securities Pvt. Ltd.,Aryatara Investment & Securities,2026-04-20 11:50:36.240454,Prabhu  Bank Limited
2026042001030363,PRVU,35,57,223,205.0,45715.0,2026-04-20,187027013,255,Kohinoor Investment & Securities Pvt. Ltd.,Aryatara Investment & Securities,2026-04-20 11:50:36.240475,Prabhu  Bank Limited
2026042001030481,PRVU,35,13,100,205.0,20500.0,2026-04-20,187027533,255,Kohinoor Investment & Securities Pvt. Ltd.,Thrive Brokerage House Pvt. Ltd,2026-04-20 11:51:04.233072,Prabhu  Bank Limited
2026042001030596,PRVU,35,57,177,205.0,36285.0,2026-04-20,187027890,255,Kohinoor Investment & Securities Pvt. Ltd.,Aryatara Investment & Securities,2026-04-20 11:51:24.243929,Prabhu  Bank Limited
2026042001030597,PRVU,48,57,10,205.0,2050.0,2026-04-20,187027892,255,Trishakti Securities Public Limited,Aryatara Investment & Securities,2026-04-20 11:51:24.244161,Prabhu  Bank Limited
2026042001030598,PRVU,39,57,500,205.0,102500.0,2026-04-20,187027894,255,Sumeru Securities Pvt. Ltd.,Aryatara Investment & Securities,2026-04-20 11:51:24.244279,Prabhu  Bank Limited
2026042001030599,PRVU,5,57,313,205.0,64165.0,2026-04-20,187027895,255,Market Securities & Exchange (PVT) Ltd.,Aryatara Investment & Securities,2026-04-20 11:51:24.244392,Prabhu  Bank Limited
2026042001030706,PRVU,5,5,187,205.0,38335.0,2026-04-20,187028242,255,Market Securities & Exchange (PVT) Ltd.,Market Securities & Exchange (PVT) Ltd.,2026-04-20 11:51:39.873999,Prabhu  Bank Limited
2026042001031461,PRVU,47,35,220,204.9,45078.0,2026-04-20,187030571,255,Neev Securities Pvt. Ltd.,Kohinoor Investment & Securities Pvt. Ltd.,2026-04-20 11:53:24.500732,Prabhu  Bank Limited
2026042001031558,PRVU,7,5,65,205.0,13325.0,2026-04-20,187030914,255,J.F. Securites (PVT) Ltd.,Market Securities & Exchange (PVT) Ltd.,2026-04-20 11:53:42.587456,Prabhu  Bank Limited
2026042001031666,PRVU,58,5,25,205.0,5125.0,2026-04-20,187031258,255,Naasa Securities Co. Ltd.,Market Securities & Exchange (PVT) Ltd.,2026-04-20 11:53:59.285515,Prabhu  Bank Limited
2026042001031819,PRVU,5,5,499,205.0,102295.0,2026-04-20,187031890,255,Market Securities & Exchange (PVT) Ltd.,Market Securities & Exchange (PVT) Ltd.,2026-04-20 11:54:25.909329,Prabhu  Bank Limited
2026042001032168,PRVU,47,34,60,204.9,12294.0,2026-04-20,187032742,255,Neev Securities Pvt. Ltd.,Vision Securities Pvt. Ltd,2026-04-20 11:54:58.977318,Prabhu  Bank Limited
2026042001032169,PRVU,54,34,26,204.9,5327.4,2026-04-20,187032743,255,Sewa Securities Pvt. Ltd.,Vision Securities Pvt. Ltd,2026-04-20 11:54:58.977552,Prabhu  Bank Limited
2026042001032456,PRVU,63,33,130,205.8,26754.0,2026-04-20,187033758,255,Himalayan Brokerage Company Limited,Dakshinkali Investment & Securities Pvt. Ltd.,2026-04-20 11:55:45.997286,Prabhu  Bank Limited
2026042001033459,PRVU,42,58,10,205.0,2050.0,2026-04-20,187036913,255,Sani Securities Company Ltd.,Naasa Securities Co. Ltd.,2026-04-20 11:58:14.190156,Prabhu  Bank Limited
2026042001034106,PRVU,38,74,100,205.1,20510.0,2026-04-20,187038980,255,Dipshikha Dhitopatra Karobar Co. Pvt Ltd.,KALASH STOCK MARKET PVT. LTD.,2026-04-20 12:00:14.572465,Prabhu  Bank Limited
2026042001034107,PRVU,42,74,900,205.0,184500.0,2026-04-20,187038981,255,Sani Securities Company Ltd.,KALASH STOCK MARKET PVT. LTD.,2026-04-20 12:00:14.572571,Prabhu  Bank Limited
2026042001034643,PRVU,42,74,90,205.0,18450.0,2026-04-20,187040574,255,Sani Securities Company Ltd.,KALASH STOCK MARKET PVT. LTD.,2026-04-20 12:01:38.991412,Prabhu  Bank Limited
2026042001034644,PRVU,36,74,10,205.0,2050.0,2026-04-20,187040576,255,Secured Securities Ltd.,KALASH STOCK MARKET PVT. LTD.,2026-04-20 12:01:38.991924,Prabhu  Bank Limited
2026042001034645,PRVU,58,74,900,205.0,184500.0,2026-04-20,187040577,255,Naasa Securities Co. Ltd.,KALASH STOCK MARKET PVT. LTD.,2026-04-20 12:01:38.992282,Prabhu  Bank Limited
2026042001034648,PRVU,58,14,1096,205.0,224680.0,2026-04-20,187040592,255,Naasa Securities Co. Ltd.,Nepal Stock House (PVT) Ltd.,2026-04-20 12:01:40.876896,Prabhu  Bank Limited
2026042001034995,PRVU,14,14,50,205.0,10250.0,2026-04-20,187041740,255,Nepal Stock House (PVT) Ltd.,Nepal Stock House (PVT) Ltd.,2026-04-20 12:02:52.255998,Prabhu  Bank Limited
2026042001035720,PRVU,54,48,177,204.9,36267.3,2026-04-20,187043965,255,Sewa Securities Pvt. Ltd.,Trishakti Securities Public Limited,2026-04-20 12:05:36.293111,Prabhu  Bank Limited
2026042001035792,PRVU,4,14,10,205.0,2050.0,2026-04-20,187044212,255,Opal Securities Investment (PVT) Ltd.,Nepal Stock House (PVT) Ltd.,2026-04-20 12:05:57.007594,Prabhu  Bank Limited
2026042001035821,PRVU,54,8,36,204.9,7376.4,2026-04-20,187044291,255,Sewa Securities Pvt. Ltd.,Brilliant Securities Pvt. Ltd.,2026-04-20 12:06:03.035308,Prabhu  Bank Limited
2026042001035862,PRVU,57,14,10,205.0,2050.0,2026-04-20,187044418,255,Aryatara Investment & Securities,Nepal Stock House (PVT) Ltd.,2026-04-20 12:06:10.763131,Prabhu  Bank Limited
2026042001035974,PRVU,34,14,350,205.0,71750.0,2026-04-20,187044758,255,Vision Securities Pvt. Ltd,Nepal Stock House (PVT) Ltd.,2026-04-20 12:06:42.110574,Prabhu  Bank Limited
2026042001035982,PRVU,58,14,80,205.0,16400.0,2026-04-20,187044778,255,Naasa Securities Co. Ltd.,Nepal Stock House (PVT) Ltd.,2026-04-20 12:06:43.258776,Prabhu  Bank Limited
2026042001036124,PRVU,57,14,10,205.0,2050.0,2026-04-20,187045248,255,Aryatara Investment & Securities,Nepal Stock House (PVT) Ltd.,2026-04-20 12:07:18.532736,Prabhu  Bank Limited
2026042001036189,PRVU,54,57,50,204.9,10245.0,2026-04-20,187045433,255,Sewa Securities Pvt. Ltd.,Aryatara Investment & Securities,2026-04-20 12:07:35.918582,Prabhu  Bank Limited
2026042001036355,PRVU,54,7,11,204.9,2253.9,2026-04-20,187045998,255,Sewa Securities Pvt. Ltd.,J.F. Securites (PVT) Ltd.,2026-04-20 12:08:23.528184,Prabhu  Bank Limited
2026042001036356,PRVU,4,7,10,204.9,2049.0,2026-04-20,187046000,255,Opal Securities Investment (PVT) Ltd.,J.F. Securites (PVT) Ltd.,2026-04-20 12:08:23.528305,Prabhu  Bank Limited
2026042001036357,PRVU,32,7,10,204.8,2048.0,2026-04-20,187046002,255,Premier Securities Company Ltd.,J.F. Securites (PVT) Ltd.,2026-04-20 12:08:23.528375,Prabhu  Bank Limited
2026042001036358,PRVU,54,7,64,204.8,13107.2,2026-04-20,187046003,255,Sewa Securities Pvt. Ltd.,J.F. Securites (PVT) Ltd.,2026-04-20 12:08:23.528424,Prabhu  Bank Limited
2026042001036452,PRVU,38,14,90,205.0,18450.0,2026-04-20,187046322,255,Dipshikha Dhitopatra Karobar Co. Pvt Ltd.,Nepal Stock House (PVT) Ltd.,2026-04-20 12:08:48.627238,Prabhu  Bank Limited
2026042001036621,PRVU,54,50,27,204.8,5529.6,2026-04-20,187046821,255,Sewa Securities Pvt. Ltd.,Cristal Kanchanjanga Securites Pvt. Ltd.,2026-04-20 12:09:24.346314,Prabhu  Bank Limited
2026042001036895,PRVU,34,14,150,205.0,30750.0,2026-04-20,187047596,255,Vision Securities Pvt. Ltd,Nepal Stock House (PVT) Ltd.,2026-04-20 12:10:10.635008,Prabhu  Bank Limited
2026042001037214,PRVU,49,14,40,205.0,8200.0,2026-04-20,187048500,255,Online Securities Pvt. Ltd.,Nepal Stock House (PVT) Ltd.,2026-04-20 12:11:04.868361,Prabhu  Bank Limited
2026042001037573,PRVU,5,14,114,205.0,23370.0,2026-04-20,187049617,255,Market Securities & Exchange (PVT) Ltd.,Nepal Stock House (PVT) Ltd.,2026-04-20 12:12:23.476351,Prabhu  Bank Limited
2026042001037574,PRVU,5,50,69,205.0,14145.0,2026-04-20,187049619,255,Market Securities & Exchange (PVT) Ltd.,Cristal Kanchanjanga Securites Pvt. Ltd.,2026-04-20 12:12:23.476590,Prabhu  Bank Limited
2026042001037575,PRVU,5,58,17,205.0,3485.0,2026-04-20,187049622,255,Market Securities & Exchange (PVT) Ltd.,Naasa Securities Co. Ltd.,2026-04-20 12:12:23.476725,Prabhu  Bank Limited
2026042001037946,PRVU,58,56,15,205.0,3075.0,2026-04-20,187050654,255,Naasa Securities Co. Ltd.,Sri Hari Securities Pvt. Ltd.,2026-04-20 12:13:08.706351,Prabhu  Bank Limited
2026042001038253,PRVU,67,16,7,200.0,1400.0,2026-04-20,187051659,255,Property Wiard Limited,Primo Securities (PVT) Ltd.,2026-04-20 12:14:21.983510,Prabhu  Bank Limited
2026042001038403,PRVU,5,56,100,205.0,20500.0,2026-04-20,187052118,255,Market Securities & Exchange (PVT) Ltd.,Sri Hari Securities Pvt. Ltd.,2026-04-20 12:14:45.876662,Prabhu  Bank Limited
2026042001038820,PRVU,66,56,15,205.0,3075.0,2026-04-20,187053453,255,Miyo Securities Pvt Ltd,Sri Hari Securities Pvt. Ltd.,2026-04-20 12:16:26.547005,Prabhu  Bank Limited
2026042001038821,PRVU,66,57,10,205.0,2050.0,2026-04-20,187053455,255,Miyo Securities Pvt Ltd,Aryatara Investment & Securities,2026-04-20 12:16:26.547378,Prabhu  Bank Limited
2026042001038822,PRVU,66,11,50,205.0,10250.0,2026-04-20,187053457,255,Miyo Securities Pvt Ltd,Malla & Malla Stock Broking Company Pvt. Limited,2026-04-20 12:16:26.547519,Prabhu  Bank Limited
2026042001038823,PRVU,66,49,10,205.7,2057.0,2026-04-20,187053459,255,Miyo Securities Pvt Ltd,Online Securities Pvt. Ltd.,2026-04-20 12:16:26.547655,Prabhu  Bank Limited
2026042001038824,PRVU,66,49,24,205.7,4936.8,2026-04-20,187053462,255,Miyo Securities Pvt Ltd,Online Securities Pvt. Ltd.,2026-04-20 12:16:26.547786,Prabhu  Bank Limited
2026042001038936,PRVU,77,56,10,205.0,2050.0,2026-04-20,187053802,255,Nabil Stock Dealer Ltd.,Sri Hari Securities Pvt. Ltd.,2026-04-20 12:16:49.874264,Prabhu  Bank Limited
2026042001038937,PRVU,62,56,250,204.9,51225.0,2026-04-20,187053804,255,Capital Max Securities Ltd,Sri Hari Securities Pvt. Ltd.,2026-04-20 12:16:49.874887,Prabhu  Bank Limited
2026042001038938,PRVU,42,56,50,204.9,10245.0,2026-04-20,187053806,255,Sani Securities Company Ltd.,Sri Hari Securities Pvt. Ltd.,2026-04-20 12:16:49.875302,Prabhu  Bank Limited
2026042001038939,PRVU,56,56,35,204.9,7171.5,2026-04-20,187053808,255,Sri Hari Securities Pvt. Ltd.,Sri Hari Securities Pvt. Ltd.,2026-04-20 12:16:49.875698,Prabhu  Bank Limited
2026042001039008,PRVU,49,56,46,204.9,9425.4,2026-04-20,187054033,255,Online Securities Pvt. Ltd.,Sri Hari Securities Pvt. Ltd.,2026-04-20 12:17:05.393983,Prabhu  Bank Limited
2026042001039359,PRVU,49,54,12,205.0,2460.0,2026-04-20,187055249,255,Online Securities Pvt. Ltd.,Sewa Securities Pvt. Ltd.,2026-04-20 12:18:34.659387,Prabhu  Bank Limited
2026042001039566,PRVU,49,29,82,205.0,16810.0,2026-04-20,187055912,255,Online Securities Pvt. Ltd.,Trisul Securities & Invt. Ltd.,2026-04-20 12:19:15.955361,Prabhu  Bank Limited
2026042001039889,PRVU,58,29,18,205.0,3690.0,2026-04-20,187056805,255,Naasa Securities Co. Ltd.,Trisul Securities & Invt. Ltd.,2026-04-20 12:20:00.131043,Prabhu  Bank Limited
2026042001040095,PRVU,17,49,66,205.7,13576.2,2026-04-20,187057517,255,ABC Securities Private Limited,Online Securities Pvt. Ltd.,2026-04-20 12:20:59.755944,Prabhu  Bank Limited
2026042001040096,PRVU,17,33,109,205.8,22432.2,2026-04-20,187057519,255,ABC Securities Private Limited,Dakshinkali Investment & Securities Pvt. Ltd.,2026-04-20 12:20:59.756249,Prabhu  Bank Limited
2026042001040097,PRVU,17,58,125,205.8,25725.0,2026-04-20,187057522,255,ABC Securities Private Limited,Naasa Securities Co. Ltd.,2026-04-20 12:20:59.756397,Prabhu  Bank Limited
2026042001041134,PRVU,50,42,30,205.2,6156.0,2026-04-20,187060704,255,Cristal Kanchanjanga Securites Pvt. Ltd.,Sani Securities Company Ltd.,2026-04-20 12:24:35.079814,Prabhu  Bank Limited
2026042001041135,PRVU,34,42,25,205.2,5130.0,2026-04-20,187060705,255,Vision Securities Pvt. Ltd,Sani Securities Company Ltd.,2026-04-20 12:24:35.080457,Prabhu  Bank Limited
2026042001041393,PRVU,34,14,500,205.2,102600.0,2026-04-20,187061703,255,Vision Securities Pvt. Ltd,Nepal Stock House (PVT) Ltd.,2026-04-20 12:25:58.725873,Prabhu  Bank Limited
2026042001041590,PRVU,34,14,475,205.2,97470.0,2026-04-20,187062478,255,Vision Securities Pvt. Ltd,Nepal Stock House (PVT) Ltd.,2026-04-20 12:27:02.125009,Prabhu  Bank Limited
2026042001041591,PRVU,35,14,300,205.2,61560.0,2026-04-20,187062480,255,Kohinoor Investment & Securities Pvt. Ltd.,Nepal Stock House (PVT) Ltd.,2026-04-20 12:27:02.125320,Prabhu  Bank Limited
2026042001041592,PRVU,88,14,111,205.1,22766.1,2026-04-20,187062482,255,Blue Chip Securities Ltd,Nepal Stock House (PVT) Ltd.,2026-04-20 12:27:02.125473,Prabhu  Bank Limited
2026042001041593,PRVU,58,14,32,205.0,6560.0,2026-04-20,187062484,255,Naasa Securities Co. Ltd.,Nepal Stock House (PVT) Ltd.,2026-04-20 12:27:02.125623,Prabhu  Bank Limited
2026042001041594,PRVU,42,14,1000,205.0,205000.0,2026-04-20,187062486,255,Sani Securities Company Ltd.,Nepal Stock House (PVT) Ltd.,2026-04-20 12:27:02.125766,Prabhu  Bank Limited
2026042001041595,PRVU,38,14,82,205.0,16810.0,2026-04-20,187062487,255,Dipshikha Dhitopatra Karobar Co. Pvt Ltd.,Nepal Stock House (PVT) Ltd.,2026-04-20 12:27:02.125911,Prabhu  Bank Limited
2026042001041643,PRVU,38,62,18,205.0,3690.0,2026-04-20,187062704,255,Dipshikha Dhitopatra Karobar Co. Pvt Ltd.,Capital Max Securities Ltd,2026-04-20 12:27:18.263666,Prabhu  Bank Limited
2026042001041644,PRVU,88,62,111,205.0,22755.0,2026-04-20,187062706,255,Blue Chip Securities Ltd,Capital Max Securities Ltd,2026-04-20 12:27:18.264331,Prabhu  Bank Limited
2026042001041645,PRVU,1,62,1000,204.9,204900.0,2026-04-20,187062708,255,Kumari Securities Private Limited,Capital Max Securities Ltd,2026-04-20 12:27:18.264770,Prabhu  Bank Limited
2026042001041646,PRVU,54,62,209,204.8,42803.2,2026-04-20,187062710,255,Sewa Securities Pvt. Ltd.,Capital Max Securities Ltd,2026-04-20 12:27:18.265232,Prabhu  Bank Limited
2026042001041647,PRVU,58,62,159,204.8,32563.2,2026-04-20,187062712,255,Naasa Securities Co. Ltd.,Capital Max Securities Ltd,2026-04-20 12:27:18.265668,Prabhu  Bank Limited
2026042001041648,PRVU,4,62,10,204.8,2048.0,2026-04-20,187062714,255,Opal Securities Investment (PVT) Ltd.,Capital Max Securities Ltd,2026-04-20 12:27:18.266116,Prabhu  Bank Limited
2026042001041649,PRVU,16,62,20,204.8,4096.0,2026-04-20,187062716,255,Primo Securities (PVT) Ltd.,Capital Max Securities Ltd,2026-04-20 12:27:18.266553,Prabhu  Bank Limited
2026042001041650,PRVU,57,62,25,204.8,5120.0,2026-04-20,187062718,255,Aryatara Investment & Securities,Capital Max Securities Ltd,2026-04-20 12:27:18.266981,Prabhu  Bank Limited
2026042001041651,PRVU,4,62,10,204.8,2048.0,2026-04-20,187062720,255,Opal Securities Investment (PVT) Ltd.,Capital Max Securities Ltd,2026-04-20 12:27:18.267420,Prabhu  Bank Limited
2026042001041652,PRVU,8,62,301,204.8,61644.8,2026-04-20,187062722,255,Brilliant Securities Pvt. Ltd.,Capital Max Securities Ltd,2026-04-20 12:27:18.267845,Prabhu  Bank Limited
2026042001041653,PRVU,4,62,10,204.7,2047.0,2026-04-20,187062724,255,Opal Securities Investment (PVT) Ltd.,Capital Max Securities Ltd,2026-04-20 12:27:18.268289,Prabhu  Bank Limited
2026042001041654,PRVU,21,62,127,204.5,25971.5,2026-04-20,187062725,255,Midas Stock Broking Company Private Limited,Capital Max Securities Ltd,2026-04-20 12:27:18.268714,Prabhu  Bank Limited
2026042001042000,PRVU,42,22,2000,205.2,410400.0,2026-04-20,187063935,255,Sani Securities Company Ltd.,Siprabi Securities Pvt. Ltd.,2026-04-20 12:29:15.516117,Prabhu  Bank Limited
2026042001042004,PRVU,58,22,10,205.7,2057.0,2026-04-20,187063948,255,Naasa Securities Co. Ltd.,Siprabi Securities Pvt. Ltd.,2026-04-20 12:29:16.149659,Prabhu  Bank Limited
2026042001042019,PRVU,32,34,100,205.0,20500.0,2026-04-20,187064018,255,Premier Securities Company Ltd.,Vision Securities Pvt. Ltd,2026-04-20 12:29:24.099271,Prabhu  Bank Limited
2026042001042105,PRVU,8,26,270,205.0,55350.0,2026-04-20,187064306,255,Brilliant Securities Pvt. Ltd.,Asian Securities Private Ltd.,2026-04-20 12:29:53.332452,Prabhu  Bank Limited
2026042001042316,PRVU,8,10,530,205.5,108915.0,2026-04-20,187065003,255,Brilliant Securities Pvt. Ltd.,Pragyan Securities (PVT) Ltd.,2026-04-20 12:31:01.041291,Prabhu  Bank Limited
2026042001042328,PRVU,8,34,70,205.5,14385.0,2026-04-20,187065038,255,Brilliant Securities Pvt. Ltd.,Vision Securities Pvt. Ltd,2026-04-20 12:31:05.259733,Prabhu  Bank Limited
2026042001042373,PRVU,49,34,75,205.6,15420.0,2026-04-20,187065156,255,Online Securities Pvt. Ltd.,Vision Securities Pvt. Ltd,2026-04-20 12:31:17.371817,Prabhu  Bank Limited
2026042001042735,PRVU,58,10,143,205.0,29315.0,2026-04-20,187066138,255,Naasa Securities Co. Ltd.,Pragyan Securities (PVT) Ltd.,2026-04-20 12:32:43.964669,Prabhu  Bank Limited
2026042001042736,PRVU,42,10,100,205.0,20500.0,2026-04-20,187066140,255,Sani Securities Company Ltd.,Pragyan Securities (PVT) Ltd.,2026-04-20 12:32:43.965346,Prabhu  Bank Limited
2026042001042737,PRVU,58,10,15,205.0,3075.0,2026-04-20,187066142,255,Naasa Securities Co. Ltd.,Pragyan Securities (PVT) Ltd.,2026-04-20 12:32:43.965825,Prabhu  Bank Limited
2026042001043006,PRVU,42,10,175,205.0,35875.0,2026-04-20,187066968,255,Sani Securities Company Ltd.,Pragyan Securities (PVT) Ltd.,2026-04-20 12:34:10.097879,Prabhu  Bank Limited
2026042001043057,PRVU,49,10,67,205.0,13735.0,2026-04-20,187067105,255,Online Securities Pvt. Ltd.,Pragyan Securities (PVT) Ltd.,2026-04-20 12:34:18.182338,Prabhu  Bank Limited
2026042001043058,PRVU,49,10,87,205.0,17835.0,2026-04-20,187067107,255,Online Securities Pvt. Ltd.,Pragyan Securities (PVT) Ltd.,2026-04-20 12:34:18.182676,Prabhu  Bank Limited
2026042001043522,PRVU,58,45,50,205.2,10260.0,2026-04-20,187068432,255,Naasa Securities Co. Ltd.,Imperial Securities Company Pvt. Ltd.,2026-04-20 12:36:11.530867,Prabhu  Bank Limited
2026042001043523,PRVU,49,45,66,205.0,13530.0,2026-04-20,187068434,255,Online Securities Pvt. Ltd.,Imperial Securities Company Pvt. Ltd.,2026-04-20 12:36:11.531631,Prabhu  Bank Limited
2026042001043526,PRVU,58,53,10,204.7,2047.0,2026-04-20,187068441,255,Naasa Securities Co. Ltd.,Investment Management Nepal Pvt. Ltd.,2026-04-20 12:36:12.738407,Prabhu  Bank Limited
2026042001043723,PRVU,49,45,146,205.0,29930.0,2026-04-20,187068970,255,Online Securities Pvt. Ltd.,Imperial Securities Company Pvt. Ltd.,2026-04-20 12:36:51.447106,Prabhu  Bank Limited
2026042001044025,PRVU,58,45,40,204.7,8188.0,2026-04-20,187069838,255,Naasa Securities Co. Ltd.,Imperial Securities Company Pvt. Ltd.,2026-04-20 12:38:06.170813,Prabhu  Bank Limited
2026042001044026,PRVU,57,45,50,204.7,10235.0,2026-04-20,187069840,255,Aryatara Investment & Securities,Imperial Securities Company Pvt. Ltd.,2026-04-20 12:38:06.171556,Prabhu  Bank Limited
2026042001044027,PRVU,10,45,200,204.6,40920.0,2026-04-20,187069842,255,Pragyan Securities (PVT) Ltd.,Imperial Securities Company Pvt. Ltd.,2026-04-20 12:38:06.172128,Prabhu  Bank Limited
2026042001044028,PRVU,57,45,448,204.6,91660.8,2026-04-20,187069843,255,Aryatara Investment & Securities,Imperial Securities Company Pvt. Ltd.,2026-04-20 12:38:06.172642,Prabhu  Bank Limited
2026042001044577,PRVU,51,58,200,204.7,40940.0,2026-04-20,187071552,255,Oxford Securities Pvt. Ltd.,Naasa Securities Co. Ltd.,2026-04-20 12:40:30.573277,Prabhu  Bank Limited
2026042001044621,PRVU,57,34,1000,204.6,204600.0,2026-04-20,187071731,255,Aryatara Investment & Securities,Vision Securities Pvt. Ltd,2026-04-20 12:40:50.209937,Prabhu  Bank Limited
2026042001044674,PRVU,51,58,69,204.7,14124.3,2026-04-20,187071853,255,Oxford Securities Pvt. Ltd.,Naasa Securities Co. Ltd.,2026-04-20 12:40:58.853517,Prabhu  Bank Limited
2026042001044680,PRVU,51,70,31,204.7,6345.7,2026-04-20,187071868,255,Oxford Securities Pvt. Ltd.,Infinity Securities Limited,2026-04-20 12:41:02.076887,Prabhu  Bank Limited
2026042001044681,PRVU,57,70,3552,204.6,726739.2,2026-04-20,187071870,255,Aryatara Investment & Securities,Infinity Securities Limited,2026-04-20 12:41:02.077061,Prabhu  Bank Limited
2026042001044682,PRVU,21,70,1417,204.5,289776.5,2026-04-20,187071871,255,Midas Stock Broking Company Private Limited,Infinity Securities Limited,2026-04-20 12:41:02.077136,Prabhu  Bank Limited
2026042001044853,PRVU,21,70,456,204.5,93252.0,2026-04-20,187072408,255,Midas Stock Broking Company Private Limited,Infinity Securities Limited,2026-04-20 12:41:48.793020,Prabhu  Bank Limited
2026042001044854,PRVU,14,70,10,204.5,2045.0,2026-04-20,187072410,255,Nepal Stock House (PVT) Ltd.,Infinity Securities Limited,2026-04-20 12:41:48.793126,Prabhu  Bank Limited
2026042001044855,PRVU,58,70,100,204.5,20450.0,2026-04-20,187072412,255,Naasa Securities Co. Ltd.,Infinity Securities Limited,2026-04-20 12:41:48.793152,Prabhu  Bank Limited
2026042001044856,PRVU,16,70,1500,204.4,306600.0,2026-04-20,187072414,255,Primo Securities (PVT) Ltd.,Infinity Securities Limited,2026-04-20 12:41:48.793179,Prabhu  Bank Limited
2026042001044857,PRVU,22,70,110,204.4,22484.0,2026-04-20,187072416,255,Siprabi Securities Pvt. Ltd.,Infinity Securities Limited,2026-04-20 12:41:48.793247,Prabhu  Bank Limited
2026042001044858,PRVU,38,70,200,204.4,40880.0,2026-04-20,187072418,255,Dipshikha Dhitopatra Karobar Co. Pvt Ltd.,Infinity Securities Limited,2026-04-20 12:41:48.793286,Prabhu  Bank Limited
2026042001044859,PRVU,37,70,300,204.1,61230.0,2026-04-20,187072420,255,Swarna Laxmi Securities Pvt. Ltd.,Infinity Securities Limited,2026-04-20 12:41:48.793316,Prabhu  Bank Limited
2026042001044860,PRVU,32,70,10,204.1,2041.0,2026-04-20,187072422,255,Premier Securities Company Ltd.,Infinity Securities Limited,2026-04-20 12:41:48.793341,Prabhu  Bank Limited
2026042001044861,PRVU,42,70,100,204.1,20410.0,2026-04-20,187072424,255,Sani Securities Company Ltd.,Infinity Securities Limited,2026-04-20 12:41:48.793363,Prabhu  Bank Limited
2026042001044862,PRVU,54,70,300,204.1,61230.0,2026-04-20,187072426,255,Sewa Securities Pvt. Ltd.,Infinity Securities Limited,2026-04-20 12:41:48.793384,Prabhu  Bank Limited
2026042001044863,PRVU,57,70,1000,204.0,204000.0,2026-04-20,187072428,255,Aryatara Investment & Securities,Infinity Securities Limited,2026-04-20 12:41:48.793403,Prabhu  Bank Limited
2026042001044864,PRVU,57,70,914,204.0,186456.0,2026-04-20,187072429,255,Aryatara Investment & Securities,Infinity Securities Limited,2026-04-20 12:41:48.793432,Prabhu  Bank Limited
2026042001045768,PRVU,58,49,68,205.0,13940.0,2026-04-20,187075488,255,Naasa Securities Co. Ltd.,Online Securities Pvt. Ltd.,2026-04-20 12:47:09.691808,Prabhu  Bank Limited
2026042001045803,PRVU,57,43,22,204.5,4499.0,2026-04-20,187075600,255,Aryatara Investment & Securities,South Asian Bulls Pvt. Ltd.,2026-04-20 12:47:16.084683,Prabhu  Bank Limited
2026042001045804,PRVU,44,43,478,204.2,97607.6,2026-04-20,187075601,255,Dynamic Money Managers Securities Pvt. Ltd.,South Asian Bulls Pvt. Ltd.,2026-04-20 12:47:16.085054,Prabhu  Bank Limited
2026042001045857,PRVU,4,49,32,205.0,6560.0,2026-04-20,187075827,255,Opal Securities Investment (PVT) Ltd.,Online Securities Pvt. Ltd.,2026-04-20 12:47:43.043400,Prabhu  Bank Limited
2026042001045858,PRVU,4,59,103,205.0,21115.0,2026-04-20,187075829,255,Opal Securities Investment (PVT) Ltd.,Deevyaa Securities & Stock House Pvt. Ltd,2026-04-20 12:47:43.043714,Prabhu  Bank Limited
2026042001045859,PRVU,4,28,30,205.0,6150.0,2026-04-20,187075831,255,Opal Securities Investment (PVT) Ltd.,Shree Krishna Securities Ltd.,2026-04-20 12:47:43.043884,Prabhu  Bank Limited
2026042001046234,PRVU,4,70,335,205.0,68675.0,2026-04-20,187076984,255,Opal Securities Investment (PVT) Ltd.,Infinity Securities Limited,2026-04-20 12:49:15.711196,Prabhu  Bank Limited
2026042001046235,PRVU,44,70,22,204.2,4492.4,2026-04-20,187076986,255,Dynamic Money Managers Securities Pvt. Ltd.,Infinity Securities Limited,2026-04-20 12:49:15.711270,Prabhu  Bank Limited
2026042001046236,PRVU,16,70,500,204.2,102100.0,2026-04-20,187076988,255,Primo Securities (PVT) Ltd.,Infinity Securities Limited,2026-04-20 12:49:15.711297,Prabhu  Bank Limited
2026042001046237,PRVU,51,70,50,204.1,10205.0,2026-04-20,187076990,255,Oxford Securities Pvt. Ltd.,Infinity Securities Limited,2026-04-20 12:49:15.711322,Prabhu  Bank Limited
2026042001046238,PRVU,13,70,2000,204.1,408200.0,2026-04-20,187076992,255,Thrive Brokerage House Pvt. Ltd,Infinity Securities Limited,2026-04-20 12:49:15.711347,Prabhu  Bank Limited
2026042001046239,PRVU,57,70,50,204.1,10205.0,2026-04-20,187076994,255,Aryatara Investment & Securities,Infinity Securities Limited,2026-04-20 12:49:15.711402,Prabhu  Bank Limited
2026042001046240,PRVU,42,70,100,204.1,20410.0,2026-04-20,187076996,255,Sani Securities Company Ltd.,Infinity Securities Limited,2026-04-20 12:49:15.711458,Prabhu  Bank Limited
2026042001046241,PRVU,57,70,85,204.0,17340.0,2026-04-20,187076998,255,Aryatara Investment & Securities,Infinity Securities Limited,2026-04-20 12:49:15.711481,Prabhu  Bank Limited
2026042001046242,PRVU,57,70,10,204.0,2040.0,2026-04-20,187077000,255,Aryatara Investment & Securities,Infinity Securities Limited,2026-04-20 12:49:15.711525,Prabhu  Bank Limited
2026042001046243,PRVU,52,70,200,204.0,40800.0,2026-04-20,187077002,255,Sundhara Securities Limited,Infinity Securities Limited,2026-04-20 12:49:15.711554,Prabhu  Bank Limited
2026042001046244,PRVU,42,70,10,204.0,2040.0,2026-04-20,187077004,255,Sani Securities Company Ltd.,Infinity Securities Limited,2026-04-20 12:49:15.711580,Prabhu  Bank Limited
2026042001046245,PRVU,34,70,20,204.0,4080.0,2026-04-20,187077006,255,Vision Securities Pvt. Ltd,Infinity Securities Limited,2026-04-20 12:49:15.711606,Prabhu  Bank Limited
2026042001046246,PRVU,32,70,10,204.0,2040.0,2026-04-20,187077008,255,Premier Securities Company Ltd.,Infinity Securities Limited,2026-04-20 12:49:15.711631,Prabhu  Bank Limited
2026042001046247,PRVU,40,70,200,204.0,40800.0,2026-04-20,187077010,255,Creative Securities Pvt Ltd,Infinity Securities Limited,2026-04-20 12:49:15.711657,Prabhu  Bank Limited
2026042001046248,PRVU,42,70,50,204.0,10200.0,2026-04-20,187077012,255,Sani Securities Company Ltd.,Infinity Securities Limited,2026-04-20 12:49:15.711682,Prabhu  Bank Limited
2026042001046249,PRVU,42,70,200,204.0,40800.0,2026-04-20,187077014,255,Sani Securities Company Ltd.,Infinity Securities Limited,2026-04-20 12:49:15.711708,Prabhu  Bank Limited
2026042001046250,PRVU,57,70,999,204.0,203796.0,2026-04-20,187077016,255,Aryatara Investment & Securities,Infinity Securities Limited,2026-04-20 12:49:15.711733,Prabhu  Bank Limited
2026042001046251,PRVU,58,70,200,204.0,40800.0,2026-04-20,187077018,255,Naasa Securities Co. Ltd.,Infinity Securities Limited,2026-04-20 12:49:15.711761,Prabhu  Bank Limited
2026042001046252,PRVU,58,70,500,204.0,102000.0,2026-04-20,187077020,255,Naasa Securities Co. Ltd.,Infinity Securities Limited,2026-04-20 12:49:15.711786,Prabhu  Bank Limited
2026042001046253,PRVU,4,70,500,204.0,102000.0,2026-04-20,187077022,255,Opal Securities Investment (PVT) Ltd.,Infinity Securities Limited,2026-04-20 12:49:15.711812,Prabhu  Bank Limited
2026042001046254,PRVU,35,70,100,204.0,20400.0,2026-04-20,187077024,255,Kohinoor Investment & Securities Pvt. Ltd.,Infinity Securities Limited,2026-04-20 12:49:15.711837,Prabhu  Bank Limited
2026042001046255,PRVU,47,70,50,204.0,10200.0,2026-04-20,187077026,255,Neev Securities Pvt. Ltd.,Infinity Securities Limited,2026-04-20 12:49:15.711863,Prabhu  Bank Limited
2026042001046256,PRVU,7,70,500,204.0,102000.0,2026-04-20,187077028,255,J.F. Securites (PVT) Ltd.,Infinity Securities Limited,2026-04-20 12:49:15.711941,Prabhu  Bank Limited
2026042001046257,PRVU,51,70,16,204.0,3264.0,2026-04-20,187077029,255,Oxford Securities Pvt. Ltd.,Infinity Securities Limited,2026-04-20 12:49:15.711967,Prabhu  Bank Limited
2026042001046402,PRVU,51,58,14,204.0,2856.0,2026-04-20,187077510,255,Oxford Securities Pvt. Ltd.,Naasa Securities Co. Ltd.,2026-04-20 12:50:06.218633,Prabhu  Bank Limited
2026042001046566,PRVU,58,58,192,204.1,39187.2,2026-04-20,187078026,255,Naasa Securities Co. Ltd.,Naasa Securities Co. Ltd.,2026-04-20 12:50:54.392088,Prabhu  Bank Limited
2026042001046567,PRVU,4,58,1000,204.0,204000.0,2026-04-20,187078028,255,Opal Securities Investment (PVT) Ltd.,Naasa Securities Co. Ltd.,2026-04-20 12:50:54.392437,Prabhu  Bank Limited
2026042001046568,PRVU,49,58,500,204.0,102000.0,2026-04-20,187078030,255,Online Securities Pvt. Ltd.,Naasa Securities Co. Ltd.,2026-04-20 12:50:54.392603,Prabhu  Bank Limited
2026042001046569,PRVU,28,58,10,204.0,2040.0,2026-04-20,187078032,255,Shree Krishna Securities Ltd.,Naasa Securities Co. Ltd.,2026-04-20 12:50:54.392772,Prabhu  Bank Limited
2026042001046570,PRVU,65,58,298,204.0,60792.0,2026-04-20,187078033,255,Sharepro Securities Private Limited,Naasa Securities Co. Ltd.,2026-04-20 12:50:54.392940,Prabhu  Bank Limited
2026042001046605,PRVU,65,57,417,204.0,85068.0,2026-04-20,187078171,255,Sharepro Securities Private Limited,Aryatara Investment & Securities,2026-04-20 12:51:07.819198,Prabhu  Bank Limited
2026042001046718,PRVU,16,96,500,204.1,102050.0,2026-04-20,187078662,255,Primo Securities (PVT) Ltd.,Himalayan Securities Limited,2026-04-20 12:51:48.568065,Prabhu  Bank Limited
2026042001046719,PRVU,65,96,240,204.0,48960.0,2026-04-20,187078663,255,Sharepro Securities Private Limited,Himalayan Securities Limited,2026-04-20 12:51:48.568417,Prabhu  Bank Limited
2026042001046953,PRVU,16,57,210,204.1,42861.0,2026-04-20,187079319,255,Primo Securities (PVT) Ltd.,Aryatara Investment & Securities,2026-04-20 12:52:50.088527,Prabhu  Bank Limited
2026042001047037,PRVU,32,58,200,205.0,41000.0,2026-04-20,187079644,255,Premier Securities Company Ltd.,Naasa Securities Co. Ltd.,2026-04-20 12:53:19.847316,Prabhu  Bank Limited
2026042001047276,PRVU,32,6,5,204.0,1020.0,2026-04-20,187080397,255,Premier Securities Company Ltd.,Agrawal Securities (PVT) Ltd.,2026-04-20 12:54:27.332168,Prabhu  Bank Limited
2026042001047361,PRVU,32,58,1,204.0,204.0,2026-04-20,187080633,255,Premier Securities Company Ltd.,Naasa Securities Co. Ltd.,2026-04-20 12:54:51.509187,Prabhu  Bank Limited
2026042001047552,PRVU,16,10,290,204.1,59189.0,2026-04-20,187081294,255,Primo Securities (PVT) Ltd.,Pragyan Securities (PVT) Ltd.,2026-04-20 12:55:46.446146,Prabhu  Bank Limited
2026042001047553,PRVU,58,10,50,204.1,10205.0,2026-04-20,187081296,255,Naasa Securities Co. Ltd.,Pragyan Securities (PVT) Ltd.,2026-04-20 12:55:46.446875,Prabhu  Bank Limited
2026042001047554,PRVU,65,10,45,204.0,9180.0,2026-04-20,187081298,255,Sharepro Securities Private Limited,Pragyan Securities (PVT) Ltd.,2026-04-20 12:55:46.447379,Prabhu  Bank Limited
2026042001047555,PRVU,58,10,100,204.0,20400.0,2026-04-20,187081300,255,Naasa Securities Co. Ltd.,Pragyan Securities (PVT) Ltd.,2026-04-20 12:55:46.447898,Prabhu  Bank Limited
2026042001047556,PRVU,21,10,523,204.0,106692.0,2026-04-20,187081301,255,Midas Stock Broking Company Private Limited,Pragyan Securities (PVT) Ltd.,2026-04-20 12:55:46.448376,Prabhu  Bank Limited
2026042001047648,PRVU,25,34,255,204.8,52224.0,2026-04-20,187081617,255,Sweta Securities Private Limited,Vision Securities Pvt. Ltd,2026-04-20 12:56:18.560344,Prabhu  Bank Limited
2026042001047894,PRVU,25,58,10,204.8,2048.0,2026-04-20,187082457,255,Sweta Securities Private Limited,Naasa Securities Co. Ltd.,2026-04-20 12:57:56.046717,Prabhu  Bank Limited
2026042001048147,PRVU,25,32,100,204.8,20480.0,2026-04-20,187083343,255,Sweta Securities Private Limited,Premier Securities Company Ltd.,2026-04-20 12:59:41.647335,Prabhu  Bank Limited
2026042001048365,PRVU,58,51,15,204.9,3073.5,2026-04-20,187084058,255,Naasa Securities Co. Ltd.,Oxford Securities Pvt. Ltd.,2026-04-20 13:01:00.015687,Prabhu  Bank Limited
2026042001048860,PRVU,58,51,50,204.9,10245.0,2026-04-20,187085798,255,Naasa Securities Co. Ltd.,Oxford Securities Pvt. Ltd.,2026-04-20 13:04:01.655635,Prabhu  Bank Limited
2026042001048880,PRVU,58,25,33,204.8,6758.4,2026-04-20,187085860,255,Naasa Securities Co. Ltd.,Sweta Securities Private Limited,2026-04-20 13:04:10.105928,Prabhu  Bank Limited
2026042001049113,PRVU,58,25,50,204.8,10240.0,2026-04-20,187086624,255,Naasa Securities Co. Ltd.,Sweta Securities Private Limited,2026-04-20 13:05:15.315498,Prabhu  Bank Limited
2026042001049197,PRVU,58,42,25,204.6,5115.0,2026-04-20,187086932,255,Naasa Securities Co. Ltd.,Sani Securities Company Ltd.,2026-04-20 13:05:49.319771,Prabhu  Bank Limited
2026042001049198,PRVU,4,42,10,204.5,2045.0,2026-04-20,187086934,255,Opal Securities Investment (PVT) Ltd.,Sani Securities Company Ltd.,2026-04-20 13:05:49.320146,Prabhu  Bank Limited
2026042001049199,PRVU,47,42,10,204.5,2045.0,2026-04-20,187086936,255,Neev Securities Pvt. Ltd.,Sani Securities Company Ltd.,2026-04-20 13:05:49.320320,Prabhu  Bank Limited
2026042001049200,PRVU,21,42,483,204.0,98532.0,2026-04-20,187086938,255,Midas Stock Broking Company Private Limited,Sani Securities Company Ltd.,2026-04-20 13:05:49.320487,Prabhu  Bank Limited
2026042001049201,PRVU,34,42,75,204.0,15300.0,2026-04-20,187086940,255,Vision Securities Pvt. Ltd,Sani Securities Company Ltd.,2026-04-20 13:05:49.320655,Prabhu  Bank Limited
2026042001049202,PRVU,49,42,200,204.0,40800.0,2026-04-20,187086942,255,Online Securities Pvt. Ltd.,Sani Securities Company Ltd.,2026-04-20 13:05:49.320824,Prabhu  Bank Limited
2026042001049203,PRVU,57,42,787,204.0,160548.0,2026-04-20,187086943,255,Aryatara Investment & Securities,Sani Securities Company Ltd.,2026-04-20 13:05:49.321000,Prabhu  Bank Limited
2026042001049270,PRVU,1,25,17,204.8,3481.6,2026-04-20,187087174,255,Kumari Securities Private Limited,Sweta Securities Private Limited,2026-04-20 13:06:11.255119,Prabhu  Bank Limited
2026042001049364,PRVU,49,25,35,204.8,7168.0,2026-04-20,187087494,255,Online Securities Pvt. Ltd.,Sweta Securities Private Limited,2026-04-20 13:06:41.737788,Prabhu  Bank Limited
2026042001049381,PRVU,14,10,700,204.1,142870.0,2026-04-20,187087564,255,Nepal Stock House (PVT) Ltd.,Pragyan Securities (PVT) Ltd.,2026-04-20 13:06:48.753193,Prabhu  Bank Limited
2026042001049382,PRVU,57,10,213,204.0,43452.0,2026-04-20,187087566,255,Aryatara Investment & Securities,Pragyan Securities (PVT) Ltd.,2026-04-20 13:06:48.753888,Prabhu  Bank Limited
2026042001049383,PRVU,58,10,487,204.0,99348.0,2026-04-20,187087567,255,Naasa Securities Co. Ltd.,Pragyan Securities (PVT) Ltd.,2026-04-20 13:06:48.754408,Prabhu  Bank Limited
2026042001049403,PRVU,58,42,10,204.2,2042.0,2026-04-20,187087639,255,Naasa Securities Co. Ltd.,Sani Securities Company Ltd.,2026-04-20 13:06:58.341858,Prabhu  Bank Limited
2026042001049699,PRVU,17,66,100,204.3,20430.0,2026-04-20,187088786,255,ABC Securities Private Limited,Miyo Securities Pvt Ltd,2026-04-20 13:09:07.934229,Prabhu  Bank Limited
2026042001049700,PRVU,58,66,40,204.2,8168.0,2026-04-20,187088788,255,Naasa Securities Co. Ltd.,Miyo Securities Pvt Ltd,2026-04-20 13:09:07.934976,Prabhu  Bank Limited
2026042001049701,PRVU,58,66,513,204.0,104652.0,2026-04-20,187088790,255,Naasa Securities Co. Ltd.,Miyo Securities Pvt Ltd,2026-04-20 13:09:07.935498,Prabhu  Bank Limited
2026042001049702,PRVU,45,66,10,204.0,2040.0,2026-04-20,187088792,255,Imperial Securities Company Pvt. Ltd.,Miyo Securities Pvt Ltd,2026-04-20 13:09:07.936021,Prabhu  Bank Limited
2026042001049703,PRVU,42,66,1000,204.0,204000.0,2026-04-20,187088794,255,Sani Securities Company Ltd.,Miyo Securities Pvt Ltd,2026-04-20 13:09:07.936529,Prabhu  Bank Limited
2026042001049704,PRVU,22,66,45,204.0,9180.0,2026-04-20,187088796,255,Siprabi Securities Pvt. Ltd.,Miyo Securities Pvt Ltd,2026-04-20 13:09:07.937021,Prabhu  Bank Limited
2026042001049705,PRVU,51,66,255,204.0,52020.0,2026-04-20,187088798,255,Oxford Securities Pvt. Ltd.,Miyo Securities Pvt Ltd,2026-04-20 13:09:07.937533,Prabhu  Bank Limited
2026042001049706,PRVU,4,66,37,204.0,7548.0,2026-04-20,187088799,255,Opal Securities Investment (PVT) Ltd.,Miyo Securities Pvt Ltd,2026-04-20 13:09:07.938092,Prabhu  Bank Limited
2026042001049726,PRVU,4,4,25,204.0,5100.0,2026-04-20,187088867,255,Opal Securities Investment (PVT) Ltd.,Opal Securities Investment (PVT) Ltd.,2026-04-20 13:09:18.828139,Prabhu  Bank Limited
2026042001049973,PRVU,4,58,200,204.0,40800.0,2026-04-20,187089823,255,Opal Securities Investment (PVT) Ltd.,Naasa Securities Co. Ltd.,2026-04-20 13:11:02.228963,Prabhu  Bank Limited
2026042001050199,PRVU,45,32,98,204.4,20031.2,2026-04-20,187090526,255,Imperial Securities Company Pvt. Ltd.,Premier Securities Company Ltd.,2026-04-20 13:12:07.111405,Prabhu  Bank Limited
2026042001050590,PRVU,89,32,31,204.4,6336.4,2026-04-20,187091862,255,Global IME Securities Limited,Premier Securities Company Ltd.,2026-04-20 13:14:29.114650,Prabhu  Bank Limited
2026042001050617,PRVU,16,32,100,204.4,20440.0,2026-04-20,187091976,255,Primo Securities (PVT) Ltd.,Premier Securities Company Ltd.,2026-04-20 13:14:43.679185,Prabhu  Bank Limited
2026042001050625,PRVU,58,32,50,204.4,10220.0,2026-04-20,187092012,255,Naasa Securities Co. Ltd.,Premier Securities Company Ltd.,2026-04-20 13:14:47.382756,Prabhu  Bank Limited
2026042001050676,PRVU,25,32,521,204.4,106492.4,2026-04-20,187092129,255,Sweta Securities Private Limited,Premier Securities Company Ltd.,2026-04-20 13:14:50.106978,Prabhu  Bank Limited
2026042001050959,PRVU,25,29,1179,204.4,240987.6,2026-04-20,187092998,255,Sweta Securities Private Limited,Trisul Securities & Invt. Ltd.,2026-04-20 13:16:21.419516,Prabhu  Bank Limited
2026042001050960,PRVU,4,29,621,204.0,126684.0,2026-04-20,187092999,255,Opal Securities Investment (PVT) Ltd.,Trisul Securities & Invt. Ltd.,2026-04-20 13:16:21.419636,Prabhu  Bank Limited
2026042001051000,PRVU,58,22,60,204.5,12270.0,2026-04-20,187093142,255,Naasa Securities Co. Ltd.,Siprabi Securities Pvt. Ltd.,2026-04-20 13:16:42.882812,Prabhu  Bank Limited
2026042001051182,PRVU,49,42,2,207.0,414.0,2026-04-20,187093801,255,Online Securities Pvt. Ltd.,Sani Securities Company Ltd.,2026-04-20 13:17:59.254613,Prabhu  Bank Limited
2026042001051683,PRVU,42,25,245,204.8,50176.0,2026-04-20,187095408,255,Sani Securities Company Ltd.,Sweta Securities Private Limited,2026-04-20 13:21:10.490571,Prabhu  Bank Limited
2026042001051721,PRVU,11,25,620,204.8,126976.0,2026-04-20,187095545,255,Malla & Malla Stock Broking Company Pvt. Limited,Sweta Securities Private Limited,2026-04-20 13:21:25.588857,Prabhu  Bank Limited
2026042001051722,PRVU,11,22,140,204.8,28672.0,2026-04-20,187095547,255,Malla & Malla Stock Broking Company Pvt. Limited,Siprabi Securities Pvt. Ltd.,2026-04-20 13:21:25.589256,Prabhu  Bank Limited
2026042001051766,PRVU,14,51,160,204.9,32784.0,2026-04-20,187095658,255,Nepal Stock House (PVT) Ltd.,Oxford Securities Pvt. Ltd.,2026-04-20 13:21:45.528798,Prabhu  Bank Limited
2026042001051827,PRVU,58,51,80,204.9,16392.0,2026-04-20,187095874,255,Naasa Securities Co. Ltd.,Oxford Securities Pvt. Ltd.,2026-04-20 13:22:12.705017,Prabhu  Bank Limited
2026042001052181,PRVU,11,7,240,204.8,49152.0,2026-04-20,187097006,255,Malla & Malla Stock Broking Company Pvt. Limited,J.F. Securites (PVT) Ltd.,2026-04-20 13:24:05.991436,Prabhu  Bank Limited
2026042001052182,PRVU,4,7,117,204.0,23868.0,2026-04-20,187097008,255,Opal Securities Investment (PVT) Ltd.,J.F. Securites (PVT) Ltd.,2026-04-20 13:24:05.992245,Prabhu  Bank Limited
2026042001052183,PRVU,35,7,85,204.0,17340.0,2026-04-20,187097010,255,Kohinoor Investment & Securities Pvt. Ltd.,J.F. Securites (PVT) Ltd.,2026-04-20 13:24:05.992855,Prabhu  Bank Limited
2026042001052184,PRVU,41,7,150,204.0,30600.0,2026-04-20,187097012,255,Linch Stock Market Ltd.,J.F. Securites (PVT) Ltd.,2026-04-20 13:24:05.993438,Prabhu  Bank Limited
2026042001052185,PRVU,4,7,300,204.0,61200.0,2026-04-20,187097014,255,Opal Securities Investment (PVT) Ltd.,J.F. Securites (PVT) Ltd.,2026-04-20 13:24:05.994138,Prabhu  Bank Limited
2026042001052186,PRVU,4,7,10,204.0,2040.0,2026-04-20,187097016,255,Opal Securities Investment (PVT) Ltd.,J.F. Securites (PVT) Ltd.,2026-04-20 13:24:05.994742,Prabhu  Bank Limited
2026042001052187,PRVU,48,7,100,204.0,20400.0,2026-04-20,187097018,255,Trishakti Securities Public Limited,J.F. Securites (PVT) Ltd.,2026-04-20 13:24:05.995329,Prabhu  Bank Limited
2026042001052188,PRVU,5,7,30,204.0,6120.0,2026-04-20,187097020,255,Market Securities & Exchange (PVT) Ltd.,J.F. Securites (PVT) Ltd.,2026-04-20 13:24:05.995917,Prabhu  Bank Limited
2026042001052189,PRVU,51,7,510,204.0,104040.0,2026-04-20,187097022,255,Oxford Securities Pvt. Ltd.,J.F. Securites (PVT) Ltd.,2026-04-20 13:24:05.996529,Prabhu  Bank Limited
2026042001052190,PRVU,57,7,50,204.0,10200.0,2026-04-20,187097024,255,Aryatara Investment & Securities,J.F. Securites (PVT) Ltd.,2026-04-20 13:24:05.997126,Prabhu  Bank Limited
2026042001052191,PRVU,7,7,400,204.0,81600.0,2026-04-20,187097026,255,J.F. Securites (PVT) Ltd.,J.F. Securites (PVT) Ltd.,2026-04-20 13:24:05.997715,Prabhu  Bank Limited
2026042001052192,PRVU,49,7,65,204.0,13260.0,2026-04-20,187097028,255,Online Securities Pvt. Ltd.,J.F. Securites (PVT) Ltd.,2026-04-20 13:24:05.998083,Prabhu  Bank Limited
2026042001052193,PRVU,5,7,100,204.0,20400.0,2026-04-20,187097030,255,Market Securities & Exchange (PVT) Ltd.,J.F. Securites (PVT) Ltd.,2026-04-20 13:24:05.998263,Prabhu  Bank Limited
2026042001052194,PRVU,17,7,10,204.0,2040.0,2026-04-20,187097032,255,ABC Securities Private Limited,J.F. Securites (PVT) Ltd.,2026-04-20 13:24:05.998448,Prabhu  Bank Limited
2026042001052195,PRVU,34,7,350,204.0,71400.0,2026-04-20,187097034,255,Vision Securities Pvt. Ltd,J.F. Securites (PVT) Ltd.,2026-04-20 13:24:05.998640,Prabhu  Bank Limited
2026042001052196,PRVU,45,7,110,204.0,22440.0,2026-04-20,187097036,255,Imperial Securities Company Pvt. Ltd.,J.F. Securites (PVT) Ltd.,2026-04-20 13:24:05.998855,Prabhu  Bank Limited
2026042001052197,PRVU,58,7,500,204.0,102000.0,2026-04-20,187097038,255,Naasa Securities Co. Ltd.,J.F. Securites (PVT) Ltd.,2026-04-20 13:24:05.999040,Prabhu  Bank Limited
2026042001052198,PRVU,39,7,373,204.0,76092.0,2026-04-20,187097039,255,Sumeru Securities Pvt. Ltd.,J.F. Securites (PVT) Ltd.,2026-04-20 13:24:05.999237,Prabhu  Bank Limited
2026042001053255,PRVU,3,40,10,204.3,2043.0,2026-04-20,187100512,255,Arun Securities (PVT) Ltd.,Creative Securities Pvt Ltd,2026-04-20 13:30:17.910487,Prabhu  Bank Limited
2026042001053256,PRVU,26,40,30,204.2,6126.0,2026-04-20,187100513,255,Asian Securities Private Ltd.,Creative Securities Pvt Ltd,2026-04-20 13:30:17.911252,Prabhu  Bank Limited
2026042001053689,PRVU,26,39,90,204.2,18378.0,2026-04-20,187101821,255,Asian Securities Private Ltd.,Sumeru Securities Pvt. Ltd.,2026-04-20 13:32:49.362302,Prabhu  Bank Limited
2026042001054028,PRVU,64,45,1280,204.8,262144.0,2026-04-20,187102897,255,SUN SECURITIES PVT LTD,Imperial Securities Company Pvt. Ltd.,2026-04-20 13:34:50.318973,Prabhu  Bank Limited
2026042001054309,PRVU,57,51,100,204.9,20490.0,2026-04-20,187103702,255,Aryatara Investment & Securities,Oxford Securities Pvt. Ltd.,2026-04-20 13:35:47.788012,Prabhu  Bank Limited
2026042001054321,PRVU,46,42,2,205.0,410.0,2026-04-20,187103749,255,Kalika Securities Pvt. Ltd.,Sani Securities Company Ltd.,2026-04-20 13:35:53.594092,Prabhu  Bank Limited
2026042001054360,PRVU,58,42,4,204.0,816.0,2026-04-20,187103897,255,Naasa Securities Co. Ltd.,Sani Securities Company Ltd.,2026-04-20 13:36:08.551898,Prabhu  Bank Limited
2026042001054385,PRVU,64,51,1595,204.9,326815.5,2026-04-20,187103995,255,SUN SECURITIES PVT LTD,Oxford Securities Pvt. Ltd.,2026-04-20 13:36:20.035674,Prabhu  Bank Limited
2026042001054386,PRVU,64,4,36,204.9,7376.4,2026-04-20,187103998,255,SUN SECURITIES PVT LTD,Opal Securities Investment (PVT) Ltd.,2026-04-20 13:36:20.036517,Prabhu  Bank Limited
2026042001054880,PRVU,4,1,100,205.0,20500.0,2026-04-20,187105154,255,Opal Securities Investment (PVT) Ltd.,Kumari Securities Private Limited,2026-04-20 13:37:30.972998,Prabhu  Bank Limited
2026042001054924,PRVU,64,1,89,205.0,18245.0,2026-04-20,187105282,255,SUN SECURITIES PVT LTD,Kumari Securities Private Limited,2026-04-20 13:37:46.320459,Prabhu  Bank Limited
2026042001055151,PRVU,58,1,11,205.0,2255.0,2026-04-20,187105821,255,Naasa Securities Co. Ltd.,Kumari Securities Private Limited,2026-04-20 13:38:22.292299,Prabhu  Bank Limited
2026042001055152,PRVU,58,21,39,205.0,7995.0,2026-04-20,187105824,255,Naasa Securities Co. Ltd.,Midas Stock Broking Company Private Limited,2026-04-20 13:38:22.293172,Prabhu  Bank Limited
2026042001055377,PRVU,64,21,161,205.0,33005.0,2026-04-20,187106561,255,SUN SECURITIES PVT LTD,Midas Stock Broking Company Private Limited,2026-04-20 13:39:38.516741,Prabhu  Bank Limited
2026042001055378,PRVU,64,51,546,205.0,111930.0,2026-04-20,187106563,255,SUN SECURITIES PVT LTD,Oxford Securities Pvt. Ltd.,2026-04-20 13:39:38.517156,Prabhu  Bank Limited
2026042001055379,PRVU,64,96,25,205.0,5125.0,2026-04-20,187106565,255,SUN SECURITIES PVT LTD,Himalayan Securities Limited,2026-04-20 13:39:38.517360,Prabhu  Bank Limited
2026042001055380,PRVU,64,41,128,205.0,26240.0,2026-04-20,187106567,255,SUN SECURITIES PVT LTD,Linch Stock Market Ltd.,2026-04-20 13:39:38.517556,Prabhu  Bank Limited
2026042001055381,PRVU,64,19,56,205.0,11480.0,2026-04-20,187106569,255,SUN SECURITIES PVT LTD,Nepal Investment And Securities Trading Private Limited,2026-04-20 13:39:38.517753,Prabhu  Bank Limited
2026042001055382,PRVU,64,53,1084,205.0,222220.0,2026-04-20,187106572,255,SUN SECURITIES PVT LTD,Investment Management Nepal Pvt. Ltd.,2026-04-20 13:39:38.517950,Prabhu  Bank Limited
2026042001055406,PRVU,57,53,10,205.0,2050.0,2026-04-20,187106644,255,Aryatara Investment & Securities,Investment Management Nepal Pvt. Ltd.,2026-04-20 13:39:44.807150,Prabhu  Bank Limited
2026042001055577,PRVU,58,75,500,204.5,102250.0,2026-04-20,187107087,255,Naasa Securities Co. Ltd.,N.I.M.B. Stock Markets Limited,2026-04-20 13:40:11.666731,Prabhu  Bank Limited
2026042001056630,PRVU,58,53,54,205.0,11070.0,2026-04-20,187109772,255,Naasa Securities Co. Ltd.,Investment Management Nepal Pvt. Ltd.,2026-04-20 13:43:09.865792,Prabhu  Bank Limited
2026042001056864,PRVU,38,53,400,205.0,82000.0,2026-04-20,187110410,255,Dipshikha Dhitopatra Karobar Co. Pvt Ltd.,Investment Management Nepal Pvt. Ltd.,2026-04-20 13:43:45.102705,Prabhu  Bank Limited
2026042001056976,PRVU,51,53,452,205.0,92660.0,2026-04-20,187110761,255,Oxford Securities Pvt. Ltd.,Investment Management Nepal Pvt. Ltd.,2026-04-20 13:44:21.396943,Prabhu  Bank Limited
2026042001057951,PRVU,51,57,48,205.0,9840.0,2026-04-20,187113146,255,Oxford Securities Pvt. Ltd.,Aryatara Investment & Securities,2026-04-20 13:47:04.506776,Prabhu  Bank Limited
2026042001060216,PRVU,50,34,30,204.6,6138.0,2026-04-20,187118222,255,Cristal Kanchanjanga Securites Pvt. Ltd.,Vision Securities Pvt. Ltd,2026-04-20 13:49:56.070877,Prabhu  Bank Limited
2026042001060217,PRVU,1,34,20,204.6,4092.0,2026-04-20,187118223,255,Kumari Securities Private Limited,Vision Securities Pvt. Ltd,2026-04-20 13:49:56.071700,Prabhu  Bank Limited
2026042001060529,PRVU,34,57,200,205.0,41000.0,2026-04-20,187118966,255,Vision Securities Pvt. Ltd,Aryatara Investment & Securities,2026-04-20 13:50:19.990521,Prabhu  Bank Limited
2026042001060855,PRVU,66,57,41,205.0,8405.0,2026-04-20,187119966,255,Miyo Securities Pvt Ltd,Aryatara Investment & Securities,2026-04-20 13:51:59.128526,Prabhu  Bank Limited
2026042001061908,PRVU,45,57,500,205.0,102500.0,2026-04-20,187123208,255,Imperial Securities Company Pvt. Ltd.,Aryatara Investment & Securities,2026-04-20 13:56:40.559104,Prabhu  Bank Limited
2026042001062005,PRVU,49,57,13,205.0,2665.0,2026-04-20,187123446,255,Online Securities Pvt. Ltd.,Aryatara Investment & Securities,2026-04-20 13:56:58.607429,Prabhu  Bank Limited
2026042001062135,PRVU,35,57,50,205.0,10250.0,2026-04-20,187123728,255,Kohinoor Investment & Securities Pvt. Ltd.,Aryatara Investment & Securities,2026-04-20 13:57:08.879571,Prabhu  Bank Limited
2026042001062236,PRVU,1,57,200,205.0,41000.0,2026-04-20,187124034,255,Kumari Securities Private Limited,Aryatara Investment & Securities,2026-04-20 13:57:43.919725,Prabhu  Bank Limited
2026042001062299,PRVU,32,26,122,204.9,24997.8,2026-04-20,187124285,255,Premier Securities Company Ltd.,Asian Securities Private Ltd.,2026-04-20 13:58:10.970612,Prabhu  Bank Limited
2026042001062374,PRVU,35,57,470,205.0,96350.0,2026-04-20,187124509,255,Kohinoor Investment & Securities Pvt. Ltd.,Aryatara Investment & Securities,2026-04-20 13:58:42.518378,Prabhu  Bank Limited
2026042001062375,PRVU,35,6,30,205.0,6150.0,2026-04-20,187124512,255,Kohinoor Investment & Securities Pvt. Ltd.,Agrawal Securities (PVT) Ltd.,2026-04-20 13:58:42.519269,Prabhu  Bank Limited
2026042001062405,PRVU,32,6,28,205.0,5740.0,2026-04-20,187124588,255,Premier Securities Company Ltd.,Agrawal Securities (PVT) Ltd.,2026-04-20 13:58:51.586120,Prabhu  Bank Limited
2026042001062706,PRVU,42,6,40,205.0,8200.0,2026-04-20,187125482,255,Sani Securities Company Ltd.,Agrawal Securities (PVT) Ltd.,2026-04-20 14:00:35.945568,Prabhu  Bank Limited
2026042001063398,PRVU,35,56,50,204.8,10240.0,2026-04-20,187127370,255,Kohinoor Investment & Securities Pvt. Ltd.,Sri Hari Securities Pvt. Ltd.,2026-04-20 14:03:24.178045,Prabhu  Bank Limited
2026042001063399,PRVU,48,56,50,204.8,10240.0,2026-04-20,187127371,255,Trishakti Securities Public Limited,Sri Hari Securities Pvt. Ltd.,2026-04-20 14:03:24.178474,Prabhu  Bank Limited
2026042001063655,PRVU,48,34,450,204.8,92160.0,2026-04-20,187128132,255,Trishakti Securities Public Limited,Vision Securities Pvt. Ltd,2026-04-20 14:04:31.944495,Prabhu  Bank Limited
2026042001063656,PRVU,45,34,50,204.8,10240.0,2026-04-20,187128133,255,Imperial Securities Company Pvt. Ltd.,Vision Securities Pvt. Ltd,2026-04-20 14:04:31.945387,Prabhu  Bank Limited
2026042001063935,PRVU,62,6,22,205.0,4510.0,2026-04-20,187128908,255,Capital Max Securities Ltd,Agrawal Securities (PVT) Ltd.,2026-04-20 14:05:38.351400,Prabhu  Bank Limited
2026042001064058,PRVU,48,6,70,205.0,14350.0,2026-04-20,187129380,255,Trishakti Securities Public Limited,Agrawal Securities (PVT) Ltd.,2026-04-20 14:06:19.380996,Prabhu  Bank Limited
2026042001064265,PRVU,45,48,50,204.8,10240.0,2026-04-20,187129946,255,Imperial Securities Company Pvt. Ltd.,Trishakti Securities Public Limited,2026-04-20 14:06:46.743342,Prabhu  Bank Limited
2026042001064266,PRVU,44,48,100,204.8,20480.0,2026-04-20,187129948,255,Dynamic Money Managers Securities Pvt. Ltd.,Trishakti Securities Public Limited,2026-04-20 14:06:46.743404,Prabhu  Bank Limited
2026042001064267,PRVU,1,48,35,204.6,7161.0,2026-04-20,187129950,255,Kumari Securities Private Limited,Trishakti Securities Public Limited,2026-04-20 14:06:46.743439,Prabhu  Bank Limited
2026042001064268,PRVU,58,48,235,204.5,48057.5,2026-04-20,187129952,255,Naasa Securities Co. Ltd.,Trishakti Securities Public Limited,2026-04-20 14:06:46.743475,Prabhu  Bank Limited
2026042001064269,PRVU,43,48,100,204.5,20450.0,2026-04-20,187129954,255,South Asian Bulls Pvt. Ltd.,Trishakti Securities Public Limited,2026-04-20 14:06:46.743507,Prabhu  Bank Limited
2026042001064270,PRVU,49,48,180,204.5,36810.0,2026-04-20,187129955,255,Online Securities Pvt. Ltd.,Trishakti Securities Public Limited,2026-04-20 14:06:46.743537,Prabhu  Bank Limited
2026042001064291,PRVU,58,6,61,205.0,12505.0,2026-04-20,187130034,255,Naasa Securities Co. Ltd.,Agrawal Securities (PVT) Ltd.,2026-04-20 14:06:53.585900,Prabhu  Bank Limited
2026042001064479,PRVU,35,6,120,205.0,24600.0,2026-04-20,187130594,255,Kohinoor Investment & Securities Pvt. Ltd.,Agrawal Securities (PVT) Ltd.,2026-04-20 14:07:37.093401,Prabhu  Bank Limited
2026042001064491,PRVU,22,6,200,205.0,41000.0,2026-04-20,187130632,255,Siprabi Securities Pvt. Ltd.,Agrawal Securities (PVT) Ltd.,2026-04-20 14:07:39.070927,Prabhu  Bank Limited
2026042001064494,PRVU,58,48,10,204.8,2048.0,2026-04-20,187130644,255,Naasa Securities Co. Ltd.,Trishakti Securities Public Limited,2026-04-20 14:07:41.230117,Prabhu  Bank Limited
2026042001064495,PRVU,49,48,20,204.5,4090.0,2026-04-20,187130646,255,Online Securities Pvt. Ltd.,Trishakti Securities Public Limited,2026-04-20 14:07:41.230238,Prabhu  Bank Limited
2026042001064496,PRVU,36,48,50,204.5,10225.0,2026-04-20,187130648,255,Secured Securities Ltd.,Trishakti Securities Public Limited,2026-04-20 14:07:41.230311,Prabhu  Bank Limited
2026042001064497,PRVU,44,48,10,204.4,2044.0,2026-04-20,187130650,255,Dynamic Money Managers Securities Pvt. Ltd.,Trishakti Securities Public Limited,2026-04-20 14:07:41.230390,Prabhu  Bank Limited
2026042001064498,PRVU,49,48,10,204.3,2043.0,2026-04-20,187130651,255,Online Securities Pvt. Ltd.,Trishakti Securities Public Limited,2026-04-20 14:07:41.230501,Prabhu  Bank Limited
2026042001064629,PRVU,7,6,100,205.0,20500.0,2026-04-20,187131198,255,J.F. Securites (PVT) Ltd.,Agrawal Securities (PVT) Ltd.,2026-04-20 14:08:26.894862,Prabhu  Bank Limited
2026042001064729,PRVU,34,6,257,205.0,52685.0,2026-04-20,187131589,255,Vision Securities Pvt. Ltd,Agrawal Securities (PVT) Ltd.,2026-04-20 14:08:55.517810,Prabhu  Bank Limited
2026042001065279,PRVU,48,77,10,205.4,2054.0,2026-04-20,187133774,255,Trishakti Securities Public Limited,Nabil Stock Dealer Ltd.,2026-04-20 14:11:53.022740,Prabhu  Bank Limited
2026042001065335,PRVU,34,34,243,205.0,49815.0,2026-04-20,187134036,255,Vision Securities Pvt. Ltd,Vision Securities Pvt. Ltd,2026-04-20 14:12:16.997190,Prabhu  Bank Limited
2026042001065336,PRVU,62,34,500,205.0,102500.0,2026-04-20,187134038,255,Capital Max Securities Ltd,Vision Securities Pvt. Ltd,2026-04-20 14:12:16.997638,Prabhu  Bank Limited
2026042001065378,PRVU,49,34,250,205.0,51250.0,2026-04-20,187134186,255,Online Securities Pvt. Ltd.,Vision Securities Pvt. Ltd,2026-04-20 14:12:27.243292,Prabhu  Bank Limited
2026042001065428,PRVU,87,77,120,205.4,24648.0,2026-04-20,187134361,255,S.P.S.A. Securities Limited,Nabil Stock Dealer Ltd.,2026-04-20 14:12:46.567713,Prabhu  Bank Limited
2026042001065429,PRVU,87,34,380,205.4,78052.0,2026-04-20,187134364,255,S.P.S.A. Securities Limited,Vision Securities Pvt. Ltd,2026-04-20 14:12:46.568616,Prabhu  Bank Limited
2026042001065453,PRVU,58,34,50,205.4,10270.0,2026-04-20,187134464,255,Naasa Securities Co. Ltd.,Vision Securities Pvt. Ltd,2026-04-20 14:12:53.429641,Prabhu  Bank Limited
2026042001065994,PRVU,50,22,780,205.2,160056.0,2026-04-20,187136441,255,Cristal Kanchanjanga Securites Pvt. Ltd.,Siprabi Securities Pvt. Ltd.,2026-04-20 14:15:53.832575,Prabhu  Bank Limited
2026042001065995,PRVU,50,34,77,205.4,15815.8,2026-04-20,187136443,255,Cristal Kanchanjanga Securites Pvt. Ltd.,Vision Securities Pvt. Ltd,2026-04-20 14:15:53.833072,Prabhu  Bank Limited
2026042001065996,PRVU,50,63,143,205.5,29386.5,2026-04-20,187136446,255,Cristal Kanchanjanga Securites Pvt. Ltd.,Himalayan Brokerage Company Limited,2026-04-20 14:15:53.833295,Prabhu  Bank Limited
2026042001066240,PRVU,58,63,535,205.5,109942.5,2026-04-20,187137342,255,Naasa Securities Co. Ltd.,Himalayan Brokerage Company Limited,2026-04-20 14:17:15.478127,Prabhu  Bank Limited
2026042001066735,PRVU,45,63,100,205.5,20550.0,2026-04-20,187139258,255,Imperial Securities Company Pvt. Ltd.,Himalayan Brokerage Company Limited,2026-04-20 14:20:36.590594,Prabhu  Bank Limited
2026042001066768,PRVU,58,63,55,205.5,11302.5,2026-04-20,187139372,255,Naasa Securities Co. Ltd.,Himalayan Brokerage Company Limited,2026-04-20 14:20:47.906930,Prabhu  Bank Limited
2026042001066815,PRVU,32,41,10,205.0,2050.0,2026-04-20,187139528,255,Premier Securities Company Ltd.,Linch Stock Market Ltd.,2026-04-20 14:21:01.306914,Prabhu  Bank Limited
2026042001066816,PRVU,32,41,10,205.0,2050.0,2026-04-20,187139530,255,Premier Securities Company Ltd.,Linch Stock Market Ltd.,2026-04-20 14:21:01.307369,Prabhu  Bank Limited
2026042001066892,PRVU,42,63,167,205.5,34318.5,2026-04-20,187139939,255,Sani Securities Company Ltd.,Himalayan Brokerage Company Limited,2026-04-20 14:21:36.023246,Prabhu  Bank Limited
2026042001067275,PRVU,58,58,25,205.7,5142.5,2026-04-20,187141342,255,Naasa Securities Co. Ltd.,Naasa Securities Co. Ltd.,2026-04-20 14:23:36.525810,Prabhu  Bank Limited
2026042001067379,PRVU,48,58,10,205.7,2057.0,2026-04-20,187141542,255,Trishakti Securities Public Limited,Naasa Securities Co. Ltd.,2026-04-20 14:23:37.886105,Prabhu  Bank Limited
2026042001067607,PRVU,42,14,413,205.5,84871.5,2026-04-20,187142586,255,Sani Securities Company Ltd.,Nepal Stock House (PVT) Ltd.,2026-04-20 14:25:07.898307,Prabhu  Bank Limited
2026042001067608,PRVU,57,14,223,205.5,45826.5,2026-04-20,187142588,255,Aryatara Investment & Securities,Nepal Stock House (PVT) Ltd.,2026-04-20 14:25:07.899183,Prabhu  Bank Limited
2026042001067609,PRVU,29,14,25,205.5,5137.5,2026-04-20,187142590,255,Trisul Securities & Invt. Ltd.,Nepal Stock House (PVT) Ltd.,2026-04-20 14:25:07.899826,Prabhu  Bank Limited
2026042001067610,PRVU,49,14,195,205.0,39975.0,2026-04-20,187142592,255,Online Securities Pvt. Ltd.,Nepal Stock House (PVT) Ltd.,2026-04-20 14:25:07.900482,Prabhu  Bank Limited
2026042001067611,PRVU,45,14,100,205.0,20500.0,2026-04-20,187142594,255,Imperial Securities Company Pvt. Ltd.,Nepal Stock House (PVT) Ltd.,2026-04-20 14:25:07.901123,Prabhu  Bank Limited
2026042001067612,PRVU,82,14,100,205.0,20500.0,2026-04-20,187142596,255,N.M.B. SECURITIES LIMITED,Nepal Stock House (PVT) Ltd.,2026-04-20 14:25:07.901749,Prabhu  Bank Limited
2026042001067613,PRVU,58,14,100,205.0,20500.0,2026-04-20,187142598,255,Naasa Securities Co. Ltd.,Nepal Stock House (PVT) Ltd.,2026-04-20 14:25:07.902395,Prabhu  Bank Limited
2026042001067614,PRVU,16,14,844,205.0,173020.0,2026-04-20,187142599,255,Primo Securities (PVT) Ltd.,Nepal Stock House (PVT) Ltd.,2026-04-20 14:25:07.903017,Prabhu  Bank Limited
2026042001067894,PRVU,58,44,3,198.9,596.7,2026-04-20,187143895,255,Naasa Securities Co. Ltd.,Dynamic Money Managers Securities Pvt. Ltd.,2026-04-20 14:26:33.761522,Prabhu  Bank Limited
2026042001068233,PRVU,42,43,300,205.5,61650.0,2026-04-20,187145530,255,Sani Securities Company Ltd.,South Asian Bulls Pvt. Ltd.,2026-04-20 14:28:44.811162,Prabhu  Bank Limited
2026042001068234,PRVU,7,43,30,205.5,6165.0,2026-04-20,187145536,255,J.F. Securites (PVT) Ltd.,South Asian Bulls Pvt. Ltd.,2026-04-20 14:28:45.719446,Prabhu  Bank Limited
2026042001068315,PRVU,16,22,36,205.0,7380.0,2026-04-20,187145927,255,Primo Securities (PVT) Ltd.,Siprabi Securities Pvt. Ltd.,2026-04-20 14:29:16.763274,Prabhu  Bank Limited
2026042001068421,PRVU,16,43,30,205.0,6150.0,2026-04-20,187146509,255,Primo Securities (PVT) Ltd.,South Asian Bulls Pvt. Ltd.,2026-04-20 14:29:59.206193,Prabhu  Bank Limited
2026042001068422,PRVU,16,43,90,205.0,18450.0,2026-04-20,187146528,255,Primo Securities (PVT) Ltd.,South Asian Bulls Pvt. Ltd.,2026-04-20 14:30:00.254865,Prabhu  Bank Limited
2026042001068423,PRVU,56,43,100,205.0,20500.0,2026-04-20,187146530,255,Sri Hari Securities Pvt. Ltd.,South Asian Bulls Pvt. Ltd.,2026-04-20 14:30:00.255839,Prabhu  Bank Limited
2026042001068424,PRVU,56,43,100,205.0,20500.0,2026-04-20,187146532,255,Sri Hari Securities Pvt. Ltd.,South Asian Bulls Pvt. Ltd.,2026-04-20 14:30:00.256591,Prabhu  Bank Limited
2026042001068425,PRVU,49,43,100,205.0,20500.0,2026-04-20,187146534,255,Online Securities Pvt. Ltd.,South Asian Bulls Pvt. Ltd.,2026-04-20 14:30:00.257369,Prabhu  Bank Limited
2026042001068706,PRVU,1,43,500,205.0,102500.0,2026-04-20,187147794,255,Kumari Securities Private Limited,South Asian Bulls Pvt. Ltd.,2026-04-20 14:31:37.108591,Prabhu  Bank Limited
2026042001068746,PRVU,58,22,2,205.0,410.0,2026-04-20,187147949,255,Naasa Securities Co. Ltd.,Siprabi Securities Pvt. Ltd.,2026-04-20 14:31:48.818802,Prabhu  Bank Limited
2026042001069021,PRVU,41,43,20,205.0,4100.0,2026-04-20,187148968,255,Linch Stock Market Ltd.,South Asian Bulls Pvt. Ltd.,2026-04-20 14:33:17.333045,Prabhu  Bank Limited
2026042001069225,PRVU,58,44,57,204.8,11673.6,2026-04-20,187149800,255,Naasa Securities Co. Ltd.,Dynamic Money Managers Securities Pvt. Ltd.,2026-04-20 14:34:25.922941,Prabhu  Bank Limited
2026042001069226,PRVU,28,44,20,204.5,4090.0,2026-04-20,187149802,255,Shree Krishna Securities Ltd.,Dynamic Money Managers Securities Pvt. Ltd.,2026-04-20 14:34:25.923837,Prabhu  Bank Limited
2026042001069227,PRVU,42,44,164,204.5,33538.0,2026-04-20,187149803,255,Sani Securities Company Ltd.,Dynamic Money Managers Securities Pvt. Ltd.,2026-04-20 14:34:25.924488,Prabhu  Bank Limited
2026042001069289,PRVU,4,43,55,205.0,11275.0,2026-04-20,187150058,255,Opal Securities Investment (PVT) Ltd.,South Asian Bulls Pvt. Ltd.,2026-04-20 14:35:02.458006,Prabhu  Bank Limited
2026042001069301,PRVU,37,43,33,205.0,6765.0,2026-04-20,187150094,255,Swarna Laxmi Securities Pvt. Ltd.,South Asian Bulls Pvt. Ltd.,2026-04-20 14:35:09.886072,Prabhu  Bank Limited
2026042001069359,PRVU,45,34,100,204.6,20460.0,2026-04-20,187150297,255,Imperial Securities Company Pvt. Ltd.,Vision Securities Pvt. Ltd,2026-04-20 14:35:33.911110,Prabhu  Bank Limited
2026042001069570,PRVU,14,43,50,205.0,10250.0,2026-04-20,187151066,255,Nepal Stock House (PVT) Ltd.,South Asian Bulls Pvt. Ltd.,2026-04-20 14:36:42.149125,Prabhu  Bank Limited
2026042001069749,PRVU,58,43,224,205.0,45920.0,2026-04-20,187151734,255,Naasa Securities Co. Ltd.,South Asian Bulls Pvt. Ltd.,2026-04-20 14:37:40.029330,Prabhu  Bank Limited
2026042001069766,PRVU,22,39,10,204.8,2048.0,2026-04-20,187151797,255,Siprabi Securities Pvt. Ltd.,Sumeru Securities Pvt. Ltd.,2026-04-20 14:37:44.619641,Prabhu  Bank Limited
2026042001069833,PRVU,22,28,69,204.8,14131.2,2026-04-20,187152026,255,Siprabi Securities Pvt. Ltd.,Shree Krishna Securities Ltd.,2026-04-20 14:38:10.406398,Prabhu  Bank Limited
2026042001069849,PRVU,59,43,33,205.0,6765.0,2026-04-20,187152063,255,Deevyaa Securities & Stock House Pvt. Ltd,South Asian Bulls Pvt. Ltd.,2026-04-20 14:38:13.971343,Prabhu  Bank Limited
2026042001069850,PRVU,59,62,67,205.0,13735.0,2026-04-20,187152066,255,Deevyaa Securities & Stock House Pvt. Ltd,Capital Max Securities Ltd,2026-04-20 14:38:13.972286,Prabhu  Bank Limited
2026042001070220,PRVU,21,34,225,204.8,46080.0,2026-04-20,187153592,255,Midas Stock Broking Company Private Limited,Vision Securities Pvt. Ltd,2026-04-20 14:39:54.654153,Prabhu  Bank Limited
2026042001070446,PRVU,45,48,4,205.0,820.0,2026-04-20,187154457,255,Imperial Securities Company Pvt. Ltd.,Trishakti Securities Public Limited,2026-04-20 14:41:06.879321,Prabhu  Bank Limited
2026042001070622,PRVU,45,34,90,204.6,18414.0,2026-04-20,187155111,255,Imperial Securities Company Pvt. Ltd.,Vision Securities Pvt. Ltd,2026-04-20 14:42:08.544727,Prabhu  Bank Limited
2026042001070674,PRVU,58,58,10,204.8,2048.0,2026-04-20,187155282,255,Naasa Securities Co. Ltd.,Naasa Securities Co. Ltd.,2026-04-20 14:42:24.608575,Prabhu  Bank Limited
2026042001070703,PRVU,45,40,110,204.6,22506.0,2026-04-20,187155406,255,Imperial Securities Company Pvt. Ltd.,Creative Securities Pvt Ltd,2026-04-20 14:42:41.576842,Prabhu  Bank Limited
2026042001070704,PRVU,34,40,25,204.6,5115.0,2026-04-20,187155408,255,Vision Securities Pvt. Ltd,Creative Securities Pvt Ltd,2026-04-20 14:42:41.577307,Prabhu  Bank Limited
2026042001070776,PRVU,45,40,165,204.6,33759.0,2026-04-20,187155651,255,Imperial Securities Company Pvt. Ltd.,Creative Securities Pvt Ltd,2026-04-20 14:43:02.151139,Prabhu  Bank Limited
2026042001070908,PRVU,58,45,100,204.7,20470.0,2026-04-20,187156166,255,Naasa Securities Co. Ltd.,Imperial Securities Company Pvt. Ltd.,2026-04-20 14:43:42.220974,Prabhu  Bank Limited
2026042001070965,PRVU,45,43,35,204.6,7161.0,2026-04-20,187156420,255,Imperial Securities Company Pvt. Ltd.,South Asian Bulls Pvt. Ltd.,2026-04-20 14:44:03.706183,Prabhu  Bank Limited
2026042001070966,PRVU,42,43,336,204.5,68712.0,2026-04-20,187156422,255,Sani Securities Company Ltd.,South Asian Bulls Pvt. Ltd.,2026-04-20 14:44:03.707211,Prabhu  Bank Limited
2026042001070967,PRVU,11,43,100,204.5,20450.0,2026-04-20,187156424,255,Malla & Malla Stock Broking Company Pvt. Limited,South Asian Bulls Pvt. Ltd.,2026-04-20 14:44:03.708080,Prabhu  Bank Limited
2026042001070968,PRVU,49,43,200,204.5,40900.0,2026-04-20,187156426,255,Online Securities Pvt. Ltd.,South Asian Bulls Pvt. Ltd.,2026-04-20 14:44:03.709103,Prabhu  Bank Limited
2026042001070969,PRVU,21,43,200,204.5,40900.0,2026-04-20,187156428,255,Midas Stock Broking Company Private Limited,South Asian Bulls Pvt. Ltd.,2026-04-20 14:44:03.710083,Prabhu  Bank Limited
2026042001070970,PRVU,38,43,129,204.5,26380.5,2026-04-20,187156429,255,Dipshikha Dhitopatra Karobar Co. Pvt Ltd.,South Asian Bulls Pvt. Ltd.,2026-04-20 14:44:03.711020,Prabhu  Bank Limited
2026042001071094,PRVU,38,45,40,204.5,8180.0,2026-04-20,187156829,255,Dipshikha Dhitopatra Karobar Co. Pvt Ltd.,Imperial Securities Company Pvt. Ltd.,2026-04-20 14:44:25.878188,Prabhu  Bank Limited
2026042001071167,PRVU,45,58,8,206.0,1648.0,2026-04-20,187157273,255,Imperial Securities Company Pvt. Ltd.,Naasa Securities Co. Ltd.,2026-04-20 14:44:59.869757,Prabhu  Bank Limited
2026042001071432,PRVU,41,62,160,205.0,32800.0,2026-04-20,187158392,255,Linch Stock Market Ltd.,Capital Max Securities Ltd,2026-04-20 14:46:19.775614,Prabhu  Bank Limited
2026042001071439,PRVU,57,62,153,205.0,31365.0,2026-04-20,187158408,255,Aryatara Investment & Securities,Capital Max Securities Ltd,2026-04-20 14:46:21.224185,Prabhu  Bank Limited
2026042001071543,PRVU,58,62,115,205.0,23575.0,2026-04-20,187158812,255,Naasa Securities Co. Ltd.,Capital Max Securities Ltd,2026-04-20 14:46:55.009640,Prabhu  Bank Limited
2026042001071689,PRVU,58,48,60,204.6,12276.0,2026-04-20,187159634,255,Naasa Securities Co. Ltd.,Trishakti Securities Public Limited,2026-04-20 14:47:49.943883,Prabhu  Bank Limited
2026042001071690,PRVU,42,48,50,204.6,10230.0,2026-04-20,187159636,255,Sani Securities Company Ltd.,Trishakti Securities Public Limited,2026-04-20 14:47:49.943939,Prabhu  Bank Limited
2026042001071691,PRVU,38,48,331,204.5,67689.5,2026-04-20,187159638,255,Dipshikha Dhitopatra Karobar Co. Pvt Ltd.,Trishakti Securities Public Limited,2026-04-20 14:47:49.943966,Prabhu  Bank Limited
2026042001071692,PRVU,7,48,120,204.5,24540.0,2026-04-20,187159640,255,J.F. Securites (PVT) Ltd.,Trishakti Securities Public Limited,2026-04-20 14:47:49.943991,Prabhu  Bank Limited
2026042001071693,PRVU,47,48,100,204.5,20450.0,2026-04-20,187159642,255,Neev Securities Pvt. Ltd.,Trishakti Securities Public Limited,2026-04-20 14:47:49.944015,Prabhu  Bank Limited
2026042001071694,PRVU,49,48,450,204.3,91935.0,2026-04-20,187159644,255,Online Securities Pvt. Ltd.,Trishakti Securities Public Limited,2026-04-20 14:47:49.944070,Prabhu  Bank Limited
2026042001071695,PRVU,26,48,272,204.2,55542.4,2026-04-20,187159645,255,Asian Securities Private Ltd.,Trishakti Securities Public Limited,2026-04-20 14:47:49.944102,Prabhu  Bank Limited
2026042001071696,PRVU,43,62,10,205.0,2050.0,2026-04-20,187159650,255,South Asian Bulls Pvt. Ltd.,Capital Max Securities Ltd,2026-04-20 14:47:50.201195,Prabhu  Bank Limited
2026042001071732,PRVU,51,62,40,205.0,8200.0,2026-04-20,187159780,255,Oxford Securities Pvt. Ltd.,Capital Max Securities Ltd,2026-04-20 14:47:56.927749,Prabhu  Bank Limited
2026042001071914,PRVU,42,58,10,204.5,2045.0,2026-04-20,187160539,255,Sani Securities Company Ltd.,Naasa Securities Co. Ltd.,2026-04-20 14:48:37.572915,Prabhu  Bank Limited
2026042001071964,PRVU,42,38,50,204.5,10225.0,2026-04-20,187160815,255,Sani Securities Company Ltd.,Dipshikha Dhitopatra Karobar Co. Pvt Ltd.,2026-04-20 14:48:55.845321,Prabhu  Bank Limited
2026042001072326,PRVU,39,44,627,204.6,128284.2,2026-04-20,187162344,255,Sumeru Securities Pvt. Ltd.,Dynamic Money Managers Securities Pvt. Ltd.,2026-04-20 14:50:26.834166,Prabhu  Bank Limited
2026042001072327,PRVU,42,44,425,204.5,86912.5,2026-04-20,187162346,255,Sani Securities Company Ltd.,Dynamic Money Managers Securities Pvt. Ltd.,2026-04-20 14:50:26.835074,Prabhu  Bank Limited
2026042001072328,PRVU,42,44,475,204.5,97137.5,2026-04-20,187162348,255,Sani Securities Company Ltd.,Dynamic Money Managers Securities Pvt. Ltd.,2026-04-20 14:50:26.835731,Prabhu  Bank Limited
2026042001072329,PRVU,58,44,250,204.5,51125.0,2026-04-20,187162350,255,Naasa Securities Co. Ltd.,Dynamic Money Managers Securities Pvt. Ltd.,2026-04-20 14:50:26.836390,Prabhu  Bank Limited
2026042001072330,PRVU,6,44,50,204.4,10220.0,2026-04-20,187162352,255,Agrawal Securities (PVT) Ltd.,Dynamic Money Managers Securities Pvt. Ltd.,2026-04-20 14:50:26.837038,Prabhu  Bank Limited
2026042001072331,PRVU,56,44,173,204.2,35326.6,2026-04-20,187162353,255,Sri Hari Securities Pvt. Ltd.,Dynamic Money Managers Securities Pvt. Ltd.,2026-04-20 14:50:26.837687,Prabhu  Bank Limited
2026042001072361,PRVU,56,34,137,204.2,27975.4,2026-04-20,187162493,255,Sri Hari Securities Pvt. Ltd.,Vision Securities Pvt. Ltd,2026-04-20 14:50:33.892671,Prabhu  Bank Limited
2026042001072561,PRVU,49,22,20,204.9,4098.0,2026-04-20,187163485,255,Online Securities Pvt. Ltd.,Siprabi Securities Pvt. Ltd.,2026-04-20 14:51:39.495381,Prabhu  Bank Limited
2026042001072904,PRVU,41,62,105,205.0,21525.0,2026-04-20,187165196,255,Linch Stock Market Ltd.,Capital Max Securities Ltd,2026-04-20 14:53:05.560370,Prabhu  Bank Limited
2026042001072905,PRVU,58,62,33,205.0,6765.0,2026-04-20,187165204,255,Naasa Securities Co. Ltd.,Capital Max Securities Ltd,2026-04-20 14:53:06.210060,Prabhu  Bank Limited
2026042001072952,PRVU,88,62,10,205.0,2050.0,2026-04-20,187165392,255,Blue Chip Securities Ltd,Capital Max Securities Ltd,2026-04-20 14:53:14.286945,Prabhu  Bank Limited
2026042001073531,PRVU,49,62,37,205.0,7585.0,2026-04-20,187168006,255,Online Securities Pvt. Ltd.,Capital Max Securities Ltd,2026-04-20 14:55:05.479330,Prabhu  Bank Limited
2026042001073631,PRVU,43,62,20,205.0,4100.0,2026-04-20,187168413,255,South Asian Bulls Pvt. Ltd.,Capital Max Securities Ltd,2026-04-20 14:55:19.090537,Prabhu  Bank Limited
2026042001073632,PRVU,43,41,80,205.0,16400.0,2026-04-20,187168416,255,South Asian Bulls Pvt. Ltd.,Linch Stock Market Ltd.,2026-04-20 14:55:19.091414,Prabhu  Bank Limited
2026042001073915,PRVU,34,33,40,204.9,8196.0,2026-04-20,187170084,255,Vision Securities Pvt. Ltd,Dakshinkali Investment & Securities Pvt. Ltd.,2026-04-20 14:56:23.144218,Prabhu  Bank Limited
2026042001073916,PRVU,42,33,100,204.6,20460.0,2026-04-20,187170086,255,Sani Securities Company Ltd.,Dakshinkali Investment & Securities Pvt. Ltd.,2026-04-20 14:56:23.144659,Prabhu  Bank Limited
2026042001073917,PRVU,22,33,4000,204.6,818400.0,2026-04-20,187170088,255,Siprabi Securities Pvt. Ltd.,Dakshinkali Investment & Securities Pvt. Ltd.,2026-04-20 14:56:23.144871,Prabhu  Bank Limited
2026042001073918,PRVU,32,33,2860,204.5,584870.0,2026-04-20,187170089,255,Premier Securities Company Ltd.,Dakshinkali Investment & Securities Pvt. Ltd.,2026-04-20 14:56:23.145097,Prabhu  Bank Limited
2026042001074148,PRVU,32,25,25,204.5,5112.5,2026-04-20,187171237,255,Premier Securities Company Ltd.,Sweta Securities Private Limited,2026-04-20 14:57:01.405441,Prabhu  Bank Limited
2026042001074200,PRVU,32,62,956,204.5,195502.0,2026-04-20,187171511,255,Premier Securities Company Ltd.,Capital Max Securities Ltd,2026-04-20 14:57:11.615248,Prabhu  Bank Limited
2026042001074207,PRVU,32,53,1000,204.5,204500.0,2026-04-20,187171565,255,Premier Securities Company Ltd.,Investment Management Nepal Pvt. Ltd.,2026-04-20 14:57:13.703321,Prabhu  Bank Limited
