Date,S.N.,Contract ID,Symbol,Buyer Broker,Seller Broker,volume,rate,amount,transaction_time
2025-07-08,50573,2025070803000831,GBBL,Deevyaa Securities & Stock House Pvt. Ltd,Imperial Securities Company Pvt. Ltd.,25,402.0,10050.0,2025-07-08 11:30:34.080745
2025-07-08,50058,2025070803000900,GBBL,Online Securities Pvt. Ltd.,Oxford Securities Pvt. Ltd.,25,402.0,10050.0,2025-07-08 11:32:55.369299
2025-07-08,49593,2025070803000961,GBBL,Deevyaa Securities & Stock House Pvt. Ltd,Sani Securities Company Ltd.,20,402.9,8058.0,2025-07-08 11:35:22.753453
2025-07-08,48031,2025070803001197,GBBL,South Asian Bulls Pvt. Ltd.,Blue Chip Securities Ltd,10,397.0,3970.0,2025-07-08 11:42:17.316649
2025-07-08,48030,2025070803001198,GBBL,Bhrikuti Stock Broking Co. Pvt. Ltd.,Blue Chip Securities Ltd,50,397.0,19850.0,2025-07-08 11:42:17.316689
2025-07-08,48029,2025070803001199,GBBL,South Asian Bulls Pvt. Ltd.,Blue Chip Securities Ltd,1000,396.8,396800.0,2025-07-08 11:42:17.316714
2025-07-08,48028,2025070803001200,GBBL,Vision Securities Pvt. Ltd,Blue Chip Securities Ltd,1962,396.6,778129.2,2025-07-08 11:42:17.316743
2025-07-08,44712,2025070803001731,GBBL,Deevyaa Securities & Stock House Pvt. Ltd,Trisul Securities & Invt. Ltd.,50,400.0,20000.0,2025-07-08 11:57:06.339757
2025-07-08,44434,2025070803001763,GBBL,Naasa Securities Co. Ltd.,Citizens Share Broker Limited,250,402.0,100500.0,2025-07-08 11:58:19.108687
2025-07-08,43215,2025070803001983,GBBL,Naasa Securities Co. Ltd.,Opal Securities Investment (PVT) Ltd.,100,399.0,39900.0,2025-07-08 12:04:25.398643
2025-07-08,43214,2025070803001984,GBBL,Premier Securities Company Ltd.,Opal Securities Investment (PVT) Ltd.,10,398.2,3982.0,2025-07-08 12:04:25.398686
2025-07-08,40286,2025070803002500,GBBL,Sani Securities Company Ltd.,Sani Securities Company Ltd.,22,400.0,8800.0,2025-07-08 12:16:54.525178
2025-07-08,40285,2025070803002501,GBBL,Sani Securities Company Ltd.,Citizens Share Broker Limited,10,402.0,4020.0,2025-07-08 12:16:54.525252
2025-07-08,39853,2025070803002594,GBBL,Aryatara Investment & Securities,Citizens Share Broker Limited,10,402.0,4020.0,2025-07-08 12:18:48.310167
2025-07-08,39676,2025070803002640,GBBL,Agrawal Securities (PVT) Ltd.,Citizens Share Broker Limited,10,402.0,4020.0,2025-07-08 12:19:30.225951
2025-07-08,38194,2025070803002888,GBBL,Imperial Securities Company Pvt. Ltd.,Citizens Share Broker Limited,10,402.0,4020.0,2025-07-08 12:26:16.638807
2025-07-08,38179,2025070803002891,GBBL,Imperial Securities Company Pvt. Ltd.,Sani Securities Company Ltd.,30,400.0,12000.0,2025-07-08 12:26:21.208582
2025-07-08,38178,2025070803002892,GBBL,Aryatara Investment & Securities,Sani Securities Company Ltd.,200,399.4,79880.0,2025-07-08 12:26:21.208627
2025-07-08,38177,2025070803002893,GBBL,South Asian Bulls Pvt. Ltd.,Sani Securities Company Ltd.,270,399.3,107811.0,2025-07-08 12:26:21.208654
2025-07-08,37745,2025070803002990,GBBL,Premier Securities Company Ltd.,Agrawal Securities (PVT) Ltd.,10,399.1,3991.0,2025-07-08 12:28:23.050677
2025-07-08,37573,2025070803003011,GBBL,Premier Securities Company Ltd.,Sewa Securities Pvt. Ltd.,30,399.1,11973.0,2025-07-08 12:29:03.844328
2025-07-08,37572,2025070803003012,GBBL,South Asian Bulls Pvt. Ltd.,Sewa Securities Pvt. Ltd.,370,399.1,147667.0,2025-07-08 12:29:03.844558
2025-07-08,36428,2025070803003161,GBBL,Naasa Securities Co. Ltd.,Citizens Share Broker Limited,110,402.0,44220.0,2025-07-08 12:34:13.094978
2025-07-08,36427,2025070803003162,GBBL,Naasa Securities Co. Ltd.,Kumari Securities Private Limited,10,402.0,4020.0,2025-07-08 12:34:13.095113
2025-07-08,36426,2025070803003163,GBBL,Naasa Securities Co. Ltd.,Dynamic Money Managers Securities Pvt. Ltd.,100,402.0,40200.0,2025-07-08 12:34:13.095164
2025-07-08,36425,2025070803003164,GBBL,Naasa Securities Co. Ltd.,Sewa Securities Pvt. Ltd.,100,402.0,40200.0,2025-07-08 12:34:13.095228
2025-07-08,36424,2025070803003165,GBBL,Naasa Securities Co. Ltd.,Dynamic Money Managers Securities Pvt. Ltd.,88,402.7,35437.6,2025-07-08 12:34:13.095288
2025-07-08,36423,2025070803003166,GBBL,Naasa Securities Co. Ltd.,Sani Securities Company Ltd.,180,402.9,72522.0,2025-07-08 12:34:13.095332
2025-07-08,36422,2025070803003167,GBBL,Naasa Securities Co. Ltd.,Dynamic Money Managers Securities Pvt. Ltd.,32,403.0,12896.0,2025-07-08 12:34:13.095377
2025-07-08,33628,2025070803003701,GBBL,N.M.B. SECURITIES LIMITED,Aryatara Investment & Securities,200,400.0,80000.0,2025-07-08 12:46:31.740052
2025-07-08,33481,2025070803003728,GBBL,Cristal Kanchanjanga Securites Pvt. Ltd.,Aryatara Investment & Securities,450,400.0,180000.0,2025-07-08 12:47:01.849702
2025-07-08,32972,2025070803003827,GBBL,Cristal Kanchanjanga Securites Pvt. Ltd.,Neev Securities Pvt. Ltd.,50,400.0,20000.0,2025-07-08 12:49:16.495459
2025-07-08,32892,2025070803003853,GBBL,Imperial Securities Company Pvt. Ltd.,Neev Securities Pvt. Ltd.,50,399.2,19960.0,2025-07-08 12:49:36.562730
2025-07-08,31793,2025070803004057,GBBL,South Asian Bulls Pvt. Ltd.,Vision Securities Pvt. Ltd,360,399.1,143676.0,2025-07-08 12:53:11.868787
2025-07-08,31792,2025070803004058,GBBL,South Asian Bulls Pvt. Ltd.,Vision Securities Pvt. Ltd,325,399.1,129707.5,2025-07-08 12:53:11.868933
2025-07-08,31085,2025070803004228,GBBL,South Asian Bulls Pvt. Ltd.,Kumari Securities Private Limited,675,399.1,269392.5,2025-07-08 12:56:37.442997
2025-07-08,31084,2025070803004229,GBBL,Imperial Securities Company Pvt. Ltd.,Kumari Securities Private Limited,30,399.1,11973.0,2025-07-08 12:56:37.443259
2025-07-08,30153,2025070803004378,GBBL,South Asian Bulls Pvt. Ltd.,Neev Securities Pvt. Ltd.,80,400.0,32000.0,2025-07-08 13:01:34.129370
2025-07-08,29242,2025070803004648,GBBL,South Asian Bulls Pvt. Ltd.,South Asian Bulls Pvt. Ltd.,15,399.2,5988.0,2025-07-08 13:06:02.901919
2025-07-08,29123,2025070803004661,GBBL,South Asian Bulls Pvt. Ltd.,N.M.B. SECURITIES LIMITED,200,399.2,79840.0,2025-07-08 13:06:44.934003
2025-07-08,29032,2025070803004678,GBBL,Secured Securities Ltd.,Neev Securities Pvt. Ltd.,20,400.0,8000.0,2025-07-08 13:07:21.629546
2025-07-08,28508,2025070803004772,GBBL,J.F. Securites (PVT) Ltd.,Aryatara Investment & Securities,10,401.0,4010.0,2025-07-08 13:11:13.872465
2025-07-08,28507,2025070803004773,GBBL,J.F. Securites (PVT) Ltd.,Naasa Securities Co. Ltd.,10,402.0,4020.0,2025-07-08 13:11:13.872587
2025-07-08,28506,2025070803004774,GBBL,J.F. Securites (PVT) Ltd.,Malla & Malla Stock Broking Company Pvt. Limited,50,402.0,20100.0,2025-07-08 13:11:13.872680
2025-07-08,28505,2025070803004775,GBBL,J.F. Securites (PVT) Ltd.,Dipshikha Dhitopatra Karobar Co. Pvt Ltd.,35,402.0,14070.0,2025-07-08 13:11:13.872762
2025-07-08,27969,2025070803004901,GBBL,Imperial Securities Company Pvt. Ltd.,Dipshikha Dhitopatra Karobar Co. Pvt Ltd.,65,402.0,26130.0,2025-07-08 13:15:07.130752
2025-07-08,27968,2025070803004902,GBBL,Imperial Securities Company Pvt. Ltd.,Market Securities & Exchange (PVT) Ltd.,35,402.0,14070.0,2025-07-08 13:15:07.130890
2025-07-08,27847,2025070803004923,GBBL,Sani Securities Company Ltd.,South Asian Bulls Pvt. Ltd.,20,401.0,8020.0,2025-07-08 13:15:48.917056
2025-07-08,26523,2025070803005140,GBBL,Sweta Securities Private Limited,Market Securities & Exchange (PVT) Ltd.,20,402.0,8040.0,2025-07-08 13:24:52.632264
2025-07-08,26144,2025070803005228,GBBL,Sani Securities Company Ltd.,Bhrikuti Stock Broking Co. Pvt. Ltd.,30,401.0,12030.0,2025-07-08 13:27:38.222843
2025-07-08,26143,2025070803005229,GBBL,Agrawal Securities (PVT) Ltd.,Bhrikuti Stock Broking Co. Pvt. Ltd.,250,400.0,100000.0,2025-07-08 13:27:38.222989
2025-07-08,25586,2025070803005349,GBBL,Imperial Securities Company Pvt. Ltd.,Bhrikuti Stock Broking Co. Pvt. Ltd.,10,400.0,4000.0,2025-07-08 13:31:04.950004
2025-07-08,25439,2025070803005363,GBBL,R.B.B. Securities Company Ltd,Bhrikuti Stock Broking Co. Pvt. Ltd.,100,400.0,40000.0,2025-07-08 13:31:47.527059
2025-07-08,25054,2025070803005424,GBBL,Premier Securities Company Ltd.,Bhrikuti Stock Broking Co. Pvt. Ltd.,10,400.0,4000.0,2025-07-08 13:33:59.794301
2025-07-08,23671,2025070803005702,GBBL,Premier Securities Company Ltd.,Online Securities Pvt. Ltd.,120,400.0,48000.0,2025-07-08 13:42:24.950204
2025-07-08,15341,2025070803007031,GBBL,Linch Stock Market Ltd.,Midas Stock Broking Company Private Limited,10,400.0,4000.0,2025-07-08 14:23:52.009463
2025-07-08,15145,2025070803007062,GBBL,Dipshikha Dhitopatra Karobar Co. Pvt Ltd.,Midas Stock Broking Company Private Limited,15,400.0,6000.0,2025-07-08 14:24:39.922941
2025-07-08,14915,2025070803007105,GBBL,South Asian Bulls Pvt. Ltd.,Midas Stock Broking Company Private Limited,950,400.0,380000.0,2025-07-08 14:25:34.317344
2025-07-08,13699,2025070803007343,GBBL,South Asian Bulls Pvt. Ltd.,Midas Stock Broking Company Private Limited,25,400.0,10000.0,2025-07-08 14:29:49.949603
2025-07-08,13698,2025070803007344,GBBL,South Asian Bulls Pvt. Ltd.,Aryatara Investment & Securities,100,400.0,40000.0,2025-07-08 14:29:49.949880
2025-07-08,13622,2025070803007351,GBBL,South Asian Bulls Pvt. Ltd.,Deevyaa Securities & Stock House Pvt. Ltd,100,400.0,40000.0,2025-07-08 14:30:12.302889
2025-07-08,12503,2025070803007541,GBBL,South Asian Bulls Pvt. Ltd.,Dynamic Money Managers Securities Pvt. Ltd.,100,400.0,40000.0,2025-07-08 14:34:41.391012
2025-07-08,12315,2025070803007575,GBBL,Trishakti Securities Public Limited,Trishakti Securities Public Limited,1,400.1,400.1,2025-07-08 14:35:31.029419
2025-07-08,11902,2025070803007623,GBBL,Trishakti Securities Public Limited,Trishakti Securities Public Limited,10,400.9,4009.0,2025-07-08 14:37:08.622886
2025-07-08,11158,2025070803007736,GBBL,Deevyaa Securities & Stock House Pvt. Ltd,Deevyaa Securities & Stock House Pvt. Ltd,55,400.9,22049.5,2025-07-08 14:39:41.128796
2025-07-08,10614,2025070803007828,GBBL,South Asian Bulls Pvt. Ltd.,Sani Securities Company Ltd.,50,400.0,20000.0,2025-07-08 14:41:16.721486
2025-07-08,8966,2025070803008101,GBBL,South Asian Bulls Pvt. Ltd.,Linch Stock Market Ltd.,325,400.0,130000.0,2025-07-08 14:45:48.071744
2025-07-08,7076,2025070803008415,GBBL,South Asian Bulls Pvt. Ltd.,Kalika Securities Pvt. Ltd.,85,400.0,34000.0,2025-07-08 14:50:12.161048
2025-07-08,7075,2025070803008416,GBBL,Dipshikha Dhitopatra Karobar Co. Pvt Ltd.,Kalika Securities Pvt. Ltd.,10,400.0,4000.0,2025-07-08 14:50:12.161251
2025-07-08,7074,2025070803008417,GBBL,Imperial Securities Company Pvt. Ltd.,Kalika Securities Pvt. Ltd.,105,400.0,42000.0,2025-07-08 14:50:12.161313
2025-07-08,6029,2025070803008623,GBBL,Imperial Securities Company Pvt. Ltd.,Capital Max Securities Ltd,95,400.0,38000.0,2025-07-08 14:52:31.636367
2025-07-08,5378,2025070803008735,GBBL,South Asian Bulls Pvt. Ltd.,Asian Securities Private Ltd.,740,400.8,296592.0,2025-07-08 14:53:36.873406
2025-07-08,5377,2025070803008736,GBBL,South Asian Bulls Pvt. Ltd.,Deevyaa Securities & Stock House Pvt. Ltd,245,400.9,98220.5,2025-07-08 14:53:36.873687
2025-07-08,5376,2025070803008737,GBBL,South Asian Bulls Pvt. Ltd.,Midas Stock Broking Company Private Limited,500,401.0,200500.0,2025-07-08 14:53:36.873851
2025-07-08,5375,2025070803008738,GBBL,South Asian Bulls Pvt. Ltd.,Midas Stock Broking Company Private Limited,500,401.0,200500.0,2025-07-08 14:53:36.874008
2025-07-08,5374,2025070803008739,GBBL,South Asian Bulls Pvt. Ltd.,Aryatara Investment & Securities,129,401.0,51729.0,2025-07-08 14:53:36.874211
2025-07-08,5373,2025070803008740,GBBL,South Asian Bulls Pvt. Ltd.,Aryatara Investment & Securities,370,401.9,148703.0,2025-07-08 14:53:36.874369
2025-07-08,5372,2025070803008741,GBBL,South Asian Bulls Pvt. Ltd.,Neev Securities Pvt. Ltd.,540,401.9,217026.0,2025-07-08 14:53:36.874529
2025-07-08,5371,2025070803008742,GBBL,South Asian Bulls Pvt. Ltd.,Market Securities & Exchange (PVT) Ltd.,595,402.0,239190.0,2025-07-08 14:53:36.874685
2025-07-08,5370,2025070803008743,GBBL,South Asian Bulls Pvt. Ltd.,Naasa Securities Co. Ltd.,1000,402.0,402000.0,2025-07-08 14:53:36.874836
2025-07-08,5369,2025070803008744,GBBL,South Asian Bulls Pvt. Ltd.,Midas Stock Broking Company Private Limited,250,402.0,100500.0,2025-07-08 14:53:36.874983
2025-07-08,5368,2025070803008745,GBBL,South Asian Bulls Pvt. Ltd.,Vision Securities Pvt. Ltd,30,402.0,12060.0,2025-07-08 14:53:36.875147
2025-07-08,5367,2025070803008746,GBBL,South Asian Bulls Pvt. Ltd.,Asian Securities Private Ltd.,200,402.0,80400.0,2025-07-08 14:53:36.875295
2025-07-08,4997,2025070803008804,GBBL,J.F. Securites (PVT) Ltd.,J.F. Securites (PVT) Ltd.,822,400.7,329375.4,2025-07-08 14:54:24.871594
2025-07-08,1937,2025070803009389,GBBL,Naasa Securities Co. Ltd.,Kumari Securities Private Limited,70,401.0,28070.0,2025-07-08 14:58:38.245856
2025-07-08,678,2025070803009632,GBBL,Naasa Securities Co. Ltd.,KALASH STOCK MARKET PVT. LTD.,100,401.0,40100.0,2025-07-08 14:59:39.481270
