Date,S.N.,Contract ID,Symbol,Buyer Broker,Seller Broker,quantity,rate,amount,transaction_time
2025-07-08,56237,2025070804000016,HURJA,Agrawal Securities (PVT) Ltd.,Primo Securities (PVT) Ltd.,50,254.0,12700.0,2025-07-08 10:46:00.054190
2025-07-08,55869,2025070804000227,HURJA,Agrawal Securities (PVT) Ltd.,Dipshikha Dhitopatra Karobar Co. Pvt Ltd.,30,252.9,7587.0,2025-07-08 11:02:43.548432
2025-07-08,55868,2025070804000228,HURJA,Agrawal Securities (PVT) Ltd.,Trisul Securities & Invt. Ltd.,100,253.0,25300.0,2025-07-08 11:02:43.548564
2025-07-08,55806,2025070804000267,HURJA,Imperial Securities Company Pvt. Ltd.,Vision Securities Pvt. Ltd,10,251.0,2510.0,2025-07-08 11:03:13.183580
2025-07-08,55805,2025070804000268,HURJA,Sri Hari Securities Pvt. Ltd.,Vision Securities Pvt. Ltd,50,250.0,12500.0,2025-07-08 11:03:13.183676
2025-07-08,55573,2025070804000404,HURJA,Agrawal Securities (PVT) Ltd.,Vision Securities Pvt. Ltd,10,250.0,2500.0,2025-07-08 11:04:36.723842
2025-07-08,55443,2025070804000469,HURJA,Agrawal Securities (PVT) Ltd.,Citizens Share Broker Limited,200,249.2,49840.0,2025-07-08 11:05:21.615707
2025-07-08,55242,2025070804000574,HURJA,Premier Securities Company Ltd.,Asian Securities Private Ltd.,10,249.1,2491.0,2025-07-08 11:06:28.267932
2025-07-08,55241,2025070804000575,HURJA,Nepal Stock House (PVT) Ltd.,Asian Securities Private Ltd.,50,249.1,12455.0,2025-07-08 11:06:28.268020
2025-07-08,55240,2025070804000576,HURJA,Premier Securities Company Ltd.,Asian Securities Private Ltd.,10,249.0,2490.0,2025-07-08 11:06:28.268060
2025-07-08,55239,2025070804000577,HURJA,Agrawal Securities (PVT) Ltd.,Asian Securities Private Ltd.,780,249.0,194220.0,2025-07-08 11:06:28.268108
2025-07-08,55106,2025070804000655,HURJA,Agrawal Securities (PVT) Ltd.,Asian Securities Private Ltd.,500,249.0,124500.0,2025-07-08 11:06:58.437031
2025-07-08,55061,2025070804000677,HURJA,Agrawal Securities (PVT) Ltd.,Kohinoor Investment & Securities Pvt. Ltd.,500,249.0,124500.0,2025-07-08 11:07:12.635299
2025-07-08,55058,2025070804000680,HURJA,Agrawal Securities (PVT) Ltd.,Vision Securities Pvt. Ltd,220,249.0,54780.0,2025-07-08 11:07:15.026962
2025-07-08,53482,2025070804001379,HURJA,Nepal Stock House (PVT) Ltd.,Vision Securities Pvt. Ltd,100,247.3,24730.0,2025-07-08 11:16:02.369183
2025-07-08,53481,2025070804001380,HURJA,Secured Securities Ltd.,Vision Securities Pvt. Ltd,100,247.2,24720.0,2025-07-08 11:16:02.369465
2025-07-08,53480,2025070804001381,HURJA,Premier Securities Company Ltd.,Vision Securities Pvt. Ltd,10,247.1,2471.0,2025-07-08 11:16:02.369620
2025-07-08,52749,2025070804001629,HURJA,Agrawal Securities (PVT) Ltd.,Linch Stock Market Ltd.,20,249.0,4980.0,2025-07-08 11:20:02.797876
2025-07-08,52486,2025070804001766,HURJA,Agrawal Securities (PVT) Ltd.,Linch Stock Market Ltd.,80,249.0,19920.0,2025-07-08 11:21:11.267938
2025-07-08,51465,2025070804002181,HURJA,Sani Securities Company Ltd.,Agrawal Securities (PVT) Ltd.,10,249.9,2499.0,2025-07-08 11:26:21.542247
2025-07-08,51101,2025070804002366,HURJA,Agrawal Securities (PVT) Ltd.,Trishakti Securities Public Limited,100,249.0,24900.0,2025-07-08 11:27:56.267950
2025-07-08,51100,2025070804002367,HURJA,Linch Stock Market Ltd.,Trishakti Securities Public Limited,65,249.0,16185.0,2025-07-08 11:27:56.268257
2025-07-08,50930,2025070804002448,HURJA,Agrawal Securities (PVT) Ltd.,Trishakti Securities Public Limited,35,249.0,8715.0,2025-07-08 11:28:47.493986
2025-07-08,50929,2025070804002449,HURJA,Agrawal Securities (PVT) Ltd.,Agrawal Securities (PVT) Ltd.,10,249.9,2499.0,2025-07-08 11:28:47.494307
2025-07-08,50643,2025070804002564,HURJA,Dipshikha Dhitopatra Karobar Co. Pvt Ltd.,Nepal Stock House (PVT) Ltd.,30,248.2,7446.0,2025-07-08 11:30:13.649511
2025-07-08,50642,2025070804002565,HURJA,Malla & Malla Stock Broking Company Pvt. Limited,Nepal Stock House (PVT) Ltd.,10,248.2,2482.0,2025-07-08 11:30:13.649693
2025-07-08,50531,2025070804002609,HURJA,Malla & Malla Stock Broking Company Pvt. Limited,Stoxkarts Securities Limited,20,248.2,4964.0,2025-07-08 11:30:53.001973
2025-07-08,50530,2025070804002610,HURJA,Midas Stock Broking Company Private Limited,Stoxkarts Securities Limited,100,248.1,24810.0,2025-07-08 11:30:53.002288
2025-07-08,50529,2025070804002611,HURJA,Agrawal Securities (PVT) Ltd.,Stoxkarts Securities Limited,50,248.0,12400.0,2025-07-08 11:30:53.002523
2025-07-08,50528,2025070804002612,HURJA,Asian Securities Private Ltd.,Stoxkarts Securities Limited,330,248.0,81840.0,2025-07-08 11:30:53.002721
2025-07-08,50516,2025070804002617,HURJA,Asian Securities Private Ltd.,Sagarmatha Securities Private Limited,170,248.0,42160.0,2025-07-08 11:30:57.404053
2025-07-08,50142,2025070804002781,HURJA,Market Securities & Exchange (PVT) Ltd.,Sagarmatha Securities Private Limited,200,247.5,49500.0,2025-07-08 11:32:37.842354
2025-07-08,50141,2025070804002782,HURJA,Market Securities & Exchange (PVT) Ltd.,Sagarmatha Securities Private Limited,100,247.5,24750.0,2025-07-08 11:32:37.842755
2025-07-08,50140,2025070804002783,HURJA,Dakshinkali Investment & Securities Pvt. Ltd.,Sagarmatha Securities Private Limited,300,247.4,74220.0,2025-07-08 11:32:37.843048
2025-07-08,50139,2025070804002784,HURJA,Agrawal Securities (PVT) Ltd.,Sagarmatha Securities Private Limited,100,247.3,24730.0,2025-07-08 11:32:37.843382
2025-07-08,50138,2025070804002785,HURJA,Linch Stock Market Ltd.,Sagarmatha Securities Private Limited,250,247.3,61825.0,2025-07-08 11:32:37.843674
2025-07-08,50137,2025070804002786,HURJA,Imperial Securities Company Pvt. Ltd.,Sagarmatha Securities Private Limited,1500,247.2,370800.0,2025-07-08 11:32:37.843930
2025-07-08,50136,2025070804002787,HURJA,Arun Securities (PVT) Ltd.,Sagarmatha Securities Private Limited,101,247.1,24957.1,2025-07-08 11:32:37.844202
2025-07-08,50135,2025070804002788,HURJA,Creative Securities Pvt Ltd,Sagarmatha Securities Private Limited,10,247.0,2470.0,2025-07-08 11:32:37.844498
2025-07-08,50134,2025070804002789,HURJA,Sweta Securities Private Limited,Sagarmatha Securities Private Limited,30,247.0,7410.0,2025-07-08 11:32:37.844784
2025-07-08,50133,2025070804002790,HURJA,Malla & Malla Stock Broking Company Pvt. Limited,Sagarmatha Securities Private Limited,10,247.0,2470.0,2025-07-08 11:32:37.845080
2025-07-08,50132,2025070804002791,HURJA,Investment Management Nepal Pvt. Ltd.,Sagarmatha Securities Private Limited,1000,247.0,247000.0,2025-07-08 11:32:37.845368
2025-07-08,50131,2025070804002792,HURJA,Trisul Securities & Invt. Ltd.,Sagarmatha Securities Private Limited,30,247.0,7410.0,2025-07-08 11:32:37.845646
2025-07-08,50130,2025070804002793,HURJA,NIMB Stock Markets Limited,Sagarmatha Securities Private Limited,100,247.0,24700.0,2025-07-08 11:32:37.845915
2025-07-08,50129,2025070804002794,HURJA,Sumeru Securities Pvt. Ltd.,Sagarmatha Securities Private Limited,785,247.0,193895.0,2025-07-08 11:32:37.846212
2025-07-08,50128,2025070804002795,HURJA,Malla & Malla Stock Broking Company Pvt. Limited,Sagarmatha Securities Private Limited,100,247.0,24700.0,2025-07-08 11:32:37.846499
2025-07-08,50127,2025070804002796,HURJA,Imperial Securities Company Pvt. Ltd.,Sagarmatha Securities Private Limited,100,247.0,24700.0,2025-07-08 11:32:37.846765
2025-07-08,50126,2025070804002797,HURJA,Bhrikuti Stock Broking Co. Pvt. Ltd.,Sagarmatha Securities Private Limited,114,247.0,28158.0,2025-07-08 11:32:37.847029
2025-07-08,49833,2025070804002922,HURJA,Bhrikuti Stock Broking Co. Pvt. Ltd.,Sumeru Securities Pvt. Ltd.,386,247.0,95342.0,2025-07-08 11:34:10.739183
2025-07-08,49832,2025070804002923,HURJA,Vision Securities Pvt. Ltd,Sumeru Securities Pvt. Ltd.,114,247.0,28158.0,2025-07-08 11:34:10.739403
2025-07-08,49729,2025070804002970,HURJA,Agrawal Securities (PVT) Ltd.,Sundhara Securities Limited,200,249.9,49980.0,2025-07-08 11:34:44.780970
2025-07-08,48806,2025070804003319,HURJA,Capital Max Securities Ltd,Vision Securities Pvt. Ltd,30,247.2,7416.0,2025-07-08 11:38:53.278727
2025-07-08,48321,2025070804003524,HURJA,Vision Securities Pvt. Ltd,Opal Securities Investment (PVT) Ltd.,500,247.0,123500.0,2025-07-08 11:40:57.340999
2025-07-08,48111,2025070804003618,HURJA,Linch Stock Market Ltd.,Oxford Securities Pvt. Ltd.,500,247.1,123550.0,2025-07-08 11:41:52.808095
2025-07-08,48035,2025070804003645,HURJA,Nepal Stock House (PVT) Ltd.,Vision Securities Pvt. Ltd,10,247.2,2472.0,2025-07-08 11:42:13.298418
2025-07-08,47940,2025070804003681,HURJA,Nepal Stock House (PVT) Ltd.,Sundhara Securities Limited,40,247.1,9884.0,2025-07-08 11:42:38.788189
2025-07-08,47939,2025070804003682,HURJA,Vision Securities Pvt. Ltd,Sundhara Securities Limited,60,247.0,14820.0,2025-07-08 11:42:38.788391
2025-07-08,47708,2025070804003786,HURJA,Vision Securities Pvt. Ltd,Secured Securities Ltd.,20,247.0,4940.0,2025-07-08 11:43:57.905893
2025-07-08,47623,2025070804003826,HURJA,Vision Securities Pvt. Ltd,Opal Securities Investment (PVT) Ltd.,306,247.0,75582.0,2025-07-08 11:44:19.118167
2025-07-08,47622,2025070804003827,HURJA,Himalayan Brokerage Company Limited,Opal Securities Investment (PVT) Ltd.,100,247.0,24700.0,2025-07-08 11:44:19.118386
2025-07-08,47621,2025070804003828,HURJA,Sumeru Securities Pvt. Ltd.,Opal Securities Investment (PVT) Ltd.,200,247.0,49400.0,2025-07-08 11:44:19.118467
2025-07-08,47620,2025070804003829,HURJA,Vision Securities Pvt. Ltd,Opal Securities Investment (PVT) Ltd.,100,247.0,24700.0,2025-07-08 11:44:19.118546
2025-07-08,47619,2025070804003830,HURJA,Stoxkarts Securities Limited,Opal Securities Investment (PVT) Ltd.,294,247.0,72618.0,2025-07-08 11:44:19.118617
2025-07-08,47413,2025070804003904,HURJA,Vision Securities Pvt. Ltd,Online Securities Pvt. Ltd.,100,247.5,24750.0,2025-07-08 11:45:16.543672
2025-07-08,47412,2025070804003905,HURJA,Naasa Securities Co. Ltd.,Online Securities Pvt. Ltd.,400,247.1,98840.0,2025-07-08 11:45:16.544085
2025-07-08,47064,2025070804004004,HURJA,Shree Krishna Securities Ltd.,Shree Krishna Securities Ltd.,100,247.3,24730.0,2025-07-08 11:46:38.068108
2025-07-08,46166,2025070804004372,HURJA,Roadshow securities limited,Sani Securities Company Ltd.,500,247.3,123650.0,2025-07-08 11:51:08.883543
2025-07-08,46165,2025070804004373,HURJA,Vision Securities Pvt. Ltd,Sani Securities Company Ltd.,80,247.3,19784.0,2025-07-08 11:51:08.883741
2025-07-08,45514,2025070804004658,HURJA,Aryatara Investment & Securities,Sani Securities Company Ltd.,200,247.4,49480.0,2025-07-08 11:53:46.290595
2025-07-08,44877,2025070804004862,HURJA,Capital Max Securities Ltd,Citizens Share Broker Limited,200,249.4,49880.0,2025-07-08 11:56:20.088223
2025-07-08,44227,2025070804005122,HURJA,Agrawal Securities (PVT) Ltd.,Trisul Securities & Invt. Ltd.,37,248.0,9176.0,2025-07-08 11:59:21.980109
2025-07-08,44032,2025070804005203,HURJA,Capital Max Securities Ltd,Sani Securities Company Ltd.,300,249.4,74820.0,2025-07-08 12:00:21.977807
2025-07-08,43652,2025070804005344,HURJA,Agrawal Securities (PVT) Ltd.,Dipshikha Dhitopatra Karobar Co. Pvt Ltd.,50,249.0,12450.0,2025-07-08 12:02:14.684975
2025-07-08,43349,2025070804005485,HURJA,Sani Securities Company Ltd.,Sani Securities Company Ltd.,1500,249.0,373500.0,2025-07-08 12:03:42.936401
2025-07-08,43071,2025070804005604,HURJA,Capital Max Securities Ltd,Bhrikuti Stock Broking Co. Pvt. Ltd.,30,248.4,7452.0,2025-07-08 12:05:01.337029
2025-07-08,43070,2025070804005605,HURJA,Sani Securities Company Ltd.,Bhrikuti Stock Broking Co. Pvt. Ltd.,140,248.3,34762.0,2025-07-08 12:05:01.337298
2025-07-08,43069,2025070804005606,HURJA,Agrawal Securities (PVT) Ltd.,Bhrikuti Stock Broking Co. Pvt. Ltd.,50,248.3,12415.0,2025-07-08 12:05:01.337411
2025-07-08,43068,2025070804005607,HURJA,Sundhara Securities Limited,Bhrikuti Stock Broking Co. Pvt. Ltd.,25,248.2,6205.0,2025-07-08 12:05:01.337508
2025-07-08,43041,2025070804005618,HURJA,Sundhara Securities Limited,Bhrikuti Stock Broking Co. Pvt. Ltd.,10,248.2,2482.0,2025-07-08 12:05:11.399486
2025-07-08,42873,2025070804005686,HURJA,Capital Max Securities Ltd,Kohinoor Investment & Securities Pvt. Ltd.,100,249.0,24900.0,2025-07-08 12:05:51.546663
2025-07-08,41746,2025070804006241,HURJA,Linch Stock Market Ltd.,Sani Securities Company Ltd.,140,249.4,34916.0,2025-07-08 12:10:34.336942
2025-07-08,41745,2025070804006242,HURJA,Linch Stock Market Ltd.,Vision Securities Pvt. Ltd,250,249.4,62350.0,2025-07-08 12:10:34.337535
2025-07-08,41384,2025070804006391,HURJA,Kohinoor Investment & Securities Pvt. Ltd.,BHOLE GANESH SECURITIES LTD,500,249.5,124750.0,2025-07-08 12:12:08.368458
2025-07-08,41383,2025070804006392,HURJA,Kohinoor Investment & Securities Pvt. Ltd.,Sani Securities Company Ltd.,500,249.5,124750.0,2025-07-08 12:12:08.368714
2025-07-08,41363,2025070804006397,HURJA,Dipshikha Dhitopatra Karobar Co. Pvt Ltd.,NIMB Stock Markets Limited,500,248.7,124350.0,2025-07-08 12:12:14.413353
2025-07-08,41362,2025070804006398,HURJA,Vision Securities Pvt. Ltd,NIMB Stock Markets Limited,300,248.6,74580.0,2025-07-08 12:12:14.413796
2025-07-08,41361,2025070804006399,HURJA,Linch Stock Market Ltd.,NIMB Stock Markets Limited,561,248.6,139464.6,2025-07-08 12:12:14.414098
2025-07-08,41360,2025070804006400,HURJA,Linch Stock Market Ltd.,NIMB Stock Markets Limited,139,248.5,34541.5,2025-07-08 12:12:14.414407
2025-07-08,41315,2025070804006420,HURJA,Linch Stock Market Ltd.,NIMB Stock Markets Limited,361,248.5,89708.5,2025-07-08 12:12:25.447948
2025-07-08,40972,2025070804006576,HURJA,Asian Securities Private Ltd.,NIMB Stock Markets Limited,500,248.5,124250.0,2025-07-08 12:13:51.181067
2025-07-08,40969,2025070804006579,HURJA,Market Securities & Exchange (PVT) Ltd.,NIMB Stock Markets Limited,139,248.5,34541.5,2025-07-08 12:13:51.852130
2025-07-08,40837,2025070804006618,HURJA,Linch Stock Market Ltd.,Naasa Securities Co. Ltd.,20,249.5,4990.0,2025-07-08 12:14:20.351670
2025-07-08,40836,2025070804006619,HURJA,Linch Stock Market Ltd.,Secured Securities Ltd.,27,249.8,6744.6,2025-07-08 12:14:20.351940
2025-07-08,40835,2025070804006620,HURJA,Linch Stock Market Ltd.,Sundhara Securities Limited,300,249.9,74970.0,2025-07-08 12:14:20.352043
2025-07-08,40834,2025070804006621,HURJA,Linch Stock Market Ltd.,Sundhara Securities Limited,500,250.0,125000.0,2025-07-08 12:14:20.352144
2025-07-08,40833,2025070804006622,HURJA,Linch Stock Market Ltd.,Sani Securities Company Ltd.,10,250.0,2500.0,2025-07-08 12:14:20.352256
2025-07-08,40832,2025070804006623,HURJA,Linch Stock Market Ltd.,Sani Securities Company Ltd.,100,250.0,25000.0,2025-07-08 12:14:20.352371
2025-07-08,40831,2025070804006624,HURJA,Linch Stock Market Ltd.,Kumari Securities Private Limited,40,250.0,10000.0,2025-07-08 12:14:20.352476
2025-07-08,40421,2025070804006790,HURJA,Sani Securities Company Ltd.,Naasa Securities Co. Ltd.,134,250.9,33620.6,2025-07-08 12:16:23.268183
2025-07-08,40420,2025070804006791,HURJA,Sani Securities Company Ltd.,Sani Securities Company Ltd.,366,251.0,91866.0,2025-07-08 12:16:23.268453
2025-07-08,38873,2025070804007437,HURJA,Creative Securities Pvt Ltd,Nagarik Stock Dealer ,200,250.9,50180.0,2025-07-08 12:22:56.439983
2025-07-08,38872,2025070804007438,HURJA,Creative Securities Pvt Ltd,Sani Securities Company Ltd.,84,251.0,21084.0,2025-07-08 12:22:56.440234
2025-07-08,38871,2025070804007439,HURJA,Creative Securities Pvt Ltd,Sani Securities Company Ltd.,100,251.0,25100.0,2025-07-08 12:22:56.440350
2025-07-08,38870,2025070804007440,HURJA,Creative Securities Pvt Ltd,Thrive Brokerage House Pvt. Ltd,40,252.0,10080.0,2025-07-08 12:22:56.440454
2025-07-08,38869,2025070804007441,HURJA,Creative Securities Pvt Ltd,Dipshikha Dhitopatra Karobar Co. Pvt Ltd.,200,252.0,50400.0,2025-07-08 12:22:56.440555
2025-07-08,38868,2025070804007442,HURJA,Creative Securities Pvt Ltd,Dipshikha Dhitopatra Karobar Co. Pvt Ltd.,200,252.0,50400.0,2025-07-08 12:22:56.440655
2025-07-08,38867,2025070804007443,HURJA,Creative Securities Pvt Ltd,Agrawal Securities (PVT) Ltd.,50,252.4,12620.0,2025-07-08 12:22:56.440757
2025-07-08,38866,2025070804007444,HURJA,Creative Securities Pvt Ltd,Oxford Securities Pvt. Ltd.,500,252.5,126250.0,2025-07-08 12:22:56.440858
2025-07-08,38865,2025070804007445,HURJA,Creative Securities Pvt Ltd,Online Securities Pvt. Ltd.,10,252.5,2525.0,2025-07-08 12:22:56.440957
2025-07-08,38864,2025070804007446,HURJA,Creative Securities Pvt Ltd,Infinity Securities Limited,1000,253.0,253000.0,2025-07-08 12:22:56.441051
2025-07-08,38863,2025070804007447,HURJA,Creative Securities Pvt Ltd,Pragyan Securities (PVT) Ltd.,100,253.0,25300.0,2025-07-08 12:22:56.441146
2025-07-08,38862,2025070804007448,HURJA,Creative Securities Pvt Ltd,Dipshikha Dhitopatra Karobar Co. Pvt Ltd.,500,253.0,126500.0,2025-07-08 12:22:56.441244
2025-07-08,38861,2025070804007449,HURJA,Creative Securities Pvt Ltd,Shree Krishna Securities Ltd.,720,253.0,182160.0,2025-07-08 12:22:56.441358
2025-07-08,38590,2025070804007546,HURJA,Naasa Securities Co. Ltd.,South Asian Bulls Pvt. Ltd.,100,253.0,25300.0,2025-07-08 12:24:22.185021
2025-07-08,38514,2025070804007572,HURJA,Aakashbhairab Securities Ltd.,Kalika Securities Pvt. Ltd.,10,249.4,2494.0,2025-07-08 12:24:51.078999
2025-07-08,38195,2025070804007696,HURJA,Creative Securities Pvt Ltd,Dipshikha Dhitopatra Karobar Co. Pvt Ltd.,533,250.0,133250.0,2025-07-08 12:26:15.427988
2025-07-08,38013,2025070804007738,HURJA,Blue Chip Securities Ltd,Citizens Share Broker Limited,10,252.9,2529.0,2025-07-08 12:27:10.368070
2025-07-08,37868,2025070804007783,HURJA,South Asian Bulls Pvt. Ltd.,Citizens Share Broker Limited,990,252.9,250371.0,2025-07-08 12:27:44.969600
2025-07-08,37867,2025070804007784,HURJA,South Asian Bulls Pvt. Ltd.,South Asian Bulls Pvt. Ltd.,400,253.0,101200.0,2025-07-08 12:27:44.969734
2025-07-08,37866,2025070804007785,HURJA,South Asian Bulls Pvt. Ltd.,Dipshikha Dhitopatra Karobar Co. Pvt Ltd.,10,253.2,2532.0,2025-07-08 12:27:44.969831
2025-07-08,37865,2025070804007786,HURJA,South Asian Bulls Pvt. Ltd.,Trishakti Securities Public Limited,100,253.3,25330.0,2025-07-08 12:27:44.969904
2025-07-08,37510,2025070804007892,HURJA,Miyo Securities Pvt Ltd,Malla & Malla Stock Broking Company Pvt. Limited,50,253.0,12650.0,2025-07-08 12:29:26.751608
2025-07-08,33722,2025070804009280,HURJA,Vision Securities Pvt. Ltd,Malla & Malla Stock Broking Company Pvt. Limited,100,251.1,25110.0,2025-07-08 12:46:12.034760
2025-07-08,33483,2025070804009371,HURJA,Vision Securities Pvt. Ltd,Malla & Malla Stock Broking Company Pvt. Limited,50,251.1,12555.0,2025-07-08 12:47:01.295705
2025-07-08,32661,2025070804009678,HURJA,Aakashbhairab Securities Ltd.,Malla & Malla Stock Broking Company Pvt. Limited,140,250.6,35084.0,2025-07-08 12:50:20.349664
2025-07-08,32660,2025070804009679,HURJA,South Asian Bulls Pvt. Ltd.,Malla & Malla Stock Broking Company Pvt. Limited,160,250.5,40080.0,2025-07-08 12:50:20.349993
2025-07-08,32272,2025070804009859,HURJA,South Asian Bulls Pvt. Ltd.,Malla & Malla Stock Broking Company Pvt. Limited,50,250.5,12525.0,2025-07-08 12:51:14.639341
2025-07-08,32212,2025070804009898,HURJA,South Asian Bulls Pvt. Ltd.,Neev Securities Pvt. Ltd.,174,250.5,43587.0,2025-07-08 12:51:26.443132
2025-07-08,31957,2025070804010024,HURJA,South Asian Bulls Pvt. Ltd.,Imperial Securities Company Pvt. Ltd.,55,250.4,13772.0,2025-07-08 12:52:30.506182
2025-07-08,31956,2025070804010025,HURJA,Siprabi Securities Pvt. Ltd.,Imperial Securities Company Pvt. Ltd.,200,250.1,50020.0,2025-07-08 12:52:30.506806
2025-07-08,31955,2025070804010026,HURJA,Premier Securities Company Ltd.,Imperial Securities Company Pvt. Ltd.,100,250.1,25010.0,2025-07-08 12:52:30.507180
2025-07-08,31954,2025070804010027,HURJA,Creative Securities Pvt Ltd,Imperial Securities Company Pvt. Ltd.,467,250.0,116750.0,2025-07-08 12:52:30.507544
2025-07-08,31953,2025070804010028,HURJA,Aryatara Investment & Securities,Imperial Securities Company Pvt. Ltd.,10,250.0,2500.0,2025-07-08 12:52:30.507890
2025-07-08,31952,2025070804010029,HURJA,Sewa Securities Pvt. Ltd.,Imperial Securities Company Pvt. Ltd.,500,250.0,125000.0,2025-07-08 12:52:30.508229
2025-07-08,31951,2025070804010030,HURJA,Naasa Securities Co. Ltd.,Imperial Securities Company Pvt. Ltd.,10,250.0,2500.0,2025-07-08 12:52:30.508563
2025-07-08,31743,2025070804010096,HURJA,SUN SECURITIES PVT LTD,ABC Securities Private Limited,50,249.0,12450.0,2025-07-08 12:53:24.757922
2025-07-08,31742,2025070804010097,HURJA,Market Securities & Exchange (PVT) Ltd.,ABC Securities Private Limited,100,249.0,24900.0,2025-07-08 12:53:24.758042
2025-07-08,31741,2025070804010098,HURJA,Market Securities & Exchange (PVT) Ltd.,ABC Securities Private Limited,61,249.0,15189.0,2025-07-08 12:53:24.758119
2025-07-08,31740,2025070804010099,HURJA,Dynamic Money Managers Securities Pvt. Ltd.,ABC Securities Private Limited,500,249.0,124500.0,2025-07-08 12:53:24.758208
2025-07-08,31739,2025070804010100,HURJA,Online Securities Pvt. Ltd.,ABC Securities Private Limited,500,249.0,124500.0,2025-07-08 12:53:24.758341
2025-07-08,31738,2025070804010101,HURJA,Vision Securities Pvt. Ltd,ABC Securities Private Limited,200,249.0,49800.0,2025-07-08 12:53:24.758452
2025-07-08,31737,2025070804010102,HURJA,Nepal Stock House (PVT) Ltd.,ABC Securities Private Limited,300,249.0,74700.0,2025-07-08 12:53:24.758529
2025-07-08,31736,2025070804010103,HURJA,Vision Securities Pvt. Ltd,ABC Securities Private Limited,20,249.0,4980.0,2025-07-08 12:53:24.758631
2025-07-08,31735,2025070804010104,HURJA,Market Securities & Exchange (PVT) Ltd.,ABC Securities Private Limited,500,248.7,124350.0,2025-07-08 12:53:24.758708
2025-07-08,31734,2025070804010105,HURJA,Cristal Kanchanjanga Securites Pvt. Ltd.,ABC Securities Private Limited,50,248.5,12425.0,2025-07-08 12:53:24.758811
2025-07-08,31733,2025070804010106,HURJA,Online Securities Pvt. Ltd.,ABC Securities Private Limited,700,248.5,173950.0,2025-07-08 12:53:24.758907
2025-07-08,31732,2025070804010107,HURJA,Agrawal Securities (PVT) Ltd.,ABC Securities Private Limited,200,248.4,49680.0,2025-07-08 12:53:24.759009
2025-07-08,31731,2025070804010108,HURJA,SUN SECURITIES PVT LTD,ABC Securities Private Limited,50,248.3,12415.0,2025-07-08 12:53:24.759096
2025-07-08,31730,2025070804010109,HURJA,Kumari Securities Private Limited,ABC Securities Private Limited,150,248.3,37245.0,2025-07-08 12:53:24.759173
2025-07-08,31729,2025070804010110,HURJA,Bhrikuti Stock Broking Co. Pvt. Ltd.,ABC Securities Private Limited,1000,248.2,248200.0,2025-07-08 12:53:24.759248
2025-07-08,31728,2025070804010111,HURJA,Agrawal Securities (PVT) Ltd.,ABC Securities Private Limited,163,248.0,40424.0,2025-07-08 12:53:24.759387
2025-07-08,31727,2025070804010112,HURJA,Sundhara Securities Limited,ABC Securities Private Limited,150,248.0,37200.0,2025-07-08 12:53:24.759501
2025-07-08,31726,2025070804010113,HURJA,Sani Securities Company Ltd.,ABC Securities Private Limited,500,248.0,124000.0,2025-07-08 12:53:24.759605
2025-07-08,31725,2025070804010114,HURJA,Sundhara Securities Limited,ABC Securities Private Limited,150,248.0,37200.0,2025-07-08 12:53:24.759700
2025-07-08,31724,2025070804010115,HURJA,Citizens Share Broker Limited,ABC Securities Private Limited,446,248.0,110608.0,2025-07-08 12:53:24.759800
2025-07-08,31438,2025070804010201,HURJA,Siprabi Securities Pvt. Ltd.,Neev Securities Pvt. Ltd.,26,248.1,6450.6,2025-07-08 12:54:41.211239
2025-07-08,29980,2025070804010712,HURJA,Sani Securities Company Ltd.,Imperial Securities Company Pvt. Ltd.,11,250.9,2759.9,2025-07-08 13:02:35.570356
2025-07-08,29540,2025070804010776,HURJA,Sani Securities Company Ltd.,Imperial Securities Company Pvt. Ltd.,11,250.9,2759.9,2025-07-08 13:04:31.708927
2025-07-08,29460,2025070804010803,HURJA,South Asian Bulls Pvt. Ltd.,Imperial Securities Company Pvt. Ltd.,136,250.9,34122.4,2025-07-08 13:04:53.341300
2025-07-08,29459,2025070804010804,HURJA,South Asian Bulls Pvt. Ltd.,Agrawal Securities (PVT) Ltd.,300,250.9,75270.0,2025-07-08 13:04:53.341370
2025-07-08,29458,2025070804010805,HURJA,South Asian Bulls Pvt. Ltd.,Shree Krishna Securities Ltd.,1000,250.9,250900.0,2025-07-08 13:04:53.341394
2025-07-08,29457,2025070804010806,HURJA,South Asian Bulls Pvt. Ltd.,Kumari Securities Private Limited,64,251.0,16064.0,2025-07-08 13:04:53.341422
2025-07-08,27768,2025070804011370,HURJA,Market Securities & Exchange (PVT) Ltd.,Dipshikha Dhitopatra Karobar Co. Pvt Ltd.,1000,250.0,250000.0,2025-07-08 13:16:38.972708
2025-07-08,27077,2025070804011601,HURJA,Siprabi Securities Pvt. Ltd.,Kumari Securities Private Limited,186,249.3,46369.8,2025-07-08 13:21:13.911269
2025-07-08,26577,2025070804011802,HURJA,Aryatara Investment & Securities,Oxford Securities Pvt. Ltd.,50,250.0,12500.0,2025-07-08 13:24:26.474868
2025-07-08,26200,2025070804011929,HURJA,Dakshinkali Investment & Securities Pvt. Ltd.,Oxford Securities Pvt. Ltd.,500,250.0,125000.0,2025-07-08 13:27:06.486074
2025-07-08,26077,2025070804011973,HURJA,Capital Max Securities Ltd,Oxford Securities Pvt. Ltd.,950,250.0,237500.0,2025-07-08 13:27:56.888051
2025-07-08,26076,2025070804011974,HURJA,Capital Max Securities Ltd,Dipshikha Dhitopatra Karobar Co. Pvt Ltd.,500,250.0,125000.0,2025-07-08 13:27:56.888435
2025-07-08,26075,2025070804011975,HURJA,Capital Max Securities Ltd,Naasa Securities Co. Ltd.,40,250.0,10000.0,2025-07-08 13:27:56.888638
2025-07-08,25837,2025070804012062,HURJA,Agrawal Securities (PVT) Ltd.,Trisul Securities & Invt. Ltd.,200,250.9,50180.0,2025-07-08 13:29:26.982220
2025-07-08,25677,2025070804012116,HURJA,Creative Securities Pvt Ltd,Asian Securities Private Ltd.,150,251.0,37650.0,2025-07-08 13:30:37.412746
2025-07-08,25676,2025070804012117,HURJA,Creative Securities Pvt Ltd,Thrive Brokerage House Pvt. Ltd,1500,251.0,376500.0,2025-07-08 13:30:37.413103
2025-07-08,25675,2025070804012118,HURJA,Creative Securities Pvt Ltd,Sundhara Securities Limited,100,251.8,25180.0,2025-07-08 13:30:37.413237
2025-07-08,25674,2025070804012119,HURJA,Creative Securities Pvt Ltd,Aryatara Investment & Securities,450,252.0,113400.0,2025-07-08 13:30:37.413371
2025-07-08,25673,2025070804012120,HURJA,Creative Securities Pvt Ltd,Vision Securities Pvt. Ltd,240,252.8,60672.0,2025-07-08 13:30:37.413532
2025-07-08,25672,2025070804012121,HURJA,Creative Securities Pvt Ltd,Agrawal Securities (PVT) Ltd.,560,252.8,141568.0,2025-07-08 13:30:37.413661
2025-07-08,25671,2025070804012122,HURJA,Creative Securities Pvt Ltd,Prabhu Stock Market Limited,500,252.9,126450.0,2025-07-08 13:30:37.413787
2025-07-08,25670,2025070804012123,HURJA,Creative Securities Pvt Ltd,Sundhara Securities Limited,50,252.9,12645.0,2025-07-08 13:30:37.413935
2025-07-08,25669,2025070804012124,HURJA,Creative Securities Pvt Ltd,Sri Hari Securities Pvt. Ltd.,500,253.0,126500.0,2025-07-08 13:30:37.414055
2025-07-08,25668,2025070804012125,HURJA,Creative Securities Pvt Ltd,Sundhara Securities Limited,500,253.0,126500.0,2025-07-08 13:30:37.414197
2025-07-08,25667,2025070804012126,HURJA,Creative Securities Pvt Ltd,Primo Securities (PVT) Ltd.,200,253.0,50600.0,2025-07-08 13:30:37.414360
2025-07-08,25666,2025070804012127,HURJA,Creative Securities Pvt Ltd,Siprabi Securities Pvt. Ltd.,250,253.0,63250.0,2025-07-08 13:30:37.414490
2025-07-08,24349,2025070804012586,HURJA,Kohinoor Investment & Securities Pvt. Ltd.,Sani Securities Company Ltd.,100,250.2,25020.0,2025-07-08 13:38:12.255914
2025-07-08,24315,2025070804012596,HURJA,Siprabi Securities Pvt. Ltd.,Sani Securities Company Ltd.,85,250.1,21258.5,2025-07-08 13:38:22.365308
2025-07-08,22839,2025070804013061,HURJA,Siprabi Securities Pvt. Ltd.,Sweta Securities Private Limited,165,250.1,41266.5,2025-07-08 13:46:52.761119
2025-07-08,22838,2025070804013062,HURJA,Kohinoor Investment & Securities Pvt. Ltd.,Sweta Securities Private Limited,100,250.1,25010.0,2025-07-08 13:46:52.761461
2025-07-08,22837,2025070804013063,HURJA,Creative Securities Pvt Ltd,Sweta Securities Private Limited,735,250.1,183823.5,2025-07-08 13:46:52.761592
2025-07-08,22470,2025070804013166,HURJA,Creative Securities Pvt Ltd,Asian Securities Private Ltd.,265,250.1,66276.5,2025-07-08 13:49:16.218133
2025-07-08,22469,2025070804013167,HURJA,Imperial Securities Company Pvt. Ltd.,Asian Securities Private Ltd.,100,250.1,25010.0,2025-07-08 13:49:16.218764
2025-07-08,22468,2025070804013168,HURJA,Creative Securities Pvt Ltd,Asian Securities Private Ltd.,500,250.0,125000.0,2025-07-08 13:49:16.219195
2025-07-08,22467,2025070804013169,HURJA,Sani Securities Company Ltd.,Asian Securities Private Ltd.,200,250.0,50000.0,2025-07-08 13:49:16.219632
2025-07-08,22466,2025070804013170,HURJA,Sundhara Securities Limited,Asian Securities Private Ltd.,500,250.0,125000.0,2025-07-08 13:49:16.220067
2025-07-08,22465,2025070804013171,HURJA,Sani Securities Company Ltd.,Asian Securities Private Ltd.,435,250.0,108750.0,2025-07-08 13:49:16.220508
2025-07-08,21473,2025070804013598,HURJA,Sani Securities Company Ltd.,Agrawal Securities (PVT) Ltd.,500,250.0,125000.0,2025-07-08 13:55:33.073025
2025-07-08,21291,2025070804013660,HURJA,Sani Securities Company Ltd.,Agrawal Securities (PVT) Ltd.,105,250.0,26250.0,2025-07-08 13:56:33.422366
2025-07-08,21290,2025070804013661,HURJA,Secured Securities Ltd.,Agrawal Securities (PVT) Ltd.,50,250.0,12500.0,2025-07-08 13:56:33.423037
2025-07-08,21289,2025070804013662,HURJA,Capital Max Securities Ltd,Agrawal Securities (PVT) Ltd.,3445,249.4,859183.0,2025-07-08 13:56:33.423461
2025-07-08,21018,2025070804013751,HURJA,Capital Max Securities Ltd,Naasa Securities Co. Ltd.,65,249.4,16211.0,2025-07-08 13:57:56.475146
2025-07-08,21017,2025070804013752,HURJA,Siprabi Securities Pvt. Ltd.,Naasa Securities Co. Ltd.,114,249.3,28420.2,2025-07-08 13:57:56.475500
2025-07-08,21016,2025070804013753,HURJA,Sumeru Securities Pvt. Ltd.,Naasa Securities Co. Ltd.,1821,249.1,453611.1,2025-07-08 13:57:56.475635
2025-07-08,20768,2025070804013832,HURJA,Bhrikuti Stock Broking Co. Pvt. Ltd.,Agrawal Securities (PVT) Ltd.,500,249.2,124600.0,2025-07-08 13:59:18.348304
2025-07-08,20767,2025070804013833,HURJA,Sumeru Securities Pvt. Ltd.,Agrawal Securities (PVT) Ltd.,179,249.1,44588.9,2025-07-08 13:59:18.348631
2025-07-08,20766,2025070804013834,HURJA,Premier Securities Company Ltd.,Agrawal Securities (PVT) Ltd.,100,249.1,24910.0,2025-07-08 13:59:18.348794
2025-07-08,20765,2025070804013835,HURJA,Siprabi Securities Pvt. Ltd.,Agrawal Securities (PVT) Ltd.,300,249.1,74730.0,2025-07-08 13:59:18.348932
2025-07-08,20764,2025070804013836,HURJA,Imperial Securities Company Pvt. Ltd.,Agrawal Securities (PVT) Ltd.,1500,249.1,373650.0,2025-07-08 13:59:18.349057
2025-07-08,20763,2025070804013837,HURJA,Creative Securities Pvt Ltd,Agrawal Securities (PVT) Ltd.,1000,249.0,249000.0,2025-07-08 13:59:18.349181
2025-07-08,20762,2025070804013838,HURJA,Blue Chip Securities Ltd,Agrawal Securities (PVT) Ltd.,921,249.0,229329.0,2025-07-08 13:59:18.349307
2025-07-08,20011,2025070804014111,HURJA,Market Securities & Exchange (PVT) Ltd.,Vision Securities Pvt. Ltd,10,249.2,2492.0,2025-07-08 14:03:38.818348
2025-07-08,19486,2025070804014327,HURJA,Market Securities & Exchange (PVT) Ltd.,Cristal Kanchanjanga Securites Pvt. Ltd.,20,249.1,4982.0,2025-07-08 14:05:55.622309
2025-07-08,19485,2025070804014328,HURJA,Market Securities & Exchange (PVT) Ltd.,Cristal Kanchanjanga Securites Pvt. Ltd.,250,249.1,62275.0,2025-07-08 14:05:55.623037
2025-07-08,19484,2025070804014329,HURJA,Bhrikuti Stock Broking Co. Pvt. Ltd.,Cristal Kanchanjanga Securites Pvt. Ltd.,230,249.1,57293.0,2025-07-08 14:05:55.623647
2025-07-08,19256,2025070804014423,HURJA,Asian Securities Private Ltd.,Agrawal Securities (PVT) Ltd.,10,249.2,2492.0,2025-07-08 14:07:04.172638
2025-07-08,19065,2025070804014494,HURJA,Asian Securities Private Ltd.,Cristal Kanchanjanga Securites Pvt. Ltd.,80,249.2,19936.0,2025-07-08 14:08:19.129767
2025-07-08,18943,2025070804014557,HURJA,Asian Securities Private Ltd.,Siprabi Securities Pvt. Ltd.,10,249.2,2492.0,2025-07-08 14:08:53.286207
2025-07-08,18942,2025070804014558,HURJA,Siprabi Securities Pvt. Ltd.,Siprabi Securities Pvt. Ltd.,40,249.2,9968.0,2025-07-08 14:08:53.286966
2025-07-08,17380,2025070804015109,HURJA,Trishakti Securities Public Limited,Cristal Kanchanjanga Securites Pvt. Ltd.,40,250.0,10000.0,2025-07-08 14:15:32.899770
2025-07-08,17379,2025070804015110,HURJA,Trishakti Securities Public Limited,Market Securities & Exchange (PVT) Ltd.,50,250.0,12500.0,2025-07-08 14:15:32.900188
2025-07-08,17378,2025070804015111,HURJA,Trishakti Securities Public Limited,Sewa Securities Pvt. Ltd.,100,250.0,25000.0,2025-07-08 14:15:32.900340
2025-07-08,17377,2025070804015112,HURJA,Trishakti Securities Public Limited,ABC Securities Private Limited,110,250.0,27500.0,2025-07-08 14:15:32.900473
2025-07-08,16624,2025070804015389,HURJA,Kohinoor Investment & Securities Pvt. Ltd.,ABC Securities Private Limited,940,250.0,235000.0,2025-07-08 14:19:00.400056
2025-07-08,15057,2025070804015855,HURJA,Blue Chip Securities Ltd,Sumeru Securities Pvt. Ltd.,79,250.0,19750.0,2025-07-08 14:24:56.462623
2025-07-08,15056,2025070804015856,HURJA,Vision Securities Pvt. Ltd,Sumeru Securities Pvt. Ltd.,20,250.0,5000.0,2025-07-08 14:24:56.462729
2025-07-08,15055,2025070804015857,HURJA,Sani Securities Company Ltd.,Sumeru Securities Pvt. Ltd.,100,250.0,25000.0,2025-07-08 14:24:56.462810
2025-07-08,15054,2025070804015858,HURJA,Capital Max Securities Ltd,Sumeru Securities Pvt. Ltd.,10,249.4,2494.0,2025-07-08 14:24:56.462888
2025-07-08,15053,2025070804015859,HURJA,Sani Securities Company Ltd.,Sumeru Securities Pvt. Ltd.,50,249.3,12465.0,2025-07-08 14:24:56.462963
2025-07-08,15052,2025070804015860,HURJA,Siprabi Securities Pvt. Ltd.,Sumeru Securities Pvt. Ltd.,70,249.3,17451.0,2025-07-08 14:24:56.463038
2025-07-08,15051,2025070804015861,HURJA,Agrawal Securities (PVT) Ltd.,Sumeru Securities Pvt. Ltd.,200,249.3,49860.0,2025-07-08 14:24:56.463104
2025-07-08,15050,2025070804015862,HURJA,Siprabi Securities Pvt. Ltd.,Sumeru Securities Pvt. Ltd.,60,249.2,14952.0,2025-07-08 14:24:56.463184
2025-07-08,15049,2025070804015863,HURJA,Arun Securities (PVT) Ltd.,Sumeru Securities Pvt. Ltd.,411,249.1,102380.1,2025-07-08 14:24:56.463260
2025-07-08,14690,2025070804016011,HURJA,Arun Securities (PVT) Ltd.,Online Securities Pvt. Ltd.,15,249.1,3736.5,2025-07-08 14:26:22.560942
2025-07-08,14675,2025070804016016,HURJA,Arun Securities (PVT) Ltd.,Online Securities Pvt. Ltd.,10,249.1,2491.0,2025-07-08 14:26:29.605777
2025-07-08,14511,2025070804016077,HURJA,Arun Securities (PVT) Ltd.,Agrawal Securities (PVT) Ltd.,64,249.1,15942.4,2025-07-08 14:27:06.460307
2025-07-08,14510,2025070804016078,HURJA,Midas Stock Broking Company Private Limited,Agrawal Securities (PVT) Ltd.,500,249.1,124550.0,2025-07-08 14:27:06.460925
2025-07-08,14509,2025070804016079,HURJA,Sumeru Securities Pvt. Ltd.,Agrawal Securities (PVT) Ltd.,200,249.1,49820.0,2025-07-08 14:27:06.461310
2025-07-08,14508,2025070804016080,HURJA,Siprabi Securities Pvt. Ltd.,Agrawal Securities (PVT) Ltd.,174,249.1,43343.4,2025-07-08 14:27:06.461688
2025-07-08,14507,2025070804016081,HURJA,Siprabi Securities Pvt. Ltd.,Agrawal Securities (PVT) Ltd.,300,249.1,74730.0,2025-07-08 14:27:06.462062
2025-07-08,14506,2025070804016082,HURJA,Online Securities Pvt. Ltd.,Agrawal Securities (PVT) Ltd.,160,249.0,39840.0,2025-07-08 14:27:06.462454
2025-07-08,14505,2025070804016083,HURJA,Dakshinkali Investment & Securities Pvt. Ltd.,Agrawal Securities (PVT) Ltd.,100,249.0,24900.0,2025-07-08 14:27:06.462826
2025-07-08,14504,2025070804016084,HURJA,Neev Securities Pvt. Ltd.,Agrawal Securities (PVT) Ltd.,1500,249.0,373500.0,2025-07-08 14:27:06.463195
2025-07-08,14503,2025070804016085,HURJA,Market Securities & Exchange (PVT) Ltd.,Agrawal Securities (PVT) Ltd.,20,249.0,4980.0,2025-07-08 14:27:06.463576
2025-07-08,14502,2025070804016086,HURJA,Bhrikuti Stock Broking Co. Pvt. Ltd.,Agrawal Securities (PVT) Ltd.,500,249.0,124500.0,2025-07-08 14:27:06.463933
2025-07-08,14501,2025070804016087,HURJA,Bhrikuti Stock Broking Co. Pvt. Ltd.,Agrawal Securities (PVT) Ltd.,2400,249.0,597600.0,2025-07-08 14:27:06.464301
2025-07-08,14500,2025070804016088,HURJA,Online Securities Pvt. Ltd.,Agrawal Securities (PVT) Ltd.,482,249.0,120018.0,2025-07-08 14:27:06.464679
2025-07-08,14243,2025070804016170,HURJA,Capital Max Securities Ltd,Sumeru Securities Pvt. Ltd.,200,250.0,50000.0,2025-07-08 14:28:10.407441
2025-07-08,14122,2025070804016232,HURJA,Online Securities Pvt. Ltd.,Agrawal Securities (PVT) Ltd.,100,249.0,24900.0,2025-07-08 14:28:30.031861
2025-07-08,13551,2025070804016462,HURJA,Online Securities Pvt. Ltd.,Sumeru Securities Pvt. Ltd.,18,249.0,4482.0,2025-07-08 14:30:30.229225
2025-07-08,13550,2025070804016463,HURJA,Deevyaa Securities & Stock House Pvt. Ltd,Sumeru Securities Pvt. Ltd.,25,249.0,6225.0,2025-07-08 14:30:30.229546
2025-07-08,13549,2025070804016464,HURJA,Market Securities & Exchange (PVT) Ltd.,Sumeru Securities Pvt. Ltd.,57,248.4,14158.8,2025-07-08 14:30:30.229673
2025-07-08,13239,2025070804016584,HURJA,Market Securities & Exchange (PVT) Ltd.,Blue Chip Securities Ltd,443,248.4,110041.2,2025-07-08 14:31:38.838960
2025-07-08,13238,2025070804016585,HURJA,Sumeru Securities Pvt. Ltd.,Blue Chip Securities Ltd,200,248.4,49680.0,2025-07-08 14:31:38.839019
2025-07-08,13237,2025070804016586,HURJA,Oxford Securities Pvt. Ltd.,Blue Chip Securities Ltd,1500,248.2,372300.0,2025-07-08 14:31:38.839048
2025-07-08,13236,2025070804016587,HURJA,Market Securities & Exchange (PVT) Ltd.,Blue Chip Securities Ltd,10,248.2,2482.0,2025-07-08 14:31:38.839073
2025-07-08,13235,2025070804016588,HURJA,Deevyaa Securities & Stock House Pvt. Ltd,Blue Chip Securities Ltd,100,248.1,24810.0,2025-07-08 14:31:38.839108
2025-07-08,13234,2025070804016589,HURJA,Malla & Malla Stock Broking Company Pvt. Limited,Blue Chip Securities Ltd,20,248.0,4960.0,2025-07-08 14:31:38.839136
2025-07-08,13233,2025070804016590,HURJA,Kohinoor Investment & Securities Pvt. Ltd.,Blue Chip Securities Ltd,1000,248.0,248000.0,2025-07-08 14:31:38.839169
2025-07-08,13232,2025070804016591,HURJA,Naasa Securities Co. Ltd.,Blue Chip Securities Ltd,202,248.0,50096.0,2025-07-08 14:31:38.839197
2025-07-08,13231,2025070804016592,HURJA,Imperial Securities Company Pvt. Ltd.,Blue Chip Securities Ltd,25,248.0,6200.0,2025-07-08 14:31:38.839222
2025-07-08,13230,2025070804016593,HURJA,Bhrikuti Stock Broking Co. Pvt. Ltd.,Blue Chip Securities Ltd,100,248.0,24800.0,2025-07-08 14:31:38.839250
2025-07-08,13229,2025070804016594,HURJA,Pragyan Securities (PVT) Ltd.,Blue Chip Securities Ltd,200,248.0,49600.0,2025-07-08 14:31:38.839273
2025-07-08,13228,2025070804016595,HURJA,Siprabi Securities Pvt. Ltd.,Blue Chip Securities Ltd,500,248.0,124000.0,2025-07-08 14:31:38.839302
2025-07-08,13227,2025070804016596,HURJA,Creative Securities Pvt Ltd,Blue Chip Securities Ltd,50,248.0,12400.0,2025-07-08 14:31:38.839338
2025-07-08,13226,2025070804016597,HURJA,Vision Securities Pvt. Ltd,Blue Chip Securities Ltd,500,248.0,124000.0,2025-07-08 14:31:38.839368
2025-07-08,13225,2025070804016598,HURJA,Nepal Stock House (PVT) Ltd.,Blue Chip Securities Ltd,300,248.0,74400.0,2025-07-08 14:31:38.839396
2025-07-08,13224,2025070804016599,HURJA,Sri Hari Securities Pvt. Ltd.,Blue Chip Securities Ltd,50,248.0,12400.0,2025-07-08 14:31:38.839423
2025-07-08,13223,2025070804016600,HURJA,Malla & Malla Stock Broking Company Pvt. Limited,Blue Chip Securities Ltd,100,248.0,24800.0,2025-07-08 14:31:38.839449
2025-07-08,13222,2025070804016601,HURJA,Dakshinkali Investment & Securities Pvt. Ltd.,Blue Chip Securities Ltd,100,248.0,24800.0,2025-07-08 14:31:38.839477
2025-07-08,13221,2025070804016602,HURJA,Market Securities & Exchange (PVT) Ltd.,Blue Chip Securities Ltd,20,248.0,4960.0,2025-07-08 14:31:38.839501
2025-07-08,13220,2025070804016603,HURJA,Himalayan Brokerage Company Limited,Blue Chip Securities Ltd,500,248.0,124000.0,2025-07-08 14:31:38.839526
2025-07-08,13219,2025070804016604,HURJA,Bhrikuti Stock Broking Co. Pvt. Ltd.,Blue Chip Securities Ltd,3000,248.0,744000.0,2025-07-08 14:31:38.839551
2025-07-08,13218,2025070804016605,HURJA,Shree Krishna Securities Ltd.,Blue Chip Securities Ltd,19,248.0,4712.0,2025-07-08 14:31:38.839578
2025-07-08,13217,2025070804016606,HURJA,Malla & Malla Stock Broking Company Pvt. Limited,Blue Chip Securities Ltd,20,248.0,4960.0,2025-07-08 14:31:38.839604
2025-07-08,13216,2025070804016607,HURJA,Sani Securities Company Ltd.,Blue Chip Securities Ltd,41,248.0,10168.0,2025-07-08 14:31:38.839630
2025-07-08,12290,2025070804016922,HURJA,Sani Securities Company Ltd.,Linch Stock Market Ltd.,209,248.0,51832.0,2025-07-08 14:35:37.872712
2025-07-08,12289,2025070804016923,HURJA,Agrawal Securities (PVT) Ltd.,Linch Stock Market Ltd.,191,248.0,47368.0,2025-07-08 14:35:37.873044
2025-07-08,11395,2025070804017223,HURJA,Premier Securities Company Ltd.,Cristal Kanchanjanga Securites Pvt. Ltd.,200,248.1,49620.0,2025-07-08 14:38:59.710822
2025-07-08,11394,2025070804017224,HURJA,Sumeru Securities Pvt. Ltd.,Cristal Kanchanjanga Securites Pvt. Ltd.,200,248.0,49600.0,2025-07-08 14:38:59.711419
2025-07-08,11393,2025070804017225,HURJA,K.B.L. Securities Limited ,Cristal Kanchanjanga Securites Pvt. Ltd.,100,248.0,24800.0,2025-07-08 14:38:59.711782
2025-07-08,10859,2025070804017454,HURJA,Naasa Securities Co. Ltd.,Vision Securities Pvt. Ltd,50,248.0,12400.0,2025-07-08 14:40:25.679163
2025-07-08,10780,2025070804017484,HURJA,Creative Securities Pvt Ltd,Trademow Securities Private Limited,1000,249.0,249000.0,2025-07-08 14:40:44.941906
2025-07-08,10519,2025070804017555,HURJA,Sundhara Securities Limited,Primo Securities (PVT) Ltd.,53,249.5,13223.5,2025-07-08 14:41:35.624535
2025-07-08,10035,2025070804017729,HURJA,Aryatara Investment & Securities,Primo Securities (PVT) Ltd.,300,249.5,74850.0,2025-07-08 14:43:02.806198
2025-07-08,9015,2025070804018059,HURJA,Sani Securities Company Ltd.,Primo Securities (PVT) Ltd.,10,249.5,2495.0,2025-07-08 14:45:36.930685
2025-07-08,8004,2025070804018385,HURJA,Bhrikuti Stock Broking Co. Pvt. Ltd.,Primo Securities (PVT) Ltd.,137,249.5,34181.5,2025-07-08 14:48:18.907747
2025-07-08,8003,2025070804018386,HURJA,Bhrikuti Stock Broking Co. Pvt. Ltd.,Deevyaa Securities & Stock House Pvt. Ltd,63,249.5,15718.5,2025-07-08 14:48:18.908345
2025-07-08,7891,2025070804018430,HURJA,ABC Securities Private Limited,Deevyaa Securities & Stock House Pvt. Ltd,550,249.5,137225.0,2025-07-08 14:48:36.272168
2025-07-08,7867,2025070804018440,HURJA,Sani Securities Company Ltd.,Deevyaa Securities & Stock House Pvt. Ltd,100,249.5,24950.0,2025-07-08 14:48:41.340538
2025-07-08,6386,2025070804019019,HURJA,Cristal Kanchanjanga Securites Pvt. Ltd.,Deevyaa Securities & Stock House Pvt. Ltd,287,249.5,71606.5,2025-07-08 14:51:42.167443
2025-07-08,6385,2025070804019020,HURJA,Cristal Kanchanjanga Securites Pvt. Ltd.,ABC Securities Private Limited,500,249.5,124750.0,2025-07-08 14:51:42.168010
2025-07-08,6384,2025070804019021,HURJA,Cristal Kanchanjanga Securites Pvt. Ltd.,Linch Stock Market Ltd.,60,249.5,14970.0,2025-07-08 14:51:42.168408
2025-07-08,6383,2025070804019022,HURJA,Cristal Kanchanjanga Securites Pvt. Ltd.,Siprabi Securities Pvt. Ltd.,300,250.0,75000.0,2025-07-08 14:51:42.168797
2025-07-08,6382,2025070804019023,HURJA,Cristal Kanchanjanga Securites Pvt. Ltd.,Cristal Kanchanjanga Securites Pvt. Ltd.,1000,250.0,250000.0,2025-07-08 14:51:42.169169
2025-07-08,6381,2025070804019024,HURJA,Cristal Kanchanjanga Securites Pvt. Ltd.,Trisul Securities & Invt. Ltd.,100,250.0,25000.0,2025-07-08 14:51:42.169549
2025-07-08,5702,2025070804019269,HURJA,Cristal Kanchanjanga Securites Pvt. Ltd.,Sri Hari Securities Pvt. Ltd.,1000,250.0,250000.0,2025-07-08 14:53:10.744693
2025-07-08,5701,2025070804019270,HURJA,Linch Stock Market Ltd.,Sri Hari Securities Pvt. Ltd.,3,250.0,750.0,2025-07-08 14:53:10.744995
2025-07-08,4920,2025070804019520,HURJA,Kohinoor Investment & Securities Pvt. Ltd.,Malla & Malla Stock Broking Company Pvt. Limited,150,251.0,37650.0,2025-07-08 14:54:32.002430
2025-07-08,4919,2025070804019521,HURJA,Kohinoor Investment & Securities Pvt. Ltd.,Vision Securities Pvt. Ltd,850,251.0,213350.0,2025-07-08 14:54:32.002781
2025-07-08,4619,2025070804019595,HURJA,Agrawal Securities (PVT) Ltd.,Sewa Securities Pvt. Ltd.,110,249.4,27434.0,2025-07-08 14:54:57.470359
2025-07-08,3756,2025070804019897,HURJA,Online Securities Pvt. Ltd.,Sharepro Securities Private Limited,100,249.5,24950.0,2025-07-08 14:56:20.467001
2025-07-08,3495,2025070804019968,HURJA,Cristal Kanchanjanga Securites Pvt. Ltd.,Citizens Share Broker Limited,1000,250.0,250000.0,2025-07-08 14:56:43.885449
2025-07-08,2645,2025070804020286,HURJA,Sundhara Securities Limited,Sumeru Securities Pvt. Ltd.,1000,250.0,250000.0,2025-07-08 14:57:49.962731
2025-07-08,2355,2025070804020379,HURJA,Indira securities pvt. ltd,Sani Securities Company Ltd.,1000,250.5,250500.0,2025-07-08 14:58:12.440643
2025-07-08,2354,2025070804020380,HURJA,Indira securities pvt. ltd,Vision Securities Pvt. Ltd,500,250.5,125250.0,2025-07-08 14:58:12.441209
2025-07-08,2332,2025070804020399,HURJA,Vision Securities Pvt. Ltd,Dipshikha Dhitopatra Karobar Co. Pvt Ltd.,500,250.0,125000.0,2025-07-08 14:58:13.147030
2025-07-08,2246,2025070804020430,HURJA,Online Securities Pvt. Ltd.,Dipshikha Dhitopatra Karobar Co. Pvt Ltd.,2500,250.0,625000.0,2025-07-08 14:58:19.262004
2025-07-08,2245,2025070804020431,HURJA,Online Securities Pvt. Ltd.,Vision Securities Pvt. Ltd,400,250.5,100200.0,2025-07-08 14:58:19.262590
2025-07-08,1698,2025070804020644,HURJA,Sani Securities Company Ltd.,Miyo Securities Pvt Ltd,100,249.5,24950.0,2025-07-08 14:58:56.006413
2025-07-08,1697,2025070804020645,HURJA,Capital Max Securities Ltd,Miyo Securities Pvt Ltd,400,249.5,99800.0,2025-07-08 14:58:56.006964
2025-07-08,493,2025070804021084,HURJA,Oxford Securities Pvt. Ltd.,Sumeru Securities Pvt. Ltd.,15,250.3,3754.5,2025-07-08 14:59:46.054066
