Date,S.N.,Contract ID,Symbol,Buyer Broker,Seller Broker,volume,rate,amount,transaction_time
2025-07-08,54841,2025070804000778,LEC,Online Securities Pvt. Ltd.,Trishakti Securities Public Limited,10,213.0,2130.0,2025-07-08 11:08:20.205699
2025-07-08,54748,2025070804000818,LEC,Aryatara Investment & Securities,Neev Securities Pvt. Ltd.,10,211.0,2110.0,2025-07-08 11:09:00.138995
2025-07-08,54680,2025070804000857,LEC,Aryatara Investment & Securities,KALASH STOCK MARKET PVT. LTD.,400,212.0,84800.0,2025-07-08 11:09:32.425641
2025-07-08,54679,2025070804000858,LEC,Aryatara Investment & Securities,KALASH STOCK MARKET PVT. LTD.,90,211.0,18990.0,2025-07-08 11:09:32.425749
2025-07-08,54678,2025070804000859,LEC,Midas Stock Broking Company Private Limited,KALASH STOCK MARKET PVT. LTD.,210,210.0,44100.0,2025-07-08 11:09:32.425790
2025-07-08,54677,2025070804000860,LEC,Sweta Securities Private Limited,KALASH STOCK MARKET PVT. LTD.,100,210.0,21000.0,2025-07-08 11:09:32.425826
2025-07-08,54676,2025070804000861,LEC,Nepal Stock House (PVT) Ltd.,KALASH STOCK MARKET PVT. LTD.,500,210.0,105000.0,2025-07-08 11:09:32.425864
2025-07-08,54675,2025070804000862,LEC,Dipshikha Dhitopatra Karobar Co. Pvt Ltd.,KALASH STOCK MARKET PVT. LTD.,500,210.0,105000.0,2025-07-08 11:09:32.425901
2025-07-08,54674,2025070804000863,LEC,Swarna Laxmi Securities Pvt. Ltd.,KALASH STOCK MARKET PVT. LTD.,500,210.0,105000.0,2025-07-08 11:09:32.425933
2025-07-08,54673,2025070804000864,LEC,Malla & Malla Stock Broking Company Pvt. Limited,KALASH STOCK MARKET PVT. LTD.,20,210.0,4200.0,2025-07-08 11:09:32.425966
2025-07-08,54672,2025070804000865,LEC,Asian Securities Private Ltd.,KALASH STOCK MARKET PVT. LTD.,500,209.2,104600.0,2025-07-08 11:09:32.426001
2025-07-08,54671,2025070804000866,LEC,Online Securities Pvt. Ltd.,KALASH STOCK MARKET PVT. LTD.,15,209.0,3135.0,2025-07-08 11:09:32.426041
2025-07-08,54670,2025070804000867,LEC,Ashutosh Brokerage & Securities (PVT) Ltd.,KALASH STOCK MARKET PVT. LTD.,165,209.0,34485.0,2025-07-08 11:09:32.426084
2025-07-08,54318,2025070804001057,LEC,INDEX SECURITIES LIMITED,Sundhara Securities Limited,30,210.0,6300.0,2025-07-08 11:11:26.740924
2025-07-08,53582,2025070804001337,LEC,Imperial Securities Company Pvt. Ltd.,Dipshikha Dhitopatra Karobar Co. Pvt Ltd.,20,212.9,4258.0,2025-07-08 11:15:32.000613
2025-07-08,53103,2025070804001518,LEC,ABC Securities Private Limited,South Asian Bulls Pvt. Ltd.,100,212.4,21240.0,2025-07-08 11:18:03.411645
2025-07-08,53041,2025070804001537,LEC,Aryatara Investment & Securities,Agrawal Securities (PVT) Ltd.,200,211.0,42200.0,2025-07-08 11:18:27.668040
2025-07-08,52241,2025070804001858,LEC,Kohinoor Investment & Securities Pvt. Ltd.,ABC Securities Private Limited,15,211.5,3172.5,2025-07-08 11:22:19.932838
2025-07-08,51703,2025070804002083,LEC,Deevyaa Securities & Stock House Pvt. Ltd,Aryatara Investment & Securities,1000,212.0,212000.0,2025-07-08 11:25:08.530563
2025-07-08,51531,2025070804002150,LEC,Naasa Securities Co. Ltd.,Sri Hari Securities Pvt. Ltd.,15,212.0,3180.0,2025-07-08 11:25:59.491282
2025-07-08,51136,2025070804002352,LEC,Online Securities Pvt. Ltd.,Capital Max Securities Ltd,10,212.5,2125.0,2025-07-08 11:27:45.532187
2025-07-08,50640,2025070804002566,LEC,Naasa Securities Co. Ltd.,Vision Securities Pvt. Ltd,200,212.0,42400.0,2025-07-08 11:30:14.023565
2025-07-08,50639,2025070804002567,LEC,Primo Securities (PVT) Ltd.,Vision Securities Pvt. Ltd,100,211.6,21160.0,2025-07-08 11:30:14.023719
2025-07-08,50638,2025070804002568,LEC,Kohinoor Investment & Securities Pvt. Ltd.,Vision Securities Pvt. Ltd,700,211.5,148050.0,2025-07-08 11:30:14.023798
2025-07-08,49744,2025070804002964,LEC,Kohinoor Investment & Securities Pvt. Ltd.,Opal Securities Investment (PVT) Ltd.,285,211.5,60277.5,2025-07-08 11:34:38.894908
2025-07-08,49743,2025070804002965,LEC,SUN SECURITIES PVT LTD,Opal Securities Investment (PVT) Ltd.,50,211.5,10575.0,2025-07-08 11:34:38.895117
2025-07-08,49742,2025070804002966,LEC,Dipshikha Dhitopatra Karobar Co. Pvt Ltd.,Opal Securities Investment (PVT) Ltd.,500,211.1,105550.0,2025-07-08 11:34:38.895184
2025-07-08,49741,2025070804002967,LEC,Aryatara Investment & Securities,Opal Securities Investment (PVT) Ltd.,165,211.0,34815.0,2025-07-08 11:34:38.895249
2025-07-08,49654,2025070804003012,LEC,Aryatara Investment & Securities,Capital Max Securities Ltd,335,211.0,70685.0,2025-07-08 11:35:02.877705
2025-07-08,49653,2025070804003013,LEC,Nepal Investment And Securities Trading Private Limited,Capital Max Securities Ltd,1500,211.0,316500.0,2025-07-08 11:35:02.877998
2025-07-08,49652,2025070804003014,LEC,ABC Securities Private Limited,Capital Max Securities Ltd,100,211.0,21100.0,2025-07-08 11:35:02.878259
2025-07-08,49651,2025070804003015,LEC,Vision Securities Pvt. Ltd,Capital Max Securities Ltd,210,211.0,44310.0,2025-07-08 11:35:02.878547
2025-07-08,46219,2025070804004344,LEC,Naasa Securities Co. Ltd.,Capital Max Securities Ltd,845,211.0,178295.0,2025-07-08 11:50:51.781972
2025-07-08,46218,2025070804004345,LEC,Naasa Securities Co. Ltd.,Sani Securities Company Ltd.,155,211.0,32705.0,2025-07-08 11:50:51.782136
2025-07-08,45206,2025070804004727,LEC,Naasa Securities Co. Ltd.,Sani Securities Company Ltd.,145,211.0,30595.0,2025-07-08 11:54:59.590402
2025-07-08,44265,2025070804005113,LEC,Naasa Securities Co. Ltd.,Capital Max Securities Ltd,35,211.0,7385.0,2025-07-08 11:59:08.702489
2025-07-08,44007,2025070804005213,LEC,Linch Stock Market Ltd.,Nagarik Stock Dealer ,10,210.4,2104.0,2025-07-08 12:00:31.830919
2025-07-08,43957,2025070804005238,LEC,Linch Stock Market Ltd.,Capital Max Securities Ltd,90,210.4,18936.0,2025-07-08 12:00:50.386472
2025-07-08,43956,2025070804005239,LEC,Bhrikuti Stock Broking Co. Pvt. Ltd.,Capital Max Securities Ltd,1000,210.3,210300.0,2025-07-08 12:00:50.386524
2025-07-08,43955,2025070804005240,LEC,Creative Securities Pvt Ltd,Capital Max Securities Ltd,100,210.3,21030.0,2025-07-08 12:00:50.386553
2025-07-08,43954,2025070804005241,LEC,Aryatara Investment & Securities,Capital Max Securities Ltd,1000,210.2,210200.0,2025-07-08 12:00:50.386608
2025-07-08,43953,2025070804005242,LEC,Siprabi Securities Pvt. Ltd.,Capital Max Securities Ltd,475,210.1,99797.5,2025-07-08 12:00:50.386636
2025-07-08,43952,2025070804005243,LEC,Trishakti Securities Public Limited,Capital Max Securities Ltd,360,210.1,75636.0,2025-07-08 12:00:50.386660
2025-07-08,43951,2025070804005244,LEC,Vision Securities Pvt. Ltd,Capital Max Securities Ltd,200,210.0,42000.0,2025-07-08 12:00:50.386684
2025-07-08,43950,2025070804005245,LEC,Sundhara Securities Limited,Capital Max Securities Ltd,740,210.0,155400.0,2025-07-08 12:00:50.386708
2025-07-08,43412,2025070804005464,LEC,Naasa Securities Co. Ltd.,Vision Securities Pvt. Ltd,227,212.0,48124.0,2025-07-08 12:03:24.583506
2025-07-08,43280,2025070804005513,LEC,Thrive Brokerage House Pvt. Ltd,Ashutosh Brokerage & Securities (PVT) Ltd.,10,210.3,2103.0,2025-07-08 12:04:07.017554
2025-07-08,42651,2025070804005796,LEC,Dynamic Money Managers Securities Pvt. Ltd.,Linch Stock Market Ltd.,150,210.5,31575.0,2025-07-08 12:06:53.156474
2025-07-08,42350,2025070804005956,LEC,Dynamic Money Managers Securities Pvt. Ltd.,Opal Securities Investment (PVT) Ltd.,26,210.5,5473.0,2025-07-08 12:08:15.688578
2025-07-08,42349,2025070804005957,LEC,Kohinoor Investment & Securities Pvt. Ltd.,Opal Securities Investment (PVT) Ltd.,74,210.5,15577.0,2025-07-08 12:08:15.688630
2025-07-08,41562,2025070804006324,LEC,Imperial Securities Company Pvt. Ltd.,Vision Securities Pvt. Ltd,117,212.0,24804.0,2025-07-08 12:11:14.183027
2025-07-08,41348,2025070804006404,LEC,Dipshikha Dhitopatra Karobar Co. Pvt Ltd.,Vision Securities Pvt. Ltd,656,212.0,139072.0,2025-07-08 12:12:16.838575
2025-07-08,41347,2025070804006405,LEC,Dipshikha Dhitopatra Karobar Co. Pvt Ltd.,Nepal Stock House (PVT) Ltd.,344,212.0,72928.0,2025-07-08 12:12:16.838779
2025-07-08,40911,2025070804006592,LEC,Naasa Securities Co. Ltd.,Nepal Stock House (PVT) Ltd.,140,212.0,29680.0,2025-07-08 12:14:08.410198
2025-07-08,40749,2025070804006665,LEC,Dipshikha Dhitopatra Karobar Co. Pvt Ltd.,Sri Hari Securities Pvt. Ltd.,30,211.1,6333.0,2025-07-08 12:14:47.287654
2025-07-08,40595,2025070804006744,LEC,Dipshikha Dhitopatra Karobar Co. Pvt Ltd.,Nepal Stock House (PVT) Ltd.,16,212.0,3392.0,2025-07-08 12:15:30.111021
2025-07-08,40329,2025070804006832,LEC,Neev Securities Pvt. Ltd.,Vision Securities Pvt. Ltd,900,212.0,190800.0,2025-07-08 12:16:41.691930
2025-07-08,40219,2025070804006879,LEC,Sewa Securities Pvt. Ltd.,Pragyan Securities (PVT) Ltd.,200,210.6,42120.0,2025-07-08 12:17:15.597905
2025-07-08,40218,2025070804006880,LEC,Kohinoor Investment & Securities Pvt. Ltd.,Pragyan Securities (PVT) Ltd.,81,210.5,17050.5,2025-07-08 12:17:15.598147
2025-07-08,40217,2025070804006881,LEC,Investment Management Nepal Pvt. Ltd.,Pragyan Securities (PVT) Ltd.,200,210.5,42100.0,2025-07-08 12:17:15.598237
2025-07-08,40216,2025070804006882,LEC,R.B.B. Securities Company Ltd,Pragyan Securities (PVT) Ltd.,100,210.5,21050.0,2025-07-08 12:17:15.598329
2025-07-08,40215,2025070804006883,LEC,Kohinoor Investment & Securities Pvt. Ltd.,Pragyan Securities (PVT) Ltd.,100,210.4,21040.0,2025-07-08 12:17:15.598412
2025-07-08,40214,2025070804006884,LEC,Bhrikuti Stock Broking Co. Pvt. Ltd.,Pragyan Securities (PVT) Ltd.,500,210.4,105200.0,2025-07-08 12:17:15.598494
2025-07-08,40213,2025070804006885,LEC,Thrive Brokerage House Pvt. Ltd,Pragyan Securities (PVT) Ltd.,990,210.3,208197.0,2025-07-08 12:17:15.598579
2025-07-08,40212,2025070804006886,LEC,Sani Securities Company Ltd.,Pragyan Securities (PVT) Ltd.,500,210.3,105150.0,2025-07-08 12:17:15.598668
2025-07-08,40211,2025070804006887,LEC,Online Securities Pvt. Ltd.,Pragyan Securities (PVT) Ltd.,50,210.3,10515.0,2025-07-08 12:17:15.598772
2025-07-08,40210,2025070804006888,LEC,Asian Securities Private Ltd.,Pragyan Securities (PVT) Ltd.,500,210.3,105150.0,2025-07-08 12:17:15.598879
2025-07-08,40209,2025070804006889,LEC,Nagarik Stock Dealer ,Pragyan Securities (PVT) Ltd.,1000,210.1,210100.0,2025-07-08 12:17:15.598972
2025-07-08,40208,2025070804006890,LEC,Sundhara Securities Limited,Pragyan Securities (PVT) Ltd.,660,210.0,138600.0,2025-07-08 12:17:15.599061
2025-07-08,40207,2025070804006891,LEC,Primo Securities (PVT) Ltd.,Pragyan Securities (PVT) Ltd.,519,210.0,108990.0,2025-07-08 12:17:15.599153
2025-07-08,36924,2025070804008108,LEC,Aryatara Investment & Securities,Vision Securities Pvt. Ltd,100,212.0,21200.0,2025-07-08 12:32:12.458267
2025-07-08,36923,2025070804008109,LEC,Aryatara Investment & Securities,Malla & Malla Stock Broking Company Pvt. Limited,15,212.0,3180.0,2025-07-08 12:32:12.458755
2025-07-08,36795,2025070804008146,LEC,Aryatara Investment & Securities,South Asian Bulls Pvt. Ltd.,155,212.7,32968.5,2025-07-08 12:32:43.697264
2025-07-08,36525,2025070804008246,LEC,Premier Securities Company Ltd.,Imperial Securities Company Pvt. Ltd.,10,211.3,2113.0,2025-07-08 12:33:41.979615
2025-07-08,36245,2025070804008341,LEC,Trishakti Securities Public Limited,ABC Securities Private Limited,14,212.8,2979.2,2025-07-08 12:35:04.772737
2025-07-08,35861,2025070804008477,LEC,Asian Securities Private Ltd.,Sani Securities Company Ltd.,10,212.0,2120.0,2025-07-08 12:36:46.862493
2025-07-08,34364,2025070804009001,LEC,Siprabi Securities Pvt. Ltd.,Naasa Securities Co. Ltd.,60,212.7,12762.0,2025-07-08 12:43:36.235521
2025-07-08,34023,2025070804009153,LEC,Kumari Securities Private Limited,Naasa Securities Co. Ltd.,162,212.1,34360.2,2025-07-08 12:45:05.682798
2025-07-08,34021,2025070804009155,LEC,Online Securities Pvt. Ltd.,ABC Securities Private Limited,20,212.8,4256.0,2025-07-08 12:45:07.733288
2025-07-08,33789,2025070804009256,LEC,Kumari Securities Private Limited,Premier Securities Company Ltd.,38,212.1,8059.8,2025-07-08 12:45:57.141070
2025-07-08,33788,2025070804009257,LEC,Asian Securities Private Ltd.,Premier Securities Company Ltd.,12,212.0,2544.0,2025-07-08 12:45:57.141589
2025-07-08,33256,2025070804009444,LEC,Asian Securities Private Ltd.,ABC Securities Private Limited,18,212.0,3816.0,2025-07-08 12:48:03.955302
2025-07-08,33255,2025070804009445,LEC,Sani Securities Company Ltd.,ABC Securities Private Limited,82,212.0,17384.0,2025-07-08 12:48:03.955565
2025-07-08,32711,2025070804009649,LEC,Sani Securities Company Ltd.,ABC Securities Private Limited,18,212.0,3816.0,2025-07-08 12:50:13.952803
2025-07-08,31891,2025070804010045,LEC,Siprabi Securities Pvt. Ltd.,Deevyaa Securities & Stock House Pvt. Ltd,20,211.3,4226.0,2025-07-08 12:52:48.087777
2025-07-08,31622,2025070804010145,LEC,Siprabi Securities Pvt. Ltd.,ABC Securities Private Limited,30,211.3,6339.0,2025-07-08 12:53:49.996770
2025-07-08,31621,2025070804010146,LEC,Premier Securities Company Ltd.,ABC Securities Private Limited,40,211.3,8452.0,2025-07-08 12:53:49.997335
2025-07-08,31620,2025070804010147,LEC,Dipshikha Dhitopatra Karobar Co. Pvt Ltd.,ABC Securities Private Limited,32,211.2,6758.4,2025-07-08 12:53:49.998966
2025-07-08,31538,2025070804010171,LEC,Dipshikha Dhitopatra Karobar Co. Pvt Ltd.,Bhrikuti Stock Broking Co. Pvt. Ltd.,168,211.2,35481.6,2025-07-08 12:54:12.673997
2025-07-08,31537,2025070804010172,LEC,Sweta Securities Private Limited,Bhrikuti Stock Broking Co. Pvt. Ltd.,32,211.0,6752.0,2025-07-08 12:54:12.674074
2025-07-08,30995,2025070804010350,LEC,Premier Securities Company Ltd.,ABC Securities Private Limited,50,211.1,10555.0,2025-07-08 12:57:09.659430
2025-07-08,30994,2025070804010351,LEC,South Asian Bulls Pvt. Ltd.,ABC Securities Private Limited,300,211.1,63330.0,2025-07-08 12:57:09.659707
2025-07-08,30876,2025070804010420,LEC,Sweta Securities Private Limited,ABC Securities Private Limited,18,211.0,3798.0,2025-07-08 12:57:33.869839
2025-07-08,30875,2025070804010421,LEC,Cristal Kanchanjanga Securites Pvt. Ltd.,ABC Securities Private Limited,500,211.0,105500.0,2025-07-08 12:57:33.870308
2025-07-08,30874,2025070804010422,LEC,Sundhara Securities Limited,ABC Securities Private Limited,28,211.0,5908.0,2025-07-08 12:57:33.870645
2025-07-08,28764,2025070804011064,LEC,Premier Securities Company Ltd.,Deevyaa Securities & Stock House Pvt. Ltd,45,211.2,9504.0,2025-07-08 13:09:04.518235
2025-07-08,28690,2025070804011089,LEC,Premier Securities Company Ltd.,Nepal Investment And Securities Trading Private Limited,50,211.2,10560.0,2025-07-08 13:09:49.917984
2025-07-08,28612,2025070804011115,LEC,South Asian Bulls Pvt. Ltd.,Sani Securities Company Ltd.,40,211.1,8444.0,2025-07-08 13:10:24.606619
2025-07-08,27470,2025070804011472,LEC,Siprabi Securities Pvt. Ltd.,Naasa Securities Co. Ltd.,15,211.3,3169.5,2025-07-08 13:18:21.939735
2025-07-08,26800,2025070804011720,LEC,Market Securities & Exchange (PVT) Ltd.,Sani Securities Company Ltd.,10,211.9,2119.0,2025-07-08 13:22:58.427098
2025-07-08,26799,2025070804011721,LEC,Market Securities & Exchange (PVT) Ltd.,Thrive Brokerage House Pvt. Ltd,60,212.0,12720.0,2025-07-08 13:22:58.427644
2025-07-08,26798,2025070804011722,LEC,Market Securities & Exchange (PVT) Ltd.,Nepal Stock House (PVT) Ltd.,130,212.0,27560.0,2025-07-08 13:22:58.427990
2025-07-08,26729,2025070804011740,LEC,Nepal Investment And Securities Trading Private Limited,Nepal Stock House (PVT) Ltd.,40,212.0,8480.0,2025-07-08 13:23:15.389843
2025-07-08,26572,2025070804011803,LEC,Capital Max Securities Ltd,Nepal Stock House (PVT) Ltd.,30,212.0,6360.0,2025-07-08 13:24:32.093662
2025-07-08,26571,2025070804011804,LEC,Capital Max Securities Ltd,Sani Securities Company Ltd.,500,212.0,106000.0,2025-07-08 13:24:32.094256
2025-07-08,26570,2025070804011805,LEC,Capital Max Securities Ltd,Vision Securities Pvt. Ltd,1000,212.0,212000.0,2025-07-08 13:24:32.094645
2025-07-08,26363,2025070804011864,LEC,Capital Max Securities Ltd,Kohinoor Investment & Securities Pvt. Ltd.,500,212.0,106000.0,2025-07-08 13:26:08.428945
2025-07-08,26362,2025070804011865,LEC,Capital Max Securities Ltd,Nepal Investment And Securities Trading Private Limited,500,212.0,106000.0,2025-07-08 13:26:08.429468
2025-07-08,26259,2025070804011908,LEC,Capital Max Securities Ltd,Premier Securities Company Ltd.,466,212.6,99071.6,2025-07-08 13:26:43.538705
2025-07-08,26258,2025070804011909,LEC,Capital Max Securities Ltd,Secured Securities Ltd.,800,212.7,170160.0,2025-07-08 13:26:43.539031
2025-07-08,26187,2025070804011932,LEC,Capital Max Securities Ltd,Secured Securities Ltd.,90,212.7,19143.0,2025-07-08 13:27:11.635792
2025-07-08,25871,2025070804012051,LEC,Vision Securities Pvt. Ltd,Nepal Investment And Securities Trading Private Limited,10,212.0,2120.0,2025-07-08 13:29:08.488949
2025-07-08,25870,2025070804012052,LEC,Vision Securities Pvt. Ltd,Nepal Stock House (PVT) Ltd.,10,212.6,2126.0,2025-07-08 13:29:08.489301
2025-07-08,25612,2025070804012145,LEC,INDEX SECURITIES LIMITED,Agrawal Securities (PVT) Ltd.,10,212.0,2120.0,2025-07-08 13:30:52.515516
2025-07-08,25582,2025070804012150,LEC,Global IME Securities Limited,Nepal Stock House (PVT) Ltd.,11,212.6,2338.6,2025-07-08 13:31:07.120403
2025-07-08,25356,2025070804012227,LEC,Kohinoor Investment & Securities Pvt. Ltd.,Kohinoor Investment & Securities Pvt. Ltd.,500,212.0,106000.0,2025-07-08 13:32:22.267681
2025-07-08,25040,2025070804012352,LEC,Naasa Securities Co. Ltd.,Nepal Stock House (PVT) Ltd.,100,212.6,21260.0,2025-07-08 13:34:05.732075
2025-07-08,24463,2025070804012547,LEC,Kohinoor Investment & Securities Pvt. Ltd.,Neev Securities Pvt. Ltd.,50,212.0,10600.0,2025-07-08 13:37:28.839204
2025-07-08,24367,2025070804012575,LEC,Kohinoor Investment & Securities Pvt. Ltd.,Secured Securities Ltd.,110,212.0,23320.0,2025-07-08 13:38:07.975252
2025-07-08,24358,2025070804012577,LEC,Kohinoor Investment & Securities Pvt. Ltd.,Market Securities & Exchange (PVT) Ltd.,60,212.0,12720.0,2025-07-08 13:38:08.464537
2025-07-08,24357,2025070804012578,LEC,Aryatara Investment & Securities,Market Securities & Exchange (PVT) Ltd.,440,212.0,93280.0,2025-07-08 13:38:08.464812
2025-07-08,24263,2025070804012608,LEC,Aryatara Investment & Securities,ABC Securities Private Limited,167,212.0,35404.0,2025-07-08 13:38:46.363949
2025-07-08,24262,2025070804012609,LEC,Agrawal Securities (PVT) Ltd.,ABC Securities Private Limited,83,212.0,17596.0,2025-07-08 13:38:46.364295
2025-07-08,24103,2025070804012664,LEC,Premier Securities Company Ltd.,Nepal Stock House (PVT) Ltd.,55,212.4,11682.0,2025-07-08 13:39:48.597682
2025-07-08,23150,2025070804012942,LEC,Siprabi Securities Pvt. Ltd.,Trishakti Securities Public Limited,25,212.1,5302.5,2025-07-08 13:45:24.524925
2025-07-08,23055,2025070804012985,LEC,Agrawal Securities (PVT) Ltd.,Naasa Securities Co. Ltd.,17,212.0,3604.0,2025-07-08 13:45:54.993922
2025-07-08,23054,2025070804012986,LEC,Agrawal Securities (PVT) Ltd.,Naasa Securities Co. Ltd.,100,212.0,21200.0,2025-07-08 13:45:54.994228
2025-07-08,23053,2025070804012987,LEC,Imperial Securities Company Pvt. Ltd.,Naasa Securities Co. Ltd.,235,212.0,49820.0,2025-07-08 13:45:54.994356
2025-07-08,23052,2025070804012988,LEC,Capital Max Securities Ltd,Naasa Securities Co. Ltd.,2000,211.8,423600.0,2025-07-08 13:45:54.994473
2025-07-08,23051,2025070804012989,LEC,INDEX SECURITIES LIMITED,Naasa Securities Co. Ltd.,20,211.7,4234.0,2025-07-08 13:45:54.994586
2025-07-08,23050,2025070804012990,LEC,Thrive Brokerage House Pvt. Ltd,Naasa Securities Co. Ltd.,200,211.6,42320.0,2025-07-08 13:45:54.994706
2025-07-08,23049,2025070804012991,LEC,Online Securities Pvt. Ltd.,Naasa Securities Co. Ltd.,10,211.2,2112.0,2025-07-08 13:45:54.994824
2025-07-08,23048,2025070804012992,LEC,South Asian Bulls Pvt. Ltd.,Naasa Securities Co. Ltd.,110,211.1,23221.0,2025-07-08 13:45:54.994944
2025-07-08,23047,2025070804012993,LEC,Market Securities & Exchange (PVT) Ltd.,Naasa Securities Co. Ltd.,300,211.1,63330.0,2025-07-08 13:45:54.995055
2025-07-08,23046,2025070804012994,LEC,Sundhara Securities Limited,Naasa Securities Co. Ltd.,52,211.0,10972.0,2025-07-08 13:45:54.995171
2025-07-08,23045,2025070804012995,LEC,Thrive Brokerage House Pvt. Ltd,Naasa Securities Co. Ltd.,100,211.0,21100.0,2025-07-08 13:45:54.995288
2025-07-08,23044,2025070804012996,LEC,Aryatara Investment & Securities,Naasa Securities Co. Ltd.,56,211.0,11816.0,2025-07-08 13:45:54.995409
2025-07-08,22655,2025070804013098,LEC,Aryatara Investment & Securities,Kumari Securities Private Limited,100,211.0,21100.0,2025-07-08 13:48:00.113369
2025-07-08,21325,2025070804013643,LEC,Premier Securities Company Ltd.,ABC Securities Private Limited,50,211.1,10555.0,2025-07-08 13:56:26.396467
2025-07-08,21324,2025070804013644,LEC,Aryatara Investment & Securities,ABC Securities Private Limited,44,211.0,9284.0,2025-07-08 13:56:26.396804
2025-07-08,21323,2025070804013645,LEC,Vision Securities Pvt. Ltd,ABC Securities Private Limited,50,211.0,10550.0,2025-07-08 13:56:26.396925
2025-07-08,21322,2025070804013646,LEC,Naasa Securities Co. Ltd.,ABC Securities Private Limited,30,211.0,6330.0,2025-07-08 13:56:26.397066
2025-07-08,21321,2025070804013647,LEC,INDEX SECURITIES LIMITED,ABC Securities Private Limited,20,210.7,4214.0,2025-07-08 13:56:26.397186
2025-07-08,21320,2025070804013648,LEC,South Asian Bulls Pvt. Ltd.,ABC Securities Private Limited,100,210.7,21070.0,2025-07-08 13:56:26.397310
2025-07-08,20804,2025070804013821,LEC,Miyo Securities Pvt Ltd,Dipshikha Dhitopatra Karobar Co. Pvt Ltd.,100,212.0,21200.0,2025-07-08 13:59:09.694224
2025-07-08,20355,2025070804013986,LEC,Dipshikha Dhitopatra Karobar Co. Pvt Ltd.,Dynamic Money Managers Securities Pvt. Ltd.,30,211.0,6330.0,2025-07-08 14:01:48.259124
2025-07-08,19847,2025070804014169,LEC,Aryatara Investment & Securities,Dipshikha Dhitopatra Karobar Co. Pvt Ltd.,50,211.1,10555.0,2025-07-08 14:04:22.309306
2025-07-08,19846,2025070804014170,LEC,Dipshikha Dhitopatra Karobar Co. Pvt Ltd.,Dipshikha Dhitopatra Karobar Co. Pvt Ltd.,375,211.0,79125.0,2025-07-08 14:04:22.309886
2025-07-08,18682,2025070804014654,LEC,Naasa Securities Co. Ltd.,Cristal Kanchanjanga Securites Pvt. Ltd.,125,212.0,26500.0,2025-07-08 14:10:10.104075
2025-07-08,18407,2025070804014733,LEC,Imperial Securities Company Pvt. Ltd.,Cristal Kanchanjanga Securites Pvt. Ltd.,20,212.0,4240.0,2025-07-08 14:11:36.456816
2025-07-08,18198,2025070804014816,LEC,Aryatara Investment & Securities,Online Securities Pvt. Ltd.,500,211.2,105600.0,2025-07-08 14:12:25.452362
2025-07-08,18197,2025070804014817,LEC,Imperial Securities Company Pvt. Ltd.,Online Securities Pvt. Ltd.,20,211.2,4224.0,2025-07-08 14:12:25.453018
2025-07-08,18196,2025070804014818,LEC,Bhrikuti Stock Broking Co. Pvt. Ltd.,Online Securities Pvt. Ltd.,980,211.1,206878.0,2025-07-08 14:12:25.453628
2025-07-08,16882,2025070804015298,LEC,Global IME Securities Limited,Cristal Kanchanjanga Securites Pvt. Ltd.,55,212.0,11660.0,2025-07-08 14:17:57.585601
2025-07-08,16881,2025070804015299,LEC,Global IME Securities Limited,Naasa Securities Co. Ltd.,15,212.0,3180.0,2025-07-08 14:17:57.586172
2025-07-08,16880,2025070804015300,LEC,Global IME Securities Limited,Premier Securities Company Ltd.,10,212.0,2120.0,2025-07-08 14:17:57.586535
2025-07-08,16762,2025070804015339,LEC,Global IME Securities Limited,Naasa Securities Co. Ltd.,19,212.0,4028.0,2025-07-08 14:18:25.658960
2025-07-08,15889,2025070804015610,LEC,Siprabi Securities Pvt. Ltd.,Nepal Stock House (PVT) Ltd.,55,211.8,11649.0,2025-07-08 14:21:54.769137
2025-07-08,15888,2025070804015611,LEC,Bhrikuti Stock Broking Co. Pvt. Ltd.,Nepal Stock House (PVT) Ltd.,20,211.1,4222.0,2025-07-08 14:21:54.769482
2025-07-08,15887,2025070804015612,LEC,Dipshikha Dhitopatra Karobar Co. Pvt Ltd.,Nepal Stock House (PVT) Ltd.,595,211.0,125545.0,2025-07-08 14:21:54.769615
2025-07-08,15886,2025070804015613,LEC,Naasa Securities Co. Ltd.,Nepal Stock House (PVT) Ltd.,15,211.0,3165.0,2025-07-08 14:21:54.769743
2025-07-08,15885,2025070804015614,LEC,Dipshikha Dhitopatra Karobar Co. Pvt Ltd.,Nepal Stock House (PVT) Ltd.,200,211.0,42200.0,2025-07-08 14:21:54.769867
2025-07-08,15884,2025070804015615,LEC,Vision Securities Pvt. Ltd,Nepal Stock House (PVT) Ltd.,50,211.0,10550.0,2025-07-08 14:21:54.769990
2025-07-08,15883,2025070804015616,LEC,Imperial Securities Company Pvt. Ltd.,Nepal Stock House (PVT) Ltd.,20,211.0,4220.0,2025-07-08 14:21:54.770114
2025-07-08,15882,2025070804015617,LEC,Vision Securities Pvt. Ltd,Nepal Stock House (PVT) Ltd.,20,211.0,4220.0,2025-07-08 14:21:54.770233
2025-07-08,15037,2025070804015866,LEC,South Asian Bulls Pvt. Ltd.,Dipshikha Dhitopatra Karobar Co. Pvt Ltd.,100,210.7,21070.0,2025-07-08 14:25:01.068613
2025-07-08,15036,2025070804015867,LEC,Market Securities & Exchange (PVT) Ltd.,Dipshikha Dhitopatra Karobar Co. Pvt Ltd.,150,210.6,31590.0,2025-07-08 14:25:01.069197
2025-07-08,14548,2025070804016058,LEC,Market Securities & Exchange (PVT) Ltd.,Imperial Securities Company Pvt. Ltd.,20,210.6,4212.0,2025-07-08 14:27:03.858032
2025-07-08,14436,2025070804016111,LEC,Online Securities Pvt. Ltd.,Nepal Stock House (PVT) Ltd.,25,211.0,5275.0,2025-07-08 14:27:23.099599
2025-07-08,14435,2025070804016112,LEC,Online Securities Pvt. Ltd.,Sweta Securities Private Limited,15,211.5,3172.5,2025-07-08 14:27:23.100196
2025-07-08,14434,2025070804016113,LEC,Online Securities Pvt. Ltd.,Naasa Securities Co. Ltd.,10,212.0,2120.0,2025-07-08 14:27:23.100790
2025-07-08,13700,2025070804016405,LEC,Market Securities & Exchange (PVT) Ltd.,Secured Securities Ltd.,20,210.6,4212.0,2025-07-08 14:29:49.806738
2025-07-08,13407,2025070804016518,LEC,Market Securities & Exchange (PVT) Ltd.,Nepal Stock House (PVT) Ltd.,110,210.6,23166.0,2025-07-08 14:31:05.336445
2025-07-08,13406,2025070804016519,LEC,Siprabi Securities Pvt. Ltd.,Nepal Stock House (PVT) Ltd.,50,210.5,10525.0,2025-07-08 14:31:05.336555
2025-07-08,13405,2025070804016520,LEC,Deevyaa Securities & Stock House Pvt. Ltd,Nepal Stock House (PVT) Ltd.,25,210.5,5262.5,2025-07-08 14:31:05.336641
2025-07-08,13404,2025070804016521,LEC,J.F. Securites (PVT) Ltd.,Nepal Stock House (PVT) Ltd.,100,210.5,21050.0,2025-07-08 14:31:05.336716
2025-07-08,13403,2025070804016522,LEC,Online Securities Pvt. Ltd.,Nepal Stock House (PVT) Ltd.,400,210.5,84200.0,2025-07-08 14:31:05.336787
2025-07-08,13402,2025070804016523,LEC,Market Securities & Exchange (PVT) Ltd.,Nepal Stock House (PVT) Ltd.,500,210.5,105250.0,2025-07-08 14:31:05.336860
2025-07-08,13401,2025070804016524,LEC,Asian Securities Private Ltd.,Nepal Stock House (PVT) Ltd.,300,210.4,63120.0,2025-07-08 14:31:05.336934
2025-07-08,13400,2025070804016525,LEC,INDEX SECURITIES LIMITED,Nepal Stock House (PVT) Ltd.,20,210.3,4206.0,2025-07-08 14:31:05.337013
2025-07-08,13399,2025070804016526,LEC,Thrive Brokerage House Pvt. Ltd,Nepal Stock House (PVT) Ltd.,1000,210.3,210300.0,2025-07-08 14:31:05.337086
2025-07-08,13398,2025070804016527,LEC,Dipshikha Dhitopatra Karobar Co. Pvt Ltd.,Nepal Stock House (PVT) Ltd.,240,210.3,50472.0,2025-07-08 14:31:05.337154
2025-07-08,13397,2025070804016528,LEC,Online Securities Pvt. Ltd.,Nepal Stock House (PVT) Ltd.,355,210.2,74621.0,2025-07-08 14:31:05.337229
2025-07-08,13316,2025070804016552,LEC,Online Securities Pvt. Ltd.,Naasa Securities Co. Ltd.,11,212.0,2332.0,2025-07-08 14:31:22.063451
2025-07-08,13280,2025070804016564,LEC,Online Securities Pvt. Ltd.,Naasa Securities Co. Ltd.,145,210.2,30479.0,2025-07-08 14:31:32.346092
2025-07-08,13279,2025070804016565,LEC,Aryatara Investment & Securities,Naasa Securities Co. Ltd.,497,210.2,104469.4,2025-07-08 14:31:32.346661
2025-07-08,12961,2025070804016685,LEC,Online Securities Pvt. Ltd.,Naasa Securities Co. Ltd.,15,211.0,3165.0,2025-07-08 14:32:45.912495
2025-07-08,12960,2025070804016686,LEC,Online Securities Pvt. Ltd.,Naasa Securities Co. Ltd.,10,212.0,2120.0,2025-07-08 14:32:45.912816
2025-07-08,12771,2025070804016741,LEC,Asian Securities Private Ltd.,Dakshinkali Investment & Securities Pvt. Ltd.,20,210.2,4204.0,2025-07-08 14:33:30.476560
2025-07-08,12114,2025070804016981,LEC,Dakshinkali Investment & Securities Pvt. Ltd.,Sani Securities Company Ltd.,400,210.3,84120.0,2025-07-08 14:36:20.487467
2025-07-08,11288,2025070804017275,LEC,INDEX SECURITIES LIMITED,Agrawal Securities (PVT) Ltd.,20,210.5,4210.0,2025-07-08 14:39:20.711389
2025-07-08,11287,2025070804017276,LEC,Premier Securities Company Ltd.,Agrawal Securities (PVT) Ltd.,100,210.4,21040.0,2025-07-08 14:39:20.711692
2025-07-08,11286,2025070804017277,LEC,INDEX SECURITIES LIMITED,Agrawal Securities (PVT) Ltd.,20,210.4,4208.0,2025-07-08 14:39:20.711825
2025-07-08,11285,2025070804017278,LEC,Aryatara Investment & Securities,Agrawal Securities (PVT) Ltd.,60,210.3,12618.0,2025-07-08 14:39:20.711954
2025-07-08,11096,2025070804017374,LEC,INDEX SECURITIES LIMITED,Siprabi Securities Pvt. Ltd.,30,210.4,6312.0,2025-07-08 14:39:52.171824
2025-07-08,11095,2025070804017375,LEC,Aryatara Investment & Securities,Siprabi Securities Pvt. Ltd.,55,210.3,11566.5,2025-07-08 14:39:52.172172
2025-07-08,11094,2025070804017376,LEC,Online Securities Pvt. Ltd.,Siprabi Securities Pvt. Ltd.,215,210.3,45214.5,2025-07-08 14:39:52.172308
2025-07-08,10774,2025070804017488,LEC,Sundhara Securities Limited,Dipshikha Dhitopatra Karobar Co. Pvt Ltd.,30,211.0,6330.0,2025-07-08 14:40:45.382103
2025-07-08,10359,2025070804017609,LEC,Online Securities Pvt. Ltd.,Dipshikha Dhitopatra Karobar Co. Pvt Ltd.,60,211.0,12660.0,2025-07-08 14:42:08.103549
2025-07-08,10358,2025070804017610,LEC,Premier Securities Company Ltd.,Kumari Securities Private Limited,100,210.4,21040.0,2025-07-08 14:42:08.263638
2025-07-08,10056,2025070804017718,LEC,Neev Securities Pvt. Ltd.,Premier Securities Company Ltd.,200,210.4,42080.0,2025-07-08 14:42:58.602802
2025-07-08,9988,2025070804017747,LEC,Online Securities Pvt. Ltd.,Kohinoor Investment & Securities Pvt. Ltd.,10,211.8,2118.0,2025-07-08 14:43:10.695133
2025-07-08,9879,2025070804017783,LEC,Premier Securities Company Ltd.,Investment Management Nepal Pvt. Ltd.,100,210.5,21050.0,2025-07-08 14:43:40.107956
2025-07-08,9878,2025070804017784,LEC,Neev Securities Pvt. Ltd.,Investment Management Nepal Pvt. Ltd.,50,210.4,10520.0,2025-07-08 14:43:40.108298
2025-07-08,9877,2025070804017785,LEC,Online Securities Pvt. Ltd.,Investment Management Nepal Pvt. Ltd.,50,210.4,10520.0,2025-07-08 14:43:40.108494
2025-07-08,9876,2025070804017786,LEC,Online Securities Pvt. Ltd.,Investment Management Nepal Pvt. Ltd.,800,210.3,168240.0,2025-07-08 14:43:40.108703
2025-07-08,9833,2025070804017807,LEC,Online Securities Pvt. Ltd.,Kohinoor Investment & Securities Pvt. Ltd.,100,210.3,21030.0,2025-07-08 14:43:52.788592
2025-07-08,9630,2025070804017871,LEC,Online Securities Pvt. Ltd.,Kohinoor Investment & Securities Pvt. Ltd.,11,211.8,2329.8,2025-07-08 14:44:18.339987
2025-07-08,8593,2025070804018182,LEC,Premier Securities Company Ltd.,Investment Management Nepal Pvt. Ltd.,100,210.4,21040.0,2025-07-08 14:46:40.375293
2025-07-08,8592,2025070804018183,LEC,Siprabi Securities Pvt. Ltd.,Investment Management Nepal Pvt. Ltd.,100,210.4,21040.0,2025-07-08 14:46:40.375653
2025-07-08,8591,2025070804018184,LEC,Online Securities Pvt. Ltd.,Investment Management Nepal Pvt. Ltd.,885,210.3,186115.5,2025-07-08 14:46:40.375793
2025-07-08,8590,2025070804018185,LEC,Online Securities Pvt. Ltd.,Investment Management Nepal Pvt. Ltd.,50,210.3,10515.0,2025-07-08 14:46:40.376336
2025-07-08,8589,2025070804018186,LEC,Asian Securities Private Ltd.,Investment Management Nepal Pvt. Ltd.,365,210.2,76723.0,2025-07-08 14:46:40.376801
2025-07-08,6872,2025070804018814,LEC,Agrawal Securities (PVT) Ltd.,Kumari Securities Private Limited,50,210.5,10525.0,2025-07-08 14:50:33.738064
2025-07-08,5927,2025070804019187,LEC,Trishakti Securities Public Limited,Kohinoor Investment & Securities Pvt. Ltd.,10,211.5,2115.0,2025-07-08 14:52:42.670325
2025-07-08,5794,2025070804019238,LEC,Agrawal Securities (PVT) Ltd.,Imperial Securities Company Pvt. Ltd.,30,210.5,6315.0,2025-07-08 14:52:57.802863
2025-07-08,4925,2025070804019519,LEC,Trishakti Securities Public Limited,Kohinoor Investment & Securities Pvt. Ltd.,500,211.5,105750.0,2025-07-08 14:54:31.675563
2025-07-08,4709,2025070804019576,LEC,Siprabi Securities Pvt. Ltd.,Kohinoor Investment & Securities Pvt. Ltd.,20,211.5,4230.0,2025-07-08 14:54:51.533537
2025-07-08,4345,2025070804019674,LEC,Trishakti Securities Public Limited,Agrawal Securities (PVT) Ltd.,200,211.0,42200.0,2025-07-08 14:55:21.105906
2025-07-08,4015,2025070804019793,LEC,Dakshinkali Investment & Securities Pvt. Ltd.,Agrawal Securities (PVT) Ltd.,50,211.0,10550.0,2025-07-08 14:55:55.445683
2025-07-08,4014,2025070804019794,LEC,Dakshinkali Investment & Securities Pvt. Ltd.,Opal Securities Investment (PVT) Ltd.,500,211.0,105500.0,2025-07-08 14:55:55.446347
2025-07-08,4013,2025070804019795,LEC,Dakshinkali Investment & Securities Pvt. Ltd.,Kohinoor Investment & Securities Pvt. Ltd.,470,211.5,99405.0,2025-07-08 14:55:55.446777
2025-07-08,4012,2025070804019796,LEC,Dakshinkali Investment & Securities Pvt. Ltd.,Vision Securities Pvt. Ltd,980,211.6,207368.0,2025-07-08 14:55:55.447184
2025-07-08,3298,2025070804020042,LEC,Ashutosh Brokerage & Securities (PVT) Ltd.,Naasa Securities Co. Ltd.,150,211.7,31755.0,2025-07-08 14:56:59.205868
2025-07-08,3297,2025070804020043,LEC,Ashutosh Brokerage & Securities (PVT) Ltd.,Kohinoor Investment & Securities Pvt. Ltd.,185,211.8,39183.0,2025-07-08 14:56:59.206138
2025-07-08,780,2025070804021004,LEC,Vision Securities Pvt. Ltd,Asian Securities Private Ltd.,10,211.8,2118.0,2025-07-08 14:59:37.195472
2025-07-08,360,2025070804021154,LEC,Thrive Brokerage House Pvt. Ltd,Asian Securities Private Ltd.,500,211.8,105900.0,2025-07-08 14:59:50.013412
