Date,S.N.,contract_id,symbol,buyer_broker,seller_broker,volume,price,amount,transaction_time
2025-07-08,55874,2025070804000223,MEN,Siprabi Securities Pvt. Ltd.,Online Securities Pvt. Ltd.,13,590.6,7677.8,2025-07-08 11:02:41.447096
2025-07-08,55727,2025070804000313,MEN,Aryatara Investment & Securities,Ashutosh Brokerage & Securities (PVT) Ltd.,10,590.7,5907.0,2025-07-08 11:03:45.087683
2025-07-08,55726,2025070804000314,MEN,Siprabi Securities Pvt. Ltd.,Ashutosh Brokerage & Securities (PVT) Ltd.,87,590.6,51382.2,2025-07-08 11:03:45.087774
2025-07-08,55725,2025070804000315,MEN,Nepal Stock House (PVT) Ltd.,Ashutosh Brokerage & Securities (PVT) Ltd.,650,590.5,383825.0,2025-07-08 11:03:45.087808
2025-07-08,55724,2025070804000316,MEN,Secured Securities Ltd.,Ashutosh Brokerage & Securities (PVT) Ltd.,200,590.4,118080.0,2025-07-08 11:03:45.087841
2025-07-08,55723,2025070804000317,MEN,Naasa Securities Co. Ltd.,Ashutosh Brokerage & Securities (PVT) Ltd.,100,590.2,59020.0,2025-07-08 11:03:45.087871
2025-07-08,55722,2025070804000318,MEN,Thrive Brokerage House Pvt. Ltd,Ashutosh Brokerage & Securities (PVT) Ltd.,35,590.1,20653.5,2025-07-08 11:03:45.087900
2025-07-08,55721,2025070804000319,MEN,Dipshikha Dhitopatra Karobar Co. Pvt Ltd.,Ashutosh Brokerage & Securities (PVT) Ltd.,200,590.0,118000.0,2025-07-08 11:03:45.087927
2025-07-08,55720,2025070804000320,MEN,N.M.B. SECURITIES LIMITED,Ashutosh Brokerage & Securities (PVT) Ltd.,718,590.0,423620.0,2025-07-08 11:03:45.087954
2025-07-08,54253,2025070804001086,MEN,Midas Stock Broking Company Private Limited,Neev Securities Pvt. Ltd.,10,593.0,5930.0,2025-07-08 11:11:47.879892
2025-07-08,54069,2025070804001150,MEN,Investment Management Nepal Pvt. Ltd.,Imperial Securities Company Pvt. Ltd.,500,593.0,296500.0,2025-07-08 11:12:40.168079
2025-07-08,53126,2025070804001508,MEN,Nepal Stock House (PVT) Ltd.,Primo Securities (PVT) Ltd.,200,593.0,118600.0,2025-07-08 11:17:50.953058
2025-07-08,52480,2025070804001769,MEN,Nepal Stock House (PVT) Ltd.,Naasa Securities Co. Ltd.,13,593.0,7709.0,2025-07-08 11:21:12.524840
2025-07-08,52458,2025070804001776,MEN,Sundhara Securities Limited,Sani Securities Company Ltd.,30,595.0,17850.0,2025-07-08 11:21:20.509057
2025-07-08,52197,2025070804001886,MEN,Online Securities Pvt. Ltd.,Neev Securities Pvt. Ltd.,84,597.0,50148.0,2025-07-08 11:22:35.536617
2025-07-08,52170,2025070804001894,MEN,Sundhara Securities Limited,Neev Securities Pvt. Ltd.,20,597.0,11940.0,2025-07-08 11:22:41.911535
2025-07-08,51555,2025070804002143,MEN,Kumari Securities Private Limited,Naasa Securities Co. Ltd.,80,593.1,47448.0,2025-07-08 11:25:50.694004
2025-07-08,51554,2025070804002144,MEN,Nepal Stock House (PVT) Ltd.,Naasa Securities Co. Ltd.,87,593.0,51591.0,2025-07-08 11:25:50.694270
2025-07-08,51433,2025070804002194,MEN,Online Securities Pvt. Ltd.,Naasa Securities Co. Ltd.,10,593.0,5930.0,2025-07-08 11:26:29.573362
2025-07-08,51342,2025070804002224,MEN,Dipshikha Dhitopatra Karobar Co. Pvt Ltd.,Naasa Securities Co. Ltd.,323,593.0,191539.0,2025-07-08 11:26:56.983713
2025-07-08,50301,2025070804002717,MEN,Kohinoor Investment & Securities Pvt. Ltd.,Sani Securities Company Ltd.,17,593.0,10081.0,2025-07-08 11:31:55.329058
2025-07-08,50300,2025070804002718,MEN,Aryatara Investment & Securities,Sani Securities Company Ltd.,93,593.0,55149.0,2025-07-08 11:31:55.329400
2025-07-08,49017,2025070804003252,MEN,Aryatara Investment & Securities,Cristal Kanchanjanga Securites Pvt. Ltd.,50,593.0,29650.0,2025-07-08 11:37:52.919061
2025-07-08,49016,2025070804003253,MEN,Investment Management Nepal Pvt. Ltd.,Cristal Kanchanjanga Securites Pvt. Ltd.,424,592.4,251177.6,2025-07-08 11:37:52.919236
2025-07-08,48376,2025070804003504,MEN,Investment Management Nepal Pvt. Ltd.,Vision Securities Pvt. Ltd,10,592.4,5924.0,2025-07-08 11:40:39.121997
2025-07-08,47993,2025070804003660,MEN,Naasa Securities Co. Ltd.,Secured Securities Ltd.,70,592.5,41475.0,2025-07-08 11:42:28.493511
2025-07-08,47992,2025070804003661,MEN,Citizens Share Broker Limited,Secured Securities Ltd.,20,592.5,11850.0,2025-07-08 11:42:28.634391
2025-07-08,47899,2025070804003693,MEN,Aryatara Investment & Securities,Secured Securities Ltd.,50,592.5,29625.0,2025-07-08 11:42:48.606442
2025-07-08,46438,2025070804004269,MEN,Investment Management Nepal Pvt. Ltd.,Agrawal Securities (PVT) Ltd.,66,592.4,39098.4,2025-07-08 11:49:38.040070
2025-07-08,46437,2025070804004270,MEN,Thrive Brokerage House Pvt. Ltd,Agrawal Securities (PVT) Ltd.,334,592.4,197861.6,2025-07-08 11:49:38.040145
2025-07-08,45829,2025070804004523,MEN,Nepal Stock House (PVT) Ltd.,Dipshikha Dhitopatra Karobar Co. Pvt Ltd.,33,593.6,19588.8,2025-07-08 11:52:35.800000
2025-07-08,45828,2025070804004524,MEN,Dipshikha Dhitopatra Karobar Co. Pvt Ltd.,Dipshikha Dhitopatra Karobar Co. Pvt Ltd.,267,592.6,158224.2,2025-07-08 11:52:35.800208
2025-07-08,45607,2025070804004603,MEN,Opal Securities Investment (PVT) Ltd.,Asian Securities Private Ltd.,100,593.0,59300.0,2025-07-08 11:53:35.934941
2025-07-08,44887,2025070804004857,MEN,Sanima Securities Limited,Dipshikha Dhitopatra Karobar Co. Pvt Ltd.,100,594.0,59400.0,2025-07-08 11:56:16.640027
2025-07-08,44886,2025070804004858,MEN,Sanima Securities Limited,Deevyaa Securities & Stock House Pvt. Ltd,200,594.0,118800.0,2025-07-08 11:56:16.640440
2025-07-08,44794,2025070804004904,MEN,Sanima Securities Limited,South Asian Bulls Pvt. Ltd.,13,594.0,7722.0,2025-07-08 11:56:45.590044
2025-07-08,44638,2025070804004970,MEN,Sanima Securities Limited,Secured Securities Ltd.,187,594.9,111246.3,2025-07-08 11:57:29.803600
2025-07-08,44609,2025070804004978,MEN,Primo Securities (PVT) Ltd.,Secured Securities Ltd.,167,594.9,99348.3,2025-07-08 11:57:40.250192
2025-07-08,44556,2025070804005001,MEN,Shree Krishna Securities Ltd.,Agrawal Securities (PVT) Ltd.,13,594.0,7722.0,2025-07-08 11:57:55.033713
2025-07-08,44507,2025070804005016,MEN,Shree Krishna Securities Ltd.,Cristal Kanchanjanga Securites Pvt. Ltd.,13,594.0,7722.0,2025-07-08 11:58:03.960226
2025-07-08,44341,2025070804005091,MEN,Investment Management Nepal Pvt. Ltd.,Secured Securities Ltd.,106,594.9,63059.4,2025-07-08 11:58:51.987672
2025-07-08,44340,2025070804005092,MEN,Investment Management Nepal Pvt. Ltd.,Dipshikha Dhitopatra Karobar Co. Pvt Ltd.,394,595.0,234430.0,2025-07-08 11:58:51.987909
2025-07-08,44277,2025070804005111,MEN,Citizens Share Broker Limited,Dynamic Money Managers Securities Pvt. Ltd.,500,594.1,297050.0,2025-07-08 11:59:05.619211
2025-07-08,43911,2025070804005250,MEN,Dynamic Money Managers Securities Pvt. Ltd.,Sagarmatha Securities Private Limited,10,595.0,5950.0,2025-07-08 12:00:59.447363
2025-07-08,43852,2025070804005266,MEN,Dynamic Money Managers Securities Pvt. Ltd.,N.M.B. SECURITIES LIMITED,20,596.0,11920.0,2025-07-08 12:01:14.006956
2025-07-08,43703,2025070804005329,MEN,Sundhara Securities Limited,Dynamic Money Managers Securities Pvt. Ltd.,168,596.8,100262.4,2025-07-08 12:02:01.060046
2025-07-08,43259,2025070804005520,MEN,Secured Securities Ltd.,Ashutosh Brokerage & Securities (PVT) Ltd.,13,595.0,7735.0,2025-07-08 12:04:13.104428
2025-07-08,42894,2025070804005682,MEN,Investment Management Nepal Pvt. Ltd.,Sani Securities Company Ltd.,234,594.6,139136.4,2025-07-08 12:05:45.136678
2025-07-08,42262,2025070804006004,MEN,ABC Securities Private Limited,Dynamic Money Managers Securities Pvt. Ltd.,125,596.8,74600.0,2025-07-08 12:08:31.129305
2025-07-08,42124,2025070804006068,MEN,Naasa Securities Co. Ltd.,Dynamic Money Managers Securities Pvt. Ltd.,100,596.9,59690.0,2025-07-08 12:09:00.538881
2025-07-08,41752,2025070804006240,MEN,Online Securities Pvt. Ltd.,Neev Securities Pvt. Ltd.,10,597.0,5970.0,2025-07-08 12:10:33.459298
2025-07-08,41391,2025070804006390,MEN,Aryatara Investment & Securities,Ashutosh Brokerage & Securities (PVT) Ltd.,100,596.7,59670.0,2025-07-08 12:12:05.959355
2025-07-08,41339,2025070804006408,MEN,Sweta Securities Private Limited,Dipshikha Dhitopatra Karobar Co. Pvt Ltd.,10,595.0,5950.0,2025-07-08 12:12:18.854192
2025-07-08,40253,2025070804006862,MEN,Sanima Securities Limited,Ashutosh Brokerage & Securities (PVT) Ltd.,93,596.7,55493.1,2025-07-08 12:17:04.961093
2025-07-08,40252,2025070804006863,MEN,Sanima Securities Limited,Oxford Securities Pvt. Ltd.,100,596.9,59690.0,2025-07-08 12:17:04.961573
2025-07-08,40251,2025070804006864,MEN,Sanima Securities Limited,Neev Securities Pvt. Ltd.,86,597.0,51342.0,2025-07-08 12:17:04.961840
2025-07-08,40250,2025070804006865,MEN,Sanima Securities Limited,Dynamic Money Managers Securities Pvt. Ltd.,203,597.0,121191.0,2025-07-08 12:17:04.962087
2025-07-08,40249,2025070804006866,MEN,Sanima Securities Limited,Arun Securities (PVT) Ltd.,18,597.0,10746.0,2025-07-08 12:17:04.962341
2025-07-08,40202,2025070804006892,MEN,Dynamic Money Managers Securities Pvt. Ltd.,Sani Securities Company Ltd.,250,595.3,148825.0,2025-07-08 12:17:16.707411
2025-07-08,40201,2025070804006893,MEN,Naasa Securities Co. Ltd.,Sani Securities Company Ltd.,10,595.2,5952.0,2025-07-08 12:17:16.707677
2025-07-08,40200,2025070804006894,MEN,Sweta Securities Private Limited,Sani Securities Company Ltd.,15,595.0,8925.0,2025-07-08 12:17:16.707761
2025-07-08,40199,2025070804006895,MEN,Investment Management Nepal Pvt. Ltd.,Sani Securities Company Ltd.,65,595.0,38675.0,2025-07-08 12:17:16.707843
2025-07-08,39884,2025070804007027,MEN,BHOLE GANESH SECURITIES LTD,Arun Securities (PVT) Ltd.,100,597.0,59700.0,2025-07-08 12:18:39.983145
2025-07-08,39538,2025070804007161,MEN,Citizens Share Broker Limited,Ashutosh Brokerage & Securities (PVT) Ltd.,13,595.2,7737.6,2025-07-08 12:20:08.221702
2025-07-08,38881,2025070804007431,MEN,Cristal Kanchanjanga Securites Pvt. Ltd.,Kumari Securities Private Limited,80,596.0,47680.0,2025-07-08 12:22:54.729911
2025-07-08,38880,2025070804007432,MEN,Citizens Share Broker Limited,Kumari Securities Private Limited,87,595.2,51782.4,2025-07-08 12:22:54.730168
2025-07-08,38879,2025070804007433,MEN,Linch Stock Market Ltd.,Kumari Securities Private Limited,50,595.2,29760.0,2025-07-08 12:22:54.730250
2025-07-08,38878,2025070804007434,MEN,Secured Securities Ltd.,Kumari Securities Private Limited,10,595.2,5952.0,2025-07-08 12:22:54.730344
2025-07-08,38877,2025070804007435,MEN,Investment Management Nepal Pvt. Ltd.,Kumari Securities Private Limited,273,595.0,162435.0,2025-07-08 12:22:54.730433
2025-07-08,38656,2025070804007514,MEN,Sani Securities Company Ltd.,Citizens Share Broker Limited,500,596.0,298000.0,2025-07-08 12:24:07.215655
2025-07-08,37405,2025070804007922,MEN,South Asian Bulls Pvt. Ltd.,Arun Securities (PVT) Ltd.,100,597.0,59700.0,2025-07-08 12:30:06.049436
2025-07-08,37396,2025070804007924,MEN,Agrawal Securities (PVT) Ltd.,Arun Securities (PVT) Ltd.,582,597.0,347454.0,2025-07-08 12:30:07.714196
2025-07-08,37395,2025070804007925,MEN,Agrawal Securities (PVT) Ltd.,Asian Securities Private Ltd.,13,597.0,7761.0,2025-07-08 12:30:07.714466
2025-07-08,36751,2025070804008164,MEN,Pragyan Securities (PVT) Ltd.,Dipshikha Dhitopatra Karobar Co. Pvt Ltd.,15,597.3,8959.5,2025-07-08 12:32:50.196124
2025-07-08,36466,2025070804008275,MEN,Online Securities Pvt. Ltd.,Sani Securities Company Ltd.,10,599.9,5999.0,2025-07-08 12:34:03.733434
2025-07-08,35589,2025070804008594,MEN,Online Securities Pvt. Ltd.,J.F. Securites (PVT) Ltd.,13,599.0,7787.0,2025-07-08 12:37:58.260013
2025-07-08,35123,2025070804008734,MEN,Primo Securities (PVT) Ltd.,Dynamic Money Managers Securities Pvt. Ltd.,100,599.0,59900.0,2025-07-08 12:39:58.460477
2025-07-08,35109,2025070804008738,MEN,Online Securities Pvt. Ltd.,Sani Securities Company Ltd.,17,599.8,10196.6,2025-07-08 12:40:03.332903
2025-07-08,34310,2025070804009029,MEN,Dynamic Money Managers Securities Pvt. Ltd.,Midas Stock Broking Company Private Limited,19,598.0,11362.0,2025-07-08 12:43:49.475407
2025-07-08,33924,2025070804009186,MEN,Siprabi Securities Pvt. Ltd.,Dakshinkali Investment & Securities Pvt. Ltd.,50,598.2,29910.0,2025-07-08 12:45:34.420726
2025-07-08,33923,2025070804009187,MEN,Premier Securities Company Ltd.,Dakshinkali Investment & Securities Pvt. Ltd.,50,598.1,29905.0,2025-07-08 12:45:34.420979
2025-07-08,33922,2025070804009188,MEN,Dynamic Money Managers Securities Pvt. Ltd.,Dakshinkali Investment & Securities Pvt. Ltd.,981,598.0,586638.0,2025-07-08 12:45:34.421077
2025-07-08,33921,2025070804009189,MEN,Pragyan Securities (PVT) Ltd.,Dakshinkali Investment & Securities Pvt. Ltd.,400,598.0,239200.0,2025-07-08 12:45:34.421172
2025-07-08,33920,2025070804009190,MEN,Primo Securities (PVT) Ltd.,Dakshinkali Investment & Securities Pvt. Ltd.,20,598.0,11960.0,2025-07-08 12:45:34.421265
2025-07-08,33919,2025070804009191,MEN,Online Securities Pvt. Ltd.,Dakshinkali Investment & Securities Pvt. Ltd.,886,598.0,529828.0,2025-07-08 12:45:34.421362
2025-07-08,33265,2025070804009439,MEN,Online Securities Pvt. Ltd.,Sani Securities Company Ltd.,114,598.0,68172.0,2025-07-08 12:47:59.683525
2025-07-08,33072,2025070804009492,MEN,Pragyan Securities (PVT) Ltd.,Neev Securities Pvt. Ltd.,200,597.3,119460.0,2025-07-08 12:48:53.406912
2025-07-08,32671,2025070804009673,MEN,Pragyan Securities (PVT) Ltd.,Sani Securities Company Ltd.,200,597.3,119460.0,2025-07-08 12:50:17.788021
2025-07-08,32283,2025070804009857,MEN,Pragyan Securities (PVT) Ltd.,Market Securities & Exchange (PVT) Ltd.,10,597.3,5973.0,2025-07-08 12:51:10.500393
2025-07-08,31813,2025070804010066,MEN,Pragyan Securities (PVT) Ltd.,Agrawal Securities (PVT) Ltd.,13,597.3,7764.9,2025-07-08 12:53:05.926860
2025-07-08,31720,2025070804010118,MEN,Pragyan Securities (PVT) Ltd.,N.M.B. SECURITIES LIMITED,62,597.3,37032.6,2025-07-08 12:53:25.650787
2025-07-08,31719,2025070804010119,MEN,Dipshikha Dhitopatra Karobar Co. Pvt Ltd.,N.M.B. SECURITIES LIMITED,188,597.2,112273.6,2025-07-08 12:53:25.651062
2025-07-08,31351,2025070804010234,MEN,Dipshikha Dhitopatra Karobar Co. Pvt Ltd.,Dynamic Money Managers Securities Pvt. Ltd.,56,597.2,33443.2,2025-07-08 12:55:05.265951
2025-07-08,30925,2025070804010387,MEN,Asian Securities Private Ltd.,Sani Securities Company Ltd.,13,598.9,7785.7,2025-07-08 12:57:27.946032
2025-07-08,30727,2025070804010471,MEN,Asian Securities Private Ltd.,Sri Hari Securities Pvt. Ltd.,100,599.5,59950.0,2025-07-08 12:58:21.701295
2025-07-08,28037,2025070804011299,MEN,Trisul Securities & Invt. Ltd.,Imperial Securities Company Pvt. Ltd.,30,597.4,17922.0,2025-07-08 13:14:49.914483
2025-07-08,28036,2025070804011300,MEN,Asian Securities Private Ltd.,Imperial Securities Company Pvt. Ltd.,50,597.3,29865.0,2025-07-08 13:14:49.914562
2025-07-08,28035,2025070804011301,MEN,Dipshikha Dhitopatra Karobar Co. Pvt Ltd.,Imperial Securities Company Pvt. Ltd.,270,597.2,161244.0,2025-07-08 13:14:49.914590
2025-07-08,27913,2025070804011330,MEN,Dipshikha Dhitopatra Karobar Co. Pvt Ltd.,Dynamic Money Managers Securities Pvt. Ltd.,486,597.2,290239.2,2025-07-08 13:15:23.663505
2025-07-08,27871,2025070804011340,MEN,Indira securities pvt. ltd,Cristal Kanchanjanga Securites Pvt. Ltd.,450,597.0,268650.0,2025-07-08 13:15:45.171865
2025-07-08,27870,2025070804011341,MEN,Online Securities Pvt. Ltd.,Cristal Kanchanjanga Securites Pvt. Ltd.,50,597.0,29850.0,2025-07-08 13:15:45.172150
2025-07-08,27581,2025070804011416,MEN,Online Securities Pvt. Ltd.,Aryatara Investment & Securities,10,597.0,5970.0,2025-07-08 13:17:43.241398
2025-07-08,27221,2025070804011556,MEN,Online Securities Pvt. Ltd.,Sani Securities Company Ltd.,39,597.0,23283.0,2025-07-08 13:20:04.559372
2025-07-08,27220,2025070804011557,MEN,Asian Securities Private Ltd.,Sani Securities Company Ltd.,50,597.0,29850.0,2025-07-08 13:20:04.559826
2025-07-08,26518,2025070804011817,MEN,Asian Securities Private Ltd.,Kalika Securities Pvt. Ltd.,13,596.2,7750.6,2025-07-08 13:24:56.830675
2025-07-08,26249,2025070804011913,MEN,Asian Securities Private Ltd.,J.F. Securites (PVT) Ltd.,37,596.2,22059.4,2025-07-08 13:26:50.134631
2025-07-08,26248,2025070804011914,MEN,Oxford Securities Pvt. Ltd.,J.F. Securites (PVT) Ltd.,17,596.1,10133.7,2025-07-08 13:26:50.135136
2025-07-08,26011,2025070804011993,MEN,Opal Securities Investment (PVT) Ltd.,Sani Securities Company Ltd.,40,597.0,23880.0,2025-07-08 13:28:21.168601
2025-07-08,25933,2025070804012019,MEN,Vision Securities Pvt. Ltd,Sani Securities Company Ltd.,10,597.0,5970.0,2025-07-08 13:28:55.415104
2025-07-08,25607,2025070804012147,MEN,Oxford Securities Pvt. Ltd.,Asian Securities Private Ltd.,50,596.1,29805.0,2025-07-08 13:30:54.839966
2025-07-08,25513,2025070804012172,MEN,Premier Securities Company Ltd.,Sani Securities Company Ltd.,31,597.0,18507.0,2025-07-08 13:31:26.000371
2025-07-08,25424,2025070804012203,MEN,Premier Securities Company Ltd.,Primo Securities (PVT) Ltd.,100,598.0,59800.0,2025-07-08 13:31:51.150368
2025-07-08,25382,2025070804012215,MEN,Premier Securities Company Ltd.,Primo Securities (PVT) Ltd.,100,598.0,59800.0,2025-07-08 13:32:13.249939
2025-07-08,25332,2025070804012232,MEN,Premier Securities Company Ltd.,Citizens Share Broker Limited,13,597.0,7761.0,2025-07-08 13:32:36.197201
2025-07-08,25301,2025070804012250,MEN,Premier Securities Company Ltd.,Primo Securities (PVT) Ltd.,100,598.0,59800.0,2025-07-08 13:32:43.397782
2025-07-08,24929,2025070804012385,MEN,Premier Securities Company Ltd.,Primo Securities (PVT) Ltd.,29,598.0,17342.0,2025-07-08 13:34:56.070090
2025-07-08,24819,2025070804012421,MEN,Agrawal Securities (PVT) Ltd.,Primo Securities (PVT) Ltd.,80,598.0,47840.0,2025-07-08 13:35:35.431559
2025-07-08,24581,2025070804012501,MEN,Premier Securities Company Ltd.,Primo Securities (PVT) Ltd.,15,598.0,8970.0,2025-07-08 13:36:44.705596
2025-07-08,24478,2025070804012543,MEN,Premier Securities Company Ltd.,Primo Securities (PVT) Ltd.,76,598.0,45448.0,2025-07-08 13:37:20.879972
2025-07-08,24302,2025070804012603,MEN,Premier Securities Company Ltd.,Sri Hari Securities Pvt. Ltd.,100,599.0,59900.0,2025-07-08 13:38:31.192568
2025-07-08,24250,2025070804012615,MEN,Premier Securities Company Ltd.,Sri Hari Securities Pvt. Ltd.,100,599.0,59900.0,2025-07-08 13:38:48.306214
2025-07-08,24215,2025070804012622,MEN,Premier Securities Company Ltd.,Sri Hari Securities Pvt. Ltd.,100,599.0,59900.0,2025-07-08 13:39:00.389456
2025-07-08,24122,2025070804012659,MEN,Premier Securities Company Ltd.,Sri Hari Securities Pvt. Ltd.,100,599.0,59900.0,2025-07-08 13:39:35.539283
2025-07-08,23993,2025070804012714,MEN,Premier Securities Company Ltd.,Sundhara Securities Limited,20,599.0,11980.0,2025-07-08 13:40:24.974665
2025-07-08,23992,2025070804012715,MEN,Premier Securities Company Ltd.,Aryatara Investment & Securities,25,599.0,14975.0,2025-07-08 13:40:24.975064
2025-07-08,23991,2025070804012716,MEN,Premier Securities Company Ltd.,Shree Krishna Securities Ltd.,10,599.0,5990.0,2025-07-08 13:40:24.975285
2025-07-08,23749,2025070804012779,MEN,Premier Securities Company Ltd.,Imperial Securities Company Pvt. Ltd.,100,599.3,59930.0,2025-07-08 13:41:50.537178
2025-07-08,23708,2025070804012785,MEN,Siprabi Securities Pvt. Ltd.,Imperial Securities Company Pvt. Ltd.,50,599.3,29965.0,2025-07-08 13:42:03.144794
2025-07-08,23707,2025070804012786,MEN,Siprabi Securities Pvt. Ltd.,Sani Securities Company Ltd.,80,599.5,47960.0,2025-07-08 13:42:03.145254
2025-07-08,23690,2025070804012792,MEN,Oxford Securities Pvt. Ltd.,Sani Securities Company Ltd.,20,599.5,11990.0,2025-07-08 13:42:12.655892
2025-07-08,23689,2025070804012793,MEN,Oxford Securities Pvt. Ltd.,Sani Securities Company Ltd.,80,599.8,47984.0,2025-07-08 13:42:12.656349
2025-07-08,23609,2025070804012825,MEN,Aryatara Investment & Securities,Primo Securities (PVT) Ltd.,500,599.0,299500.0,2025-07-08 13:42:51.745497
2025-07-08,23494,2025070804012859,MEN,Premier Securities Company Ltd.,Sani Securities Company Ltd.,100,599.8,59980.0,2025-07-08 13:43:20.989918
2025-07-08,23187,2025070804012924,MEN,Aryatara Investment & Securities,Sani Securities Company Ltd.,190,599.9,113981.0,2025-07-08 13:45:04.308830
2025-07-08,23186,2025070804012925,MEN,Aryatara Investment & Securities,Naasa Securities Co. Ltd.,105,599.9,62989.5,2025-07-08 13:45:04.309390
2025-07-08,23185,2025070804012926,MEN,Aryatara Investment & Securities,Vision Securities Pvt. Ltd,500,599.9,299950.0,2025-07-08 13:45:04.309780
2025-07-08,23160,2025070804012937,MEN,Aryatara Investment & Securities,Investment Management Nepal Pvt. Ltd.,10,600.0,6000.0,2025-07-08 13:45:17.872459
2025-07-08,23088,2025070804012969,MEN,Siprabi Securities Pvt. Ltd.,Investment Management Nepal Pvt. Ltd.,35,600.0,21000.0,2025-07-08 13:45:45.980287
2025-07-08,23007,2025070804013005,MEN,Investment Management Nepal Pvt. Ltd.,Neev Securities Pvt. Ltd.,100,599.2,59920.0,2025-07-08 13:46:04.201380
2025-07-08,22989,2025070804013007,MEN,Nepal Stock House (PVT) Ltd.,Investment Management Nepal Pvt. Ltd.,40,600.0,24000.0,2025-07-08 13:46:10.295644
2025-07-08,22988,2025070804013008,MEN,Naasa Securities Co. Ltd.,Investment Management Nepal Pvt. Ltd.,5,600.0,3000.0,2025-07-08 13:46:10.295904
2025-07-08,22559,2025070804013138,MEN,Aryatara Investment & Securities,Vision Securities Pvt. Ltd,500,599.5,299750.0,2025-07-08 13:48:41.290347
2025-07-08,22331,2025070804013206,MEN,Aryatara Investment & Securities,R.B.B. Securities Company Ltd,100,599.9,59990.0,2025-07-08 13:50:07.375674
2025-07-08,22292,2025070804013220,MEN,Aryatara Investment & Securities,Sundhara Securities Limited,40,600.0,24000.0,2025-07-08 13:50:27.557249
2025-07-08,22052,2025070804013297,MEN,ABC Securities Private Limited,Sundhara Securities Limited,50,600.0,30000.0,2025-07-08 13:52:15.305166
2025-07-08,21812,2025070804013399,MEN,Investment Management Nepal Pvt. Ltd.,Imperial Securities Company Pvt. Ltd.,100,599.8,59980.0,2025-07-08 13:53:46.190962
2025-07-08,21811,2025070804013400,MEN,Aryatara Investment & Securities,Imperial Securities Company Pvt. Ltd.,100,599.3,59930.0,2025-07-08 13:53:46.191462
2025-07-08,21810,2025070804013401,MEN,Aryatara Investment & Securities,Imperial Securities Company Pvt. Ltd.,50,599.1,29955.0,2025-07-08 13:53:46.191756
2025-07-08,21284,2025070804013665,MEN,J.F. Securites (PVT) Ltd.,Dynamic Money Managers Securities Pvt. Ltd.,100,599.0,59900.0,2025-07-08 13:56:36.603466
2025-07-08,21053,2025070804013740,MEN,Aryatara Investment & Securities,Sri Hari Securities Pvt. Ltd.,10,599.9,5999.0,2025-07-08 13:57:44.174748
2025-07-08,20344,2025070804013991,MEN,Premier Securities Company Ltd.,Sajilo Broker Limited,24,598.0,14352.0,2025-07-08 14:01:52.347993
2025-07-08,20343,2025070804013992,MEN,R.B.B. Securities Company Ltd,Sajilo Broker Limited,26,598.0,15548.0,2025-07-08 14:01:52.348497
2025-07-08,20252,2025070804014024,MEN,Kumari Securities Private Limited,Bhrikuti Stock Broking Co. Pvt. Ltd.,20,599.8,11996.0,2025-07-08 14:02:27.283596
2025-07-08,19860,2025070804014161,MEN,R.B.B. Securities Company Ltd,Naasa Securities Co. Ltd.,14,598.0,8372.0,2025-07-08 14:04:17.207828
2025-07-08,19859,2025070804014162,MEN,Vision Securities Pvt. Ltd,Naasa Securities Co. Ltd.,10,598.0,5980.0,2025-07-08 14:04:17.208099
2025-07-08,19858,2025070804014163,MEN,Sri Hari Securities Pvt. Ltd.,Naasa Securities Co. Ltd.,21,598.0,12558.0,2025-07-08 14:04:17.208191
2025-07-08,18499,2025070804014705,MEN,Sri Hari Securities Pvt. Ltd.,Sagarmatha Securities Private Limited,51,598.0,30498.0,2025-07-08 14:11:13.627352
2025-07-08,18498,2025070804014706,MEN,R.B.B. Securities Company Ltd,Sagarmatha Securities Private Limited,10,598.0,5980.0,2025-07-08 14:11:13.627619
2025-07-08,18497,2025070804014707,MEN,Investment Management Nepal Pvt. Ltd.,Sagarmatha Securities Private Limited,69,598.0,41262.0,2025-07-08 14:11:13.627729
2025-07-08,17984,2025070804014878,MEN,Investment Management Nepal Pvt. Ltd.,Dynamic Money Managers Securities Pvt. Ltd.,13,598.0,7774.0,2025-07-08 14:13:07.699978
2025-07-08,17239,2025070804015164,MEN,Investment Management Nepal Pvt. Ltd.,Secured Securities Ltd.,100,598.0,59800.0,2025-07-08 14:16:10.334623
2025-07-08,17193,2025070804015180,MEN,Investment Management Nepal Pvt. Ltd.,Sewa Securities Pvt. Ltd.,16,598.0,9568.0,2025-07-08 14:16:18.903190
2025-07-08,16142,2025070804015522,MEN,Investment Management Nepal Pvt. Ltd.,Trisul Securities & Invt. Ltd.,200,598.0,119600.0,2025-07-08 14:21:08.014555
2025-07-08,15488,2025070804015728,MEN,Investment Management Nepal Pvt. Ltd.,Vision Securities Pvt. Ltd,30,598.0,17940.0,2025-07-08 14:23:17.792304
2025-07-08,15487,2025070804015729,MEN,R.B.B. Securities Company Ltd,Vision Securities Pvt. Ltd,50,598.0,29900.0,2025-07-08 14:23:17.792585
2025-07-08,15486,2025070804015730,MEN,Thrive Brokerage House Pvt. Ltd,Vision Securities Pvt. Ltd,720,598.0,430560.0,2025-07-08 14:23:17.792686
2025-07-08,15226,2025070804015808,MEN,Thrive Brokerage House Pvt. Ltd,Malla & Malla Stock Broking Company Pvt. Limited,100,598.0,59800.0,2025-07-08 14:24:26.163310
2025-07-08,15213,2025070804015812,MEN,Aryatara Investment & Securities,Naasa Securities Co. Ltd.,10,599.0,5990.0,2025-07-08 14:24:28.875745
2025-07-08,15150,2025070804015836,MEN,Thrive Brokerage House Pvt. Ltd,Dynamic Money Managers Securities Pvt. Ltd.,180,598.0,107640.0,2025-07-08 14:24:39.553201
2025-07-08,15149,2025070804015837,MEN,Thrive Brokerage House Pvt. Ltd,Dynamic Money Managers Securities Pvt. Ltd.,40,598.0,23920.0,2025-07-08 14:24:39.553672
2025-07-08,14736,2025070804015983,MEN,Sani Securities Company Ltd.,Naasa Securities Co. Ltd.,290,599.0,173710.0,2025-07-08 14:26:14.044971
2025-07-08,14735,2025070804015984,MEN,Sani Securities Company Ltd.,Sri Hari Securities Pvt. Ltd.,210,599.0,125790.0,2025-07-08 14:26:14.045258
2025-07-08,14444,2025070804016110,MEN,Naasa Securities Co. Ltd.,Sri Hari Securities Pvt. Ltd.,50,599.0,29950.0,2025-07-08 14:27:19.463125
2025-07-08,14280,2025070804016157,MEN,Dakshinkali Investment & Securities Pvt. Ltd.,Kohinoor Investment & Securities Pvt. Ltd.,500,598.0,299000.0,2025-07-08 14:28:01.865347
2025-07-08,14279,2025070804016158,MEN,Dynamic Money Managers Securities Pvt. Ltd.,Kohinoor Investment & Securities Pvt. Ltd.,100,597.3,59730.0,2025-07-08 14:28:01.865830
2025-07-08,14278,2025070804016159,MEN,Premier Securities Company Ltd.,Kohinoor Investment & Securities Pvt. Ltd.,56,597.0,33432.0,2025-07-08 14:28:01.866145
2025-07-08,14277,2025070804016160,MEN,Sani Securities Company Ltd.,Kohinoor Investment & Securities Pvt. Ltd.,30,597.0,17910.0,2025-07-08 14:28:01.866463
2025-07-08,14276,2025070804016161,MEN,Sundhara Securities Limited,Kohinoor Investment & Securities Pvt. Ltd.,30,597.0,17910.0,2025-07-08 14:28:01.866735
2025-07-08,14275,2025070804016162,MEN,Investment Management Nepal Pvt. Ltd.,Kohinoor Investment & Securities Pvt. Ltd.,212,597.0,126564.0,2025-07-08 14:28:01.867154
2025-07-08,13856,2025070804016351,MEN,Neev Securities Pvt. Ltd.,Sri Hari Securities Pvt. Ltd.,43,599.0,25757.0,2025-07-08 14:29:21.823861
2025-07-08,13083,2025070804016642,MEN,Midas Stock Broking Company Private Limited,Deevyaa Securities & Stock House Pvt. Ltd,10,597.8,5978.0,2025-07-08 14:32:15.414040
2025-07-08,12351,2025070804016891,MEN,Nepal Investment And Securities Trading Private Limited,Deevyaa Securities & Stock House Pvt. Ltd,40,597.8,23912.0,2025-07-08 14:35:23.563702
2025-07-08,12146,2025070804016969,MEN,Nepal Investment And Securities Trading Private Limited,Dipshikha Dhitopatra Karobar Co. Pvt Ltd.,215,598.0,128570.0,2025-07-08 14:36:12.868444
2025-07-08,11160,2025070804017358,MEN,Investment Management Nepal Pvt. Ltd.,Imperial Securities Company Pvt. Ltd.,13,597.0,7761.0,2025-07-08 14:39:40.413029
2025-07-08,10995,2025070804017432,MEN,ABC Securities Private Limited,Sri Hari Securities Pvt. Ltd.,187,599.0,112013.0,2025-07-08 14:40:05.375252
2025-07-08,10994,2025070804017433,MEN,ABC Securities Private Limited,Bhrikuti Stock Broking Co. Pvt. Ltd.,13,599.8,7797.4,2025-07-08 14:40:05.375770
2025-07-08,10205,2025070804017676,MEN,N.M.B. SECURITIES LIMITED,Bhrikuti Stock Broking Co. Pvt. Ltd.,42,599.8,25191.6,2025-07-08 14:42:35.051661
2025-07-08,10204,2025070804017677,MEN,N.M.B. SECURITIES LIMITED,Vision Securities Pvt. Ltd,158,599.8,94768.4,2025-07-08 14:42:35.052164
2025-07-08,8668,2025070804018168,MEN,Nepal Stock House (PVT) Ltd.,Kohinoor Investment & Securities Pvt. Ltd.,10,598.1,5981.0,2025-07-08 14:46:28.647716
2025-07-08,7886,2025070804018431,MEN,Vision Securities Pvt. Ltd,Sani Securities Company Ltd.,30,598.2,17946.0,2025-07-08 14:48:37.233974
2025-07-08,7885,2025070804018432,MEN,Nepal Stock House (PVT) Ltd.,Sani Securities Company Ltd.,50,598.1,29905.0,2025-07-08 14:48:37.234250
2025-07-08,7837,2025070804018457,MEN,Investment Management Nepal Pvt. Ltd.,Sani Securities Company Ltd.,350,599.7,209895.0,2025-07-08 14:48:50.358894
2025-07-08,7836,2025070804018458,MEN,Investment Management Nepal Pvt. Ltd.,Vision Securities Pvt. Ltd,107,599.8,64178.6,2025-07-08 14:48:50.359134
2025-07-08,7835,2025070804018459,MEN,Investment Management Nepal Pvt. Ltd.,Agrawal Securities (PVT) Ltd.,100,599.8,59980.0,2025-07-08 14:48:50.359297
2025-07-08,7834,2025070804018460,MEN,Investment Management Nepal Pvt. Ltd.,Sundhara Securities Limited,218,600.0,130800.0,2025-07-08 14:48:50.359465
2025-07-08,7734,2025070804018501,MEN,Investment Management Nepal Pvt. Ltd.,Sundhara Securities Limited,92,600.0,55200.0,2025-07-08 14:49:00.428520
2025-07-08,7733,2025070804018502,MEN,Investment Management Nepal Pvt. Ltd.,Sundhara Securities Limited,13,600.0,7800.0,2025-07-08 14:49:00.428753
2025-07-08,7732,2025070804018503,MEN,Investment Management Nepal Pvt. Ltd.,Kohinoor Investment & Securities Pvt. Ltd.,500,600.0,300000.0,2025-07-08 14:49:00.428846
2025-07-08,7731,2025070804018504,MEN,Investment Management Nepal Pvt. Ltd.,Imperial Securities Company Pvt. Ltd.,138,600.0,82800.0,2025-07-08 14:49:00.428944
2025-07-08,7730,2025070804018505,MEN,Investment Management Nepal Pvt. Ltd.,Kohinoor Investment & Securities Pvt. Ltd.,1000,600.0,600000.0,2025-07-08 14:49:00.429037
2025-07-08,7729,2025070804018506,MEN,Investment Management Nepal Pvt. Ltd.,Thrive Brokerage House Pvt. Ltd,100,600.0,60000.0,2025-07-08 14:49:00.429130
2025-07-08,7728,2025070804018507,MEN,Investment Management Nepal Pvt. Ltd.,Investment Management Nepal Pvt. Ltd.,150,600.0,90000.0,2025-07-08 14:49:00.429266
2025-07-08,7621,2025070804018548,MEN,Nepal Stock House (PVT) Ltd.,Premier Securities Company Ltd.,13,598.1,7775.3,2025-07-08 14:49:09.679336
2025-07-08,7537,2025070804018575,MEN,Kumari Securities Private Limited,Sani Securities Company Ltd.,13,600.0,7800.0,2025-07-08 14:49:22.272523
2025-07-08,7536,2025070804018576,MEN,Kumari Securities Private Limited,Dynamic Money Managers Securities Pvt. Ltd.,30,600.0,18000.0,2025-07-08 14:49:22.272782
2025-07-08,7535,2025070804018577,MEN,Kumari Securities Private Limited,Dynamic Money Managers Securities Pvt. Ltd.,13,600.0,7800.0,2025-07-08 14:49:22.272878
2025-07-08,7534,2025070804018578,MEN,Kumari Securities Private Limited,Vision Securities Pvt. Ltd,20,600.0,12000.0,2025-07-08 14:49:22.272972
2025-07-08,7533,2025070804018579,MEN,Kumari Securities Private Limited,Cristal Kanchanjanga Securites Pvt. Ltd.,124,600.0,74400.0,2025-07-08 14:49:22.273063
2025-07-08,7188,2025070804018721,MEN,Investment Management Nepal Pvt. Ltd.,Cristal Kanchanjanga Securites Pvt. Ltd.,76,600.0,45600.0,2025-07-08 14:49:57.906778
2025-07-08,7187,2025070804018722,MEN,Investment Management Nepal Pvt. Ltd.,Dynamic Money Managers Securities Pvt. Ltd.,13,600.0,7800.0,2025-07-08 14:49:57.907193
2025-07-08,7186,2025070804018723,MEN,Investment Management Nepal Pvt. Ltd.,Linch Stock Market Ltd.,100,600.0,60000.0,2025-07-08 14:49:57.907483
2025-07-08,7026,2025070804018779,MEN,Investment Management Nepal Pvt. Ltd.,Aryatara Investment & Securities,100,600.0,60000.0,2025-07-08 14:50:16.265492
2025-07-08,6347,2025070804019038,MEN,Dakshinkali Investment & Securities Pvt. Ltd.,Sumeru Securities Pvt. Ltd.,10,600.5,6005.0,2025-07-08 14:51:45.203560
2025-07-08,5495,2025070804019331,MEN,Dakshinkali Investment & Securities Pvt. Ltd.,Miyo Securities Pvt Ltd,500,600.5,300250.0,2025-07-08 14:53:27.815806
2025-07-08,5242,2025070804019409,MEN,Dakshinkali Investment & Securities Pvt. Ltd.,Sani Securities Company Ltd.,101,600.5,60650.5,2025-07-08 14:53:53.591462
2025-07-08,4797,2025070804019549,MEN,Dakshinkali Investment & Securities Pvt. Ltd.,Imperial Securities Company Pvt. Ltd.,89,600.5,53444.5,2025-07-08 14:54:44.428016
2025-07-08,3994,2025070804019804,MEN,Deevyaa Securities & Stock House Pvt. Ltd,Naasa Securities Co. Ltd.,13,600.5,7806.5,2025-07-08 14:55:57.188210
2025-07-08,3993,2025070804019805,MEN,Deevyaa Securities & Stock House Pvt. Ltd,Investment Management Nepal Pvt. Ltd.,40,600.6,24024.0,2025-07-08 14:55:57.188429
2025-07-08,3992,2025070804019806,MEN,Deevyaa Securities & Stock House Pvt. Ltd,Dynamic Money Managers Securities Pvt. Ltd.,47,600.7,28232.9,2025-07-08 14:55:57.188533
2025-07-08,3960,2025070804019827,MEN,Naasa Securities Co. Ltd.,Neev Securities Pvt. Ltd.,100,600.1,60010.0,2025-07-08 14:56:00.073042
2025-07-08,3959,2025070804019828,MEN,Investment Management Nepal Pvt. Ltd.,Neev Securities Pvt. Ltd.,213,600.0,127800.0,2025-07-08 14:56:00.073509
2025-07-08,3941,2025070804019834,MEN,Naasa Securities Co. Ltd.,Dynamic Money Managers Securities Pvt. Ltd.,100,600.7,60070.0,2025-07-08 14:56:01.278899
2025-07-08,3863,2025070804019854,MEN,Naasa Securities Co. Ltd.,J.F. Securites (PVT) Ltd.,5,590.0,2950.0,2025-07-08 14:56:10.356932
2025-07-08,3767,2025070804019893,MEN,Deevyaa Securities & Stock House Pvt. Ltd,Dynamic Money Managers Securities Pvt. Ltd.,100,600.7,60070.0,2025-07-08 14:56:19.355408
2025-07-08,3470,2025070804019978,MEN,Deevyaa Securities & Stock House Pvt. Ltd,Dynamic Money Managers Securities Pvt. Ltd.,50,600.7,30035.0,2025-07-08 14:56:46.526089
2025-07-08,2997,2025070804020151,MEN,Oxford Securities Pvt. Ltd.,Capital Max Securities Ltd,15,601.0,9015.0,2025-07-08 14:57:25.528553
2025-07-08,2187,2025070804020443,MEN,Midas Stock Broking Company Private Limited,Nepal Stock House (PVT) Ltd.,200,601.0,120200.0,2025-07-08 14:58:21.875986
2025-07-08,2186,2025070804020444,MEN,Midas Stock Broking Company Private Limited,Nepal Investment And Securities Trading Private Limited,300,601.9,180570.0,2025-07-08 14:58:21.876240
2025-07-08,1878,2025070804020569,MEN,Sanima Securities Limited,Nepal Investment And Securities Trading Private Limited,500,601.9,300950.0,2025-07-08 14:58:42.941827
2025-07-08,1773,2025070804020621,MEN,Nepal Investment And Securities Trading Private Limited,Capital Max Securities Ltd,150,600.8,90120.0,2025-07-08 14:58:50.514616
2025-07-08,1157,2025070804020850,MEN,Midas Stock Broking Company Private Limited,Investment Management Nepal Pvt. Ltd.,100,601.0,60100.0,2025-07-08 14:59:21.382239
2025-07-08,1156,2025070804020851,MEN,Nepal Investment And Securities Trading Private Limited,Investment Management Nepal Pvt. Ltd.,350,600.8,210280.0,2025-07-08 14:59:21.382678
2025-07-08,1155,2025070804020852,MEN,Kohinoor Investment & Securities Pvt. Ltd.,Investment Management Nepal Pvt. Ltd.,200,600.7,120140.0,2025-07-08 14:59:21.382966
2025-07-08,1154,2025070804020853,MEN,Nepal Investment And Securities Trading Private Limited,Investment Management Nepal Pvt. Ltd.,350,600.1,210035.0,2025-07-08 14:59:21.383245
2025-07-08,597,2025070804021061,MEN,Nepal Investment And Securities Trading Private Limited,Ashutosh Brokerage & Securities (PVT) Ltd.,16,600.1,9601.6,2025-07-08 14:59:43.029348
2025-07-08,288,2025070804021173,MEN,Nepal Investment And Securities Trading Private Limited,Nepal Stock House (PVT) Ltd.,200,600.1,120020.0,2025-07-08 14:59:53.381911
2025-07-08,277,2025070804021175,MEN,Nepal Investment And Securities Trading Private Limited,Naasa Securities Co. Ltd.,50,600.1,30005.0,2025-07-08 14:59:53.680873
