Date,S.N.,Contract ID,Symbol,Buyer Broker,Seller Broker,volume,rate,amount,transaction_time
2025-07-08,56009,2025070801000052,NBL,Dipshikha Dhitopatra Karobar Co. Pvt Ltd.,Dipshikha Dhitopatra Karobar Co. Pvt Ltd.,50,265.0,13250.0,2025-07-08 11:01:50.434560
2025-07-08,55673,2025070801000101,NBL,Sundhara Securities Limited,Siprabi Securities Pvt. Ltd.,10,260.0,2600.0,2025-07-08 11:04:01.087821
2025-07-08,55551,2025070801000130,NBL,Kalika Securities Pvt. Ltd.,J.F. Securites (PVT) Ltd.,10,263.8,2638.0,2025-07-08 11:04:46.360088
2025-07-08,55430,2025070801000149,NBL,Sundhara Securities Limited,Siprabi Securities Pvt. Ltd.,10,260.0,2600.0,2025-07-08 11:05:29.765451
2025-07-08,54511,2025070801000312,NBL,Kohinoor Investment & Securities Pvt. Ltd.,Secured Securities Ltd.,30,260.0,7800.0,2025-07-08 11:10:17.329361
2025-07-08,53415,2025070801000582,NBL,Dynamic Money Managers Securities Pvt. Ltd.,Aryatara Investment & Securities,20,259.0,5180.0,2025-07-08 11:16:25.121411
2025-07-08,53327,2025070801000622,NBL,Dynamic Money Managers Securities Pvt. Ltd.,J.F. Securites (PVT) Ltd.,980,259.0,253820.0,2025-07-08 11:16:50.468665
2025-07-08,53326,2025070801000623,NBL,Midas Stock Broking Company Private Limited,J.F. Securites (PVT) Ltd.,50,259.0,12950.0,2025-07-08 11:16:50.468785
2025-07-08,53325,2025070801000624,NBL,Aryatara Investment & Securities,J.F. Securites (PVT) Ltd.,30,258.8,7764.0,2025-07-08 11:16:50.468837
2025-07-08,53324,2025070801000625,NBL,Nepal Stock House (PVT) Ltd.,J.F. Securites (PVT) Ltd.,300,258.7,77610.0,2025-07-08 11:16:50.468887
2025-07-08,53323,2025070801000626,NBL,Sani Securities Company Ltd.,J.F. Securites (PVT) Ltd.,500,258.7,129350.0,2025-07-08 11:16:50.468935
2025-07-08,53322,2025070801000627,NBL,Thrive Brokerage House Pvt. Ltd,J.F. Securites (PVT) Ltd.,100,258.7,25870.0,2025-07-08 11:16:50.468982
2025-07-08,53321,2025070801000628,NBL,Dipshikha Dhitopatra Karobar Co. Pvt Ltd.,J.F. Securites (PVT) Ltd.,30,258.6,7758.0,2025-07-08 11:16:50.469040
2025-07-08,53269,2025070801000638,NBL,Dynamic Money Managers Securities Pvt. Ltd.,J.F. Securites (PVT) Ltd.,1000,258.3,258300.0,2025-07-08 11:17:08.530800
2025-07-08,53257,2025070801000643,NBL,Dipshikha Dhitopatra Karobar Co. Pvt Ltd.,Secured Securities Ltd.,10,258.1,2581.0,2025-07-08 11:17:15.399657
2025-07-08,53256,2025070801000644,NBL,ABC Securities Private Limited,Secured Securities Ltd.,40,258.0,10320.0,2025-07-08 11:17:15.399782
2025-07-08,53237,2025070801000651,NBL,ABC Securities Private Limited,J.F. Securites (PVT) Ltd.,10,258.0,2580.0,2025-07-08 11:17:21.607654
2025-07-08,53060,2025070801000719,NBL,Imperial Securities Company Pvt. Ltd.,Trishakti Securities Public Limited,20,258.6,5172.0,2025-07-08 11:18:21.274181
2025-07-08,52984,2025070801000758,NBL,ABC Securities Private Limited,ABC Securities Private Limited,740,259.5,192030.0,2025-07-08 11:18:47.722067
2025-07-08,52864,2025070801000793,NBL,Aryatara Investment & Securities,Secured Securities Ltd.,50,259.9,12995.0,2025-07-08 11:19:33.655898
2025-07-08,52819,2025070801000805,NBL,Imperial Securities Company Pvt. Ltd.,Online Securities Pvt. Ltd.,12,260.0,3120.0,2025-07-08 11:19:44.816523
2025-07-08,52654,2025070801000845,NBL,Agrawal Securities (PVT) Ltd.,Online Securities Pvt. Ltd.,10,260.0,2600.0,2025-07-08 11:20:21.908121
2025-07-08,51817,2025070801001030,NBL,Sri Hari Securities Pvt. Ltd.,Oxford Securities Pvt. Ltd.,50,259.5,12975.0,2025-07-08 11:24:34.199007
2025-07-08,51816,2025070801001031,NBL,Sri Hari Securities Pvt. Ltd.,Naasa Securities Co. Ltd.,14,259.5,3633.0,2025-07-08 11:24:34.199145
2025-07-08,51815,2025070801001032,NBL,Sri Hari Securities Pvt. Ltd.,Nepal Stock House (PVT) Ltd.,256,259.9,66534.4,2025-07-08 11:24:34.199206
2025-07-08,51814,2025070801001033,NBL,Sri Hari Securities Pvt. Ltd.,Online Securities Pvt. Ltd.,137,260.0,35620.0,2025-07-08 11:24:34.199264
2025-07-08,51813,2025070801001034,NBL,Sri Hari Securities Pvt. Ltd.,Sani Securities Company Ltd.,94,260.0,24440.0,2025-07-08 11:24:34.199319
2025-07-08,51721,2025070801001069,NBL,Sundhara Securities Limited,Sani Securities Company Ltd.,161,260.0,41860.0,2025-07-08 11:25:06.396423
2025-07-08,51720,2025070801001070,NBL,Sundhara Securities Limited,Aryatara Investment & Securities,100,260.0,26000.0,2025-07-08 11:25:06.396576
2025-07-08,51533,2025070801001118,NBL,Deevyaa Securities & Stock House Pvt. Ltd,ABC Securities Private Limited,50,259.0,12950.0,2025-07-08 11:25:59.319455
2025-07-08,51532,2025070801001119,NBL,Sundhara Securities Limited,ABC Securities Private Limited,240,259.0,62160.0,2025-07-08 11:25:59.319727
2025-07-08,50585,2025070801001298,NBL,Nepal Stock House (PVT) Ltd.,Global IME Securities Limited,49,261.0,12789.0,2025-07-08 11:30:29.692107
2025-07-08,50581,2025070801001300,NBL,Sri Hari Securities Pvt. Ltd.,Asian Securities Private Ltd.,100,260.0,26000.0,2025-07-08 11:30:30.765057
2025-07-08,50412,2025070801001338,NBL,Sri Hari Securities Pvt. Ltd.,Market Securities & Exchange (PVT) Ltd.,100,260.0,26000.0,2025-07-08 11:31:28.286367
2025-07-08,48851,2025070801001691,NBL,Aryatara Investment & Securities,Nepal Investment And Securities Trading Private Limited,20,261.0,5220.0,2025-07-08 11:38:46.115529
2025-07-08,48850,2025070801001692,NBL,Aryatara Investment & Securities,Nepal Investment And Securities Trading Private Limited,30,260.1,7803.0,2025-07-08 11:38:46.115701
2025-07-08,48849,2025070801001693,NBL,Sumeru Securities Pvt. Ltd.,Nepal Investment And Securities Trading Private Limited,52,260.1,13525.2,2025-07-08 11:38:46.115769
2025-07-08,48735,2025070801001745,NBL,Sumeru Securities Pvt. Ltd.,South Asian Bulls Pvt. Ltd.,181,260.1,47078.1,2025-07-08 11:39:03.934588
2025-07-08,48413,2025070801001842,NBL,Sumeru Securities Pvt. Ltd.,Sani Securities Company Ltd.,153,260.1,39795.3,2025-07-08 11:40:28.139295
2025-07-08,48016,2025070801001952,NBL,Sumeru Securities Pvt. Ltd.,South Asian Bulls Pvt. Ltd.,10,260.1,2601.0,2025-07-08 11:42:22.632130
2025-07-08,46970,2025070801002305,NBL,Sumeru Securities Pvt. Ltd.,Sundhara Securities Limited,3000,261.0,783000.0,2025-07-08 11:47:07.780223
2025-07-08,46644,2025070801002385,NBL,Sumeru Securities Pvt. Ltd.,Imperial Securities Company Pvt. Ltd.,116,260.1,30171.6,2025-07-08 11:48:40.978475
2025-07-08,45684,2025070801002667,NBL,Primo Securities (PVT) Ltd.,Market Securities & Exchange (PVT) Ltd.,10,260.2,2602.0,2025-07-08 11:53:17.129999
2025-07-08,45459,2025070801002738,NBL,Primo Securities (PVT) Ltd.,Primo Securities (PVT) Ltd.,150,260.2,39030.0,2025-07-08 11:53:59.604577
2025-07-08,45011,2025070801002832,NBL,Aryatara Investment & Securities,Primo Securities (PVT) Ltd.,10,261.0,2610.0,2025-07-08 11:55:50.899653
2025-07-08,44958,2025070801002843,NBL,Vision Securities Pvt. Ltd,Primo Securities (PVT) Ltd.,90,261.0,23490.0,2025-07-08 11:56:02.019821
2025-07-08,44957,2025070801002844,NBL,Vision Securities Pvt. Ltd,Sundhara Securities Limited,5000,261.5,1307500.0,2025-07-08 11:56:02.020028
2025-07-08,44956,2025070801002845,NBL,Vision Securities Pvt. Ltd,J.F. Securites (PVT) Ltd.,910,262.0,238420.0,2025-07-08 11:56:02.020119
2025-07-08,44793,2025070801002878,NBL,Vision Securities Pvt. Ltd,J.F. Securites (PVT) Ltd.,90,262.0,23580.0,2025-07-08 11:56:46.357657
2025-07-08,44792,2025070801002879,NBL,Vision Securities Pvt. Ltd,Primo Securities (PVT) Ltd.,100,262.0,26200.0,2025-07-08 11:56:46.357844
2025-07-08,44791,2025070801002880,NBL,Vision Securities Pvt. Ltd,Imperial Securities Company Pvt. Ltd.,280,262.0,73360.0,2025-07-08 11:56:46.357912
2025-07-08,44790,2025070801002881,NBL,Vision Securities Pvt. Ltd,Sani Securities Company Ltd.,74,262.0,19388.0,2025-07-08 11:56:46.357977
2025-07-08,44789,2025070801002882,NBL,Vision Securities Pvt. Ltd,Naasa Securities Co. Ltd.,72,262.0,18864.0,2025-07-08 11:56:46.358050
2025-07-08,44788,2025070801002883,NBL,Vision Securities Pvt. Ltd,Dynamic Money Managers Securities Pvt. Ltd.,102,262.7,26795.4,2025-07-08 11:56:46.358119
2025-07-08,44787,2025070801002884,NBL,Vision Securities Pvt. Ltd,Kumari Securities Private Limited,10,262.7,2627.0,2025-07-08 11:56:46.358204
2025-07-08,44786,2025070801002885,NBL,Vision Securities Pvt. Ltd,Sweta Securities Private Limited,250,262.7,65675.0,2025-07-08 11:56:46.358272
2025-07-08,44785,2025070801002886,NBL,Vision Securities Pvt. Ltd,Dipshikha Dhitopatra Karobar Co. Pvt Ltd.,22,262.7,5779.4,2025-07-08 11:56:46.358342
2025-07-08,44080,2025070801003086,NBL,Premier Securities Company Ltd.,Kumari Securities Private Limited,10,262.6,2626.0,2025-07-08 12:00:03.044001
2025-07-08,43891,2025070801003153,NBL,Vision Securities Pvt. Ltd,Kumari Securities Private Limited,490,262.6,128674.0,2025-07-08 12:01:03.468540
2025-07-08,43890,2025070801003154,NBL,Vision Securities Pvt. Ltd,Dipshikha Dhitopatra Karobar Co. Pvt Ltd.,78,262.7,20490.6,2025-07-08 12:01:03.468627
2025-07-08,43889,2025070801003155,NBL,Vision Securities Pvt. Ltd,Market Securities & Exchange (PVT) Ltd.,100,262.8,26280.0,2025-07-08 12:01:03.468659
2025-07-08,43888,2025070801003156,NBL,Vision Securities Pvt. Ltd,Aryatara Investment & Securities,300,262.9,78870.0,2025-07-08 12:01:03.468684
2025-07-08,43887,2025070801003157,NBL,Vision Securities Pvt. Ltd,J.F. Securites (PVT) Ltd.,32,262.9,8412.8,2025-07-08 12:01:03.468709
2025-07-08,42887,2025070801003399,NBL,Sani Securities Company Ltd.,Cristal Kanchanjanga Securites Pvt. Ltd.,68,261.3,17768.4,2025-07-08 12:05:46.935573
2025-07-08,42886,2025070801003400,NBL,Primo Securities (PVT) Ltd.,Cristal Kanchanjanga Securites Pvt. Ltd.,32,261.1,8355.2,2025-07-08 12:05:46.935776
2025-07-08,42197,2025070801003524,NBL,Sundhara Securities Limited,Ashutosh Brokerage & Securities (PVT) Ltd.,250,262.0,65500.0,2025-07-08 12:08:47.070452
2025-07-08,41609,2025070801003654,NBL,Aryatara Investment & Securities,Bhrikuti Stock Broking Co. Pvt. Ltd.,10,262.5,2625.0,2025-07-08 12:11:02.526583
2025-07-08,41608,2025070801003655,NBL,Bhrikuti Stock Broking Co. Pvt. Ltd.,Bhrikuti Stock Broking Co. Pvt. Ltd.,190,262.1,49799.0,2025-07-08 12:11:02.526642
2025-07-08,40244,2025070801003976,NBL,Agrawal Securities (PVT) Ltd.,Sani Securities Company Ltd.,530,262.5,139125.0,2025-07-08 12:17:09.144677
2025-07-08,40140,2025070801004006,NBL,Agrawal Securities (PVT) Ltd.,Dipshikha Dhitopatra Karobar Co. Pvt Ltd.,10,262.5,2625.0,2025-07-08 12:17:30.193266
2025-07-08,39881,2025070801004057,NBL,Agrawal Securities (PVT) Ltd.,Sundhara Securities Limited,460,262.5,120750.0,2025-07-08 12:18:40.838909
2025-07-08,39880,2025070801004058,NBL,Naasa Securities Co. Ltd.,Sundhara Securities Limited,50,262.5,13125.0,2025-07-08 12:18:40.839137
2025-07-08,39835,2025070801004067,NBL,Sani Securities Company Ltd.,Kumari Securities Private Limited,51,262.2,13372.2,2025-07-08 12:18:53.716513
2025-07-08,39834,2025070801004068,NBL,Sani Securities Company Ltd.,Sundhara Securities Limited,304,262.2,79708.8,2025-07-08 12:18:53.882189
2025-07-08,39833,2025070801004069,NBL,Bhrikuti Stock Broking Co. Pvt. Ltd.,Sundhara Securities Limited,2810,262.2,736782.0,2025-07-08 12:18:53.882363
2025-07-08,39832,2025070801004070,NBL,Sani Securities Company Ltd.,Sundhara Securities Limited,381,262.2,99898.2,2025-07-08 12:18:53.882442
2025-07-08,39510,2025070801004140,NBL,Trisul Securities & Invt. Ltd.,Sundhara Securities Limited,51,262.2,13372.2,2025-07-08 12:20:15.253860
2025-07-08,39509,2025070801004141,NBL,Trisul Securities & Invt. Ltd.,Sundhara Securities Limited,449,262.5,117862.5,2025-07-08 12:20:15.254112
2025-07-08,39103,2025070801004261,NBL,Midas Stock Broking Company Private Limited,Shree Krishna Securities Ltd.,50,261.2,13060.0,2025-07-08 12:21:58.986781
2025-07-08,39102,2025070801004262,NBL,Primo Securities (PVT) Ltd.,Shree Krishna Securities Ltd.,208,261.1,54308.8,2025-07-08 12:21:58.987198
2025-07-08,39101,2025070801004263,NBL,Sumeru Securities Pvt. Ltd.,Shree Krishna Securities Ltd.,2000,261.0,522000.0,2025-07-08 12:21:58.987426
2025-07-08,39100,2025070801004264,NBL,Trisul Securities & Invt. Ltd.,Shree Krishna Securities Ltd.,315,261.0,82215.0,2025-07-08 12:21:58.987650
2025-07-08,39099,2025070801004265,NBL,Sri Hari Securities Pvt. Ltd.,Shree Krishna Securities Ltd.,250,261.0,65250.0,2025-07-08 12:21:58.987875
2025-07-08,39045,2025070801004281,NBL,K.B.L. Securities Limited ,Shree Krishna Securities Ltd.,70,261.0,18270.0,2025-07-08 12:22:14.921780
2025-07-08,38237,2025070801004533,NBL,Vision Securities Pvt. Ltd,Linch Stock Market Ltd.,200,262.0,52400.0,2025-07-08 12:26:05.227233
2025-07-08,38236,2025070801004534,NBL,Vision Securities Pvt. Ltd,Shree Krishna Securities Ltd.,3955,262.2,1037001.0,2025-07-08 12:26:05.227654
2025-07-08,38235,2025070801004535,NBL,Vision Securities Pvt. Ltd,Sundhara Securities Limited,1845,262.5,484312.5,2025-07-08 12:26:05.227890
2025-07-08,38011,2025070801004606,NBL,Online Securities Pvt. Ltd.,Sundhara Securities Limited,100,262.5,26250.0,2025-07-08 12:27:11.490190
2025-07-08,37911,2025070801004641,NBL,Online Securities Pvt. Ltd.,Sri Hari Securities Pvt. Ltd.,80,261.0,20880.0,2025-07-08 12:27:35.186523
2025-07-08,37417,2025070801004791,NBL,Online Securities Pvt. Ltd.,Kumari Securities Private Limited,45,261.0,11745.0,2025-07-08 12:30:00.735814
2025-07-08,36709,2025070801004986,NBL,Sumeru Securities Pvt. Ltd.,Linch Stock Market Ltd.,600,261.5,156900.0,2025-07-08 12:32:59.216715
2025-07-08,36304,2025070801005112,NBL,Agrawal Securities (PVT) Ltd.,Sundhara Securities Limited,1000,262.0,262000.0,2025-07-08 12:34:44.677532
2025-07-08,35566,2025070801005275,NBL,Trisul Securities & Invt. Ltd.,Sundhara Securities Limited,96,262.5,25200.0,2025-07-08 12:38:06.707824
2025-07-08,34080,2025070801005665,NBL,Primo Securities (PVT) Ltd.,Online Securities Pvt. Ltd.,100,261.6,26160.0,2025-07-08 12:44:48.507529
2025-07-08,33445,2025070801005829,NBL,Sumeru Securities Pvt. Ltd.,Vision Securities Pvt. Ltd,11,261.8,2879.8,2025-07-08 12:47:12.829803
2025-07-08,33253,2025070801005891,NBL,Sumeru Securities Pvt. Ltd.,Sharepro Securities Private Limited,190,262.0,49780.0,2025-07-08 12:48:04.895176
2025-07-08,33252,2025070801005892,NBL,Sumeru Securities Pvt. Ltd.,Sharepro Securities Private Limited,179,261.8,46862.2,2025-07-08 12:48:04.895648
2025-07-08,33251,2025070801005893,NBL,Primo Securities (PVT) Ltd.,Sharepro Securities Private Limited,31,261.6,8109.6,2025-07-08 12:48:04.895935
2025-07-08,33122,2025070801005932,NBL,Primo Securities (PVT) Ltd.,Online Securities Pvt. Ltd.,19,261.6,4970.4,2025-07-08 12:48:35.485758
2025-07-08,32410,2025070801006063,NBL,Secured Securities Ltd.,Premier Securities Company Ltd.,1000,261.6,261600.0,2025-07-08 12:50:56.573860
2025-07-08,32282,2025070801006089,NBL,Sumeru Securities Pvt. Ltd.,Premier Securities Company Ltd.,1400,261.5,366100.0,2025-07-08 12:51:11.011737
2025-07-08,32105,2025070801006114,NBL,Secured Securities Ltd.,ABC Securities Private Limited,500,261.5,130750.0,2025-07-08 12:51:47.984177
2025-07-08,31890,2025070801006159,NBL,Secured Securities Ltd.,Naasa Securities Co. Ltd.,50,261.5,13075.0,2025-07-08 12:52:48.291322
2025-07-08,31555,2025070801006232,NBL,Secured Securities Ltd.,Premier Securities Company Ltd.,180,261.6,47088.0,2025-07-08 12:54:06.726416
2025-07-08,31463,2025070801006269,NBL,Sani Securities Company Ltd.,Premier Securities Company Ltd.,50,261.6,13080.0,2025-07-08 12:54:32.250549
2025-07-08,31020,2025070801006367,NBL,Secured Securities Ltd.,Premier Securities Company Ltd.,170,261.6,44472.0,2025-07-08 12:56:59.939030
2025-07-08,30679,2025070801006470,NBL,Online Securities Pvt. Ltd.,Aryatara Investment & Securities,875,261.0,228375.0,2025-07-08 12:58:43.185667
2025-07-08,30678,2025070801006471,NBL,Sewa Securities Pvt. Ltd.,Aryatara Investment & Securities,200,261.0,52200.0,2025-07-08 12:58:43.186061
2025-07-08,30466,2025070801006533,NBL,Secured Securities Ltd.,Aryatara Investment & Securities,234,261.0,61074.0,2025-07-08 12:59:41.144959
2025-07-08,30341,2025070801006578,NBL,Agrawal Securities (PVT) Ltd.,Secured Securities Ltd.,71,260.6,18502.6,2025-07-08 13:00:33.863676
2025-07-08,29741,2025070801006729,NBL,Sani Securities Company Ltd.,Online Securities Pvt. Ltd.,10,260.7,2607.0,2025-07-08 13:03:07.291076
2025-07-08,29659,2025070801006753,NBL,Agrawal Securities (PVT) Ltd.,Sweta Securities Private Limited,100,260.6,26060.0,2025-07-08 13:03:47.325986
2025-07-08,29261,2025070801006852,NBL,Agrawal Securities (PVT) Ltd.,Online Securities Pvt. Ltd.,164,260.6,42738.4,2025-07-08 13:05:58.517995
2025-07-08,28923,2025070801006937,NBL,Agrawal Securities (PVT) Ltd.,Online Securities Pvt. Ltd.,120,260.6,31272.0,2025-07-08 13:07:56.262902
2025-07-08,28917,2025070801006941,NBL,Agrawal Securities (PVT) Ltd.,ABC Securities Private Limited,500,260.6,130300.0,2025-07-08 13:07:59.572743
2025-07-08,28594,2025070801007023,NBL,J.F. Securites (PVT) Ltd.,Aryatara Investment & Securities,1106,261.0,288666.0,2025-07-08 13:10:30.699817
2025-07-08,27741,2025070801007225,NBL,Opal Securities Investment (PVT) Ltd.,Imperial Securities Company Pvt. Ltd.,10,261.5,2615.0,2025-07-08 13:16:54.171591
2025-07-08,27316,2025070801007389,NBL,Dipshikha Dhitopatra Karobar Co. Pvt Ltd.,Naasa Securities Co. Ltd.,72,261.0,18792.0,2025-07-08 13:19:34.660194
2025-07-08,26245,2025070801007676,NBL,Online Securities Pvt. Ltd.,Agrawal Securities (PVT) Ltd.,100,262.0,26200.0,2025-07-08 13:26:52.092161
2025-07-08,26244,2025070801007677,NBL,Online Securities Pvt. Ltd.,Nepal Investment And Securities Trading Private Limited,500,262.0,131000.0,2025-07-08 13:26:52.092404
2025-07-08,26243,2025070801007678,NBL,Online Securities Pvt. Ltd.,Naasa Securities Co. Ltd.,50,262.0,13100.0,2025-07-08 13:26:52.092511
2025-07-08,26242,2025070801007679,NBL,Online Securities Pvt. Ltd.,Market Securities & Exchange (PVT) Ltd.,62,262.0,16244.0,2025-07-08 13:26:52.092597
2025-07-08,26241,2025070801007680,NBL,Online Securities Pvt. Ltd.,Kumari Securities Private Limited,10,262.6,2626.0,2025-07-08 13:26:52.092683
2025-07-08,26240,2025070801007681,NBL,Online Securities Pvt. Ltd.,Kumari Securities Private Limited,10,262.7,2627.0,2025-07-08 13:26:52.092771
2025-07-08,26239,2025070801007682,NBL,Online Securities Pvt. Ltd.,Online Securities Pvt. Ltd.,10,262.9,2629.0,2025-07-08 13:26:52.092855
2025-07-08,26238,2025070801007683,NBL,Online Securities Pvt. Ltd.,Aryatara Investment & Securities,72,263.0,18936.0,2025-07-08 13:26:52.092939
2025-07-08,26237,2025070801007684,NBL,Online Securities Pvt. Ltd.,Naasa Securities Co. Ltd.,10,263.0,2630.0,2025-07-08 13:26:52.093031
2025-07-08,26236,2025070801007685,NBL,Online Securities Pvt. Ltd.,Sajilo Broker Limited,100,263.0,26300.0,2025-07-08 13:26:52.093115
2025-07-08,26235,2025070801007686,NBL,Online Securities Pvt. Ltd.,Trisul Securities & Invt. Ltd.,200,263.0,52600.0,2025-07-08 13:26:52.093198
2025-07-08,26234,2025070801007687,NBL,Online Securities Pvt. Ltd.,Primo Securities (PVT) Ltd.,200,263.0,52600.0,2025-07-08 13:26:52.093280
2025-07-08,26233,2025070801007688,NBL,Online Securities Pvt. Ltd.,Sumeru Securities Pvt. Ltd.,100,263.0,26300.0,2025-07-08 13:26:52.093364
2025-07-08,26232,2025070801007689,NBL,Online Securities Pvt. Ltd.,Kumari Securities Private Limited,10,263.0,2630.0,2025-07-08 13:26:52.093445
2025-07-08,26231,2025070801007690,NBL,Online Securities Pvt. Ltd.,Hatemalo Financial Services Private Limited,56,263.0,14728.0,2025-07-08 13:26:52.093541
2025-07-08,25793,2025070801007793,NBL,Sumeru Securities Pvt. Ltd.,Oxford Securities Pvt. Ltd.,50,262.5,13125.0,2025-07-08 13:29:46.451419
2025-07-08,25792,2025070801007794,NBL,Sumeru Securities Pvt. Ltd.,Hatemalo Financial Services Private Limited,330,263.0,86790.0,2025-07-08 13:29:46.451853
2025-07-08,25014,2025070801008011,NBL,Capital Max Securities Ltd,Sri Hari Securities Pvt. Ltd.,300,262.8,78840.0,2025-07-08 13:34:16.624352
2025-07-08,24801,2025070801008089,NBL,J.F. Securites (PVT) Ltd.,Agrawal Securities (PVT) Ltd.,394,261.3,102952.2,2025-07-08 13:35:44.487528
2025-07-08,24800,2025070801008090,NBL,Sri Hari Securities Pvt. Ltd.,Agrawal Securities (PVT) Ltd.,500,261.2,130600.0,2025-07-08 13:35:44.487753
2025-07-08,24799,2025070801008091,NBL,Dipshikha Dhitopatra Karobar Co. Pvt Ltd.,Agrawal Securities (PVT) Ltd.,178,261.0,46458.0,2025-07-08 13:35:44.487850
2025-07-08,24798,2025070801008092,NBL,Sewa Securities Pvt. Ltd.,Agrawal Securities (PVT) Ltd.,1900,261.0,495900.0,2025-07-08 13:35:44.487937
2025-07-08,24797,2025070801008093,NBL,South Asian Bulls Pvt. Ltd.,Agrawal Securities (PVT) Ltd.,10,260.9,2609.0,2025-07-08 13:35:44.488050
2025-07-08,24796,2025070801008094,NBL,Agrawal Securities (PVT) Ltd.,Agrawal Securities (PVT) Ltd.,45,260.6,11727.0,2025-07-08 13:35:44.488140
2025-07-08,24795,2025070801008095,NBL,Imperial Securities Company Pvt. Ltd.,Agrawal Securities (PVT) Ltd.,100,260.6,26060.0,2025-07-08 13:35:44.488244
2025-07-08,24794,2025070801008096,NBL,Sharepro Securities Private Limited,Agrawal Securities (PVT) Ltd.,10000,260.6,2606000.0,2025-07-08 13:35:44.488329
2025-07-08,24793,2025070801008097,NBL,Malla & Malla Stock Broking Company Pvt. Limited,Agrawal Securities (PVT) Ltd.,50,260.5,13025.0,2025-07-08 13:35:44.488431
2025-07-08,24792,2025070801008098,NBL,Sumeru Securities Pvt. Ltd.,Agrawal Securities (PVT) Ltd.,2000,260.5,521000.0,2025-07-08 13:35:44.488517
2025-07-08,24791,2025070801008099,NBL,Swarna Laxmi Securities Pvt. Ltd.,Agrawal Securities (PVT) Ltd.,500,260.2,130100.0,2025-07-08 13:35:44.488603
2025-07-08,24790,2025070801008100,NBL,Sumeru Securities Pvt. Ltd.,Agrawal Securities (PVT) Ltd.,488,260.1,126928.8,2025-07-08 13:35:44.488701
2025-07-08,24789,2025070801008101,NBL,Arun Securities (PVT) Ltd.,Agrawal Securities (PVT) Ltd.,500,260.1,130050.0,2025-07-08 13:35:44.488786
2025-07-08,24788,2025070801008102,NBL,Naasa Securities Co. Ltd.,Agrawal Securities (PVT) Ltd.,150,260.1,39015.0,2025-07-08 13:35:44.488902
2025-07-08,24787,2025070801008103,NBL,Sri Hari Securities Pvt. Ltd.,Agrawal Securities (PVT) Ltd.,351,260.0,91260.0,2025-07-08 13:35:44.488998
2025-07-08,24786,2025070801008104,NBL,Imperial Securities Company Pvt. Ltd.,Agrawal Securities (PVT) Ltd.,100,260.0,26000.0,2025-07-08 13:35:44.489115
2025-07-08,24785,2025070801008105,NBL,Creative Securities Pvt Ltd,Agrawal Securities (PVT) Ltd.,1000,260.0,260000.0,2025-07-08 13:35:44.489215
2025-07-08,24784,2025070801008106,NBL,Linch Stock Market Ltd.,Agrawal Securities (PVT) Ltd.,200,260.0,52000.0,2025-07-08 13:35:44.489310
2025-07-08,24783,2025070801008107,NBL,Aryatara Investment & Securities,Agrawal Securities (PVT) Ltd.,550,260.0,143000.0,2025-07-08 13:35:44.489405
2025-07-08,24782,2025070801008108,NBL,Online Securities Pvt. Ltd.,Agrawal Securities (PVT) Ltd.,75,260.0,19500.0,2025-07-08 13:35:44.489499
2025-07-08,24781,2025070801008109,NBL,Kalika Securities Pvt. Ltd.,Agrawal Securities (PVT) Ltd.,909,260.0,236340.0,2025-07-08 13:35:44.489592
2025-07-08,24697,2025070801008142,NBL,Kalika Securities Pvt. Ltd.,Agrawal Securities (PVT) Ltd.,91,260.0,23660.0,2025-07-08 13:36:12.785401
2025-07-08,24696,2025070801008143,NBL,Sani Securities Company Ltd.,Agrawal Securities (PVT) Ltd.,500,260.0,130000.0,2025-07-08 13:36:12.785618
2025-07-08,24695,2025070801008144,NBL,Sanima Securities Limited,Agrawal Securities (PVT) Ltd.,730,260.0,189800.0,2025-07-08 13:36:12.785703
2025-07-08,24694,2025070801008145,NBL,Bhrikuti Stock Broking Co. Pvt. Ltd.,Agrawal Securities (PVT) Ltd.,97,260.0,25220.0,2025-07-08 13:36:12.785783
2025-07-08,24693,2025070801008146,NBL,Online Securities Pvt. Ltd.,Agrawal Securities (PVT) Ltd.,30,260.0,7800.0,2025-07-08 13:36:12.785862
2025-07-08,24692,2025070801008147,NBL,Swarna Laxmi Securities Pvt. Ltd.,Agrawal Securities (PVT) Ltd.,890,260.0,231400.0,2025-07-08 13:36:12.785941
2025-07-08,24691,2025070801008148,NBL,Sewa Securities Pvt. Ltd.,Agrawal Securities (PVT) Ltd.,1800,260.0,468000.0,2025-07-08 13:36:12.786014
2025-07-08,24690,2025070801008149,NBL,Kalika Securities Pvt. Ltd.,Agrawal Securities (PVT) Ltd.,15,260.0,3900.0,2025-07-08 13:36:12.786114
2025-07-08,24689,2025070801008150,NBL,Capital Max Securities Ltd,Agrawal Securities (PVT) Ltd.,1900,260.0,494000.0,2025-07-08 13:36:12.786196
2025-07-08,24688,2025070801008151,NBL,Secured Securities Ltd.,Agrawal Securities (PVT) Ltd.,460,260.0,119600.0,2025-07-08 13:36:12.786273
2025-07-08,24687,2025070801008152,NBL,Malla & Malla Stock Broking Company Pvt. Limited,Agrawal Securities (PVT) Ltd.,87,260.0,22620.0,2025-07-08 13:36:12.786349
2025-07-08,23089,2025070801008586,NBL,Market Securities & Exchange (PVT) Ltd.,Online Securities Pvt. Ltd.,25,262.0,6550.0,2025-07-08 13:45:45.252768
2025-07-08,22573,2025070801008747,NBL,Midas Stock Broking Company Private Limited,Dipshikha Dhitopatra Karobar Co. Pvt Ltd.,10,261.0,2610.0,2025-07-08 13:48:35.384546
2025-07-08,22572,2025070801008748,NBL,Trisul Securities & Invt. Ltd.,Dipshikha Dhitopatra Karobar Co. Pvt Ltd.,106,261.0,27666.0,2025-07-08 13:48:35.384787
2025-07-08,22477,2025070801008781,NBL,Sumeru Securities Pvt. Ltd.,Online Securities Pvt. Ltd.,75,262.0,19650.0,2025-07-08 13:49:14.755636
2025-07-08,22476,2025070801008782,NBL,Sumeru Securities Pvt. Ltd.,Siprabi Securities Pvt. Ltd.,50,262.0,13100.0,2025-07-08 13:49:14.756062
2025-07-08,22475,2025070801008783,NBL,Sumeru Securities Pvt. Ltd.,Vision Securities Pvt. Ltd,78,262.7,20490.6,2025-07-08 13:49:14.756345
2025-07-08,22474,2025070801008784,NBL,Sumeru Securities Pvt. Ltd.,Sri Hari Securities Pvt. Ltd.,650,262.8,170820.0,2025-07-08 13:49:14.756608
2025-07-08,22473,2025070801008785,NBL,Sumeru Securities Pvt. Ltd.,J.F. Securites (PVT) Ltd.,50,262.9,13145.0,2025-07-08 13:49:14.756865
2025-07-08,22472,2025070801008786,NBL,Sumeru Securities Pvt. Ltd.,Hatemalo Financial Services Private Limited,635,263.0,167005.0,2025-07-08 13:49:14.757130
2025-07-08,21159,2025070801009159,NBL,Trisul Securities & Invt. Ltd.,Dakshinkali Investment & Securities Pvt. Ltd.,147,262.0,38514.0,2025-07-08 13:57:21.961544
2025-07-08,21078,2025070801009178,NBL,Trisul Securities & Invt. Ltd.,J.F. Securites (PVT) Ltd.,48,262.0,12576.0,2025-07-08 13:57:36.267401
2025-07-08,20124,2025070801009464,NBL,Trisul Securities & Invt. Ltd.,Imperial Securities Company Pvt. Ltd.,200,262.0,52400.0,2025-07-08 14:03:10.231528
2025-07-08,19784,2025070801009552,NBL,Sumeru Securities Pvt. Ltd.,Kohinoor Investment & Securities Pvt. Ltd.,51,262.1,13367.1,2025-07-08 14:04:33.947252
2025-07-08,19710,2025070801009563,NBL,Sumeru Securities Pvt. Ltd.,Sweta Securities Private Limited,500,262.1,131050.0,2025-07-08 14:04:55.309494
2025-07-08,18162,2025070801009955,NBL,Sumeru Securities Pvt. Ltd.,Imperial Securities Company Pvt. Ltd.,100,262.1,26210.0,2025-07-08 14:12:33.162620
2025-07-08,17085,2025070801010242,NBL,Sumeru Securities Pvt. Ltd.,Market Securities & Exchange (PVT) Ltd.,250,262.1,65525.0,2025-07-08 14:16:52.882767
2025-07-08,16450,2025070801010413,NBL,ABC Securities Private Limited,Naasa Securities Co. Ltd.,30,262.2,7866.0,2025-07-08 14:19:39.763151
2025-07-08,16100,2025070801010546,NBL,ABC Securities Private Limited,Agrawal Securities (PVT) Ltd.,70,262.2,18354.0,2025-07-08 14:21:18.793257
2025-07-08,14531,2025070801011030,NBL,ABC Securities Private Limited,Agrawal Securities (PVT) Ltd.,30,262.2,7866.0,2025-07-08 14:27:04.372347
2025-07-08,13755,2025070801011215,NBL,Sumeru Securities Pvt. Ltd.,Agrawal Securities (PVT) Ltd.,99,262.1,25947.9,2025-07-08 14:29:46.664604
2025-07-08,13754,2025070801011216,NBL,Trisul Securities & Invt. Ltd.,Agrawal Securities (PVT) Ltd.,179,262.0,46898.0,2025-07-08 14:29:46.665069
2025-07-08,13753,2025070801011217,NBL,Nabil Stock Dealer Ltd.,Agrawal Securities (PVT) Ltd.,20,262.0,5240.0,2025-07-08 14:29:46.665451
2025-07-08,13752,2025070801011218,NBL,Thrive Brokerage House Pvt. Ltd,Agrawal Securities (PVT) Ltd.,500,262.0,131000.0,2025-07-08 14:29:46.665828
2025-07-08,13751,2025070801011219,NBL,Siprabi Securities Pvt. Ltd.,Agrawal Securities (PVT) Ltd.,90,262.0,23580.0,2025-07-08 14:29:46.666231
2025-07-08,13750,2025070801011220,NBL,J.F. Securites (PVT) Ltd.,Agrawal Securities (PVT) Ltd.,500,261.0,130500.0,2025-07-08 14:29:46.666615
2025-07-08,13749,2025070801011221,NBL,J.F. Securites (PVT) Ltd.,Agrawal Securities (PVT) Ltd.,2000,261.0,522000.0,2025-07-08 14:29:46.666987
2025-07-08,13748,2025070801011222,NBL,Naasa Securities Co. Ltd.,Agrawal Securities (PVT) Ltd.,20,261.0,5220.0,2025-07-08 14:29:46.667382
2025-07-08,13747,2025070801011223,NBL,Capital Max Securities Ltd,Agrawal Securities (PVT) Ltd.,50,261.0,13050.0,2025-07-08 14:29:46.667758
2025-07-08,13746,2025070801011224,NBL,Sharepro Securities Private Limited,Agrawal Securities (PVT) Ltd.,10000,261.0,2610000.0,2025-07-08 14:29:46.668137
2025-07-08,13745,2025070801011225,NBL,Agrawal Securities (PVT) Ltd.,Agrawal Securities (PVT) Ltd.,5000,260.7,1303500.0,2025-07-08 14:29:46.668515
2025-07-08,13744,2025070801011226,NBL,Malla & Malla Stock Broking Company Pvt. Limited,Agrawal Securities (PVT) Ltd.,13,260.0,3380.0,2025-07-08 14:29:46.668902
2025-07-08,13743,2025070801011227,NBL,Sumeru Securities Pvt. Ltd.,Agrawal Securities (PVT) Ltd.,1529,260.0,397540.0,2025-07-08 14:29:46.669297
2025-07-08,13624,2025070801011262,NBL,Trisul Securities & Invt. Ltd.,Investment Management Nepal Pvt. Ltd.,10,262.6,2626.0,2025-07-08 14:30:11.158994
2025-07-08,13373,2025070801011340,NBL,Market Securities & Exchange (PVT) Ltd.,Investment Management Nepal Pvt. Ltd.,80,262.6,21008.0,2025-07-08 14:31:12.500387
2025-07-08,12752,2025070801011520,NBL,ABC Securities Private Limited,Investment Management Nepal Pvt. Ltd.,142,262.6,37289.2,2025-07-08 14:33:38.793138
2025-07-08,12371,2025070801011611,NBL,Thrive Brokerage House Pvt. Ltd,Sweta Securities Private Limited,500,262.0,131000.0,2025-07-08 14:35:18.179283
2025-07-08,12188,2025070801011662,NBL,Capital Max Securities Ltd,Sweta Securities Private Limited,200,262.0,52400.0,2025-07-08 14:36:00.162854
2025-07-08,12029,2025070801011696,NBL,ABC Securities Private Limited,Sweta Securities Private Limited,70,262.0,18340.0,2025-07-08 14:36:43.353490
2025-07-08,11461,2025070801011863,NBL,Creative Securities Pvt Ltd,Sweta Securities Private Limited,130,262.0,34060.0,2025-07-08 14:38:42.394246
2025-07-08,11081,2025070801011949,NBL,Creative Securities Pvt Ltd,Ashutosh Brokerage & Securities (PVT) Ltd.,250,262.9,65725.0,2025-07-08 14:39:52.705158
2025-07-08,10624,2025070801012089,NBL,Creative Securities Pvt Ltd,Sundhara Securities Limited,1000,262.0,262000.0,2025-07-08 14:41:12.122653
2025-07-08,10499,2025070801012136,NBL,Thrive Brokerage House Pvt. Ltd,Sundhara Securities Limited,500,262.0,131000.0,2025-07-08 14:41:37.490701
2025-07-08,10424,2025070801012147,NBL,Sharepro Securities Private Limited,Malla & Malla Stock Broking Company Pvt. Limited,1020,261.0,266220.0,2025-07-08 14:41:52.417323
2025-07-08,10260,2025070801012198,NBL,ABC Securities Private Limited,Sundhara Securities Limited,100,262.0,26200.0,2025-07-08 14:42:23.023265
2025-07-08,9938,2025070801012286,NBL,Creative Securities Pvt Ltd,Sundhara Securities Limited,1000,262.0,262000.0,2025-07-08 14:43:19.786728
2025-07-08,9482,2025070801012406,NBL,Sumeru Securities Pvt. Ltd.,Sundhara Securities Limited,3400,262.0,890800.0,2025-07-08 14:44:39.973648
2025-07-08,9481,2025070801012407,NBL,Sumeru Securities Pvt. Ltd.,Secured Securities Ltd.,500,262.0,131000.0,2025-07-08 14:44:39.974147
2025-07-08,9411,2025070801012423,NBL,Sumeru Securities Pvt. Ltd.,Agrawal Securities (PVT) Ltd.,100,262.0,26200.0,2025-07-08 14:44:49.442298
2025-07-08,9410,2025070801012424,NBL,Thrive Brokerage House Pvt. Ltd,Agrawal Securities (PVT) Ltd.,50,261.1,13055.0,2025-07-08 14:44:49.442533
2025-07-08,9215,2025070801012490,NBL,Market Securities & Exchange (PVT) Ltd.,ABC Securities Private Limited,25,263.0,6575.0,2025-07-08 14:45:15.120293
2025-07-08,8663,2025070801012651,NBL,Dipshikha Dhitopatra Karobar Co. Pvt Ltd.,ABC Securities Private Limited,80,263.0,21040.0,2025-07-08 14:46:30.957851
2025-07-08,8613,2025070801012661,NBL,Trishakti Securities Public Limited,Sundhara Securities Limited,200,262.0,52400.0,2025-07-08 14:46:35.430128
2025-07-08,7546,2025070801012928,NBL,Sharepro Securities Private Limited,Sani Securities Company Ltd.,100,261.0,26100.0,2025-07-08 14:49:21.249596
2025-07-08,6541,2025070801013111,NBL,Sharepro Securities Private Limited,Sundhara Securities Limited,184,261.0,48024.0,2025-07-08 14:51:22.905139
2025-07-08,6448,2025070801013130,NBL,Sharepro Securities Private Limited,Trishakti Securities Public Limited,1500,261.0,391500.0,2025-07-08 14:51:34.132044
2025-07-08,6432,2025070801013134,NBL,Nepal Investment And Securities Trading Private Limited,Capital Max Securities Ltd,50,261.9,13095.0,2025-07-08 14:51:36.206892
2025-07-08,6293,2025070801013170,NBL,Nepal Investment And Securities Trading Private Limited,Capital Max Securities Ltd,50,261.9,13095.0,2025-07-08 14:51:54.387877
2025-07-08,6158,2025070801013221,NBL,Vision Securities Pvt. Ltd,Trishakti Securities Public Limited,25,261.1,6527.5,2025-07-08 14:52:11.398956
2025-07-08,6157,2025070801013222,NBL,Sharepro Securities Private Limited,Trishakti Securities Public Limited,575,261.0,150075.0,2025-07-08 14:52:11.399447
2025-07-08,5879,2025070801013273,NBL,Sumeru Securities Pvt. Ltd.,Capital Max Securities Ltd,100,261.9,26190.0,2025-07-08 14:52:47.620665
2025-07-08,5878,2025070801013274,NBL,Sumeru Securities Pvt. Ltd.,Sundhara Securities Limited,4800,262.0,1257600.0,2025-07-08 14:52:47.620943
2025-07-08,5796,2025070801013293,NBL,Sumeru Securities Pvt. Ltd.,Imperial Securities Company Pvt. Ltd.,100,262.0,26200.0,2025-07-08 14:52:57.797897
2025-07-08,5330,2025070801013409,NBL,Market Securities & Exchange (PVT) Ltd.,ABC Securities Private Limited,25,263.0,6575.0,2025-07-08 14:53:40.351978
2025-07-08,4430,2025070801013701,NBL,Nepal Investment And Securities Trading Private Limited,Agrawal Securities (PVT) Ltd.,200,261.2,52240.0,2025-07-08 14:55:13.383737
2025-07-08,4429,2025070801013702,NBL,J.F. Securites (PVT) Ltd.,Agrawal Securities (PVT) Ltd.,4000,261.1,1044400.0,2025-07-08 14:55:13.383963
2025-07-08,4428,2025070801013703,NBL,Sharepro Securities Private Limited,Agrawal Securities (PVT) Ltd.,6621,261.0,1728081.0,2025-07-08 14:55:13.384069
2025-07-08,4427,2025070801013704,NBL,Dipshikha Dhitopatra Karobar Co. Pvt Ltd.,Agrawal Securities (PVT) Ltd.,10,261.0,2610.0,2025-07-08 14:55:13.384160
2025-07-08,4426,2025070801013705,NBL,Trishakti Securities Public Limited,Agrawal Securities (PVT) Ltd.,100,260.5,26050.0,2025-07-08 14:55:13.384252
2025-07-08,4425,2025070801013706,NBL,Dynamic Money Managers Securities Pvt. Ltd.,Agrawal Securities (PVT) Ltd.,1000,260.1,260100.0,2025-07-08 14:55:13.384343
2025-07-08,4424,2025070801013707,NBL,Sumeru Securities Pvt. Ltd.,Agrawal Securities (PVT) Ltd.,471,260.0,122460.0,2025-07-08 14:55:13.384429
2025-07-08,4423,2025070801013708,NBL,Midas Stock Broking Company Private Limited,Agrawal Securities (PVT) Ltd.,200,260.0,52000.0,2025-07-08 14:55:13.384518
2025-07-08,4422,2025070801013709,NBL,Nepal Stock House (PVT) Ltd.,Agrawal Securities (PVT) Ltd.,100,260.0,26000.0,2025-07-08 14:55:13.384611
2025-07-08,4421,2025070801013710,NBL,South Asian Bulls Pvt. Ltd.,Agrawal Securities (PVT) Ltd.,100,260.0,26000.0,2025-07-08 14:55:13.384701
2025-07-08,4420,2025070801013711,NBL,ABC Securities Private Limited,Agrawal Securities (PVT) Ltd.,100,260.0,26000.0,2025-07-08 14:55:13.384786
2025-07-08,4419,2025070801013712,NBL,Sani Securities Company Ltd.,Agrawal Securities (PVT) Ltd.,950,260.0,247000.0,2025-07-08 14:55:13.384874
2025-07-08,4418,2025070801013713,NBL,Sani Securities Company Ltd.,Agrawal Securities (PVT) Ltd.,150,260.0,39000.0,2025-07-08 14:55:13.384980
2025-07-08,4417,2025070801013714,NBL,Trishakti Securities Public Limited,Agrawal Securities (PVT) Ltd.,100,260.0,26000.0,2025-07-08 14:55:13.385072
2025-07-08,4416,2025070801013715,NBL,Trishakti Securities Public Limited,Agrawal Securities (PVT) Ltd.,40,260.0,10400.0,2025-07-08 14:55:13.385155
2025-07-08,4415,2025070801013716,NBL,Sumeru Securities Pvt. Ltd.,Agrawal Securities (PVT) Ltd.,180,260.0,46800.0,2025-07-08 14:55:13.385241
2025-07-08,4414,2025070801013717,NBL,South Asian Bulls Pvt. Ltd.,Agrawal Securities (PVT) Ltd.,100,260.0,26000.0,2025-07-08 14:55:13.385327
2025-07-08,4049,2025070801013843,NBL,Elite Stock House Limited,Agrawal Securities (PVT) Ltd.,70,260.0,18200.0,2025-07-08 14:55:49.479470
2025-07-08,3726,2025070801013933,NBL,Agrawal Securities (PVT) Ltd.,Agrawal Securities (PVT) Ltd.,5000,260.0,1300000.0,2025-07-08 14:56:23.105815
2025-07-08,3604,2025070801013976,NBL,Naasa Securities Co. Ltd.,Agrawal Securities (PVT) Ltd.,190,260.0,49400.0,2025-07-08 14:56:37.409655
2025-07-08,3571,2025070801013980,NBL,ABC Securities Private Limited,Agrawal Securities (PVT) Ltd.,30,260.0,7800.0,2025-07-08 14:56:39.278477
2025-07-08,3506,2025070801013998,NBL,Sharepro Securities Private Limited,Agrawal Securities (PVT) Ltd.,288,260.0,74880.0,2025-07-08 14:56:42.543472
2025-07-08,3505,2025070801013999,NBL,Sharepro Securities Private Limited,Nepal Investment And Securities Trading Private Limited,3000,260.0,780000.0,2025-07-08 14:56:42.543711
2025-07-08,3302,2025070801014070,NBL,Market Securities & Exchange (PVT) Ltd.,ABC Securities Private Limited,25,263.0,6575.0,2025-07-08 14:56:58.562730
2025-07-08,2111,2025070801014388,NBL,Sharepro Securities Private Limited,Nepal Stock House (PVT) Ltd.,50,260.0,13000.0,2025-07-08 14:58:27.963218
2025-07-08,290,2025070801014890,NBL,Trishakti Securities Public Limited,Linch Stock Market Ltd.,116,260.1,30171.6,2025-07-08 14:59:53.364727
2025-07-08,144,2025070801014912,NBL,Market Securities & Exchange (PVT) Ltd.,Vision Securities Pvt. Ltd,25,262.0,6550.0,2025-07-08 14:59:57.662102
2025-07-08,24,2025070801014944,NBL,Malla & Malla Stock Broking Company Pvt. Limited,Vision Securities Pvt. Ltd,10,262.0,2620.0,2025-07-08 14:59:59.643653
