Date,S.N.,contract_id,symbol,buyer_broker,seller_broker,volume,price,amount,transaction_time
2025-07-08,56090,2025070804000081,NHPC,Kohinoor Investment & Securities Pvt. Ltd.,Investment Management Nepal Pvt. Ltd.,30,210.1,6303.0,2025-07-08 11:01:18.733083
2025-07-08,54667,2025070804000868,NHPC,Shree Krishna Securities Ltd.,pahiinvestment,47,211.0,9917.0,2025-07-08 11:09:32.907370
2025-07-08,54020,2025070804001171,NHPC,Shree Krishna Securities Ltd.,Aryatara Investment & Securities,53,211.0,11183.0,2025-07-08 11:12:55.869355
2025-07-08,54019,2025070804001172,NHPC,Linch Stock Market Ltd.,Aryatara Investment & Securities,500,211.0,105500.0,2025-07-08 11:12:55.869535
2025-07-08,54018,2025070804001173,NHPC,S.P.S.A. Securities Limited,Aryatara Investment & Securities,250,210.5,52625.0,2025-07-08 11:12:55.869660
2025-07-08,54017,2025070804001174,NHPC,Naasa Securities Co. Ltd.,Aryatara Investment & Securities,100,210.5,21050.0,2025-07-08 11:12:55.869774
2025-07-08,54016,2025070804001175,NHPC,Sri Hari Securities Pvt. Ltd.,Aryatara Investment & Securities,1700,210.4,357680.0,2025-07-08 11:12:55.869889
2025-07-08,54015,2025070804001176,NHPC,Siprabi Securities Pvt. Ltd.,Aryatara Investment & Securities,397,210.3,83489.1,2025-07-08 11:12:55.869998
2025-07-08,53834,2025070804001237,NHPC,Siprabi Securities Pvt. Ltd.,Magnet Securities and Investment Company Private Limited,250,210.3,52575.0,2025-07-08 11:13:57.529553
2025-07-08,52829,2025070804001600,NHPC,Imperial Securities Company Pvt. Ltd.,Naasa Securities Co. Ltd.,20,213.3,4266.0,2025-07-08 11:19:43.804260
2025-07-08,52659,2025070804001668,NHPC,Magnet Securities and Investment Company Private Limited,Sundhara Securities Limited,250,211.0,52750.0,2025-07-08 11:20:20.296717
2025-07-08,52658,2025070804001669,NHPC,Naasa Securities Co. Ltd.,Sundhara Securities Limited,20,211.0,4220.0,2025-07-08 11:20:20.296932
2025-07-08,52657,2025070804001670,NHPC,Trishakti Securities Public Limited,Sundhara Securities Limited,200,211.0,42200.0,2025-07-08 11:20:20.297077
2025-07-08,52372,2025070804001821,NHPC,Vision Securities Pvt. Ltd,Naasa Securities Co. Ltd.,70,210.5,14735.0,2025-07-08 11:21:44.537685
2025-07-08,52371,2025070804001822,NHPC,Siprabi Securities Pvt. Ltd.,Naasa Securities Co. Ltd.,100,210.5,21050.0,2025-07-08 11:21:44.537809
2025-07-08,52239,2025070804001859,NHPC,Bhrikuti Stock Broking Co. Pvt. Ltd.,Sundhara Securities Limited,1000,210.4,210400.0,2025-07-08 11:22:20.774061
2025-07-08,52238,2025070804001860,NHPC,Siprabi Securities Pvt. Ltd.,Sundhara Securities Limited,1653,210.3,347625.9,2025-07-08 11:22:20.774196
2025-07-08,52237,2025070804001861,NHPC,Siprabi Securities Pvt. Ltd.,Sundhara Securities Limited,205,210.3,43111.5,2025-07-08 11:22:20.774274
2025-07-08,52236,2025070804001862,NHPC,Aryatara Investment & Securities,Sundhara Securities Limited,100,210.3,21030.0,2025-07-08 11:22:20.774370
2025-07-08,52235,2025070804001863,NHPC,Vision Securities Pvt. Ltd,Sundhara Securities Limited,120,210.2,25224.0,2025-07-08 11:22:20.774440
2025-07-08,52234,2025070804001864,NHPC,Siprabi Securities Pvt. Ltd.,Sundhara Securities Limited,772,210.2,162274.4,2025-07-08 11:22:20.774504
2025-07-08,52215,2025070804001875,NHPC,Primo Securities (PVT) Ltd.,Naasa Securities Co. Ltd.,10,210.5,2105.0,2025-07-08 11:22:26.837388
2025-07-08,50633,2025070804002573,NHPC,Kohinoor Investment & Securities Pvt. Ltd.,Online Securities Pvt. Ltd.,550,210.8,115940.0,2025-07-08 11:30:14.790888
2025-07-08,50512,2025070804002619,NHPC,Naasa Securities Co. Ltd.,ABC Securities Private Limited,500,212.0,106000.0,2025-07-08 11:30:58.302653
2025-07-08,49127,2025070804003215,NHPC,Online Securities Pvt. Ltd.,Sundhara Securities Limited,116,213.0,24708.0,2025-07-08 11:37:30.290686
2025-07-08,48734,2025070804003357,NHPC,Dipshikha Dhitopatra Karobar Co. Pvt Ltd.,Naasa Securities Co. Ltd.,20,212.0,4240.0,2025-07-08 11:39:04.247301
2025-07-08,48503,2025070804003450,NHPC,Sundhara Securities Limited,Premier Securities Company Ltd.,30,211.0,6330.0,2025-07-08 11:40:05.766496
2025-07-08,48502,2025070804003451,NHPC,Pragyan Securities (PVT) Ltd.,Premier Securities Company Ltd.,970,211.0,204670.0,2025-07-08 11:40:05.766767
2025-07-08,48177,2025070804003588,NHPC,Pragyan Securities (PVT) Ltd.,Imperial Securities Company Pvt. Ltd.,15,211.0,3165.0,2025-07-08 11:41:33.848428
2025-07-08,47689,2025070804003793,NHPC,Pragyan Securities (PVT) Ltd.,Naasa Securities Co. Ltd.,15,211.0,3165.0,2025-07-08 11:44:03.143120
2025-07-08,47561,2025070804003852,NHPC,Naasa Securities Co. Ltd.,Naasa Securities Co. Ltd.,20,210.9,4218.0,2025-07-08 11:44:36.515238
2025-07-08,47476,2025070804003884,NHPC,Oxford Securities Pvt. Ltd.,Naasa Securities Co. Ltd.,69,210.8,14545.2,2025-07-08 11:44:56.851481
2025-07-08,46518,2025070804004218,NHPC,Sani Securities Company Ltd.,Premier Securities Company Ltd.,300,211.0,63300.0,2025-07-08 11:49:20.908985
2025-07-08,46517,2025070804004219,NHPC,Oxford Securities Pvt. Ltd.,Premier Securities Company Ltd.,24,210.8,5059.2,2025-07-08 11:49:20.909347
2025-07-08,46516,2025070804004220,NHPC,Bhrikuti Stock Broking Co. Pvt. Ltd.,Premier Securities Company Ltd.,500,210.7,105350.0,2025-07-08 11:49:20.909588
2025-07-08,46515,2025070804004221,NHPC,Naasa Securities Co. Ltd.,Premier Securities Company Ltd.,10,210.7,2107.0,2025-07-08 11:49:20.909776
2025-07-08,46514,2025070804004222,NHPC,Nepal Stock House (PVT) Ltd.,Premier Securities Company Ltd.,500,210.6,105300.0,2025-07-08 11:49:20.909947
2025-07-08,46513,2025070804004223,NHPC,Primo Securities (PVT) Ltd.,Premier Securities Company Ltd.,40,210.5,8420.0,2025-07-08 11:49:20.910123
2025-07-08,46512,2025070804004224,NHPC,Vision Securities Pvt. Ltd,Premier Securities Company Ltd.,100,210.5,21050.0,2025-07-08 11:49:20.910280
2025-07-08,46511,2025070804004225,NHPC,Sewa Securities Pvt. Ltd.,Premier Securities Company Ltd.,100,210.5,21050.0,2025-07-08 11:49:20.910454
2025-07-08,46510,2025070804004226,NHPC,Vision Securities Pvt. Ltd,Premier Securities Company Ltd.,1000,210.4,210400.0,2025-07-08 11:49:20.910619
2025-07-08,46509,2025070804004227,NHPC,Bhrikuti Stock Broking Co. Pvt. Ltd.,Premier Securities Company Ltd.,1000,210.3,210300.0,2025-07-08 11:49:20.910785
2025-07-08,46508,2025070804004228,NHPC,Vision Securities Pvt. Ltd,Premier Securities Company Ltd.,300,210.3,63090.0,2025-07-08 11:49:20.910953
2025-07-08,46507,2025070804004229,NHPC,Siprabi Securities Pvt. Ltd.,Premier Securities Company Ltd.,1126,210.2,236685.2,2025-07-08 11:49:20.911127
2025-07-08,46458,2025070804004249,NHPC,Siprabi Securities Pvt. Ltd.,Premier Securities Company Ltd.,352,210.2,73990.4,2025-07-08 11:49:37.993372
2025-07-08,46457,2025070804004250,NHPC,Market Securities & Exchange (PVT) Ltd.,Premier Securities Company Ltd.,2000,210.2,420400.0,2025-07-08 11:49:37.993527
2025-07-08,46456,2025070804004251,NHPC,Kohinoor Investment & Securities Pvt. Ltd.,Premier Securities Company Ltd.,1600,210.1,336160.0,2025-07-08 11:49:37.993597
2025-07-08,46455,2025070804004252,NHPC,Dipshikha Dhitopatra Karobar Co. Pvt Ltd.,Premier Securities Company Ltd.,100,210.1,21010.0,2025-07-08 11:49:37.993653
2025-07-08,46454,2025070804004253,NHPC,Nepal Investment And Securities Trading Private Limited,Premier Securities Company Ltd.,50,210.1,10505.0,2025-07-08 11:49:37.993707
2025-07-08,46453,2025070804004254,NHPC,Kohinoor Investment & Securities Pvt. Ltd.,Premier Securities Company Ltd.,100,210.1,21010.0,2025-07-08 11:49:37.993762
2025-07-08,46452,2025070804004255,NHPC,ABC Securities Private Limited,Premier Securities Company Ltd.,50,210.1,10505.0,2025-07-08 11:49:37.993817
2025-07-08,46451,2025070804004256,NHPC,Midas Stock Broking Company Private Limited,Premier Securities Company Ltd.,160,210.1,33616.0,2025-07-08 11:49:37.993870
2025-07-08,46450,2025070804004257,NHPC,Sri Hari Securities Pvt. Ltd.,Premier Securities Company Ltd.,640,210.0,134400.0,2025-07-08 11:49:37.993929
2025-07-08,46449,2025070804004258,NHPC,Deevyaa Securities & Stock House Pvt. Ltd,Premier Securities Company Ltd.,60,210.0,12600.0,2025-07-08 11:49:37.993986
2025-07-08,46448,2025070804004259,NHPC,Premier Securities Company Ltd.,Premier Securities Company Ltd.,10,210.0,2100.0,2025-07-08 11:49:37.994036
2025-07-08,46447,2025070804004260,NHPC,BHOLE GANESH SECURITIES LTD,Premier Securities Company Ltd.,20,210.0,4200.0,2025-07-08 11:49:37.994089
2025-07-08,46446,2025070804004261,NHPC,Siprabi Securities Pvt. Ltd.,Premier Securities Company Ltd.,1000,210.0,210000.0,2025-07-08 11:49:37.994141
2025-07-08,46445,2025070804004262,NHPC,Sani Securities Company Ltd.,Premier Securities Company Ltd.,1000,210.0,210000.0,2025-07-08 11:49:37.994192
2025-07-08,46444,2025070804004263,NHPC,Kalika Securities Pvt. Ltd.,Premier Securities Company Ltd.,1000,210.0,210000.0,2025-07-08 11:49:37.994244
2025-07-08,46443,2025070804004264,NHPC,Linch Stock Market Ltd.,Premier Securities Company Ltd.,500,210.0,105000.0,2025-07-08 11:49:37.994296
2025-07-08,46442,2025070804004265,NHPC,Nepal Stock House (PVT) Ltd.,Premier Securities Company Ltd.,1000,210.0,210000.0,2025-07-08 11:49:37.994364
2025-07-08,46441,2025070804004266,NHPC,ABC Securities Private Limited,Premier Securities Company Ltd.,50,210.0,10500.0,2025-07-08 11:49:37.994413
2025-07-08,46440,2025070804004267,NHPC,Online Securities Pvt. Ltd.,Premier Securities Company Ltd.,25,210.0,5250.0,2025-07-08 11:49:37.994461
2025-07-08,46439,2025070804004268,NHPC,Dipshikha Dhitopatra Karobar Co. Pvt Ltd.,Premier Securities Company Ltd.,283,210.0,59430.0,2025-07-08 11:49:37.994514
2025-07-08,46262,2025070804004325,NHPC,Dipshikha Dhitopatra Karobar Co. Pvt Ltd.,Investment Management Nepal Pvt. Ltd.,50,210.0,10500.0,2025-07-08 11:50:33.735693
2025-07-08,44991,2025070804004814,NHPC,Online Securities Pvt. Ltd.,Aryatara Investment & Securities,1200,211.0,253200.0,2025-07-08 11:55:55.883281
2025-07-08,44699,2025070804004944,NHPC,Sani Securities Company Ltd.,Aryatara Investment & Securities,20,210.5,4210.0,2025-07-08 11:57:09.855859
2025-07-08,44573,2025070804004988,NHPC,Kohinoor Investment & Securities Pvt. Ltd.,Aryatara Investment & Securities,450,210.3,94635.0,2025-07-08 11:57:51.084117
2025-07-08,44572,2025070804004989,NHPC,Naasa Securities Co. Ltd.,Aryatara Investment & Securities,100,210.2,21020.0,2025-07-08 11:57:51.084269
2025-07-08,44571,2025070804004990,NHPC,Bhrikuti Stock Broking Co. Pvt. Ltd.,Aryatara Investment & Securities,650,210.2,136630.0,2025-07-08 11:57:51.084337
2025-07-08,44570,2025070804004991,NHPC,Naasa Securities Co. Ltd.,Aryatara Investment & Securities,10,210.2,2102.0,2025-07-08 11:57:51.084400
2025-07-08,44569,2025070804004992,NHPC,Aryatara Investment & Securities,Aryatara Investment & Securities,100,210.1,21010.0,2025-07-08 11:57:51.084461
2025-07-08,44568,2025070804004993,NHPC,Dipshikha Dhitopatra Karobar Co. Pvt Ltd.,Aryatara Investment & Securities,167,210.0,35070.0,2025-07-08 11:57:51.084524
2025-07-08,44567,2025070804004994,NHPC,Sani Securities Company Ltd.,Aryatara Investment & Securities,50,210.0,10500.0,2025-07-08 11:57:51.084583
2025-07-08,44566,2025070804004995,NHPC,Kumari Securities Private Limited,Aryatara Investment & Securities,127,210.0,26670.0,2025-07-08 11:57:51.084640
2025-07-08,44565,2025070804004996,NHPC,Trisul Securities & Invt. Ltd.,Aryatara Investment & Securities,126,210.0,26460.0,2025-07-08 11:57:51.084698
2025-07-08,44074,2025070804005186,NHPC,Shree Krishna Securities Ltd.,Shree Krishna Securities Ltd.,180,211.0,37980.0,2025-07-08 12:00:04.986106
2025-07-08,42831,2025070804005708,NHPC,Sani Securities Company Ltd.,Citizens Share Broker Limited,200,211.9,42380.0,2025-07-08 12:06:01.263443
2025-07-08,42611,2025070804005824,NHPC,Kohinoor Investment & Securities Pvt. Ltd.,Linch Stock Market Ltd.,200,211.0,42200.0,2025-07-08 12:07:01.214225
2025-07-08,42610,2025070804005825,NHPC,Sani Securities Company Ltd.,Linch Stock Market Ltd.,200,210.5,42100.0,2025-07-08 12:07:01.214459
2025-07-08,42609,2025070804005826,NHPC,Naasa Securities Co. Ltd.,Linch Stock Market Ltd.,10,210.5,2105.0,2025-07-08 12:07:01.214544
2025-07-08,42608,2025070804005827,NHPC,Online Securities Pvt. Ltd.,Linch Stock Market Ltd.,240,210.3,50472.0,2025-07-08 12:07:01.214612
2025-07-08,42607,2025070804005828,NHPC,Bhrikuti Stock Broking Co. Pvt. Ltd.,Linch Stock Market Ltd.,350,210.3,73605.0,2025-07-08 12:07:01.214675
2025-07-08,41874,2025070804006184,NHPC,Dipshikha Dhitopatra Karobar Co. Pvt Ltd.,Citizens Share Broker Limited,100,211.9,21190.0,2025-07-08 12:10:01.004651
2025-07-08,40538,2025070804006764,NHPC,Linch Stock Market Ltd.,Premier Securities Company Ltd.,1000,211.0,211000.0,2025-07-08 12:15:49.178601
2025-07-08,40537,2025070804006765,NHPC,Kumari Securities Private Limited,Premier Securities Company Ltd.,2000,211.0,422000.0,2025-07-08 12:15:49.178804
2025-07-08,39541,2025070804007158,NHPC,Imperial Securities Company Pvt. Ltd.,KALASH STOCK MARKET PVT. LTD.,20,211.0,4220.0,2025-07-08 12:20:08.043305
2025-07-08,39540,2025070804007159,NHPC,Trishakti Securities Public Limited,KALASH STOCK MARKET PVT. LTD.,10,211.0,2110.0,2025-07-08 12:20:08.043661
2025-07-08,39539,2025070804007160,NHPC,Asian Securities Private Ltd.,KALASH STOCK MARKET PVT. LTD.,470,211.0,99170.0,2025-07-08 12:20:08.043875
2025-07-08,39516,2025070804007171,NHPC,Asian Securities Private Ltd.,Aryatara Investment & Securities,30,211.0,6330.0,2025-07-08 12:20:14.933946
2025-07-08,38187,2025070804007697,NHPC,Aryatara Investment & Securities,Aryatara Investment & Securities,26,210.9,5483.4,2025-07-08 12:26:19.464189
2025-07-08,38186,2025070804007698,NHPC,Aryatara Investment & Securities,Naasa Securities Co. Ltd.,24,211.0,5064.0,2025-07-08 12:26:19.464396
2025-07-08,37564,2025070804007872,NHPC,Online Securities Pvt. Ltd.,Naasa Securities Co. Ltd.,1476,211.0,311436.0,2025-07-08 12:29:07.275698
2025-07-08,37463,2025070804007907,NHPC,Imperial Securities Company Pvt. Ltd.,Citizens Share Broker Limited,500,211.9,105950.0,2025-07-08 12:29:47.444419
2025-07-08,37072,2025070804008040,NHPC,Online Securities Pvt. Ltd.,Imperial Securities Company Pvt. Ltd.,262,211.0,55282.0,2025-07-08 12:31:31.371752
2025-07-08,36782,2025070804008153,NHPC,Dipshikha Dhitopatra Karobar Co. Pvt Ltd.,Citizens Share Broker Limited,200,211.9,42380.0,2025-07-08 12:32:46.173367
2025-07-08,36781,2025070804008154,NHPC,Dipshikha Dhitopatra Karobar Co. Pvt Ltd.,KALASH STOCK MARKET PVT. LTD.,335,211.9,70986.5,2025-07-08 12:32:46.173738
2025-07-08,35165,2025070804008723,NHPC,Naasa Securities Co. Ltd.,Imperial Securities Company Pvt. Ltd.,60,211.3,12678.0,2025-07-08 12:39:47.011851
2025-07-08,34401,2025070804008993,NHPC,Malla & Malla Stock Broking Company Pvt. Limited,Naasa Securities Co. Ltd.,100,211.2,21120.0,2025-07-08 12:43:27.267986
2025-07-08,34400,2025070804008994,NHPC,Kohinoor Investment & Securities Pvt. Ltd.,Naasa Securities Co. Ltd.,13,211.1,2744.3,2025-07-08 12:43:27.268184
2025-07-08,33017,2025070804009513,NHPC,Kohinoor Investment & Securities Pvt. Ltd.,Market Securities & Exchange (PVT) Ltd.,191,211.1,40320.1,2025-07-08 12:49:02.920135
2025-07-08,32742,2025070804009624,NHPC,Kohinoor Investment & Securities Pvt. Ltd.,Asian Securities Private Ltd.,396,211.1,83595.6,2025-07-08 12:50:10.612127
2025-07-08,32741,2025070804009625,NHPC,Imperial Securities Company Pvt. Ltd.,Asian Securities Private Ltd.,100,211.1,21110.0,2025-07-08 12:50:10.612364
2025-07-08,32740,2025070804009626,NHPC,Online Securities Pvt. Ltd.,Asian Securities Private Ltd.,157,211.0,33127.0,2025-07-08 12:50:10.612464
2025-07-08,32739,2025070804009627,NHPC,Dakshinkali Investment & Securities Pvt. Ltd.,Asian Securities Private Ltd.,1000,211.0,211000.0,2025-07-08 12:50:10.612560
2025-07-08,32738,2025070804009628,NHPC,Dynamic Money Managers Securities Pvt. Ltd.,Asian Securities Private Ltd.,115,211.0,24265.0,2025-07-08 12:50:10.612658
2025-07-08,32737,2025070804009629,NHPC,Vision Securities Pvt. Ltd,Asian Securities Private Ltd.,200,211.0,42200.0,2025-07-08 12:50:10.612744
2025-07-08,32736,2025070804009630,NHPC,Trishakti Securities Public Limited,Asian Securities Private Ltd.,142,211.0,29962.0,2025-07-08 12:50:10.612824
2025-07-08,32735,2025070804009631,NHPC,Online Securities Pvt. Ltd.,Asian Securities Private Ltd.,50,211.0,10550.0,2025-07-08 12:50:10.612903
2025-07-08,32734,2025070804009632,NHPC,Linch Stock Market Ltd.,Asian Securities Private Ltd.,1000,211.0,211000.0,2025-07-08 12:50:10.612989
2025-07-08,32733,2025070804009633,NHPC,Naasa Securities Co. Ltd.,Asian Securities Private Ltd.,30,211.0,6330.0,2025-07-08 12:50:10.613097
2025-07-08,32732,2025070804009634,NHPC,Dakshinkali Investment & Securities Pvt. Ltd.,Asian Securities Private Ltd.,500,211.0,105500.0,2025-07-08 12:50:10.613176
2025-07-08,32731,2025070804009635,NHPC,Midas Stock Broking Company Private Limited,Asian Securities Private Ltd.,310,211.0,65410.0,2025-07-08 12:50:10.613257
2025-07-08,30622,2025070804010510,NHPC,Midas Stock Broking Company Private Limited,Market Securities & Exchange (PVT) Ltd.,160,211.0,33760.0,2025-07-08 12:58:48.475714
2025-07-08,30621,2025070804010511,NHPC,Naasa Securities Co. Ltd.,Market Securities & Exchange (PVT) Ltd.,168,211.0,35448.0,2025-07-08 12:58:48.475941
2025-07-08,28960,2025070804010998,NHPC,Naasa Securities Co. Ltd.,Neev Securities Pvt. Ltd.,100,211.0,21100.0,2025-07-08 13:07:41.179113
2025-07-08,28865,2025070804011025,NHPC,Naasa Securities Co. Ltd.,Premier Securities Company Ltd.,232,211.0,48952.0,2025-07-08 13:08:26.875457
2025-07-08,28864,2025070804011026,NHPC,ABC Securities Private Limited,Premier Securities Company Ltd.,50,211.0,10550.0,2025-07-08 13:08:26.875662
2025-07-08,28863,2025070804011027,NHPC,Sewa Securities Pvt. Ltd.,Premier Securities Company Ltd.,30,211.0,6330.0,2025-07-08 13:08:26.875762
2025-07-08,28862,2025070804011028,NHPC,Blue Chip Securities Ltd,Premier Securities Company Ltd.,100,211.0,21100.0,2025-07-08 13:08:26.875846
2025-07-08,28861,2025070804011029,NHPC,Online Securities Pvt. Ltd.,Premier Securities Company Ltd.,88,211.0,18568.0,2025-07-08 13:08:26.875933
2025-07-08,26842,2025070804011698,NHPC,Sani Securities Company Ltd.,Capital Max Securities Ltd,700,211.4,147980.0,2025-07-08 13:22:44.813049
2025-07-08,26718,2025070804011743,NHPC,Sani Securities Company Ltd.,Asian Securities Private Ltd.,1000,211.1,211100.0,2025-07-08 13:23:21.611801
2025-07-08,26717,2025070804011744,NHPC,Sani Securities Company Ltd.,Asian Securities Private Ltd.,1000,211.1,211100.0,2025-07-08 13:23:21.612205
2025-07-08,26676,2025070804011768,NHPC,Premier Securities Company Ltd.,Capital Max Securities Ltd,295,211.4,62363.0,2025-07-08 13:23:41.743112
2025-07-08,26657,2025070804011776,NHPC,Sweta Securities Private Limited,Opal Securities Investment (PVT) Ltd.,200,211.4,42280.0,2025-07-08 13:23:53.371892
2025-07-08,26656,2025070804011777,NHPC,Sweta Securities Private Limited,Thrive Brokerage House Pvt. Ltd,270,211.5,57105.0,2025-07-08 13:23:53.372119
2025-07-08,26599,2025070804011796,NHPC,Capital Max Securities Ltd,Thrive Brokerage House Pvt. Ltd,50,211.5,10575.0,2025-07-08 13:24:15.032384
2025-07-08,26378,2025070804011861,NHPC,Online Securities Pvt. Ltd.,Nepal Investment And Securities Trading Private Limited,10,211.0,2110.0,2025-07-08 13:26:04.751564
2025-07-08,26053,2025070804011982,NHPC,Premier Securities Company Ltd.,Capital Max Securities Ltd,200,211.4,42280.0,2025-07-08 13:28:00.976445
2025-07-08,25330,2025070804012233,NHPC,Naasa Securities Co. Ltd.,Capital Max Securities Ltd,58,211.4,12261.2,2025-07-08 13:32:36.981695
2025-07-08,25107,2025070804012338,NHPC,Trishakti Securities Public Limited,Capital Max Securities Ltd,247,211.4,52215.8,2025-07-08 13:33:38.303525
2025-07-08,25106,2025070804012339,NHPC,Trishakti Securities Public Limited,N.M.B. SECURITIES LIMITED,500,211.4,105700.0,2025-07-08 13:33:38.304078
2025-07-08,24939,2025070804012381,NHPC,Capital Hub P. Ltd,Thrive Brokerage House Pvt. Ltd,71,211.5,15016.5,2025-07-08 13:34:51.154724
2025-07-08,24840,2025070804012416,NHPC,Trishakti Securities Public Limited,Thrive Brokerage House Pvt. Ltd,1109,211.5,234553.5,2025-07-08 13:35:27.996651
2025-07-08,24839,2025070804012417,NHPC,Trishakti Securities Public Limited,J.F. Securites (PVT) Ltd.,150,211.5,31725.0,2025-07-08 13:35:27.996923
2025-07-08,24378,2025070804012571,NHPC,Trishakti Securities Public Limited,Naasa Securities Co. Ltd.,700,211.5,148050.0,2025-07-08 13:38:01.510798
2025-07-08,24314,2025070804012597,NHPC,Capital Max Securities Ltd,KALASH STOCK MARKET PVT. LTD.,100,211.9,21190.0,2025-07-08 13:38:22.414141
2025-07-08,23668,2025070804012797,NHPC,Nepal Investment And Securities Trading Private Limited,KALASH STOCK MARKET PVT. LTD.,500,211.9,105950.0,2025-07-08 13:42:25.726362
2025-07-08,23647,2025070804012806,NHPC,Trishakti Securities Public Limited,Vision Securities Pvt. Ltd,200,211.5,42300.0,2025-07-08 13:42:34.684713
2025-07-08,23626,2025070804012815,NHPC,Trishakti Securities Public Limited,Premier Securities Company Ltd.,94,211.5,19881.0,2025-07-08 13:42:44.819408
2025-07-08,23625,2025070804012816,NHPC,Sri Hari Securities Pvt. Ltd.,Premier Securities Company Ltd.,10,211.5,2115.0,2025-07-08 13:42:44.819839
2025-07-08,23624,2025070804012817,NHPC,Naasa Securities Co. Ltd.,Premier Securities Company Ltd.,23,211.4,4862.2,2025-07-08 13:42:44.820223
2025-07-08,23623,2025070804012818,NHPC,J.F. Securites (PVT) Ltd.,Premier Securities Company Ltd.,50,211.1,10555.0,2025-07-08 13:42:44.820635
2025-07-08,23622,2025070804012819,NHPC,Online Securities Pvt. Ltd.,Premier Securities Company Ltd.,97,211.0,20467.0,2025-07-08 13:42:44.821007
2025-07-08,23621,2025070804012820,NHPC,Asian Securities Private Ltd.,Premier Securities Company Ltd.,100,211.0,21100.0,2025-07-08 13:42:44.821439
2025-07-08,23620,2025070804012821,NHPC,Siprabi Securities Pvt. Ltd.,Premier Securities Company Ltd.,20,211.0,4220.0,2025-07-08 13:42:44.821830
2025-07-08,23619,2025070804012822,NHPC,Aryatara Investment & Securities,Premier Securities Company Ltd.,606,211.0,127866.0,2025-07-08 13:42:44.822229
2025-07-08,23417,2025070804012872,NHPC,Naasa Securities Co. Ltd.,Nepal Stock House (PVT) Ltd.,22,211.5,4653.0,2025-07-08 13:43:43.639116
2025-07-08,22823,2025070804013068,NHPC,Sani Securities Company Ltd.,KALASH STOCK MARKET PVT. LTD.,50,211.9,10595.0,2025-07-08 13:46:59.906109
2025-07-08,22061,2025070804013291,NHPC,Bhrikuti Stock Broking Co. Pvt. Ltd.,KALASH STOCK MARKET PVT. LTD.,15,211.9,3178.5,2025-07-08 13:52:11.914986
2025-07-08,22060,2025070804013292,NHPC,Bhrikuti Stock Broking Co. Pvt. Ltd.,Dipshikha Dhitopatra Karobar Co. Pvt Ltd.,225,211.9,47677.5,2025-07-08 13:52:11.915402
2025-07-08,22059,2025070804013293,NHPC,Bhrikuti Stock Broking Co. Pvt. Ltd.,Bhrikuti Stock Broking Co. Pvt. Ltd.,300,211.9,63570.0,2025-07-08 13:52:11.915684
2025-07-08,22058,2025070804013294,NHPC,Bhrikuti Stock Broking Co. Pvt. Ltd.,Trisul Securities & Invt. Ltd.,1000,211.9,211900.0,2025-07-08 13:52:11.915961
2025-07-08,22057,2025070804013295,NHPC,Bhrikuti Stock Broking Co. Pvt. Ltd.,N.M.B. SECURITIES LIMITED,460,211.9,97474.0,2025-07-08 13:52:11.916234
2025-07-08,22041,2025070804013301,NHPC,Nepal Investment And Securities Trading Private Limited,Siprabi Securities Pvt. Ltd.,60,211.5,12690.0,2025-07-08 13:52:23.024914
2025-07-08,21946,2025070804013341,NHPC,Naasa Securities Co. Ltd.,Pragyan Securities (PVT) Ltd.,20,211.2,4224.0,2025-07-08 13:52:54.037866
2025-07-08,21887,2025070804013364,NHPC,Thrive Brokerage House Pvt. Ltd,Siprabi Securities Pvt. Ltd.,51,211.1,10766.1,2025-07-08 13:53:18.404952
2025-07-08,21525,2025070804013579,NHPC,Thrive Brokerage House Pvt. Ltd,Pragyan Securities (PVT) Ltd.,949,211.2,200428.8,2025-07-08 13:55:00.375805
2025-07-08,21103,2025070804013722,NHPC,Aryatara Investment & Securities,Sri Hari Securities Pvt. Ltd.,394,211.0,83134.0,2025-07-08 13:57:29.246535
2025-07-08,21102,2025070804013723,NHPC,Asian Securities Private Ltd.,Sri Hari Securities Pvt. Ltd.,2000,211.0,422000.0,2025-07-08 13:57:29.246832
2025-07-08,21101,2025070804013724,NHPC,Dakshinkali Investment & Securities Pvt. Ltd.,Sri Hari Securities Pvt. Ltd.,500,211.0,105500.0,2025-07-08 13:57:29.246944
2025-07-08,21100,2025070804013725,NHPC,Kohinoor Investment & Securities Pvt. Ltd.,Sri Hari Securities Pvt. Ltd.,106,211.0,22366.0,2025-07-08 13:57:29.247041
2025-07-08,21099,2025070804013726,NHPC,Kohinoor Investment & Securities Pvt. Ltd.,MILKY WAY SHARE BROKER COMPANY LTD ,132,211.0,27852.0,2025-07-08 13:57:29.497286
2025-07-08,21098,2025070804013727,NHPC,Sani Securities Company Ltd.,MILKY WAY SHARE BROKER COMPANY LTD ,15,211.0,3165.0,2025-07-08 13:57:29.497519
2025-07-08,20512,2025070804013941,NHPC,Nepal Investment And Securities Trading Private Limited,MILKY WAY SHARE BROKER COMPANY LTD ,600,211.0,126600.0,2025-07-08 14:00:50.721484
2025-07-08,20451,2025070804013960,NHPC,Aryatara Investment & Securities,MILKY WAY SHARE BROKER COMPANY LTD ,253,211.0,53383.0,2025-07-08 14:01:09.985171
2025-07-08,20450,2025070804013961,NHPC,Aryatara Investment & Securities,Aryatara Investment & Securities,40,211.0,8440.0,2025-07-08 14:01:09.985628
2025-07-08,20278,2025070804014011,NHPC,Nepal Investment And Securities Trading Private Limited,Pragyan Securities (PVT) Ltd.,100,211.2,21120.0,2025-07-08 14:02:18.504403
2025-07-08,19892,2025070804014147,NHPC,Shree Krishna Securities Ltd.,Pragyan Securities (PVT) Ltd.,200,211.2,42240.0,2025-07-08 14:04:11.811745
2025-07-08,19425,2025070804014368,NHPC,Nepal Investment And Securities Trading Private Limited,Pragyan Securities (PVT) Ltd.,140,211.2,29568.0,2025-07-08 14:06:13.262185
2025-07-08,18889,2025070804014581,NHPC,Aryatara Investment & Securities,Pragyan Securities (PVT) Ltd.,207,211.2,43718.4,2025-07-08 14:09:09.369370
2025-07-08,18286,2025070804014788,NHPC,Sumeru Securities Pvt. Ltd.,Pragyan Securities (PVT) Ltd.,105,211.2,22176.0,2025-07-08 14:12:09.420889
2025-07-08,18014,2025070804014876,NHPC,Kohinoor Investment & Securities Pvt. Ltd.,Pragyan Securities (PVT) Ltd.,75,211.2,15840.0,2025-07-08 14:13:03.792231
2025-07-08,17829,2025070804014934,NHPC,Hatemalo Financial Services Private Limited,Sri Hari Securities Pvt. Ltd.,10,211.1,2111.0,2025-07-08 14:13:48.389908
2025-07-08,17828,2025070804014935,NHPC,Cristal Kanchanjanga Securites Pvt. Ltd.,Sri Hari Securities Pvt. Ltd.,500,211.1,105550.0,2025-07-08 14:13:48.390446
2025-07-08,17827,2025070804014936,NHPC,Naasa Securities Co. Ltd.,Sri Hari Securities Pvt. Ltd.,610,211.0,128710.0,2025-07-08 14:13:48.390738
2025-07-08,16914,2025070804015284,NHPC,Online Securities Pvt. Ltd.,Sri Hari Securities Pvt. Ltd.,50,211.0,10550.0,2025-07-08 14:17:45.241713
2025-07-08,16589,2025070804015397,NHPC,Nepal Investment And Securities Trading Private Limited,Opal Securities Investment (PVT) Ltd.,250,210.7,52675.0,2025-07-08 14:19:11.401188
2025-07-08,15424,2025070804015749,NHPC,Vision Securities Pvt. Ltd,Naasa Securities Co. Ltd.,200,210.9,42180.0,2025-07-08 14:23:31.889468
2025-07-08,14094,2025070804016251,NHPC,Online Securities Pvt. Ltd.,Naasa Securities Co. Ltd.,237,211.0,50007.0,2025-07-08 14:28:37.744906
2025-07-08,14089,2025070804016253,NHPC,Cristal Kanchanjanga Securites Pvt. Ltd.,Naasa Securities Co. Ltd.,100,210.8,21080.0,2025-07-08 14:28:39.431458
2025-07-08,14088,2025070804016254,NHPC,Kohinoor Investment & Securities Pvt. Ltd.,Naasa Securities Co. Ltd.,100,210.8,21080.0,2025-07-08 14:28:39.431934
2025-07-08,14006,2025070804016274,NHPC,Naasa Securities Co. Ltd.,Asian Securities Private Ltd.,137,210.8,28879.6,2025-07-08 14:28:55.812359
2025-07-08,14005,2025070804016275,NHPC,Nepal Investment And Securities Trading Private Limited,Asian Securities Private Ltd.,193,210.7,40665.1,2025-07-08 14:28:55.812832
2025-07-08,13826,2025070804016363,NHPC,Kumari Securities Private Limited,Asian Securities Private Ltd.,500,210.8,105400.0,2025-07-08 14:29:31.027386
2025-07-08,13645,2025070804016423,NHPC,Nepal Investment And Securities Trading Private Limited,Asian Securities Private Ltd.,170,210.7,35819.0,2025-07-08 14:30:07.180035
2025-07-08,12956,2025070804016688,NHPC,Nepal Investment And Securities Trading Private Limited,Secured Securities Ltd.,160,210.7,33712.0,2025-07-08 14:32:47.182858
2025-07-08,12791,2025070804016729,NHPC,Trishakti Securities Public Limited,Naasa Securities Co. Ltd.,200,210.8,42160.0,2025-07-08 14:33:25.847105
2025-07-08,12288,2025070804016924,NHPC,Sani Securities Company Ltd.,Cristal Kanchanjanga Securites Pvt. Ltd.,680,210.9,143412.0,2025-07-08 14:35:39.081973
2025-07-08,11861,2025070804017066,NHPC,Trishakti Securities Public Limited,Aryatara Investment & Securities,200,210.8,42160.0,2025-07-08 14:37:14.848481
2025-07-08,11860,2025070804017067,NHPC,Nepal Investment And Securities Trading Private Limited,Aryatara Investment & Securities,427,210.7,89968.9,2025-07-08 14:37:14.848974
2025-07-08,11859,2025070804017068,NHPC,Sani Securities Company Ltd.,Aryatara Investment & Securities,30,210.7,6321.0,2025-07-08 14:37:14.849302
2025-07-08,11858,2025070804017069,NHPC,ABC Securities Private Limited,Aryatara Investment & Securities,350,210.6,73710.0,2025-07-08 14:37:14.849637
2025-07-08,11857,2025070804017070,NHPC,Linch Stock Market Ltd.,Aryatara Investment & Securities,293,210.5,61676.5,2025-07-08 14:37:14.849961
2025-07-08,11203,2025070804017319,NHPC,Linch Stock Market Ltd.,Online Securities Pvt. Ltd.,28,210.5,5894.0,2025-07-08 14:39:37.367171
2025-07-08,11102,2025070804017373,NHPC,Linch Stock Market Ltd.,Naasa Securities Co. Ltd.,367,210.5,77253.5,2025-07-08 14:39:51.105118
2025-07-08,9983,2025070804017748,NHPC,Linch Stock Market Ltd.,Deevyaa Securities & Stock House Pvt. Ltd,712,210.5,149876.0,2025-07-08 14:43:12.264614
2025-07-08,9982,2025070804017749,NHPC,Siprabi Securities Pvt. Ltd.,Deevyaa Securities & Stock House Pvt. Ltd,100,210.5,21050.0,2025-07-08 14:43:12.265113
2025-07-08,9981,2025070804017750,NHPC,Imperial Securities Company Pvt. Ltd.,Deevyaa Securities & Stock House Pvt. Ltd,50,210.5,10525.0,2025-07-08 14:43:12.265455
2025-07-08,9980,2025070804017751,NHPC,Vision Securities Pvt. Ltd,Deevyaa Securities & Stock House Pvt. Ltd,2000,210.5,421000.0,2025-07-08 14:43:12.265780
2025-07-08,9979,2025070804017752,NHPC,Siprabi Securities Pvt. Ltd.,Deevyaa Securities & Stock House Pvt. Ltd,20,210.5,4210.0,2025-07-08 14:43:12.266092
2025-07-08,9978,2025070804017753,NHPC,Vision Securities Pvt. Ltd,Deevyaa Securities & Stock House Pvt. Ltd,2000,210.5,421000.0,2025-07-08 14:43:12.266415
2025-07-08,9977,2025070804017754,NHPC,Imperial Securities Company Pvt. Ltd.,Deevyaa Securities & Stock House Pvt. Ltd,200,210.5,42100.0,2025-07-08 14:43:12.266720
2025-07-08,9976,2025070804017755,NHPC,Market Securities & Exchange (PVT) Ltd.,Deevyaa Securities & Stock House Pvt. Ltd,235,210.5,49467.5,2025-07-08 14:43:12.267029
2025-07-08,9612,2025070804017874,NHPC,Opal Securities Investment (PVT) Ltd.,Deevyaa Securities & Stock House Pvt. Ltd,400,210.5,84200.0,2025-07-08 14:44:22.741082
2025-07-08,9376,2025070804017980,NHPC,Sani Securities Company Ltd.,Trisul Securities & Invt. Ltd.,380,210.4,79952.0,2025-07-08 14:44:54.318107
2025-07-08,9298,2025070804017989,NHPC,Nepal Investment And Securities Trading Private Limited,Trisul Securities & Invt. Ltd.,115,210.4,24196.0,2025-07-08 14:45:02.465342
2025-07-08,8986,2025070804018075,NHPC,Opal Securities Investment (PVT) Ltd.,Trisul Securities & Invt. Ltd.,150,210.4,31560.0,2025-07-08 14:45:44.261777
2025-07-08,8982,2025070804018077,NHPC,Sani Securities Company Ltd.,Trisul Securities & Invt. Ltd.,25,210.4,5260.0,2025-07-08 14:45:45.585791
2025-07-08,8555,2025070804018198,NHPC,Sani Securities Company Ltd.,Deevyaa Securities & Stock House Pvt. Ltd,125,210.5,26312.5,2025-07-08 14:46:45.420469
2025-07-08,8222,2025070804018314,NHPC,Sweta Securities Private Limited,Deevyaa Securities & Stock House Pvt. Ltd,500,210.5,105250.0,2025-07-08 14:47:46.318493
2025-07-08,7487,2025070804018601,NHPC,Bhrikuti Stock Broking Co. Pvt. Ltd.,Asian Securities Private Ltd.,150,210.3,31545.0,2025-07-08 14:49:27.436905
2025-07-08,7486,2025070804018602,NHPC,Bhrikuti Stock Broking Co. Pvt. Ltd.,Asian Securities Private Ltd.,1000,210.3,210300.0,2025-07-08 14:49:27.437054
2025-07-08,7485,2025070804018603,NHPC,Naasa Securities Co. Ltd.,Asian Securities Private Ltd.,10,210.3,2103.0,2025-07-08 14:49:27.437173
2025-07-08,7484,2025070804018604,NHPC,Trisul Securities & Invt. Ltd.,Asian Securities Private Ltd.,500,210.3,105150.0,2025-07-08 14:49:27.437246
2025-07-08,7483,2025070804018605,NHPC,Imperial Securities Company Pvt. Ltd.,Asian Securities Private Ltd.,600,210.2,126120.0,2025-07-08 14:49:27.437349
2025-07-08,7482,2025070804018606,NHPC,Ashutosh Brokerage & Securities (PVT) Ltd.,Asian Securities Private Ltd.,100,210.2,21020.0,2025-07-08 14:49:27.437464
2025-07-08,7481,2025070804018607,NHPC,Online Securities Pvt. Ltd.,Asian Securities Private Ltd.,2378,210.1,499617.8,2025-07-08 14:49:27.437551
2025-07-08,7480,2025070804018608,NHPC,Arun Securities (PVT) Ltd.,Asian Securities Private Ltd.,20,210.1,4202.0,2025-07-08 14:49:27.437647
2025-07-08,7479,2025070804018609,NHPC,Agrawal Securities (PVT) Ltd.,Asian Securities Private Ltd.,242,210.1,50844.2,2025-07-08 14:49:27.437718
2025-07-08,7476,2025070804018611,NHPC,Investment Management Nepal Pvt. Ltd.,Deevyaa Securities & Stock House Pvt. Ltd,16,210.5,3368.0,2025-07-08 14:49:28.752294
2025-07-08,7073,2025070804018759,NHPC,Trishakti Securities Public Limited,Deevyaa Securities & Stock House Pvt. Ltd,340,210.5,71570.0,2025-07-08 14:50:12.366924
2025-07-08,6497,2025070804018968,NHPC,South Asian Bulls Pvt. Ltd.,Nepal Investment And Securities Trading Private Limited,600,210.4,126240.0,2025-07-08 14:51:30.015645
2025-07-08,6367,2025070804019029,NHPC,Opal Securities Investment (PVT) Ltd.,Primo Securities (PVT) Ltd.,1400,210.5,294700.0,2025-07-08 14:51:43.320276
2025-07-08,6366,2025070804019030,NHPC,Opal Securities Investment (PVT) Ltd.,Sewa Securities Pvt. Ltd.,500,210.8,105400.0,2025-07-08 14:51:43.320560
2025-07-08,6365,2025070804019031,NHPC,Opal Securities Investment (PVT) Ltd.,Naasa Securities Co. Ltd.,1158,211.0,244338.0,2025-07-08 14:51:43.320717
2025-07-08,6364,2025070804019032,NHPC,Opal Securities Investment (PVT) Ltd.,Capital Max Securities Ltd,400,211.0,84400.0,2025-07-08 14:51:43.320854
2025-07-08,6363,2025070804019033,NHPC,Opal Securities Investment (PVT) Ltd.,Shree Krishna Securities Ltd.,150,211.0,31650.0,2025-07-08 14:51:43.321007
2025-07-08,6362,2025070804019034,NHPC,Opal Securities Investment (PVT) Ltd.,Opal Securities Investment (PVT) Ltd.,35,211.0,7385.0,2025-07-08 14:51:43.321161
2025-07-08,6361,2025070804019035,NHPC,Opal Securities Investment (PVT) Ltd.,Sewa Securities Pvt. Ltd.,100,211.0,21100.0,2025-07-08 14:51:43.321274
2025-07-08,6360,2025070804019036,NHPC,Opal Securities Investment (PVT) Ltd.,KALASH STOCK MARKET PVT. LTD.,3000,211.0,633000.0,2025-07-08 14:51:43.321406
2025-07-08,6025,2025070804019132,NHPC,Opal Securities Investment (PVT) Ltd.,Sumeru Securities Pvt. Ltd.,257,211.0,54227.0,2025-07-08 14:52:33.529182
2025-07-08,5735,2025070804019261,NHPC,South Asian Bulls Pvt. Ltd.,Sumeru Securities Pvt. Ltd.,143,211.0,30173.0,2025-07-08 14:53:07.671056
2025-07-08,5734,2025070804019262,NHPC,South Asian Bulls Pvt. Ltd.,Primo Securities (PVT) Ltd.,600,211.0,126600.0,2025-07-08 14:53:07.671588
2025-07-08,5385,2025070804019370,NHPC,South Asian Bulls Pvt. Ltd.,Pragyan Securities (PVT) Ltd.,1500,211.2,316800.0,2025-07-08 14:53:35.864489
2025-07-08,5197,2025070804019426,NHPC,Cristal Kanchanjanga Securites Pvt. Ltd.,Pragyan Securities (PVT) Ltd.,25,211.2,5280.0,2025-07-08 14:53:58.955499
2025-07-08,5196,2025070804019427,NHPC,South Asian Bulls Pvt. Ltd.,Pragyan Securities (PVT) Ltd.,107,211.2,22598.4,2025-07-08 14:53:59.685616
2025-07-08,5016,2025070804019480,NHPC,Capital Max Securities Ltd,Pragyan Securities (PVT) Ltd.,45,211.2,9504.0,2025-07-08 14:54:23.160843
2025-07-08,4731,2025070804019566,NHPC,Sweta Securities Private Limited,Pragyan Securities (PVT) Ltd.,100,211.2,21120.0,2025-07-08 14:54:47.404225
2025-07-08,4262,2025070804019703,NHPC,Dipshikha Dhitopatra Karobar Co. Pvt Ltd.,Pragyan Securities (PVT) Ltd.,100,211.2,21120.0,2025-07-08 14:55:28.290786
2025-07-08,4071,2025070804019774,NHPC,Sani Securities Company Ltd.,Pragyan Securities (PVT) Ltd.,50,211.2,10560.0,2025-07-08 14:55:46.487319
2025-07-08,3997,2025070804019802,NHPC,South Asian Bulls Pvt. Ltd.,Naasa Securities Co. Ltd.,100,211.1,21110.0,2025-07-08 14:55:57.031489
2025-07-08,3734,2025070804019909,NHPC,Creative Securities Pvt Ltd,Pragyan Securities (PVT) Ltd.,277,211.2,58502.4,2025-07-08 14:56:21.799004
2025-07-08,3733,2025070804019910,NHPC,Creative Securities Pvt Ltd,N.M.B. SECURITIES LIMITED,40,211.2,8448.0,2025-07-08 14:56:21.799244
2025-07-08,3732,2025070804019911,NHPC,Creative Securities Pvt Ltd,Vision Securities Pvt. Ltd,183,211.2,38649.6,2025-07-08 14:56:21.799371
2025-07-08,2916,2025070804020184,NHPC,Sweta Securities Private Limited,Vision Securities Pvt. Ltd,50,211.2,10560.0,2025-07-08 14:57:33.550995
2025-07-08,2106,2025070804020461,NHPC,ABC Securities Private Limited,Sani Securities Company Ltd.,30,211.4,6342.0,2025-07-08 14:58:28.392910
2025-07-08,2105,2025070804020462,NHPC,ABC Securities Private Limited,Sani Securities Company Ltd.,170,212.0,36040.0,2025-07-08 14:58:28.393400
2025-07-08,1071,2025070804020871,NHPC,Siprabi Securities Pvt. Ltd.,Sani Securities Company Ltd.,10,212.0,2120.0,2025-07-08 14:59:25.038385
2025-07-08,1022,2025070804020887,NHPC,Sweta Securities Private Limited,Sani Securities Company Ltd.,300,212.0,63600.0,2025-07-08 14:59:27.299094
2025-07-08,908,2025070804020940,NHPC,Linch Stock Market Ltd.,Sani Securities Company Ltd.,40,212.0,8480.0,2025-07-08 14:59:32.110738
2025-07-08,805,2025070804020991,NHPC,Aryatara Investment & Securities,Sani Securities Company Ltd.,150,212.0,31800.0,2025-07-08 14:59:36.393982
2025-07-08,679,2025070804021037,NHPC,ABC Securities Private Limited,Sani Securities Company Ltd.,100,212.0,21200.0,2025-07-08 14:59:39.278766
2025-07-08,390,2025070804021139,NHPC,ABC Securities Private Limited,Sani Securities Company Ltd.,1000,212.0,212000.0,2025-07-08 14:59:48.377872
