Date,S.N.,Contract ID,Symbol,Buyer Broker,Seller Broker,quantity,rate,amount,transaction_time
2025-07-08,56128,2025070803000030,SADBL,Sewa Securities Pvt. Ltd.,Naasa Securities Co. Ltd.,1000,407.4,407400.0,2025-07-08 11:00:53.875375
2025-07-08,53018,2025070803000482,SADBL,Thrive Brokerage House Pvt. Ltd,Naasa Securities Co. Ltd.,500,407.0,203500.0,2025-07-08 11:18:36.246972
2025-07-08,51578,2025070803000685,SADBL,Thrive Brokerage House Pvt. Ltd,Naasa Securities Co. Ltd.,483,408.0,197064.0,2025-07-08 11:25:41.303404
2025-07-08,51577,2025070803000686,SADBL,Thrive Brokerage House Pvt. Ltd,Naasa Securities Co. Ltd.,17,408.0,6936.0,2025-07-08 11:25:41.303505
2025-07-08,51486,2025070803000701,SADBL,Sani Securities Company Ltd.,Naasa Securities Co. Ltd.,200,408.0,81600.0,2025-07-08 11:26:18.517996
2025-07-08,51105,2025070803000741,SADBL,Thrive Brokerage House Pvt. Ltd,Naasa Securities Co. Ltd.,33,408.0,13464.0,2025-07-08 11:27:53.810408
2025-07-08,51007,2025070803000746,SADBL,Sundhara Securities Limited,Neev Securities Pvt. Ltd.,33,409.9,13526.7,2025-07-08 11:28:22.156453
2025-07-08,50188,2025070803000882,SADBL,Machhapuchchhre Securities Limited,Trishakti Securities Public Limited,29,409.6,11878.4,2025-07-08 11:32:20.505650
2025-07-08,49721,2025070803000945,SADBL,Sweta Securities Private Limited,Sweta Securities Private Limited,130,408.1,53053.0,2025-07-08 11:34:45.788376
2025-07-08,49490,2025070803000976,SADBL,Aryatara Investment & Securities,Vision Securities Pvt. Ltd,20,409.0,8180.0,2025-07-08 11:35:51.772634
2025-07-08,49074,2025070803001046,SADBL,Sweta Securities Private Limited,Vision Securities Pvt. Ltd,70,408.1,28567.0,2025-07-08 11:37:43.728679
2025-07-08,48987,2025070803001054,SADBL,Thrive Brokerage House Pvt. Ltd,Blue Chip Securities Ltd,67,408.0,27336.0,2025-07-08 11:38:02.612071
2025-07-08,48986,2025070803001055,SADBL,Thrive Brokerage House Pvt. Ltd,Blue Chip Securities Ltd,500,408.0,204000.0,2025-07-08 11:38:02.612123
2025-07-08,48985,2025070803001056,SADBL,Thrive Brokerage House Pvt. Ltd,Blue Chip Securities Ltd,500,407.0,203500.0,2025-07-08 11:38:02.612151
2025-07-08,48984,2025070803001057,SADBL,Agrawal Securities (PVT) Ltd.,Blue Chip Securities Ltd,2000,406.2,812400.0,2025-07-08 11:38:02.612172
2025-07-08,48983,2025070803001058,SADBL,Dakshinkali Investment & Securities Pvt. Ltd.,Blue Chip Securities Ltd,734,406.1,298077.4,2025-07-08 11:38:02.612194
2025-07-08,48290,2025070803001145,SADBL,Ashutosh Brokerage & Securities (PVT) Ltd.,Naasa Securities Co. Ltd.,15,406.2,6093.0,2025-07-08 11:41:05.299166
2025-07-08,46152,2025070803001465,SADBL,Aryatara Investment & Securities,Primo Securities (PVT) Ltd.,100,407.0,40700.0,2025-07-08 11:51:11.977802
2025-07-08,45444,2025070803001528,SADBL,Secured Securities Ltd.,Primo Securities (PVT) Ltd.,150,407.0,61050.0,2025-07-08 11:54:04.662556
2025-07-08,45092,2025070803001683,SADBL,Secured Securities Ltd.,Primo Securities (PVT) Ltd.,750,407.0,305250.0,2025-07-08 11:55:33.689736
2025-07-08,44977,2025070803001701,SADBL,Ashutosh Brokerage & Securities (PVT) Ltd.,Shree Krishna Securities Ltd.,485,406.2,197007.0,2025-07-08 11:55:58.171636
2025-07-08,44976,2025070803001702,SADBL,Dakshinkali Investment & Securities Pvt. Ltd.,Shree Krishna Securities Ltd.,15,406.1,6091.5,2025-07-08 11:55:58.171680
2025-07-08,41267,2025070803002349,SADBL,Aryatara Investment & Securities,Secured Securities Ltd.,100,407.5,40750.0,2025-07-08 12:12:40.060083
2025-07-08,37977,2025070803002953,SADBL,Aryatara Investment & Securities,Kumari Securities Private Limited,22,406.5,8943.0,2025-07-08 12:27:22.020911
2025-07-08,37976,2025070803002954,SADBL,Midas Stock Broking Company Private Limited,Kumari Securities Private Limited,100,406.3,40630.0,2025-07-08 12:27:22.021012
2025-07-08,37975,2025070803002955,SADBL,Ashutosh Brokerage & Securities (PVT) Ltd.,Kumari Securities Private Limited,78,406.2,31683.6,2025-07-08 12:27:22.021072
2025-07-08,37486,2025070803003020,SADBL,Siprabi Securities Pvt. Ltd.,Sri Hari Securities Pvt. Ltd.,300,407.0,122100.0,2025-07-08 12:29:37.275305
2025-07-08,36813,2025070803003104,SADBL,Ashutosh Brokerage & Securities (PVT) Ltd.,Naasa Securities Co. Ltd.,10,406.2,4062.0,2025-07-08 12:32:39.018217
2025-07-08,36812,2025070803003105,SADBL,Midas Stock Broking Company Private Limited,Sri Hari Securities Pvt. Ltd.,200,407.0,81400.0,2025-07-08 12:32:39.504369
2025-07-08,36811,2025070803003106,SADBL,Midas Stock Broking Company Private Limited,Nabil Stock Dealer Ltd.,800,407.0,325600.0,2025-07-08 12:32:39.504468
2025-07-08,36631,2025070803003121,SADBL,Midas Stock Broking Company Private Limited,Nabil Stock Dealer Ltd.,50,407.0,20350.0,2025-07-08 12:33:10.516392
2025-07-08,36351,2025070803003177,SADBL,Siprabi Securities Pvt. Ltd.,Sri Hari Securities Pvt. Ltd.,50,406.9,20345.0,2025-07-08 12:34:33.349318
2025-07-08,36338,2025070803003178,SADBL,Midas Stock Broking Company Private Limited,Sri Hari Securities Pvt. Ltd.,50,406.9,20345.0,2025-07-08 12:34:34.118632
2025-07-08,35886,2025070803003272,SADBL,Agrawal Securities (PVT) Ltd.,Sri Hari Securities Pvt. Ltd.,400,406.3,162520.0,2025-07-08 12:36:39.014937
2025-07-08,34890,2025070803003477,SADBL,Midas Stock Broking Company Private Limited,Nabil Stock Dealer Ltd.,125,407.0,50875.0,2025-07-08 12:41:12.813041
2025-07-08,32289,2025070803003957,SADBL,Midas Stock Broking Company Private Limited,Secured Securities Ltd.,100,406.6,40660.0,2025-07-08 12:51:09.750727
2025-07-08,31820,2025070803004049,SADBL,SHUBHAKAMANA SECURITIES PVT. LTD,Secured Securities Ltd.,200,406.5,81300.0,2025-07-08 12:53:05.607837
2025-07-08,31276,2025070803004167,SADBL,Midas Stock Broking Company Private Limited,Online Securities Pvt. Ltd.,100,406.4,40640.0,2025-07-08 12:55:27.126123
2025-07-08,31275,2025070803004168,SADBL,Agrawal Securities (PVT) Ltd.,Online Securities Pvt. Ltd.,600,406.3,243780.0,2025-07-08 12:55:27.126258
2025-07-08,31274,2025070803004169,SADBL,Ashutosh Brokerage & Securities (PVT) Ltd.,Online Securities Pvt. Ltd.,412,406.2,167354.4,2025-07-08 12:55:27.126305
2025-07-08,31273,2025070803004170,SADBL,Dakshinkali Investment & Securities Pvt. Ltd.,Online Securities Pvt. Ltd.,4251,406.1,1726331.1,2025-07-08 12:55:27.126353
2025-07-08,31272,2025070803004171,SADBL,Trisul Securities & Invt. Ltd.,Online Securities Pvt. Ltd.,200,406.0,81200.0,2025-07-08 12:55:27.126397
2025-07-08,31271,2025070803004172,SADBL,J.F. Securites (PVT) Ltd.,Online Securities Pvt. Ltd.,200,406.0,81200.0,2025-07-08 12:55:27.126478
2025-07-08,31270,2025070803004173,SADBL,SHUBHAKAMANA SECURITIES PVT. LTD,Online Securities Pvt. Ltd.,500,406.0,203000.0,2025-07-08 12:55:27.126535
2025-07-08,26516,2025070803005142,SADBL,Dakshinkali Investment & Securities Pvt. Ltd.,Imperial Securities Company Pvt. Ltd.,33,405.1,13368.3,2025-07-08 13:24:58.854070
2025-07-08,25203,2025070803005398,SADBL,Dakshinkali Investment & Securities Pvt. Ltd.,Sundhara Securities Limited,200,405.3,81060.0,2025-07-08 13:33:09.033204
2025-07-08,23915,2025070803005650,SADBL,Property Wiard Limited,Premier Securities Company Ltd.,20,405.4,8108.0,2025-07-08 13:40:53.193187
2025-07-08,23612,2025070803005712,SADBL,Property Wiard Limited,Secured Securities Ltd.,480,405.4,194592.0,2025-07-08 13:42:46.955417
2025-07-08,23611,2025070803005713,SADBL,Agrawal Securities (PVT) Ltd.,Secured Securities Ltd.,20,405.2,8104.0,2025-07-08 13:42:46.955525
2025-07-08,20131,2025070803006395,SADBL,Sumeru Securities Pvt. Ltd.,Online Securities Pvt. Ltd.,737,406.0,299222.0,2025-07-08 14:03:08.067368
2025-07-08,20130,2025070803006396,SADBL,Sumeru Securities Pvt. Ltd.,Sweta Securities Private Limited,110,406.0,44660.0,2025-07-08 14:03:08.067546
2025-07-08,18868,2025070803006591,SADBL,Capital Hub P. Ltd,Himalayan Brokerage Company Limited,98,405.5,39739.0,2025-07-08 14:09:12.761435
2025-07-08,18867,2025070803006592,SADBL,Sumeru Securities Pvt. Ltd.,Himalayan Brokerage Company Limited,171,405.5,69340.5,2025-07-08 14:09:12.761695
2025-07-08,17531,2025070803006758,SADBL,Sumeru Securities Pvt. Ltd.,Sani Securities Company Ltd.,600,405.5,243300.0,2025-07-08 14:14:51.306905
2025-07-08,12695,2025070803007483,SADBL,Midas Stock Broking Company Private Limited,Sani Securities Company Ltd.,10,407.0,4070.0,2025-07-08 14:33:54.795720
2025-07-08,12649,2025070803007512,SADBL,Vision Securities Pvt. Ltd,Naasa Securities Co. Ltd.,60,406.5,24390.0,2025-07-08 14:34:03.232868
2025-07-08,11382,2025070803007712,SADBL,Vision Securities Pvt. Ltd,Dipshikha Dhitopatra Karobar Co. Pvt Ltd.,40,406.5,16260.0,2025-07-08 14:39:01.860223
2025-07-08,11381,2025070803007713,SADBL,Sani Securities Company Ltd.,Dipshikha Dhitopatra Karobar Co. Pvt Ltd.,10,406.0,4060.0,2025-07-08 14:39:01.860324
2025-07-08,9159,2025070803008058,SADBL,Imperial Securities Company Pvt. Ltd.,Sani Securities Company Ltd.,100,407.0,40700.0,2025-07-08 14:45:20.875302
2025-07-08,8505,2025070803008194,SADBL,Sani Securities Company Ltd.,Nagarik Stock Dealer ,10,406.0,4060.0,2025-07-08 14:46:58.197974
2025-07-08,5941,2025070803008632,SADBL,Sumeru Securities Pvt. Ltd.,Dipshikha Dhitopatra Karobar Co. Pvt Ltd.,600,405.6,243360.0,2025-07-08 14:52:41.296679
2025-07-08,5703,2025070803008681,SADBL,Sumeru Securities Pvt. Ltd.,South Asian Bulls Pvt. Ltd.,24,406.0,9744.0,2025-07-08 14:53:10.728755
2025-07-08,5421,2025070803008720,SADBL,Siprabi Securities Pvt. Ltd.,Sani Securities Company Ltd.,98,407.0,39886.0,2025-07-08 14:53:33.776316
2025-07-08,5420,2025070803008721,SADBL,Siprabi Securities Pvt. Ltd.,Nabil Stock Dealer Ltd.,507,407.0,206349.0,2025-07-08 14:53:33.776438
2025-07-08,5419,2025070803008722,SADBL,Siprabi Securities Pvt. Ltd.,Secured Securities Ltd.,100,407.9,40790.0,2025-07-08 14:53:33.776491
2025-07-08,5418,2025070803008723,SADBL,Siprabi Securities Pvt. Ltd.,Deevyaa Securities & Stock House Pvt. Ltd,60,407.9,24474.0,2025-07-08 14:53:33.776540
2025-07-08,5417,2025070803008724,SADBL,Siprabi Securities Pvt. Ltd.,Aryatara Investment & Securities,400,408.0,163200.0,2025-07-08 14:53:33.776589
2025-07-08,5416,2025070803008725,SADBL,Siprabi Securities Pvt. Ltd.,Secured Securities Ltd.,500,408.0,204000.0,2025-07-08 14:53:33.776636
2025-07-08,5415,2025070803008726,SADBL,Siprabi Securities Pvt. Ltd.,Cristal Kanchanjanga Securites Pvt. Ltd.,335,408.0,136680.0,2025-07-08 14:53:33.776685
2025-07-08,1531,2025070803009459,SADBL,Sumeru Securities Pvt. Ltd.,Himalayan Brokerage Company Limited,178,406.0,72268.0,2025-07-08 14:59:05.031646
2025-07-08,627,2025070803009650,SADBL,Midas Stock Broking Company Private Limited,Capital Hub P. Ltd,10,407.0,4070.0,2025-07-08 14:59:41.457655
2025-07-08,76,2025070803009788,SADBL,Sumeru Securities Pvt. Ltd.,Capital Hub P. Ltd,490,406.0,198940.0,2025-07-08 14:59:58.903093
