Date,S.N.,contract_id,symbol,buyer_broker,seller_broker,volume,price,amount,transaction_time
2025-07-08,56240,2025070804000014,UPPER,J.F. Securites (PVT) Ltd.,Thrive Brokerage House Pvt. Ltd,10,195.0,1950.0,2025-07-08 10:46:00.049388
2025-07-08,56239,2025070804000015,UPPER,Bhrikuti Stock Broking Co. Pvt. Ltd.,Thrive Brokerage House Pvt. Ltd,990,195.0,193050.0,2025-07-08 10:46:00.049434
2025-07-08,56138,2025070804000059,UPPER,Bhrikuti Stock Broking Co. Pvt. Ltd.,Capital Max Securities Ltd,1010,195.0,196950.0,2025-07-08 11:00:48.681038
2025-07-08,56137,2025070804000060,UPPER,Linch Stock Market Ltd.,Capital Max Securities Ltd,10,195.0,1950.0,2025-07-08 11:00:48.681123
2025-07-08,56136,2025070804000061,UPPER,Kohinoor Investment & Securities Pvt. Ltd.,Capital Max Securities Ltd,280,195.0,54600.0,2025-07-08 11:00:48.681153
2025-07-08,56135,2025070804000062,UPPER,Nagarik Stock Dealer ,Capital Max Securities Ltd,10,195.0,1950.0,2025-07-08 11:00:48.681177
2025-07-08,56134,2025070804000063,UPPER,Cristal Kanchanjanga Securites Pvt. Ltd.,Capital Max Securities Ltd,40,195.0,7800.0,2025-07-08 11:00:48.681204
2025-07-08,56133,2025070804000064,UPPER,Cristal Kanchanjanga Securites Pvt. Ltd.,Capital Max Securities Ltd,250,195.0,48750.0,2025-07-08 11:00:48.681239
2025-07-08,56119,2025070804000072,UPPER,Naasa Securities Co. Ltd.,Capital Max Securities Ltd,10,195.0,1950.0,2025-07-08 11:01:00.033151
2025-07-08,56115,2025070804000074,UPPER,Opal Securities Investment (PVT) Ltd.,Capital Max Securities Ltd,2525,194.5,491112.5,2025-07-08 11:01:03.783685
2025-07-08,56114,2025070804000075,UPPER,Naasa Securities Co. Ltd.,Capital Max Securities Ltd,475,194.1,92197.5,2025-07-08 11:01:03.783766
2025-07-08,56066,2025070804000097,UPPER,Trishakti Securities Public Limited,Capital Max Securities Ltd,500,195.0,97500.0,2025-07-08 11:01:26.008777
2025-07-08,56031,2025070804000121,UPPER,J.F. Securites (PVT) Ltd.,Capital Max Securities Ltd,50,195.0,9750.0,2025-07-08 11:01:41.313689
2025-07-08,55931,2025070804000181,UPPER,Aakashbhairab Securities Ltd.,Capital Max Securities Ltd,50,195.0,9750.0,2025-07-08 11:02:21.594805
2025-07-08,55856,2025070804000236,UPPER,Trishakti Securities Public Limited,Capital Max Securities Ltd,500,195.0,97500.0,2025-07-08 11:02:50.503160
2025-07-08,55839,2025070804000251,UPPER,Primo Securities (PVT) Ltd.,Capital Max Securities Ltd,1000,195.0,195000.0,2025-07-08 11:02:58.160805
2025-07-08,55774,2025070804000286,UPPER,Trishakti Securities Public Limited,Capital Max Securities Ltd,1000,195.0,195000.0,2025-07-08 11:03:32.727431
2025-07-08,55757,2025070804000292,UPPER,Online Securities Pvt. Ltd.,Capital Max Securities Ltd,30,195.0,5850.0,2025-07-08 11:03:38.688830
2025-07-08,55598,2025070804000393,UPPER,Dynamic Money Managers Securities Pvt. Ltd.,Capital Max Securities Ltd,100,195.0,19500.0,2025-07-08 11:04:29.093173
2025-07-08,55591,2025070804000396,UPPER,Trishakti Securities Public Limited,Capital Max Securities Ltd,160,195.0,31200.0,2025-07-08 11:04:31.056210
2025-07-08,55499,2025070804000437,UPPER,Dipshikha Dhitopatra Karobar Co. Pvt Ltd.,Nabil Stock Dealer Ltd.,40,195.0,7800.0,2025-07-08 11:05:03.484647
2025-07-08,55454,2025070804000459,UPPER,Dipshikha Dhitopatra Karobar Co. Pvt Ltd.,Online Securities Pvt. Ltd.,150,196.0,29400.0,2025-07-08 11:05:19.701133
2025-07-08,55360,2025070804000510,UPPER,Naasa Securities Co. Ltd.,Dynamic Money Managers Securities Pvt. Ltd.,15,197.0,2955.0,2025-07-08 11:05:50.089483
2025-07-08,55257,2025070804000564,UPPER,Online Securities Pvt. Ltd.,Dynamic Money Managers Securities Pvt. Ltd.,285,197.0,56145.0,2025-07-08 11:06:19.259154
2025-07-08,55200,2025070804000594,UPPER,Online Securities Pvt. Ltd.,Cristal Kanchanjanga Securites Pvt. Ltd.,215,197.0,42355.0,2025-07-08 11:06:36.648354
2025-07-08,55199,2025070804000595,UPPER,ABC Securities Private Limited,Cristal Kanchanjanga Securites Pvt. Ltd.,100,196.0,19600.0,2025-07-08 11:06:36.648504
2025-07-08,55198,2025070804000596,UPPER,Thrive Brokerage House Pvt. Ltd,Cristal Kanchanjanga Securites Pvt. Ltd.,1500,195.5,293250.0,2025-07-08 11:06:36.648559
2025-07-08,55197,2025070804000597,UPPER,Dipshikha Dhitopatra Karobar Co. Pvt Ltd.,Cristal Kanchanjanga Securites Pvt. Ltd.,10,195.0,1950.0,2025-07-08 11:06:36.648609
2025-07-08,55196,2025070804000598,UPPER,Aryatara Investment & Securities,Cristal Kanchanjanga Securites Pvt. Ltd.,500,195.0,97500.0,2025-07-08 11:06:36.648654
2025-07-08,55195,2025070804000599,UPPER,Kohinoor Investment & Securities Pvt. Ltd.,Cristal Kanchanjanga Securites Pvt. Ltd.,50,195.0,9750.0,2025-07-08 11:06:36.648711
2025-07-08,55194,2025070804000600,UPPER,Dakshinkali Investment & Securities Pvt. Ltd.,Cristal Kanchanjanga Securites Pvt. Ltd.,500,195.0,97500.0,2025-07-08 11:06:36.648797
2025-07-08,55193,2025070804000601,UPPER,Linch Stock Market Ltd.,Cristal Kanchanjanga Securites Pvt. Ltd.,1000,195.0,195000.0,2025-07-08 11:06:36.648848
2025-07-08,55118,2025070804000644,UPPER,Dipshikha Dhitopatra Karobar Co. Pvt Ltd.,Cristal Kanchanjanga Securites Pvt. Ltd.,10,195.0,1950.0,2025-07-08 11:06:56.671719
2025-07-08,55004,2025070804000714,UPPER,Bhrikuti Stock Broking Co. Pvt. Ltd.,Cristal Kanchanjanga Securites Pvt. Ltd.,100,195.0,19500.0,2025-07-08 11:07:28.297403
2025-07-08,54959,2025070804000728,UPPER,Sumeru Securities Pvt. Ltd.,Cristal Kanchanjanga Securites Pvt. Ltd.,15,195.0,2925.0,2025-07-08 11:07:42.617947
2025-07-08,54806,2025070804000788,UPPER,J.F. Securites (PVT) Ltd.,Kohinoor Investment & Securities Pvt. Ltd.,15,195.0,2925.0,2025-07-08 11:08:36.914725
2025-07-08,54805,2025070804000789,UPPER,Asian Securities Private Ltd.,Kohinoor Investment & Securities Pvt. Ltd.,85,195.0,16575.0,2025-07-08 11:08:36.914854
2025-07-08,54776,2025070804000802,UPPER,Asian Securities Private Ltd.,SHUBHAKAMANA SECURITIES PVT. LTD,415,195.0,80925.0,2025-07-08 11:08:49.352638
2025-07-08,54775,2025070804000803,UPPER,Imperial Securities Company Pvt. Ltd.,SHUBHAKAMANA SECURITIES PVT. LTD,20,195.0,3900.0,2025-07-08 11:08:49.352704
2025-07-08,54774,2025070804000804,UPPER,Bhrikuti Stock Broking Co. Pvt. Ltd.,SHUBHAKAMANA SECURITIES PVT. LTD,10,194.8,1948.0,2025-07-08 11:08:49.352732
2025-07-08,54773,2025070804000805,UPPER,Sri Hari Securities Pvt. Ltd.,SHUBHAKAMANA SECURITIES PVT. LTD,300,194.7,58410.0,2025-07-08 11:08:49.352773
2025-07-08,54772,2025070804000806,UPPER,Naasa Securities Co. Ltd.,SHUBHAKAMANA SECURITIES PVT. LTD,255,194.7,49648.5,2025-07-08 11:08:49.352803
2025-07-08,54412,2025070804001022,UPPER,Trishakti Securities Public Limited,Aryatara Investment & Securities,34,194.8,6623.2,2025-07-08 11:10:51.025767
2025-07-08,54346,2025070804001046,UPPER,Primo Securities (PVT) Ltd.,Aryatara Investment & Securities,10,195.0,1950.0,2025-07-08 11:11:15.206498
2025-07-08,54345,2025070804001047,UPPER,Oxford Securities Pvt. Ltd.,Aryatara Investment & Securities,58,194.9,11304.2,2025-07-08 11:11:15.206667
2025-07-08,53991,2025070804001186,UPPER,Malla & Malla Stock Broking Company Pvt. Limited,Oxford Securities Pvt. Ltd.,50,197.0,9850.0,2025-07-08 11:13:03.182851
2025-07-08,53499,2025070804001377,UPPER,ABC Securities Private Limited,Naasa Securities Co. Ltd.,50,196.8,9840.0,2025-07-08 11:15:58.600783
2025-07-08,53498,2025070804001378,UPPER,ABC Securities Private Limited,Aryatara Investment & Securities,205,196.9,40364.5,2025-07-08 11:15:58.600968
2025-07-08,52613,2025070804001695,UPPER,Online Securities Pvt. Ltd.,Aryatara Investment & Securities,31,195.1,6048.1,2025-07-08 11:20:35.017099
2025-07-08,52495,2025070804001762,UPPER,Sweta Securities Private Limited,Naasa Securities Co. Ltd.,10,195.0,1950.0,2025-07-08 11:21:08.534405
2025-07-08,52453,2025070804001778,UPPER,Naasa Securities Co. Ltd.,Aryatara Investment & Securities,50,195.1,9755.0,2025-07-08 11:21:23.647395
2025-07-08,52324,2025070804001835,UPPER,Sewa Securities Pvt. Ltd.,Aryatara Investment & Securities,19,195.1,3706.9,2025-07-08 11:21:57.694722
2025-07-08,52323,2025070804001836,UPPER,Sewa Securities Pvt. Ltd.,Naasa Securities Co. Ltd.,533,195.5,104201.5,2025-07-08 11:21:57.694929
2025-07-08,52038,2025070804001947,UPPER,Arun Securities (PVT) Ltd.,Imperial Securities Company Pvt. Ltd.,101,196.0,19796.0,2025-07-08 11:23:23.679199
2025-07-08,52037,2025070804001948,UPPER,Arun Securities (PVT) Ltd.,Naasa Securities Co. Ltd.,19,196.0,3724.0,2025-07-08 11:23:23.679447
2025-07-08,51667,2025070804002096,UPPER,Kalika Securities Pvt. Ltd.,Naasa Securities Co. Ltd.,50,196.0,9800.0,2025-07-08 11:25:15.370947
2025-07-08,51666,2025070804002097,UPPER,Kalika Securities Pvt. Ltd.,Naasa Securities Co. Ltd.,27,196.0,5292.0,2025-07-08 11:25:15.371246
2025-07-08,51665,2025070804002098,UPPER,Kalika Securities Pvt. Ltd.,Dynamic Money Managers Securities Pvt. Ltd.,53,196.0,10388.0,2025-07-08 11:25:15.371343
2025-07-08,51334,2025070804002225,UPPER,Naasa Securities Co. Ltd.,Dynamic Money Managers Securities Pvt. Ltd.,106,196.0,20776.0,2025-07-08 11:26:58.848818
2025-07-08,51279,2025070804002251,UPPER,Aryatara Investment & Securities,Premier Securities Company Ltd.,10,195.7,1957.0,2025-07-08 11:27:11.371522
2025-07-08,51189,2025070804002319,UPPER,Nepal Stock House (PVT) Ltd.,Dynamic Money Managers Securities Pvt. Ltd.,41,196.0,8036.0,2025-07-08 11:27:28.269806
2025-07-08,50970,2025070804002430,UPPER,Nepal Stock House (PVT) Ltd.,Oxford Securities Pvt. Ltd.,50,196.0,9800.0,2025-07-08 11:28:36.005995
2025-07-08,50654,2025070804002560,UPPER,Kumari Securities Private Limited,Sumeru Securities Pvt. Ltd.,240,196.5,47160.0,2025-07-08 11:30:08.353285
2025-07-08,50270,2025070804002725,UPPER,Nepal Stock House (PVT) Ltd.,Cristal Kanchanjanga Securites Pvt. Ltd.,59,196.0,11564.0,2025-07-08 11:32:02.699434
2025-07-08,50269,2025070804002726,UPPER,Sundhara Securities Limited,Cristal Kanchanjanga Securites Pvt. Ltd.,20,196.0,3920.0,2025-07-08 11:32:02.699672
2025-07-08,50268,2025070804002727,UPPER,Siprabi Securities Pvt. Ltd.,Cristal Kanchanjanga Securites Pvt. Ltd.,675,196.0,132300.0,2025-07-08 11:32:02.699770
2025-07-08,50267,2025070804002728,UPPER,Sewa Securities Pvt. Ltd.,Cristal Kanchanjanga Securites Pvt. Ltd.,700,195.6,136920.0,2025-07-08 11:32:02.699868
2025-07-08,50266,2025070804002729,UPPER,Sewa Securities Pvt. Ltd.,Cristal Kanchanjanga Securites Pvt. Ltd.,1448,195.5,283084.0,2025-07-08 11:32:02.699963
2025-07-08,50265,2025070804002730,UPPER,Trishakti Securities Public Limited,Cristal Kanchanjanga Securites Pvt. Ltd.,200,195.5,39100.0,2025-07-08 11:32:02.700057
2025-07-08,50264,2025070804002731,UPPER,Sweta Securities Private Limited,Cristal Kanchanjanga Securites Pvt. Ltd.,30,195.0,5850.0,2025-07-08 11:32:02.700148
2025-07-08,50263,2025070804002732,UPPER,Malla & Malla Stock Broking Company Pvt. Limited,Cristal Kanchanjanga Securites Pvt. Ltd.,100,195.0,19500.0,2025-07-08 11:32:02.700245
2025-07-08,50262,2025070804002733,UPPER,Malla & Malla Stock Broking Company Pvt. Limited,Cristal Kanchanjanga Securites Pvt. Ltd.,100,195.0,19500.0,2025-07-08 11:32:02.700359
2025-07-08,50261,2025070804002734,UPPER,Primo Securities (PVT) Ltd.,Cristal Kanchanjanga Securites Pvt. Ltd.,200,195.0,39000.0,2025-07-08 11:32:02.700450
2025-07-08,50260,2025070804002735,UPPER,Online Securities Pvt. Ltd.,Cristal Kanchanjanga Securites Pvt. Ltd.,100,195.0,19500.0,2025-07-08 11:32:02.700542
2025-07-08,50259,2025070804002736,UPPER,Nepal Investment And Securities Trading Private Limited,Cristal Kanchanjanga Securites Pvt. Ltd.,50,195.0,9750.0,2025-07-08 11:32:02.700632
2025-07-08,50258,2025070804002737,UPPER,Cristal Kanchanjanga Securites Pvt. Ltd.,Cristal Kanchanjanga Securites Pvt. Ltd.,190,195.0,37050.0,2025-07-08 11:32:02.700728
2025-07-08,50257,2025070804002738,UPPER,Siprabi Securities Pvt. Ltd.,Cristal Kanchanjanga Securites Pvt. Ltd.,100,195.0,19500.0,2025-07-08 11:32:02.700816
2025-07-08,50256,2025070804002739,UPPER,Cristal Kanchanjanga Securites Pvt. Ltd.,Cristal Kanchanjanga Securites Pvt. Ltd.,450,195.0,87750.0,2025-07-08 11:32:02.700902
2025-07-08,50255,2025070804002740,UPPER,Kohinoor Investment & Securities Pvt. Ltd.,Cristal Kanchanjanga Securites Pvt. Ltd.,80,195.0,15600.0,2025-07-08 11:32:02.700993
2025-07-08,50254,2025070804002741,UPPER,Online Securities Pvt. Ltd.,Cristal Kanchanjanga Securites Pvt. Ltd.,100,195.0,19500.0,2025-07-08 11:32:02.701078
2025-07-08,50253,2025070804002742,UPPER,Sani Securities Company Ltd.,Cristal Kanchanjanga Securites Pvt. Ltd.,398,195.0,77610.0,2025-07-08 11:32:02.701164
2025-07-08,50153,2025070804002774,UPPER,Opal Securities Investment (PVT) Ltd.,Dipshikha Dhitopatra Karobar Co. Pvt Ltd.,8,193.5,1548.0,2025-07-08 11:32:36.462331
2025-07-08,50043,2025070804002833,UPPER,Sani Securities Company Ltd.,Cristal Kanchanjanga Securites Pvt. Ltd.,602,195.0,117390.0,2025-07-08 11:32:58.896700
2025-07-08,50042,2025070804002834,UPPER,Nepal Investment And Securities Trading Private Limited,Cristal Kanchanjanga Securites Pvt. Ltd.,398,195.0,77610.0,2025-07-08 11:32:58.897106
2025-07-08,50030,2025070804002837,UPPER,Nepal Investment And Securities Trading Private Limited,Vision Securities Pvt. Ltd,80,195.0,15600.0,2025-07-08 11:33:04.914873
2025-07-08,49857,2025070804002914,UPPER,Sri Hari Securities Pvt. Ltd.,Secured Securities Ltd.,150,196.4,29460.0,2025-07-08 11:34:05.008839
2025-07-08,48805,2025070804003320,UPPER,Nepal Investment And Securities Trading Private Limited,Naasa Securities Co. Ltd.,22,195.0,4290.0,2025-07-08 11:38:53.754488
2025-07-08,48804,2025070804003321,UPPER,Creative Securities Pvt Ltd,Naasa Securities Co. Ltd.,100,195.0,19500.0,2025-07-08 11:38:53.754582
2025-07-08,48803,2025070804003322,UPPER,Sri Hari Securities Pvt. Ltd.,Naasa Securities Co. Ltd.,25,195.0,4875.0,2025-07-08 11:38:53.754606
2025-07-08,48802,2025070804003323,UPPER,Sumeru Securities Pvt. Ltd.,Naasa Securities Co. Ltd.,20,195.0,3900.0,2025-07-08 11:38:53.754629
2025-07-08,48801,2025070804003324,UPPER,Sundhara Securities Limited,Naasa Securities Co. Ltd.,20,195.0,3900.0,2025-07-08 11:38:53.754653
2025-07-08,48800,2025070804003325,UPPER,Oxford Securities Pvt. Ltd.,Naasa Securities Co. Ltd.,152,194.9,29624.8,2025-07-08 11:38:53.754683
2025-07-08,48799,2025070804003326,UPPER,Trishakti Securities Public Limited,Naasa Securities Co. Ltd.,66,194.8,12856.8,2025-07-08 11:38:53.754706
2025-07-08,48798,2025070804003327,UPPER,Midas Stock Broking Company Private Limited,Naasa Securities Co. Ltd.,300,194.8,58440.0,2025-07-08 11:38:53.754734
2025-07-08,48797,2025070804003328,UPPER,Aryatara Investment & Securities,Naasa Securities Co. Ltd.,200,194.8,38960.0,2025-07-08 11:38:53.754798
2025-07-08,48796,2025070804003329,UPPER,Naasa Securities Co. Ltd.,Naasa Securities Co. Ltd.,345,194.7,67171.5,2025-07-08 11:38:53.754834
2025-07-08,48795,2025070804003330,UPPER,Sri Hari Securities Pvt. Ltd.,Naasa Securities Co. Ltd.,300,194.7,58410.0,2025-07-08 11:38:53.754855
2025-07-08,48794,2025070804003331,UPPER,Agrawal Securities (PVT) Ltd.,Naasa Securities Co. Ltd.,500,194.7,97350.0,2025-07-08 11:38:53.754877
2025-07-08,48793,2025070804003332,UPPER,Kumari Securities Private Limited,Naasa Securities Co. Ltd.,200,194.6,38920.0,2025-07-08 11:38:53.754902
2025-07-08,48792,2025070804003333,UPPER,Imperial Securities Company Pvt. Ltd.,Naasa Securities Co. Ltd.,52,194.6,10119.2,2025-07-08 11:38:53.754924
2025-07-08,48791,2025070804003334,UPPER,Neev Securities Pvt. Ltd.,Naasa Securities Co. Ltd.,98,194.5,19061.0,2025-07-08 11:38:53.754947
2025-07-08,48569,2025070804003422,UPPER,Neev Securities Pvt. Ltd.,Aryatara Investment & Securities,30,194.5,5835.0,2025-07-08 11:39:40.228836
2025-07-08,48534,2025070804003434,UPPER,Neev Securities Pvt. Ltd.,Aryatara Investment & Securities,10,194.5,1945.0,2025-07-08 11:39:56.356351
2025-07-08,48038,2025070804003643,UPPER,Secured Securities Ltd.,Online Securities Pvt. Ltd.,65,195.0,12675.0,2025-07-08 11:42:12.016618
2025-07-08,48036,2025070804003644,UPPER,Naasa Securities Co. Ltd.,Online Securities Pvt. Ltd.,15,195.0,2925.0,2025-07-08 11:42:13.259233
2025-07-08,47757,2025070804003760,UPPER,Naasa Securities Co. Ltd.,Vision Securities Pvt. Ltd,57,195.0,11115.0,2025-07-08 11:43:31.485769
2025-07-08,46913,2025070804004069,UPPER,Naasa Securities Co. Ltd.,Prabhu Stock Market Limited,32,195.0,6240.0,2025-07-08 11:47:21.427226
2025-07-08,46912,2025070804004070,UPPER,Thrive Brokerage House Pvt. Ltd,Prabhu Stock Market Limited,50,195.0,9750.0,2025-07-08 11:47:21.427784
2025-07-08,46911,2025070804004071,UPPER,Online Securities Pvt. Ltd.,Prabhu Stock Market Limited,20,195.0,3900.0,2025-07-08 11:47:21.428109
2025-07-08,46910,2025070804004072,UPPER,Vision Securities Pvt. Ltd,Prabhu Stock Market Limited,15,194.9,2923.5,2025-07-08 11:47:21.428436
2025-07-08,46909,2025070804004073,UPPER,Vision Securities Pvt. Ltd,Prabhu Stock Market Limited,15,194.8,2922.0,2025-07-08 11:47:21.428765
2025-07-08,46908,2025070804004074,UPPER,Vision Securities Pvt. Ltd,Prabhu Stock Market Limited,15,194.7,2920.5,2025-07-08 11:47:21.429085
2025-07-08,46907,2025070804004075,UPPER,Vision Securities Pvt. Ltd,Prabhu Stock Market Limited,15,194.6,2919.0,2025-07-08 11:47:21.429436
2025-07-08,46906,2025070804004076,UPPER,Aryatara Investment & Securities,Prabhu Stock Market Limited,200,194.6,38920.0,2025-07-08 11:47:21.429746
2025-07-08,46905,2025070804004077,UPPER,Neev Securities Pvt. Ltd.,Prabhu Stock Market Limited,838,194.5,162991.0,2025-07-08 11:47:21.430066
2025-07-08,46782,2025070804004119,UPPER,Neev Securities Pvt. Ltd.,Cristal Kanchanjanga Securites Pvt. Ltd.,24,194.5,4668.0,2025-07-08 11:47:53.974448
2025-07-08,46781,2025070804004120,UPPER,Naasa Securities Co. Ltd.,Cristal Kanchanjanga Securites Pvt. Ltd.,400,194.5,77800.0,2025-07-08 11:47:53.974733
2025-07-08,46780,2025070804004121,UPPER,Cristal Kanchanjanga Securites Pvt. Ltd.,Cristal Kanchanjanga Securites Pvt. Ltd.,50,194.5,9725.0,2025-07-08 11:47:53.974860
2025-07-08,46779,2025070804004122,UPPER,Sundhara Securities Limited,Cristal Kanchanjanga Securites Pvt. Ltd.,26,194.5,5057.0,2025-07-08 11:47:53.974974
2025-07-08,46620,2025070804004179,UPPER,Sundhara Securities Limited,Cristal Kanchanjanga Securites Pvt. Ltd.,56,194.5,10892.0,2025-07-08 11:48:48.233942
2025-07-08,46619,2025070804004180,UPPER,Linch Stock Market Ltd.,Cristal Kanchanjanga Securites Pvt. Ltd.,211,194.5,41039.5,2025-07-08 11:48:48.234428
2025-07-08,46618,2025070804004181,UPPER,Imperial Securities Company Pvt. Ltd.,Cristal Kanchanjanga Securites Pvt. Ltd.,33,194.5,6418.5,2025-07-08 11:48:48.234745
2025-07-08,46593,2025070804004188,UPPER,Imperial Securities Company Pvt. Ltd.,Nepal Stock House (PVT) Ltd.,67,194.5,13031.5,2025-07-08 11:48:56.204573
2025-07-08,46592,2025070804004189,UPPER,Sewa Securities Pvt. Ltd.,Nepal Stock House (PVT) Ltd.,100,194.5,19450.0,2025-07-08 11:48:56.205148
2025-07-08,46591,2025070804004190,UPPER,Imperial Securities Company Pvt. Ltd.,Nepal Stock House (PVT) Ltd.,770,194.4,149688.0,2025-07-08 11:48:56.205511
2025-07-08,46590,2025070804004191,UPPER,Dynamic Money Managers Securities Pvt. Ltd.,Nepal Stock House (PVT) Ltd.,63,194.3,12240.9,2025-07-08 11:48:56.205856
2025-07-08,46498,2025070804004231,UPPER,Dynamic Money Managers Securities Pvt. Ltd.,Malla & Malla Stock Broking Company Pvt. Limited,937,194.3,182059.1,2025-07-08 11:49:23.451641
2025-07-08,46497,2025070804004232,UPPER,Linch Stock Market Ltd.,Malla & Malla Stock Broking Company Pvt. Limited,500,194.2,97100.0,2025-07-08 11:49:23.451982
2025-07-08,46496,2025070804004233,UPPER,Kohinoor Investment & Securities Pvt. Ltd.,Malla & Malla Stock Broking Company Pvt. Limited,100,194.2,19420.0,2025-07-08 11:49:23.452168
2025-07-08,46495,2025070804004234,UPPER,Sri Hari Securities Pvt. Ltd.,Malla & Malla Stock Broking Company Pvt. Limited,300,194.2,58260.0,2025-07-08 11:49:23.452281
2025-07-08,46494,2025070804004235,UPPER,Naasa Securities Co. Ltd.,Malla & Malla Stock Broking Company Pvt. Limited,408,194.1,79192.8,2025-07-08 11:49:23.452424
2025-07-08,46465,2025070804004243,UPPER,Naasa Securities Co. Ltd.,Cristal Kanchanjanga Securites Pvt. Ltd.,117,194.1,22709.7,2025-07-08 11:49:35.399671
2025-07-08,46464,2025070804004244,UPPER,Thrive Brokerage House Pvt. Ltd,Cristal Kanchanjanga Securites Pvt. Ltd.,383,194.1,74340.3,2025-07-08 11:49:35.400204
2025-07-08,46409,2025070804004280,UPPER,Thrive Brokerage House Pvt. Ltd,Aryatara Investment & Securities,617,194.1,119759.7,2025-07-08 11:49:47.983644
2025-07-08,46408,2025070804004281,UPPER,Sewa Securities Pvt. Ltd.,Aryatara Investment & Securities,300,194.1,58230.0,2025-07-08 11:49:47.984131
2025-07-08,46362,2025070804004285,UPPER,Online Securities Pvt. Ltd.,Aryatara Investment & Securities,83,194.1,16110.3,2025-07-08 11:49:55.352461
2025-07-08,46120,2025070804004393,UPPER,Vision Securities Pvt. Ltd,Sweta Securities Private Limited,20,194.2,3884.0,2025-07-08 11:51:19.522082
2025-07-08,46119,2025070804004394,UPPER,Sweta Securities Private Limited,Sweta Securities Private Limited,200,194.2,38840.0,2025-07-08 11:51:19.522401
2025-07-08,46118,2025070804004395,UPPER,Online Securities Pvt. Ltd.,Sweta Securities Private Limited,67,194.1,13004.7,2025-07-08 11:51:19.522546
2025-07-08,46117,2025070804004396,UPPER,Nepal Stock House (PVT) Ltd.,Sweta Securities Private Limited,50,194.1,9705.0,2025-07-08 11:51:19.522666
2025-07-08,46116,2025070804004397,UPPER,Thrive Brokerage House Pvt. Ltd,Sweta Securities Private Limited,500,194.1,97050.0,2025-07-08 11:51:19.522789
2025-07-08,46115,2025070804004398,UPPER,Citizens Share Broker Limited,Sweta Securities Private Limited,1000,194.1,194100.0,2025-07-08 11:51:19.522927
2025-07-08,46114,2025070804004399,UPPER,Citizens Share Broker Limited,Sweta Securities Private Limited,1000,194.0,194000.0,2025-07-08 11:51:19.523052
2025-07-08,46113,2025070804004400,UPPER,Vision Securities Pvt. Ltd,Sweta Securities Private Limited,300,194.0,58200.0,2025-07-08 11:51:19.523168
2025-07-08,46112,2025070804004401,UPPER,Linch Stock Market Ltd.,Sweta Securities Private Limited,100,194.0,19400.0,2025-07-08 11:51:19.523295
2025-07-08,46111,2025070804004402,UPPER,Linch Stock Market Ltd.,Sweta Securities Private Limited,101,194.0,19594.0,2025-07-08 11:51:19.523457
2025-07-08,46110,2025070804004403,UPPER,Market Securities & Exchange (PVT) Ltd.,Sweta Securities Private Limited,50,194.0,9700.0,2025-07-08 11:51:19.523592
2025-07-08,46109,2025070804004404,UPPER,Secured Securities Ltd.,Sweta Securities Private Limited,100,194.0,19400.0,2025-07-08 11:51:19.523703
2025-07-08,46108,2025070804004405,UPPER,Online Securities Pvt. Ltd.,Sweta Securities Private Limited,371,194.0,71974.0,2025-07-08 11:51:19.523815
2025-07-08,46076,2025070804004419,UPPER,Online Securities Pvt. Ltd.,South Asian Bulls Pvt. Ltd.,80,194.0,15520.0,2025-07-08 11:51:29.328873
2025-07-08,46072,2025070804004421,UPPER,Online Securities Pvt. Ltd.,ABC Securities Private Limited,49,194.0,9506.0,2025-07-08 11:51:30.544093
2025-07-08,46071,2025070804004422,UPPER,Siprabi Securities Pvt. Ltd.,ABC Securities Private Limited,400,194.0,77600.0,2025-07-08 11:51:30.544686
2025-07-08,46070,2025070804004423,UPPER,Dipshikha Dhitopatra Karobar Co. Pvt Ltd.,ABC Securities Private Limited,20,194.0,3880.0,2025-07-08 11:51:30.545013
2025-07-08,46069,2025070804004424,UPPER,Naasa Securities Co. Ltd.,ABC Securities Private Limited,31,194.0,6014.0,2025-07-08 11:51:30.545353
2025-07-08,45995,2025070804004452,UPPER,Online Securities Pvt. Ltd.,ABC Securities Private Limited,80,195.0,15600.0,2025-07-08 11:51:56.731656
2025-07-08,45994,2025070804004453,UPPER,Naasa Securities Co. Ltd.,ABC Securities Private Limited,200,194.0,38800.0,2025-07-08 11:51:56.732172
2025-07-08,45891,2025070804004493,UPPER,Naasa Securities Co. Ltd.,Dipshikha Dhitopatra Karobar Co. Pvt Ltd.,119,194.0,23086.0,2025-07-08 11:52:22.704277
2025-07-08,45890,2025070804004494,UPPER,Sundhara Securities Limited,Dipshikha Dhitopatra Karobar Co. Pvt Ltd.,180,194.0,34920.0,2025-07-08 11:52:22.704562
2025-07-08,45889,2025070804004495,UPPER,ABC Securities Private Limited,Dipshikha Dhitopatra Karobar Co. Pvt Ltd.,150,194.0,29100.0,2025-07-08 11:52:22.704677
2025-07-08,45888,2025070804004496,UPPER,Sewa Securities Pvt. Ltd.,Dipshikha Dhitopatra Karobar Co. Pvt Ltd.,50,194.0,9700.0,2025-07-08 11:52:22.704787
2025-07-08,45887,2025070804004497,UPPER,Online Securities Pvt. Ltd.,Dipshikha Dhitopatra Karobar Co. Pvt Ltd.,87,194.0,16878.0,2025-07-08 11:52:22.704898
2025-07-08,45569,2025070804004632,UPPER,Trishakti Securities Public Limited,Bhrikuti Stock Broking Co. Pvt. Ltd.,100,194.1,19410.0,2025-07-08 11:53:40.398948
2025-07-08,45568,2025070804004633,UPPER,Online Securities Pvt. Ltd.,Bhrikuti Stock Broking Co. Pvt. Ltd.,800,194.0,155200.0,2025-07-08 11:53:40.399504
2025-07-08,45545,2025070804004636,UPPER,Online Securities Pvt. Ltd.,Trishakti Securities Public Limited,163,194.0,31622.0,2025-07-08 11:53:43.253291
2025-07-08,45544,2025070804004637,UPPER,Naasa Securities Co. Ltd.,Trishakti Securities Public Limited,104,194.0,20176.0,2025-07-08 11:53:43.253621
2025-07-08,45543,2025070804004638,UPPER,Online Securities Pvt. Ltd.,Trishakti Securities Public Limited,25,194.0,4850.0,2025-07-08 11:53:43.253740
2025-07-08,45542,2025070804004639,UPPER,Bhrikuti Stock Broking Co. Pvt. Ltd.,Trishakti Securities Public Limited,100,194.0,19400.0,2025-07-08 11:53:43.253854
2025-07-08,45541,2025070804004640,UPPER,Kalika Securities Pvt. Ltd.,Trishakti Securities Public Limited,25,194.0,4850.0,2025-07-08 11:53:43.253966
2025-07-08,45540,2025070804004641,UPPER,Global IME Securities Limited,Trishakti Securities Public Limited,55,194.0,10670.0,2025-07-08 11:53:43.254083
2025-07-08,45539,2025070804004642,UPPER,Bhrikuti Stock Broking Co. Pvt. Ltd.,Trishakti Securities Public Limited,2500,194.0,485000.0,2025-07-08 11:53:43.254195
2025-07-08,45538,2025070804004643,UPPER,Premier Securities Company Ltd.,Trishakti Securities Public Limited,1000,194.0,194000.0,2025-07-08 11:53:43.254307
2025-07-08,45537,2025070804004644,UPPER,Nepal Stock House (PVT) Ltd.,Trishakti Securities Public Limited,120,194.0,23280.0,2025-07-08 11:53:43.254424
2025-07-08,45536,2025070804004645,UPPER,Secured Securities Ltd.,Trishakti Securities Public Limited,100,194.0,19400.0,2025-07-08 11:53:43.254535
2025-07-08,45535,2025070804004646,UPPER,Oxford Securities Pvt. Ltd.,Trishakti Securities Public Limited,100,194.0,19400.0,2025-07-08 11:53:43.254646
2025-07-08,45534,2025070804004647,UPPER,Thrive Brokerage House Pvt. Ltd,Trishakti Securities Public Limited,50,194.0,9700.0,2025-07-08 11:53:43.254758
2025-07-08,45533,2025070804004648,UPPER,Naasa Securities Co. Ltd.,Trishakti Securities Public Limited,510,194.0,98940.0,2025-07-08 11:53:43.254869
2025-07-08,45532,2025070804004649,UPPER,Investment Management Nepal Pvt. Ltd.,Trishakti Securities Public Limited,27,194.0,5238.0,2025-07-08 11:53:43.254977
2025-07-08,45531,2025070804004650,UPPER,Dipshikha Dhitopatra Karobar Co. Pvt Ltd.,Trishakti Securities Public Limited,121,194.0,23474.0,2025-07-08 11:53:43.255087
2025-07-08,45525,2025070804004654,UPPER,Kalika Securities Pvt. Ltd.,Capital Max Securities Ltd,200,194.5,38900.0,2025-07-08 11:53:44.306986
2025-07-08,45335,2025070804004718,UPPER,Kumari Securities Private Limited,Capital Max Securities Ltd,92,194.5,17894.0,2025-07-08 11:54:45.281477
2025-07-08,45328,2025070804004720,UPPER,Cristal Kanchanjanga Securites Pvt. Ltd.,Thrive Brokerage House Pvt. Ltd,36,195.0,7020.0,2025-07-08 11:54:50.323282
2025-07-08,44919,2025070804004844,UPPER,Sewa Securities Pvt. Ltd.,Thrive Brokerage House Pvt. Ltd,30,195.0,5850.0,2025-07-08 11:56:11.041584
2025-07-08,44758,2025070804004911,UPPER,Vision Securities Pvt. Ltd,Thrive Brokerage House Pvt. Ltd,40,195.0,7800.0,2025-07-08 11:56:50.413662
2025-07-08,44721,2025070804004929,UPPER,Kohinoor Investment & Securities Pvt. Ltd.,Cristal Kanchanjanga Securites Pvt. Ltd.,200,194.4,38880.0,2025-07-08 11:57:03.736772
2025-07-08,44720,2025070804004930,UPPER,Dipshikha Dhitopatra Karobar Co. Pvt Ltd.,Cristal Kanchanjanga Securites Pvt. Ltd.,25,194.4,4860.0,2025-07-08 11:57:03.737044
2025-07-08,44719,2025070804004931,UPPER,Kalika Securities Pvt. Ltd.,Cristal Kanchanjanga Securites Pvt. Ltd.,205,194.2,39811.0,2025-07-08 11:57:03.737190
2025-07-08,44718,2025070804004932,UPPER,Nepal Stock House (PVT) Ltd.,Cristal Kanchanjanga Securites Pvt. Ltd.,570,194.2,110694.0,2025-07-08 11:57:03.737321
2025-07-08,44423,2025070804005062,UPPER,Opal Securities Investment (PVT) Ltd.,Thrive Brokerage House Pvt. Ltd,10,195.0,1950.0,2025-07-08 11:58:23.743086
2025-07-08,44105,2025070804005176,UPPER,Shree Krishna Securities Ltd.,Thrive Brokerage House Pvt. Ltd,60,195.0,11700.0,2025-07-08 11:59:55.943903
2025-07-08,44055,2025070804005194,UPPER,Deevyaa Securities & Stock House Pvt. Ltd,Himalayan Securities Limited,52,194.3,10103.6,2025-07-08 12:00:14.440306
2025-07-08,43985,2025070804005227,UPPER,Deevyaa Securities & Stock House Pvt. Ltd,Naasa Securities Co. Ltd.,10,194.3,1943.0,2025-07-08 12:00:36.612400
2025-07-08,43836,2025070804005271,UPPER,Miyo Securities Pvt Ltd,South Asian Bulls Pvt. Ltd.,100,194.4,19440.0,2025-07-08 12:01:18.106981
2025-07-08,43739,2025070804005311,UPPER,Premier Securities Company Ltd.,Thrive Brokerage House Pvt. Ltd,10,195.0,1950.0,2025-07-08 12:01:53.619822
2025-07-08,43478,2025070804005438,UPPER,Vision Securities Pvt. Ltd,Thrive Brokerage House Pvt. Ltd,50,195.0,9750.0,2025-07-08 12:03:04.300887
2025-07-08,43258,2025070804005521,UPPER,Secured Securities Ltd.,Thrive Brokerage House Pvt. Ltd,500,195.0,97500.0,2025-07-08 12:04:14.037306
2025-07-08,43150,2025070804005568,UPPER,Primo Securities (PVT) Ltd.,Thrive Brokerage House Pvt. Ltd,51,195.0,9945.0,2025-07-08 12:04:40.840390
2025-07-08,43149,2025070804005569,UPPER,Primo Securities (PVT) Ltd.,Nepal Stock House (PVT) Ltd.,49,195.0,9555.0,2025-07-08 12:04:40.840732
2025-07-08,42739,2025070804005757,UPPER,Opal Securities Investment (PVT) Ltd.,Nepal Stock House (PVT) Ltd.,10,195.0,1950.0,2025-07-08 12:06:27.174634
2025-07-08,42734,2025070804005759,UPPER,Naasa Securities Co. Ltd.,Nepal Stock House (PVT) Ltd.,80,195.0,15600.0,2025-07-08 12:06:28.378828
2025-07-08,42665,2025070804005785,UPPER,Vision Securities Pvt. Ltd,Dipshikha Dhitopatra Karobar Co. Pvt Ltd.,48,195.0,9360.0,2025-07-08 12:06:50.364187
2025-07-08,42520,2025070804005879,UPPER,Sweta Securities Private Limited,Sani Securities Company Ltd.,66,195.0,12870.0,2025-07-08 12:07:24.042866
2025-07-08,42519,2025070804005880,UPPER,Secured Securities Ltd.,Sani Securities Company Ltd.,14,195.0,2730.0,2025-07-08 12:07:24.093668
2025-07-08,42518,2025070804005881,UPPER,Secured Securities Ltd.,Online Securities Pvt. Ltd.,25,195.0,4875.0,2025-07-08 12:07:24.093944
2025-07-08,42370,2025070804005944,UPPER,Secured Securities Ltd.,Sani Securities Company Ltd.,34,195.0,6630.0,2025-07-08 12:08:09.954067
2025-07-08,42361,2025070804005948,UPPER,Premier Securities Company Ltd.,Vision Securities Pvt. Ltd,10,195.5,1955.0,2025-07-08 12:08:12.683964
2025-07-08,42250,2025070804006009,UPPER,Sweta Securities Private Limited,Malla & Malla Stock Broking Company Pvt. Limited,100,195.1,19510.0,2025-07-08 12:08:36.154240
2025-07-08,42249,2025070804006010,UPPER,Secured Securities Ltd.,Malla & Malla Stock Broking Company Pvt. Limited,927,195.0,180765.0,2025-07-08 12:08:36.154916
2025-07-08,42248,2025070804006011,UPPER,Kohinoor Investment & Securities Pvt. Ltd.,Malla & Malla Stock Broking Company Pvt. Limited,73,195.0,14235.0,2025-07-08 12:08:36.155374
2025-07-08,41835,2025070804006201,UPPER,Premier Securities Company Ltd.,Vision Securities Pvt. Ltd,10,195.5,1955.0,2025-07-08 12:10:13.383964
2025-07-08,41588,2025070804006311,UPPER,Kohinoor Investment & Securities Pvt. Ltd.,Sani Securities Company Ltd.,32,195.0,6240.0,2025-07-08 12:11:09.435961
2025-07-08,41587,2025070804006312,UPPER,Kumari Securities Private Limited,Sani Securities Company Ltd.,2,195.0,390.0,2025-07-08 12:11:09.436752
2025-07-08,41530,2025070804006329,UPPER,Linch Stock Market Ltd.,Primo Securities (PVT) Ltd.,10,195.0,1950.0,2025-07-08 12:11:28.325531
2025-07-08,41459,2025070804006364,UPPER,Dipshikha Dhitopatra Karobar Co. Pvt Ltd.,Vision Securities Pvt. Ltd,100,195.5,19550.0,2025-07-08 12:11:44.686971
2025-07-08,41394,2025070804006388,UPPER,Agrawal Securities (PVT) Ltd.,Vision Securities Pvt. Ltd,50,195.5,9775.0,2025-07-08 12:12:05.838896
2025-07-08,41357,2025070804006401,UPPER,Secured Securities Ltd.,Vision Securities Pvt. Ltd,170,195.5,33235.0,2025-07-08 12:12:15.585377
2025-07-08,41356,2025070804006402,UPPER,Secured Securities Ltd.,Secured Securities Ltd.,30,195.5,5865.0,2025-07-08 12:12:15.585986
2025-07-08,41167,2025070804006476,UPPER,Oxford Securities Pvt. Ltd.,Online Securities Pvt. Ltd.,82,196.0,16072.0,2025-07-08 12:13:00.461973
2025-07-08,41033,2025070804006558,UPPER,Dipshikha Dhitopatra Karobar Co. Pvt Ltd.,Online Securities Pvt. Ltd.,18,196.0,3528.0,2025-07-08 12:13:36.429913
2025-07-08,41032,2025070804006559,UPPER,Dipshikha Dhitopatra Karobar Co. Pvt Ltd.,ABC Securities Private Limited,80,196.0,15680.0,2025-07-08 12:13:36.430237
2025-07-08,40821,2025070804006629,UPPER,Secured Securities Ltd.,Dynamic Money Managers Securities Pvt. Ltd.,50,195.5,9775.0,2025-07-08 12:14:25.436407
2025-07-08,40820,2025070804006630,UPPER,ABC Securities Private Limited,Dynamic Money Managers Securities Pvt. Ltd.,37,195.5,7233.5,2025-07-08 12:14:25.436790
2025-07-08,40369,2025070804006823,UPPER,Sani Securities Company Ltd.,ABC Securities Private Limited,10,195.3,1953.0,2025-07-08 12:16:30.323689
2025-07-08,40318,2025070804006837,UPPER,Sani Securities Company Ltd.,ABC Securities Private Limited,10,195.3,1953.0,2025-07-08 12:16:46.430131
2025-07-08,40098,2025070804006935,UPPER,Deevyaa Securities & Stock House Pvt. Ltd,ABC Securities Private Limited,80,195.3,15624.0,2025-07-08 12:17:43.196787
2025-07-08,40097,2025070804006936,UPPER,Deevyaa Securities & Stock House Pvt. Ltd,Dynamic Money Managers Securities Pvt. Ltd.,690,195.4,134826.0,2025-07-08 12:17:43.196888
2025-07-08,39307,2025070804007259,UPPER,Linch Stock Market Ltd.,Sundhara Securities Limited,40,195.0,7800.0,2025-07-08 12:21:05.396582
2025-07-08,39306,2025070804007260,UPPER,Neev Securities Pvt. Ltd.,Sundhara Securities Limited,160,195.0,31200.0,2025-07-08 12:21:05.396985
2025-07-08,39218,2025070804007295,UPPER,Neev Securities Pvt. Ltd.,Trisul Securities & Invt. Ltd.,140,195.0,27300.0,2025-07-08 12:21:31.863413
2025-07-08,39217,2025070804007296,UPPER,Online Securities Pvt. Ltd.,Trisul Securities & Invt. Ltd.,50,195.0,9750.0,2025-07-08 12:21:31.863792
2025-07-08,39216,2025070804007297,UPPER,Online Securities Pvt. Ltd.,Trisul Securities & Invt. Ltd.,100,195.0,19500.0,2025-07-08 12:21:31.863957
2025-07-08,39215,2025070804007298,UPPER,Creative Securities Pvt Ltd,Trisul Securities & Invt. Ltd.,100,195.0,19500.0,2025-07-08 12:21:31.864149
2025-07-08,39214,2025070804007299,UPPER,Dynamic Money Managers Securities Pvt. Ltd.,Trisul Securities & Invt. Ltd.,100,195.0,19500.0,2025-07-08 12:21:31.864401
2025-07-08,39213,2025070804007300,UPPER,Asian Securities Private Ltd.,Trisul Securities & Invt. Ltd.,500,195.0,97500.0,2025-07-08 12:21:31.864621
2025-07-08,39212,2025070804007301,UPPER,Aryatara Investment & Securities,Trisul Securities & Invt. Ltd.,10,195.0,1950.0,2025-07-08 12:21:31.864816
2025-07-08,38991,2025070804007398,UPPER,Premier Securities Company Ltd.,Dynamic Money Managers Securities Pvt. Ltd.,10,195.4,1954.0,2025-07-08 12:22:30.217432
2025-07-08,38810,2025070804007460,UPPER,Imperial Securities Company Pvt. Ltd.,Naasa Securities Co. Ltd.,600,195.1,117060.0,2025-07-08 12:23:11.807127
2025-07-08,38809,2025070804007461,UPPER,Aryatara Investment & Securities,Naasa Securities Co. Ltd.,400,195.0,78000.0,2025-07-08 12:23:11.807531
2025-07-08,38721,2025070804007487,UPPER,Premier Securities Company Ltd.,Dynamic Money Managers Securities Pvt. Ltd.,10,195.4,1954.0,2025-07-08 12:23:42.572918
2025-07-08,38581,2025070804007549,UPPER,Nepal Stock House (PVT) Ltd.,Pragyan Securities (PVT) Ltd.,100,195.3,19530.0,2025-07-08 12:24:28.807439
2025-07-08,38513,2025070804007573,UPPER,Online Securities Pvt. Ltd.,Dynamic Money Managers Securities Pvt. Ltd.,50,195.4,9770.0,2025-07-08 12:24:51.310560
2025-07-08,38512,2025070804007574,UPPER,Naasa Securities Co. Ltd.,Dynamic Money Managers Securities Pvt. Ltd.,10,195.4,1954.0,2025-07-08 12:24:52.566976
2025-07-08,38406,2025070804007600,UPPER,ABC Securities Private Limited,Dynamic Money Managers Securities Pvt. Ltd.,100,195.4,19540.0,2025-07-08 12:25:27.397830
2025-07-08,38240,2025070804007674,UPPER,Malla & Malla Stock Broking Company Pvt. Limited,Dynamic Money Managers Securities Pvt. Ltd.,30,195.4,5862.0,2025-07-08 12:26:04.650303
2025-07-08,38167,2025070804007703,UPPER,Nepal Stock House (PVT) Ltd.,Dynamic Money Managers Securities Pvt. Ltd.,200,195.4,39080.0,2025-07-08 12:26:27.845102
2025-07-08,38158,2025070804007706,UPPER,Imperial Securities Company Pvt. Ltd.,Dynamic Money Managers Securities Pvt. Ltd.,63,195.4,12310.2,2025-07-08 12:26:34.755137
2025-07-08,38157,2025070804007707,UPPER,Imperial Securities Company Pvt. Ltd.,Kohinoor Investment & Securities Pvt. Ltd.,159,195.4,31068.6,2025-07-08 12:26:34.755600
2025-07-08,37860,2025070804007788,UPPER,Dipshikha Dhitopatra Karobar Co. Pvt Ltd.,Magnet Securities and Investment Company Private Limited,20,195.5,3910.0,2025-07-08 12:27:46.994099
2025-07-08,37795,2025070804007804,UPPER,Online Securities Pvt. Ltd.,Magnet Securities and Investment Company Private Limited,100,195.5,19550.0,2025-07-08 12:28:07.742716
2025-07-08,37710,2025070804007828,UPPER,Online Securities Pvt. Ltd.,Linch Stock Market Ltd.,50,195.5,9775.0,2025-07-08 12:28:30.666976
2025-07-08,37592,2025070804007861,UPPER,Premier Securities Company Ltd.,Opal Securities Investment (PVT) Ltd.,10,196.0,1960.0,2025-07-08 12:28:58.060057
2025-07-08,37561,2025070804007873,UPPER,Agrawal Securities (PVT) Ltd.,Opal Securities Investment (PVT) Ltd.,115,196.0,22540.0,2025-07-08 12:29:10.381436
2025-07-08,37560,2025070804007874,UPPER,Agrawal Securities (PVT) Ltd.,Dipshikha Dhitopatra Karobar Co. Pvt Ltd.,48,196.0,9408.0,2025-07-08 12:29:10.381791
2025-07-08,37559,2025070804007875,UPPER,Agrawal Securities (PVT) Ltd.,Online Securities Pvt. Ltd.,18,196.0,3528.0,2025-07-08 12:29:10.381960
2025-07-08,37513,2025070804007891,UPPER,Premier Securities Company Ltd.,Secured Securities Ltd.,10,196.3,1963.0,2025-07-08 12:29:26.221653
2025-07-08,37165,2025070804008002,UPPER,Imperial Securities Company Pvt. Ltd.,Secured Securities Ltd.,27,196.3,5300.1,2025-07-08 12:31:11.201572
2025-07-08,37164,2025070804008003,UPPER,Imperial Securities Company Pvt. Ltd.,Secured Securities Ltd.,23,196.4,4517.2,2025-07-08 12:31:11.201957
2025-07-08,37019,2025070804008070,UPPER,Sani Securities Company Ltd.,Secured Securities Ltd.,10,196.4,1964.0,2025-07-08 12:31:46.277922
2025-07-08,36894,2025070804008118,UPPER,Naasa Securities Co. Ltd.,Nepal Investment And Securities Trading Private Limited,40,196.3,7852.0,2025-07-08 12:32:22.689933
2025-07-08,36773,2025070804008158,UPPER,Naasa Securities Co. Ltd.,Dynamic Money Managers Securities Pvt. Ltd.,20,196.3,3926.0,2025-07-08 12:32:48.950370
2025-07-08,36715,2025070804008173,UPPER,Agrawal Securities (PVT) Ltd.,ABC Securities Private Limited,319,196.0,62524.0,2025-07-08 12:32:58.685856
2025-07-08,36714,2025070804008174,UPPER,Sani Securities Company Ltd.,ABC Securities Private Limited,10,196.0,1960.0,2025-07-08 12:32:58.686223
2025-07-08,36713,2025070804008175,UPPER,Thrive Brokerage House Pvt. Ltd,ABC Securities Private Limited,30,196.0,5880.0,2025-07-08 12:32:58.686402
2025-07-08,36685,2025070804008189,UPPER,Imperial Securities Company Pvt. Ltd.,ABC Securities Private Limited,641,196.0,125636.0,2025-07-08 12:33:03.668435
2025-07-08,36387,2025070804008293,UPPER,Secured Securities Ltd.,Dynamic Money Managers Securities Pvt. Ltd.,300,196.3,58890.0,2025-07-08 12:34:19.059784
2025-07-08,36259,2025070804008337,UPPER,Secured Securities Ltd.,KALASH STOCK MARKET PVT. LTD.,340,196.3,66742.0,2025-07-08 12:35:01.717624
2025-07-08,36178,2025070804008369,UPPER,Secured Securities Ltd.,Asian Securities Private Ltd.,300,196.3,58890.0,2025-07-08 12:35:26.345842
2025-07-08,36046,2025070804008421,UPPER,Naasa Securities Co. Ltd.,Asian Securities Private Ltd.,50,196.4,9820.0,2025-07-08 12:35:57.251048
2025-07-08,35679,2025070804008557,UPPER,Imperial Securities Company Pvt. Ltd.,Asian Securities Private Ltd.,250,196.4,49100.0,2025-07-08 12:37:28.555780
2025-07-08,35678,2025070804008558,UPPER,Imperial Securities Company Pvt. Ltd.,Nepal Investment And Securities Trading Private Limited,18,196.4,3535.2,2025-07-08 12:37:28.556166
2025-07-08,35671,2025070804008559,UPPER,Imperial Securities Company Pvt. Ltd.,Premier Securities Company Ltd.,68,196.4,13355.2,2025-07-08 12:37:30.078371
2025-07-08,35616,2025070804008581,UPPER,Imperial Securities Company Pvt. Ltd.,Creative Securities Pvt Ltd,442,196.4,86808.8,2025-07-08 12:37:47.425177
2025-07-08,34715,2025070804008886,UPPER,Vision Securities Pvt. Ltd,Sumeru Securities Pvt. Ltd.,10,196.5,1965.0,2025-07-08 12:41:56.839402
2025-07-08,34629,2025070804008918,UPPER,K.B.L. Securities Limited ,Sumeru Securities Pvt. Ltd.,100,196.5,19650.0,2025-07-08 12:42:26.919327
2025-07-08,34509,2025070804008946,UPPER,Property Wiard Limited,Aryatara Investment & Securities,100,196.4,19640.0,2025-07-08 12:43:04.596382
2025-07-08,34508,2025070804008947,UPPER,Dipshikha Dhitopatra Karobar Co. Pvt Ltd.,Aryatara Investment & Securities,50,196.4,9820.0,2025-07-08 12:43:04.596790
2025-07-08,34507,2025070804008948,UPPER,Secured Securities Ltd.,Trisul Securities & Invt. Ltd.,60,196.3,11778.0,2025-07-08 12:43:04.766453
2025-07-08,34506,2025070804008949,UPPER,Imperial Securities Company Pvt. Ltd.,Trisul Securities & Invt. Ltd.,340,196.0,66640.0,2025-07-08 12:43:04.766874
2025-07-08,34250,2025070804009059,UPPER,Sagarmatha Securities Private Limited,Premier Securities Company Ltd.,80,196.3,15704.0,2025-07-08 12:44:00.365040
2025-07-08,34114,2025070804009108,UPPER,Sagarmatha Securities Private Limited,Asian Securities Private Ltd.,20,196.3,3926.0,2025-07-08 12:44:37.477566
2025-07-08,33869,2025070804009209,UPPER,Imperial Securities Company Pvt. Ltd.,Trishakti Securities Public Limited,19,196.0,3724.0,2025-07-08 12:45:46.133834
2025-07-08,33868,2025070804009210,UPPER,Naasa Securities Co. Ltd.,Trishakti Securities Public Limited,10,196.0,1960.0,2025-07-08 12:45:46.134236
2025-07-08,33867,2025070804009211,UPPER,Linch Stock Market Ltd.,Trishakti Securities Public Limited,171,196.0,33516.0,2025-07-08 12:45:46.134426
2025-07-08,33765,2025070804009261,UPPER,Linch Stock Market Ltd.,Naasa Securities Co. Ltd.,30,196.0,5880.0,2025-07-08 12:46:04.308570
2025-07-08,33764,2025070804009262,UPPER,Sani Securities Company Ltd.,Naasa Securities Co. Ltd.,1043,196.0,204428.0,2025-07-08 12:46:04.309012
2025-07-08,33501,2025070804009362,UPPER,Sri Hari Securities Pvt. Ltd.,Asian Securities Private Ltd.,100,196.3,19630.0,2025-07-08 12:46:55.830502
2025-07-08,33422,2025070804009387,UPPER,Secured Securities Ltd.,Asian Securities Private Ltd.,120,196.3,23556.0,2025-07-08 12:47:15.927357
2025-07-08,33421,2025070804009388,UPPER,Secured Securities Ltd.,Naasa Securities Co. Ltd.,200,196.3,39260.0,2025-07-08 12:47:15.927722
2025-07-08,33364,2025070804009415,UPPER,Imperial Securities Company Pvt. Ltd.,Aryatara Investment & Securities,30,196.4,5892.0,2025-07-08 12:47:34.761629
2025-07-08,33354,2025070804009419,UPPER,Secured Securities Ltd.,Nepal Stock House (PVT) Ltd.,184,196.3,36119.2,2025-07-08 12:47:37.393189
2025-07-08,32743,2025070804009623,UPPER,Secured Securities Ltd.,ABC Securities Private Limited,70,196.3,13741.0,2025-07-08 12:50:09.923655
2025-07-08,32422,2025070804009802,UPPER,Secured Securities Ltd.,Aryatara Investment & Securities,426,196.3,83623.8,2025-07-08 12:50:54.262742
2025-07-08,32421,2025070804009803,UPPER,Sani Securities Company Ltd.,Aryatara Investment & Securities,739,196.0,144844.0,2025-07-08 12:50:54.263154
2025-07-08,31986,2025070804010013,UPPER,Sani Securities Company Ltd.,Dynamic Money Managers Securities Pvt. Ltd.,104,196.0,20384.0,2025-07-08 12:52:20.158260
2025-07-08,31870,2025070804010048,UPPER,Sani Securities Company Ltd.,Shree Krishna Securities Ltd.,40,196.0,7840.0,2025-07-08 12:52:54.498447
2025-07-08,31838,2025070804010064,UPPER,Premier Securities Company Ltd.,Sri Hari Securities Pvt. Ltd.,10,196.4,1964.0,2025-07-08 12:53:01.653533
2025-07-08,31716,2025070804010121,UPPER,Sani Securities Company Ltd.,Kohinoor Investment & Securities Pvt. Ltd.,90,196.0,17640.0,2025-07-08 12:53:27.697903
2025-07-08,31508,2025070804010187,UPPER,Premier Securities Company Ltd.,Sri Hari Securities Pvt. Ltd.,10,196.4,1964.0,2025-07-08 12:54:19.369172
2025-07-08,31415,2025070804010207,UPPER,Sani Securities Company Ltd.,Sumeru Securities Pvt. Ltd.,100,196.0,19600.0,2025-07-08 12:54:52.840653
2025-07-08,31354,2025070804010233,UPPER,Premier Securities Company Ltd.,Trishakti Securities Public Limited,10,196.3,1963.0,2025-07-08 12:55:04.603476
2025-07-08,31211,2025070804010273,UPPER,Sani Securities Company Ltd.,Kohinoor Investment & Securities Pvt. Ltd.,100,196.0,19600.0,2025-07-08 12:55:48.280929
2025-07-08,30996,2025070804010349,UPPER,Premier Securities Company Ltd.,Trishakti Securities Public Limited,10,196.3,1963.0,2025-07-08 12:57:09.269141
2025-07-08,30877,2025070804010419,UPPER,Sani Securities Company Ltd.,Dynamic Money Managers Securities Pvt. Ltd.,10,196.0,1960.0,2025-07-08 12:57:33.213368
2025-07-08,30682,2025070804010481,UPPER,Sani Securities Company Ltd.,Sundhara Securities Limited,274,196.0,53704.0,2025-07-08 12:58:43.180293
2025-07-08,30681,2025070804010482,UPPER,Kohinoor Investment & Securities Pvt. Ltd.,Sundhara Securities Limited,250,196.0,49000.0,2025-07-08 12:58:43.181185
2025-07-08,30680,2025070804010483,UPPER,Sweta Securities Private Limited,Sundhara Securities Limited,76,196.0,14896.0,2025-07-08 12:58:43.182112
2025-07-08,30581,2025070804010531,UPPER,Sweta Securities Private Limited,Trishakti Securities Public Limited,29,196.0,5684.0,2025-07-08 12:59:04.403776
2025-07-08,30580,2025070804010532,UPPER,Trishakti Securities Public Limited,Trishakti Securities Public Limited,10,196.0,1960.0,2025-07-08 12:59:04.404216
2025-07-08,30514,2025070804010551,UPPER,Aryatara Investment & Securities,Trishakti Securities Public Limited,10,196.0,1960.0,2025-07-08 12:59:27.503949
2025-07-08,30502,2025070804010556,UPPER,Sani Securities Company Ltd.,Trishakti Securities Public Limited,10,196.0,1960.0,2025-07-08 12:59:31.964587
2025-07-08,30482,2025070804010557,UPPER,Creative Securities Pvt Ltd,Trishakti Securities Public Limited,10,196.0,1960.0,2025-07-08 12:59:35.344035
2025-07-08,30419,2025070804010571,UPPER,Shree Krishna Securities Ltd.,Trishakti Securities Public Limited,411,196.0,80556.0,2025-07-08 13:00:05.873282
2025-07-08,30418,2025070804010572,UPPER,Shree Krishna Securities Ltd.,Nepal Investment And Securities Trading Private Limited,500,196.0,98000.0,2025-07-08 13:00:05.873666
2025-07-08,30271,2025070804010611,UPPER,Premier Securities Company Ltd.,Online Securities Pvt. Ltd.,10,196.3,1963.0,2025-07-08 13:00:59.545988
2025-07-08,30024,2025070804010699,UPPER,Trishakti Securities Public Limited,Online Securities Pvt. Ltd.,190,196.3,37297.0,2025-07-08 13:02:19.415065
2025-07-08,30023,2025070804010700,UPPER,Trishakti Securities Public Limited,Kohinoor Investment & Securities Pvt. Ltd.,300,196.3,58890.0,2025-07-08 13:02:19.415877
2025-07-08,30022,2025070804010701,UPPER,Trishakti Securities Public Limited,Sri Hari Securities Pvt. Ltd.,60,196.4,11784.0,2025-07-08 13:02:19.416591
2025-07-08,29979,2025070804010713,UPPER,Vision Securities Pvt. Ltd,Sumeru Securities Pvt. Ltd.,50,196.5,9825.0,2025-07-08 13:02:35.887532
2025-07-08,29618,2025070804010759,UPPER,Trishakti Securities Public Limited,ABC Securities Private Limited,20,196.4,3928.0,2025-07-08 13:04:04.830458
2025-07-08,29497,2025070804010791,UPPER,Trishakti Securities Public Limited,Naasa Securities Co. Ltd.,300,196.4,58920.0,2025-07-08 13:04:46.164952
2025-07-08,29356,2025070804010836,UPPER,Trishakti Securities Public Limited,ABC Securities Private Limited,50,196.4,9820.0,2025-07-08 13:05:27.450346
2025-07-08,29311,2025070804010861,UPPER,Deevyaa Securities & Stock House Pvt. Ltd,Sumeru Securities Pvt. Ltd.,120,196.5,23580.0,2025-07-08 13:05:38.554293
2025-07-08,29310,2025070804010862,UPPER,Deevyaa Securities & Stock House Pvt. Ltd,Agrawal Securities (PVT) Ltd.,25,196.5,4912.5,2025-07-08 13:05:38.554780
2025-07-08,29129,2025070804010929,UPPER,Trishakti Securities Public Limited,Shree Krishna Securities Ltd.,80,196.4,15712.0,2025-07-08 13:06:42.272829
2025-07-08,29128,2025070804010930,UPPER,Sani Securities Company Ltd.,Shree Krishna Securities Ltd.,10,196.4,1964.0,2025-07-08 13:06:42.273272
2025-07-08,29076,2025070804010948,UPPER,South Asian Bulls Pvt. Ltd.,Naasa Securities Co. Ltd.,150,196.2,29430.0,2025-07-08 13:06:59.479078
2025-07-08,29075,2025070804010949,UPPER,Shree Krishna Securities Ltd.,Naasa Securities Co. Ltd.,150,196.1,29415.0,2025-07-08 13:06:59.479513
2025-07-08,28800,2025070804011055,UPPER,Shree Krishna Securities Ltd.,ABC Securities Private Limited,200,196.1,39220.0,2025-07-08 13:08:51.984816
2025-07-08,28609,2025070804011118,UPPER,Shree Krishna Securities Ltd.,Online Securities Pvt. Ltd.,200,196.1,39220.0,2025-07-08 13:10:25.789506
2025-07-08,28412,2025070804011189,UPPER,Naasa Securities Co. Ltd.,Naasa Securities Co. Ltd.,10,196.2,1962.0,2025-07-08 13:11:54.156937
2025-07-08,28404,2025070804011192,UPPER,Shree Krishna Securities Ltd.,Imperial Securities Company Pvt. Ltd.,52,196.1,10197.2,2025-07-08 13:12:01.836128
2025-07-08,28320,2025070804011211,UPPER,Shree Krishna Securities Ltd.,Capital Max Securities Ltd,487,196.1,95500.7,2025-07-08 13:12:36.745415
2025-07-08,28319,2025070804011212,UPPER,Kohinoor Investment & Securities Pvt. Ltd.,Capital Max Securities Ltd,250,196.0,49000.0,2025-07-08 13:12:36.745840
2025-07-08,28318,2025070804011213,UPPER,Dipshikha Dhitopatra Karobar Co. Pvt Ltd.,Capital Max Securities Ltd,263,196.0,51548.0,2025-07-08 13:12:36.746030
2025-07-08,28226,2025070804011243,UPPER,Dipshikha Dhitopatra Karobar Co. Pvt Ltd.,Ashutosh Brokerage & Securities (PVT) Ltd.,237,196.0,46452.0,2025-07-08 13:13:16.913831
2025-07-08,28225,2025070804011244,UPPER,Sri Hari Securities Pvt. Ltd.,Ashutosh Brokerage & Securities (PVT) Ltd.,1000,195.6,195600.0,2025-07-08 13:13:16.914257
2025-07-08,28224,2025070804011245,UPPER,Aryatara Investment & Securities,Ashutosh Brokerage & Securities (PVT) Ltd.,10,195.5,1955.0,2025-07-08 13:13:16.914467
2025-07-08,28223,2025070804011246,UPPER,Naasa Securities Co. Ltd.,Ashutosh Brokerage & Securities (PVT) Ltd.,10,195.5,1955.0,2025-07-08 13:13:16.914666
2025-07-08,28222,2025070804011247,UPPER,Deevyaa Securities & Stock House Pvt. Ltd,Ashutosh Brokerage & Securities (PVT) Ltd.,200,195.2,39040.0,2025-07-08 13:13:16.914857
2025-07-08,28221,2025070804011248,UPPER,Aryatara Investment & Securities,Ashutosh Brokerage & Securities (PVT) Ltd.,43,195.0,8385.0,2025-07-08 13:13:16.915048
2025-07-08,28047,2025070804011293,UPPER,Oxford Securities Pvt. Ltd.,Ashutosh Brokerage & Securities (PVT) Ltd.,200,195.2,39040.0,2025-07-08 13:14:46.459119
2025-07-08,28046,2025070804011294,UPPER,South Asian Bulls Pvt. Ltd.,Ashutosh Brokerage & Securities (PVT) Ltd.,150,195.1,29265.0,2025-07-08 13:14:46.459572
2025-07-08,28045,2025070804011295,UPPER,Aryatara Investment & Securities,Ashutosh Brokerage & Securities (PVT) Ltd.,747,195.0,145665.0,2025-07-08 13:14:46.459767
2025-07-08,28044,2025070804011296,UPPER,ABC Securities Private Limited,Ashutosh Brokerage & Securities (PVT) Ltd.,300,195.0,58500.0,2025-07-08 13:14:46.459956
2025-07-08,28043,2025070804011297,UPPER,Cristal Kanchanjanga Securites Pvt. Ltd.,Ashutosh Brokerage & Securities (PVT) Ltd.,103,195.0,20085.0,2025-07-08 13:14:46.460145
2025-07-08,27837,2025070804011351,UPPER,Dipshikha Dhitopatra Karobar Co. Pvt Ltd.,Ashutosh Brokerage & Securities (PVT) Ltd.,54,196.0,10584.0,2025-07-08 13:15:53.874670
2025-07-08,27778,2025070804011365,UPPER,South Asian Bulls Pvt. Ltd.,Ashutosh Brokerage & Securities (PVT) Ltd.,500,195.1,97550.0,2025-07-08 13:16:33.054275
2025-07-08,27777,2025070804011366,UPPER,Cristal Kanchanjanga Securites Pvt. Ltd.,Ashutosh Brokerage & Securities (PVT) Ltd.,97,195.0,18915.0,2025-07-08 13:16:33.055380
2025-07-08,27776,2025070804011367,UPPER,Agrawal Securities (PVT) Ltd.,Ashutosh Brokerage & Securities (PVT) Ltd.,50,195.0,9750.0,2025-07-08 13:16:33.056262
2025-07-08,27775,2025070804011368,UPPER,Secured Securities Ltd.,Ashutosh Brokerage & Securities (PVT) Ltd.,853,195.0,166335.0,2025-07-08 13:16:33.057122
2025-07-08,27773,2025070804011369,UPPER,Asian Securities Private Ltd.,Ashutosh Brokerage & Securities (PVT) Ltd.,500,196.0,98000.0,2025-07-08 13:16:34.066526
2025-07-08,27752,2025070804011378,UPPER,Dipshikha Dhitopatra Karobar Co. Pvt Ltd.,Ashutosh Brokerage & Securities (PVT) Ltd.,99,196.0,19404.0,2025-07-08 13:16:46.138182
2025-07-08,27615,2025070804011414,UPPER,Oxford Securities Pvt. Ltd.,Naasa Securities Co. Ltd.,20,195.5,3910.0,2025-07-08 13:17:39.096352
2025-07-08,27530,2025070804011444,UPPER,Secured Securities Ltd.,South Asian Bulls Pvt. Ltd.,500,195.0,97500.0,2025-07-08 13:18:03.464013
2025-07-08,27180,2025070804011581,UPPER,Secured Securities Ltd.,Vision Securities Pvt. Ltd,133,195.0,25935.0,2025-07-08 13:20:16.950336
2025-07-08,26815,2025070804011713,UPPER,Blue Chip Securities Ltd,Naasa Securities Co. Ltd.,80,195.5,15640.0,2025-07-08 13:22:52.941943
2025-07-08,26680,2025070804011765,UPPER,Agrawal Securities (PVT) Ltd.,Kohinoor Investment & Securities Pvt. Ltd.,10,195.8,1958.0,2025-07-08 13:23:40.178962
2025-07-08,26679,2025070804011766,UPPER,Blue Chip Securities Ltd,Kohinoor Investment & Securities Pvt. Ltd.,20,195.5,3910.0,2025-07-08 13:23:40.179470
2025-07-08,26678,2025070804011767,UPPER,Capital Max Securities Ltd,Kohinoor Investment & Securities Pvt. Ltd.,16,195.2,3123.2,2025-07-08 13:23:40.179685
2025-07-08,26618,2025070804011788,UPPER,Capital Max Securities Ltd,Naasa Securities Co. Ltd.,14,195.2,2732.8,2025-07-08 13:24:04.452190
2025-07-08,26617,2025070804011789,UPPER,Sani Securities Company Ltd.,Naasa Securities Co. Ltd.,10,195.2,1952.0,2025-07-08 13:24:04.452737
2025-07-08,26616,2025070804011790,UPPER,Secured Securities Ltd.,Naasa Securities Co. Ltd.,76,195.0,14820.0,2025-07-08 13:24:04.452955
2025-07-08,26601,2025070804011794,UPPER,Sani Securities Company Ltd.,Ashutosh Brokerage & Securities (PVT) Ltd.,50,196.0,9800.0,2025-07-08 13:24:13.573858
2025-07-08,26466,2025070804011829,UPPER,Oxford Securities Pvt. Ltd.,Premier Securities Company Ltd.,20,195.3,3906.0,2025-07-08 13:25:15.202670
2025-07-08,26317,2025070804011885,UPPER,Secured Securities Ltd.,Online Securities Pvt. Ltd.,350,195.0,68250.0,2025-07-08 13:26:21.889804
2025-07-08,26303,2025070804011892,UPPER,Secured Securities Ltd.,Premier Securities Company Ltd.,35,195.0,6825.0,2025-07-08 13:26:28.553434
2025-07-08,25988,2025070804012000,UPPER,Naasa Securities Co. Ltd.,Premier Securities Company Ltd.,400,195.3,78120.0,2025-07-08 13:28:28.623197
2025-07-08,25966,2025070804012007,UPPER,Sumeru Securities Pvt. Ltd.,Premier Securities Company Ltd.,100,195.3,19530.0,2025-07-08 13:28:39.192447
2025-07-08,25818,2025070804012068,UPPER,Primo Securities (PVT) Ltd.,Premier Securities Company Ltd.,150,195.3,29295.0,2025-07-08 13:29:35.011278
2025-07-08,25481,2025070804012180,UPPER,Premier Securities Company Ltd.,Premier Securities Company Ltd.,500,195.3,97650.0,2025-07-08 13:31:40.097512
2025-07-08,25462,2025070804012190,UPPER,Secured Securities Ltd.,Online Securities Pvt. Ltd.,81,195.0,15795.0,2025-07-08 13:31:44.291048
2025-07-08,25461,2025070804012191,UPPER,Online Securities Pvt. Ltd.,Online Securities Pvt. Ltd.,19,195.0,3705.0,2025-07-08 13:31:44.291500
2025-07-08,24976,2025070804012372,UPPER,Sani Securities Company Ltd.,Premier Securities Company Ltd.,10,195.3,1953.0,2025-07-08 13:34:37.289778
2025-07-08,24970,2025070804012374,UPPER,Nepal Stock House (PVT) Ltd.,Premier Securities Company Ltd.,200,195.3,39060.0,2025-07-08 13:34:39.543351
2025-07-08,24864,2025070804012404,UPPER,SUN SECURITIES PVT LTD,Premier Securities Company Ltd.,520,195.3,101556.0,2025-07-08 13:35:16.609553
2025-07-08,24850,2025070804012412,UPPER,SUN SECURITIES PVT LTD,Sumeru Securities Pvt. Ltd.,270,195.5,52785.0,2025-07-08 13:35:25.696468
2025-07-08,24849,2025070804012413,UPPER,Naasa Securities Co. Ltd.,Sumeru Securities Pvt. Ltd.,10,195.2,1952.0,2025-07-08 13:35:25.696941
2025-07-08,24848,2025070804012414,UPPER,Online Securities Pvt. Ltd.,Sumeru Securities Pvt. Ltd.,53,195.0,10335.0,2025-07-08 13:35:25.697152
2025-07-08,24847,2025070804012415,UPPER,Dipshikha Dhitopatra Karobar Co. Pvt Ltd.,Sumeru Securities Pvt. Ltd.,217,195.0,42315.0,2025-07-08 13:35:25.697373
2025-07-08,24312,2025070804012598,UPPER,Imperial Securities Company Pvt. Ltd.,Sewa Securities Pvt. Ltd.,11,195.2,2147.2,2025-07-08 13:38:24.034410
2025-07-08,24084,2025070804012673,UPPER,Imperial Securities Company Pvt. Ltd.,Premier Securities Company Ltd.,89,195.2,17372.8,2025-07-08 13:39:54.623214
2025-07-08,24083,2025070804012674,UPPER,Online Securities Pvt. Ltd.,Premier Securities Company Ltd.,50,195.1,9755.0,2025-07-08 13:39:54.623741
2025-07-08,24082,2025070804012675,UPPER,Dipshikha Dhitopatra Karobar Co. Pvt Ltd.,Premier Securities Company Ltd.,200,195.1,39020.0,2025-07-08 13:39:54.623987
2025-07-08,24081,2025070804012676,UPPER,Dipshikha Dhitopatra Karobar Co. Pvt Ltd.,Premier Securities Company Ltd.,261,195.0,50895.0,2025-07-08 13:39:54.624351
2025-07-08,23912,2025070804012739,UPPER,Cristal Kanchanjanga Securites Pvt. Ltd.,Himalayan Brokerage Company Limited,250,195.1,48775.0,2025-07-08 13:40:57.333620
2025-07-08,23911,2025070804012740,UPPER,Dipshikha Dhitopatra Karobar Co. Pvt Ltd.,Himalayan Brokerage Company Limited,22,195.0,4290.0,2025-07-08 13:40:57.334067
2025-07-08,23910,2025070804012741,UPPER,Dipshikha Dhitopatra Karobar Co. Pvt Ltd.,Himalayan Brokerage Company Limited,28,195.0,5460.0,2025-07-08 13:40:57.334285
2025-07-08,23457,2025070804012863,UPPER,Primo Securities (PVT) Ltd.,SUN SECURITIES PVT LTD,25,195.1,4877.5,2025-07-08 13:43:24.043212
2025-07-08,23456,2025070804012864,UPPER,Dipshikha Dhitopatra Karobar Co. Pvt Ltd.,SUN SECURITIES PVT LTD,75,195.0,14625.0,2025-07-08 13:43:24.044127
2025-07-08,23303,2025070804012897,UPPER,Online Securities Pvt. Ltd.,Linch Stock Market Ltd.,40,195.1,7804.0,2025-07-08 13:44:19.668101
2025-07-08,23282,2025070804012900,UPPER,Premier Securities Company Ltd.,Ashutosh Brokerage & Securities (PVT) Ltd.,10,196.0,1960.0,2025-07-08 13:44:23.317490
2025-07-08,23126,2025070804012960,UPPER,Online Securities Pvt. Ltd.,Secured Securities Ltd.,10,195.1,1951.0,2025-07-08 13:45:33.308066
2025-07-08,22880,2025070804013051,UPPER,Premier Securities Company Ltd.,Ashutosh Brokerage & Securities (PVT) Ltd.,10,196.0,1960.0,2025-07-08 13:46:36.921726
2025-07-08,22524,2025070804013153,UPPER,Naasa Securities Co. Ltd.,Ashutosh Brokerage & Securities (PVT) Ltd.,33,196.0,6468.0,2025-07-08 13:48:57.464821
2025-07-08,21660,2025070804013479,UPPER,Imperial Securities Company Pvt. Ltd.,Ashutosh Brokerage & Securities (PVT) Ltd.,20,196.0,3920.0,2025-07-08 13:54:38.671875
2025-07-08,21391,2025070804013623,UPPER,Siprabi Securities Pvt. Ltd.,Ashutosh Brokerage & Securities (PVT) Ltd.,10,196.0,1960.0,2025-07-08 13:56:03.997744
2025-07-08,21187,2025070804013693,UPPER,SUN SECURITIES PVT LTD,NIMB Stock Markets Limited,144,195.6,28166.4,2025-07-08 13:57:12.916585
2025-07-08,20665,2025070804013887,UPPER,Vision Securities Pvt. Ltd,Sumeru Securities Pvt. Ltd.,10,195.7,1957.0,2025-07-08 13:59:48.249108
2025-07-08,20480,2025070804013949,UPPER,Online Securities Pvt. Ltd.,Sumeru Securities Pvt. Ltd.,45,195.7,8806.5,2025-07-08 14:00:58.771791
2025-07-08,20457,2025070804013959,UPPER,SUN SECURITIES PVT LTD,Kohinoor Investment & Securities Pvt. Ltd.,68,195.6,13300.8,2025-07-08 14:01:08.004169
2025-07-08,20184,2025070804014043,UPPER,SUN SECURITIES PVT LTD,Midas Stock Broking Company Private Limited,38,195.6,7432.8,2025-07-08 14:02:50.350759
2025-07-08,20183,2025070804014044,UPPER,Sewa Securities Pvt. Ltd.,Midas Stock Broking Company Private Limited,50,195.5,9775.0,2025-07-08 14:02:50.351852
2025-07-08,20182,2025070804014045,UPPER,Imperial Securities Company Pvt. Ltd.,Midas Stock Broking Company Private Limited,70,195.3,13671.0,2025-07-08 14:02:50.352750
2025-07-08,20181,2025070804014046,UPPER,Premier Securities Company Ltd.,Midas Stock Broking Company Private Limited,42,195.2,8198.4,2025-07-08 14:02:50.353548
2025-07-08,20142,2025070804014062,UPPER,Premier Securities Company Ltd.,Sumeru Securities Pvt. Ltd.,10,195.7,1957.0,2025-07-08 14:03:04.753283
2025-07-08,19934,2025070804014131,UPPER,Premier Securities Company Ltd.,Asian Securities Private Ltd.,420,195.2,81984.0,2025-07-08 14:03:56.337644
2025-07-08,19890,2025070804014149,UPPER,Premier Securities Company Ltd.,Linch Stock Market Ltd.,20,195.2,3904.0,2025-07-08 14:04:11.947196
2025-07-08,19757,2025070804014191,UPPER,Premier Securities Company Ltd.,Naasa Securities Co. Ltd.,10,195.5,1955.0,2025-07-08 14:04:44.493752
2025-07-08,19660,2025070804014248,UPPER,Premier Securities Company Ltd.,Dynamic Money Managers Securities Pvt. Ltd.,18,195.2,3513.6,2025-07-08 14:05:09.116200
2025-07-08,19659,2025070804014249,UPPER,Premier Securities Company Ltd.,Dynamic Money Managers Securities Pvt. Ltd.,82,195.2,16006.4,2025-07-08 14:05:09.117221
2025-07-08,19474,2025070804014334,UPPER,Premier Securities Company Ltd.,Aryatara Investment & Securities,10,195.2,1952.0,2025-07-08 14:06:00.726015
2025-07-08,19369,2025070804014384,UPPER,Naasa Securities Co. Ltd.,Naasa Securities Co. Ltd.,10,195.5,1955.0,2025-07-08 14:06:28.551850
2025-07-08,19264,2025070804014421,UPPER,Sani Securities Company Ltd.,Naasa Securities Co. Ltd.,50,195.5,9775.0,2025-07-08 14:07:00.630257
2025-07-08,19197,2025070804014446,UPPER,Secured Securities Ltd.,Kohinoor Investment & Securities Pvt. Ltd.,271,195.2,52899.2,2025-07-08 14:07:24.536663
2025-07-08,19079,2025070804014486,UPPER,Aryatara Investment & Securities,Sumeru Securities Pvt. Ltd.,400,195.1,78040.0,2025-07-08 14:08:07.553075
2025-07-08,19078,2025070804014487,UPPER,Aryatara Investment & Securities,Sumeru Securities Pvt. Ltd.,85,195.1,16583.5,2025-07-08 14:08:07.554183
2025-07-08,19077,2025070804014488,UPPER,Online Securities Pvt. Ltd.,Sumeru Securities Pvt. Ltd.,23,195.1,4487.3,2025-07-08 14:08:07.554932
2025-07-08,19076,2025070804014489,UPPER,Vision Securities Pvt. Ltd,Sumeru Securities Pvt. Ltd.,92,195.1,17949.2,2025-07-08 14:08:07.555667
2025-07-08,19070,2025070804014491,UPPER,Vision Securities Pvt. Ltd,Aryatara Investment & Securities,408,195.1,79600.8,2025-07-08 14:08:15.900097
2025-07-08,18899,2025070804014575,UPPER,Dipshikha Dhitopatra Karobar Co. Pvt Ltd.,Online Securities Pvt. Ltd.,10,195.0,1950.0,2025-07-08 14:09:03.923216
2025-07-08,18890,2025070804014580,UPPER,Dipshikha Dhitopatra Karobar Co. Pvt Ltd.,Vision Securities Pvt. Ltd,385,195.0,75075.0,2025-07-08 14:09:08.668212
2025-07-08,18841,2025070804014596,UPPER,Dipshikha Dhitopatra Karobar Co. Pvt Ltd.,Sumeru Securities Pvt. Ltd.,10,195.0,1950.0,2025-07-08 14:09:21.845195
2025-07-08,18673,2025070804014659,UPPER,Dipshikha Dhitopatra Karobar Co. Pvt Ltd.,Nagarik Stock Dealer ,90,195.0,17550.0,2025-07-08 14:10:13.705948
2025-07-08,18519,2025070804014695,UPPER,Linch Stock Market Ltd.,Aryatara Investment & Securities,500,195.1,97550.0,2025-07-08 14:11:09.321049
2025-07-08,18336,2025070804014776,UPPER,Dipshikha Dhitopatra Karobar Co. Pvt Ltd.,Sri Hari Securities Pvt. Ltd.,402,195.0,78390.0,2025-07-08 14:11:52.311388
2025-07-08,18335,2025070804014777,UPPER,Kohinoor Investment & Securities Pvt. Ltd.,Sri Hari Securities Pvt. Ltd.,260,195.0,50700.0,2025-07-08 14:11:52.311905
2025-07-08,18334,2025070804014778,UPPER,Kohinoor Investment & Securities Pvt. Ltd.,Sri Hari Securities Pvt. Ltd.,338,195.0,65910.0,2025-07-08 14:11:52.312164
2025-07-08,18275,2025070804014790,UPPER,Kohinoor Investment & Securities Pvt. Ltd.,Sumeru Securities Pvt. Ltd.,262,195.0,51090.0,2025-07-08 14:12:12.432999
2025-07-08,18274,2025070804014791,UPPER,Dynamic Money Managers Securities Pvt. Ltd.,Sumeru Securities Pvt. Ltd.,138,195.0,26910.0,2025-07-08 14:12:12.434059
2025-07-08,18201,2025070804014815,UPPER,Dynamic Money Managers Securities Pvt. Ltd.,Investment Management Nepal Pvt. Ltd.,243,195.0,47385.0,2025-07-08 14:12:25.305588
2025-07-08,18066,2025070804014859,UPPER,Oxford Securities Pvt. Ltd.,Aryatara Investment & Securities,30,195.1,5853.0,2025-07-08 14:12:59.188180
2025-07-08,17946,2025070804014883,UPPER,Sani Securities Company Ltd.,Aryatara Investment & Securities,52,195.1,10145.2,2025-07-08 14:13:18.250352
2025-07-08,17907,2025070804014909,UPPER,Kohinoor Investment & Securities Pvt. Ltd.,Aryatara Investment & Securities,10,195.1,1951.0,2025-07-08 14:13:24.930212
2025-07-08,17906,2025070804014910,UPPER,Kohinoor Investment & Securities Pvt. Ltd.,Kohinoor Investment & Securities Pvt. Ltd.,29,195.2,5660.8,2025-07-08 14:13:24.931242
2025-07-08,17905,2025070804014911,UPPER,Kohinoor Investment & Securities Pvt. Ltd.,Naasa Securities Co. Ltd.,61,195.5,11925.5,2025-07-08 14:13:24.932016
2025-07-08,17732,2025070804014978,UPPER,Siprabi Securities Pvt. Ltd.,Naasa Securities Co. Ltd.,40,195.5,7820.0,2025-07-08 14:14:08.284385
2025-07-08,17680,2025070804014991,UPPER,Dynamic Money Managers Securities Pvt. Ltd.,Kohinoor Investment & Securities Pvt. Ltd.,619,195.0,120705.0,2025-07-08 14:14:18.204875
2025-07-08,17679,2025070804014992,UPPER,Online Securities Pvt. Ltd.,Kohinoor Investment & Securities Pvt. Ltd.,100,195.0,19500.0,2025-07-08 14:14:18.205002
2025-07-08,17678,2025070804014993,UPPER,Online Securities Pvt. Ltd.,Kohinoor Investment & Securities Pvt. Ltd.,50,195.0,9750.0,2025-07-08 14:14:18.205080
2025-07-08,17677,2025070804014994,UPPER,Bhrikuti Stock Broking Co. Pvt. Ltd.,Kohinoor Investment & Securities Pvt. Ltd.,10,195.0,1950.0,2025-07-08 14:14:18.205164
2025-07-08,17676,2025070804014995,UPPER,Asian Securities Private Ltd.,Kohinoor Investment & Securities Pvt. Ltd.,50,195.0,9750.0,2025-07-08 14:14:18.205242
2025-07-08,17675,2025070804014996,UPPER,Cristal Kanchanjanga Securites Pvt. Ltd.,Kohinoor Investment & Securities Pvt. Ltd.,64,195.0,12480.0,2025-07-08 14:14:18.205338
2025-07-08,17674,2025070804014997,UPPER,Market Securities & Exchange (PVT) Ltd.,Kohinoor Investment & Securities Pvt. Ltd.,100,195.0,19500.0,2025-07-08 14:14:18.205414
2025-07-08,17673,2025070804014998,UPPER,Nabil Stock Dealer Ltd.,Kohinoor Investment & Securities Pvt. Ltd.,130,195.0,25350.0,2025-07-08 14:14:18.205492
2025-07-08,17672,2025070804014999,UPPER,Siprabi Securities Pvt. Ltd.,Kohinoor Investment & Securities Pvt. Ltd.,100,195.0,19500.0,2025-07-08 14:14:18.205566
2025-07-08,17671,2025070804015000,UPPER,Oxford Securities Pvt. Ltd.,Kohinoor Investment & Securities Pvt. Ltd.,50,195.0,9750.0,2025-07-08 14:14:18.205639
2025-07-08,17670,2025070804015001,UPPER,Market Securities & Exchange (PVT) Ltd.,Kohinoor Investment & Securities Pvt. Ltd.,300,195.0,58500.0,2025-07-08 14:14:18.205713
2025-07-08,17669,2025070804015002,UPPER,Sumeru Securities Pvt. Ltd.,Kohinoor Investment & Securities Pvt. Ltd.,1000,195.0,195000.0,2025-07-08 14:14:18.205789
2025-07-08,17668,2025070804015003,UPPER,Bhrikuti Stock Broking Co. Pvt. Ltd.,Kohinoor Investment & Securities Pvt. Ltd.,100,195.0,19500.0,2025-07-08 14:14:18.205851
2025-07-08,17667,2025070804015004,UPPER,Naasa Securities Co. Ltd.,Kohinoor Investment & Securities Pvt. Ltd.,255,195.0,49725.0,2025-07-08 14:14:18.205925
2025-07-08,17666,2025070804015005,UPPER,Sundhara Securities Limited,Kohinoor Investment & Securities Pvt. Ltd.,10,195.0,1950.0,2025-07-08 14:14:18.205984
2025-07-08,17665,2025070804015006,UPPER,Sharepro Securities Private Limited,Kohinoor Investment & Securities Pvt. Ltd.,100,195.0,19500.0,2025-07-08 14:14:18.206048
2025-07-08,17664,2025070804015007,UPPER,Siprabi Securities Pvt. Ltd.,Kohinoor Investment & Securities Pvt. Ltd.,97,195.0,18915.0,2025-07-08 14:14:18.206122
2025-07-08,17663,2025070804015008,UPPER,Sundhara Securities Limited,Kohinoor Investment & Securities Pvt. Ltd.,30,195.0,5850.0,2025-07-08 14:14:18.206193
2025-07-08,17662,2025070804015009,UPPER,Online Securities Pvt. Ltd.,Kohinoor Investment & Securities Pvt. Ltd.,300,195.0,58500.0,2025-07-08 14:14:18.206265
2025-07-08,17661,2025070804015010,UPPER,Online Securities Pvt. Ltd.,Kohinoor Investment & Securities Pvt. Ltd.,102,195.0,19890.0,2025-07-08 14:14:18.206355
2025-07-08,17660,2025070804015011,UPPER,Agrawal Securities (PVT) Ltd.,Kohinoor Investment & Securities Pvt. Ltd.,2000,195.0,390000.0,2025-07-08 14:14:18.206408
2025-07-08,17659,2025070804015012,UPPER,Aryatara Investment & Securities,Kohinoor Investment & Securities Pvt. Ltd.,50,195.0,9750.0,2025-07-08 14:14:18.206461
2025-07-08,17658,2025070804015013,UPPER,Malla & Malla Stock Broking Company Pvt. Limited,Kohinoor Investment & Securities Pvt. Ltd.,150,195.0,29250.0,2025-07-08 14:14:18.206529
2025-07-08,17657,2025070804015014,UPPER,Sweta Securities Private Limited,Kohinoor Investment & Securities Pvt. Ltd.,170,195.0,33150.0,2025-07-08 14:14:18.206595
2025-07-08,17656,2025070804015015,UPPER,Sani Securities Company Ltd.,Kohinoor Investment & Securities Pvt. Ltd.,25,195.0,4875.0,2025-07-08 14:14:18.206648
2025-07-08,17655,2025070804015016,UPPER,Malla & Malla Stock Broking Company Pvt. Limited,Kohinoor Investment & Securities Pvt. Ltd.,100,195.0,19500.0,2025-07-08 14:14:18.206720
2025-07-08,17654,2025070804015017,UPPER,Vision Securities Pvt. Ltd,Kohinoor Investment & Securities Pvt. Ltd.,100,195.0,19500.0,2025-07-08 14:14:18.206791
2025-07-08,17653,2025070804015018,UPPER,Siprabi Securities Pvt. Ltd.,Kohinoor Investment & Securities Pvt. Ltd.,10,195.0,1950.0,2025-07-08 14:14:18.206877
2025-07-08,17652,2025070804015019,UPPER,Oxford Securities Pvt. Ltd.,Kohinoor Investment & Securities Pvt. Ltd.,30,195.0,5850.0,2025-07-08 14:14:18.206948
2025-07-08,17651,2025070804015020,UPPER,Trisul Securities & Invt. Ltd.,Kohinoor Investment & Securities Pvt. Ltd.,1034,195.0,201630.0,2025-07-08 14:14:18.207021
2025-07-08,17650,2025070804015021,UPPER,Vision Securities Pvt. Ltd,Kohinoor Investment & Securities Pvt. Ltd.,383,195.0,74685.0,2025-07-08 14:14:18.207092
2025-07-08,17649,2025070804015022,UPPER,Indira securities pvt. ltd,Kohinoor Investment & Securities Pvt. Ltd.,10,194.9,1949.0,2025-07-08 14:14:18.207167
2025-07-08,17648,2025070804015023,UPPER,Deevyaa Securities & Stock House Pvt. Ltd,Kohinoor Investment & Securities Pvt. Ltd.,30,194.8,5844.0,2025-07-08 14:14:18.207241
2025-07-08,17317,2025070804015143,UPPER,Premier Securities Company Ltd.,Naasa Securities Co. Ltd.,10,195.5,1955.0,2025-07-08 14:15:50.241141
2025-07-08,16928,2025070804015276,UPPER,Trishakti Securities Public Limited,Online Securities Pvt. Ltd.,104,195.0,20280.0,2025-07-08 14:17:40.157821
2025-07-08,16900,2025070804015289,UPPER,Trishakti Securities Public Limited,Siprabi Securities Pvt. Ltd.,100,195.0,19500.0,2025-07-08 14:17:52.163422
2025-07-08,16560,2025070804015399,UPPER,Trishakti Securities Public Limited,Naasa Securities Co. Ltd.,150,195.0,29250.0,2025-07-08 14:19:14.342273
2025-07-08,16507,2025070804015427,UPPER,Online Securities Pvt. Ltd.,Naasa Securities Co. Ltd.,670,195.5,130985.0,2025-07-08 14:19:24.150681
2025-07-08,16331,2025070804015466,UPPER,Trishakti Securities Public Limited,Naasa Securities Co. Ltd.,25,195.0,4875.0,2025-07-08 14:20:19.831408
2025-07-08,16298,2025070804015474,UPPER,Sani Securities Company Ltd.,Naasa Securities Co. Ltd.,300,195.5,58650.0,2025-07-08 14:20:30.724231
2025-07-08,16240,2025070804015489,UPPER,Trishakti Securities Public Limited,Naasa Securities Co. Ltd.,400,195.0,78000.0,2025-07-08 14:20:40.952589
2025-07-08,16202,2025070804015503,UPPER,Premier Securities Company Ltd.,Naasa Securities Co. Ltd.,10,195.5,1955.0,2025-07-08 14:20:51.106578
2025-07-08,16021,2025070804015549,UPPER,Sewa Securities Pvt. Ltd.,Naasa Securities Co. Ltd.,39,195.5,7624.5,2025-07-08 14:21:32.636084
2025-07-08,16020,2025070804015550,UPPER,Sewa Securities Pvt. Ltd.,Naasa Securities Co. Ltd.,61,195.5,11925.5,2025-07-08 14:21:32.636632
2025-07-08,15891,2025070804015609,UPPER,Naasa Securities Co. Ltd.,Naasa Securities Co. Ltd.,100,195.5,19550.0,2025-07-08 14:21:54.702351
2025-07-08,15186,2025070804015827,UPPER,Online Securities Pvt. Ltd.,Naasa Securities Co. Ltd.,20,195.5,3910.0,2025-07-08 14:24:34.676234
2025-07-08,14863,2025070804015918,UPPER,Siprabi Securities Pvt. Ltd.,Kohinoor Investment & Securities Pvt. Ltd.,20,195.1,3902.0,2025-07-08 14:25:47.261049
2025-07-08,14862,2025070804015919,UPPER,Trishakti Securities Public Limited,Kohinoor Investment & Securities Pvt. Ltd.,1221,195.0,238095.0,2025-07-08 14:25:47.261629
2025-07-08,14861,2025070804015920,UPPER,Linch Stock Market Ltd.,Kohinoor Investment & Securities Pvt. Ltd.,750,195.0,146250.0,2025-07-08 14:25:47.261891
2025-07-08,14860,2025070804015921,UPPER,Naasa Securities Co. Ltd.,Kohinoor Investment & Securities Pvt. Ltd.,500,195.0,97500.0,2025-07-08 14:25:47.262136
2025-07-08,14859,2025070804015922,UPPER,Asian Securities Private Ltd.,Kohinoor Investment & Securities Pvt. Ltd.,75,195.0,14625.0,2025-07-08 14:25:47.262391
2025-07-08,14858,2025070804015923,UPPER,Aryatara Investment & Securities,Kohinoor Investment & Securities Pvt. Ltd.,50,195.0,9750.0,2025-07-08 14:25:47.262647
2025-07-08,14857,2025070804015924,UPPER,Deevyaa Securities & Stock House Pvt. Ltd,Kohinoor Investment & Securities Pvt. Ltd.,42,195.0,8190.0,2025-07-08 14:25:47.262888
2025-07-08,14856,2025070804015925,UPPER,Sri Hari Securities Pvt. Ltd.,Kohinoor Investment & Securities Pvt. Ltd.,100,195.0,19500.0,2025-07-08 14:25:47.263192
2025-07-08,14721,2025070804015988,UPPER,Opal Securities Investment (PVT) Ltd.,Kohinoor Investment & Securities Pvt. Ltd.,20,195.0,3900.0,2025-07-08 14:26:15.275024
2025-07-08,14583,2025070804016048,UPPER,Agrawal Securities (PVT) Ltd.,Kohinoor Investment & Securities Pvt. Ltd.,1000,195.0,195000.0,2025-07-08 14:26:53.233019
2025-07-08,14560,2025070804016053,UPPER,Dipshikha Dhitopatra Karobar Co. Pvt Ltd.,Kohinoor Investment & Securities Pvt. Ltd.,10,195.0,1950.0,2025-07-08 14:27:01.051431
2025-07-08,14496,2025070804016089,UPPER,Sani Securities Company Ltd.,Naasa Securities Co. Ltd.,200,194.8,38960.0,2025-07-08 14:27:09.287385
2025-07-08,14364,2025070804016131,UPPER,Premier Securities Company Ltd.,Kohinoor Investment & Securities Pvt. Ltd.,10,195.0,1950.0,2025-07-08 14:27:45.466573
2025-07-08,14259,2025070804016165,UPPER,Vision Securities Pvt. Ltd,Primo Securities (PVT) Ltd.,20,194.8,3896.0,2025-07-08 14:28:05.197610
2025-07-08,14258,2025070804016166,UPPER,Elite Stock House Limited,Primo Securities (PVT) Ltd.,50,194.8,9740.0,2025-07-08 14:28:05.198710
2025-07-08,14257,2025070804016167,UPPER,Opal Securities Investment (PVT) Ltd.,Primo Securities (PVT) Ltd.,30,194.8,5844.0,2025-07-08 14:28:05.199491
2025-07-08,14256,2025070804016168,UPPER,Sri Hari Securities Pvt. Ltd.,Primo Securities (PVT) Ltd.,20,194.8,3896.0,2025-07-08 14:28:05.200226
2025-07-08,14091,2025070804016252,UPPER,Naasa Securities Co. Ltd.,Kohinoor Investment & Securities Pvt. Ltd.,10,195.0,1950.0,2025-07-08 14:28:38.601438
2025-07-08,13988,2025070804016279,UPPER,Imperial Securities Company Pvt. Ltd.,Naasa Securities Co. Ltd.,819,194.7,159459.3,2025-07-08 14:29:00.379097
2025-07-08,13924,2025070804016318,UPPER,Neev Securities Pvt. Ltd.,Kohinoor Investment & Securities Pvt. Ltd.,20,195.0,3900.0,2025-07-08 14:29:09.757886
2025-07-08,13852,2025070804016353,UPPER,Imperial Securities Company Pvt. Ltd.,Primo Securities (PVT) Ltd.,181,194.7,35240.7,2025-07-08 14:29:24.561512
2025-07-08,13775,2025070804016390,UPPER,Online Securities Pvt. Ltd.,Hatemalo Financial Services Private Limited,40,194.6,7784.0,2025-07-08 14:29:41.899278
2025-07-08,13774,2025070804016391,UPPER,Bhrikuti Stock Broking Co. Pvt. Ltd.,Hatemalo Financial Services Private Limited,100,194.6,19460.0,2025-07-08 14:29:41.900377
2025-07-08,13773,2025070804016392,UPPER,Secured Securities Ltd.,Hatemalo Financial Services Private Limited,50,194.6,9730.0,2025-07-08 14:29:41.901402
2025-07-08,13772,2025070804016393,UPPER,South Asian Bulls Pvt. Ltd.,Hatemalo Financial Services Private Limited,100,194.6,19460.0,2025-07-08 14:29:41.902300
2025-07-08,13771,2025070804016394,UPPER,Opal Securities Investment (PVT) Ltd.,Hatemalo Financial Services Private Limited,10,194.5,1945.0,2025-07-08 14:29:41.903141
2025-07-08,13770,2025070804016395,UPPER,Sewa Securities Pvt. Ltd.,Hatemalo Financial Services Private Limited,200,194.5,38900.0,2025-07-08 14:29:41.903945
2025-07-08,13660,2025070804016418,UPPER,Premier Securities Company Ltd.,Kohinoor Investment & Securities Pvt. Ltd.,10,195.0,1950.0,2025-07-08 14:30:02.311233
2025-07-08,13571,2025070804016450,UPPER,Imperial Securities Company Pvt. Ltd.,Kohinoor Investment & Securities Pvt. Ltd.,20,195.0,3900.0,2025-07-08 14:30:25.098710
2025-07-08,13432,2025070804016511,UPPER,Kalika Securities Pvt. Ltd.,Kohinoor Investment & Securities Pvt. Ltd.,12,195.0,2340.0,2025-07-08 14:31:00.648442
2025-07-08,13260,2025070804016575,UPPER,Trishakti Securities Public Limited,Secured Securities Ltd.,100,194.6,19460.0,2025-07-08 14:31:34.385777
2025-07-08,13259,2025070804016576,UPPER,Sewa Securities Pvt. Ltd.,Secured Securities Ltd.,100,194.5,19450.0,2025-07-08 14:31:34.386233
2025-07-08,13163,2025070804016616,UPPER,Premier Securities Company Ltd.,Kohinoor Investment & Securities Pvt. Ltd.,10,195.0,1950.0,2025-07-08 14:31:54.067441
2025-07-08,13042,2025070804016649,UPPER,Primo Securities (PVT) Ltd.,Kohinoor Investment & Securities Pvt. Ltd.,200,195.0,39000.0,2025-07-08 14:32:24.225562
2025-07-08,12983,2025070804016680,UPPER,Nepal Investment And Securities Trading Private Limited,Kohinoor Investment & Securities Pvt. Ltd.,500,195.0,97500.0,2025-07-08 14:32:37.188439
2025-07-08,12620,2025070804016794,UPPER,Kohinoor Investment & Securities Pvt. Ltd.,Agrawal Securities (PVT) Ltd.,20,194.8,3896.0,2025-07-08 14:34:07.302921
2025-07-08,12596,2025070804016802,UPPER,Naasa Securities Co. Ltd.,Agrawal Securities (PVT) Ltd.,30,194.8,5844.0,2025-07-08 14:34:17.386583
2025-07-08,12595,2025070804016803,UPPER,Naasa Securities Co. Ltd.,Kohinoor Investment & Securities Pvt. Ltd.,95,195.0,18525.0,2025-07-08 14:34:17.387087
2025-07-08,12495,2025070804016837,UPPER,Imperial Securities Company Pvt. Ltd.,Kohinoor Investment & Securities Pvt. Ltd.,15,195.0,2925.0,2025-07-08 14:34:43.933273
2025-07-08,12494,2025070804016838,UPPER,Miyo Securities Pvt Ltd,Siprabi Securities Pvt. Ltd.,100,194.6,19460.0,2025-07-08 14:34:43.975230
2025-07-08,12454,2025070804016865,UPPER,Miyo Securities Pvt Ltd,Bhrikuti Stock Broking Co. Pvt. Ltd.,144,194.6,28022.4,2025-07-08 14:34:53.135470
2025-07-08,12407,2025070804016874,UPPER,Imperial Securities Company Pvt. Ltd.,Kohinoor Investment & Securities Pvt. Ltd.,20,195.0,3900.0,2025-07-08 14:35:08.462606
2025-07-08,12217,2025070804016942,UPPER,Miyo Securities Pvt Ltd,Opal Securities Investment (PVT) Ltd.,156,194.6,30357.6,2025-07-08 14:35:54.103451
2025-07-08,12216,2025070804016943,UPPER,Imperial Securities Company Pvt. Ltd.,Opal Securities Investment (PVT) Ltd.,20,194.6,3892.0,2025-07-08 14:35:54.104616
2025-07-08,12040,2025070804017003,UPPER,Sewa Securities Pvt. Ltd.,Deevyaa Securities & Stock House Pvt. Ltd,400,194.5,77800.0,2025-07-08 14:36:39.115068
2025-07-08,12038,2025070804017004,UPPER,Sewa Securities Pvt. Ltd.,Infinity Securities Limited,170,194.5,33065.0,2025-07-08 14:36:39.620176
2025-07-08,12004,2025070804017008,UPPER,Sewa Securities Pvt. Ltd.,Naasa Securities Co. Ltd.,15,194.5,2917.5,2025-07-08 14:36:48.804833
2025-07-08,11962,2025070804017023,UPPER,Swarna Laxmi Securities Pvt. Ltd.,Opal Securities Investment (PVT) Ltd.,85,194.6,16541.0,2025-07-08 14:37:00.178246
2025-07-08,11714,2025070804017125,UPPER,Blue Chip Securities Ltd,Opal Securities Investment (PVT) Ltd.,50,194.6,9730.0,2025-07-08 14:37:50.861520
2025-07-08,11620,2025070804017157,UPPER,Dipshikha Dhitopatra Karobar Co. Pvt Ltd.,Opal Securities Investment (PVT) Ltd.,41,194.6,7978.6,2025-07-08 14:38:11.420704
2025-07-08,11572,2025070804017173,UPPER,Pragyan Securities (PVT) Ltd.,Opal Securities Investment (PVT) Ltd.,135,194.6,26271.0,2025-07-08 14:38:20.565637
2025-07-08,11448,2025070804017211,UPPER,Imperial Securities Company Pvt. Ltd.,Opal Securities Investment (PVT) Ltd.,13,194.6,2529.8,2025-07-08 14:38:45.755933
2025-07-08,11390,2025070804017227,UPPER,Linch Stock Market Ltd.,Sani Securities Company Ltd.,50,194.6,9730.0,2025-07-08 14:39:00.713036
2025-07-08,11297,2025070804017268,UPPER,Asian Securities Private Ltd.,Sani Securities Company Ltd.,450,194.6,87570.0,2025-07-08 14:39:18.975000
2025-07-08,11296,2025070804017269,UPPER,Asian Securities Private Ltd.,Kohinoor Investment & Securities Pvt. Ltd.,50,195.0,9750.0,2025-07-08 14:39:18.975073
2025-07-08,11179,2025070804017340,UPPER,Naasa Securities Co. Ltd.,Kohinoor Investment & Securities Pvt. Ltd.,70,195.0,13650.0,2025-07-08 14:39:39.108133
2025-07-08,11137,2025070804017365,UPPER,Sewa Securities Pvt. Ltd.,Online Securities Pvt. Ltd.,52,194.5,10114.0,2025-07-08 14:39:44.423037
2025-07-08,10946,2025070804017445,UPPER,Premier Securities Company Ltd.,Kohinoor Investment & Securities Pvt. Ltd.,10,195.0,1950.0,2025-07-08 14:40:16.480260
2025-07-08,10740,2025070804017492,UPPER,J.F. Securites (PVT) Ltd.,Kohinoor Investment & Securities Pvt. Ltd.,31,195.0,6045.0,2025-07-08 14:40:50.006253
2025-07-08,10414,2025070804017588,UPPER,Online Securities Pvt. Ltd.,Kohinoor Investment & Securities Pvt. Ltd.,20,195.0,3900.0,2025-07-08 14:41:53.881220
2025-07-08,10413,2025070804017589,UPPER,Online Securities Pvt. Ltd.,Shree Krishna Securities Ltd.,10,195.0,1950.0,2025-07-08 14:41:53.882280
2025-07-08,10402,2025070804017594,UPPER,Sani Securities Company Ltd.,Shree Krishna Securities Ltd.,15,195.0,2925.0,2025-07-08 14:41:57.322102
2025-07-08,10126,2025070804017682,UPPER,Kohinoor Investment & Securities Pvt. Ltd.,Sweta Securities Private Limited,120,194.6,23352.0,2025-07-08 14:42:44.586009
2025-07-08,10125,2025070804017683,UPPER,Siprabi Securities Pvt. Ltd.,Sweta Securities Private Limited,73,194.6,14205.8,2025-07-08 14:42:44.586592
2025-07-08,10124,2025070804017684,UPPER,Sewa Securities Pvt. Ltd.,Sweta Securities Private Limited,207,194.5,40261.5,2025-07-08 14:42:44.586924
2025-07-08,9936,2025070804017767,UPPER,Sewa Securities Pvt. Ltd.,Deevyaa Securities & Stock House Pvt. Ltd,100,194.5,19450.0,2025-07-08 14:43:20.299588
2025-07-08,9853,2025070804017799,UPPER,Premier Securities Company Ltd.,Shree Krishna Securities Ltd.,10,195.0,1950.0,2025-07-08 14:43:48.190236
2025-07-08,9652,2025070804017858,UPPER,Imperial Securities Company Pvt. Ltd.,Shree Krishna Securities Ltd.,45,195.0,8775.0,2025-07-08 14:44:14.865713
2025-07-08,9651,2025070804017859,UPPER,Imperial Securities Company Pvt. Ltd.,Sundhara Securities Limited,100,195.0,19500.0,2025-07-08 14:44:14.866272
2025-07-08,9650,2025070804017860,UPPER,Imperial Securities Company Pvt. Ltd.,Trishakti Securities Public Limited,10,195.0,1950.0,2025-07-08 14:44:14.866590
2025-07-08,9649,2025070804017861,UPPER,Imperial Securities Company Pvt. Ltd.,Miyo Securities Pvt Ltd,133,195.0,25935.0,2025-07-08 14:44:14.866888
2025-07-08,9194,2025070804018011,UPPER,Deevyaa Securities & Stock House Pvt. Ltd,Online Securities Pvt. Ltd.,50,194.6,9730.0,2025-07-08 14:45:16.989220
2025-07-08,9193,2025070804018012,UPPER,Sewa Securities Pvt. Ltd.,Online Securities Pvt. Ltd.,450,194.5,87525.0,2025-07-08 14:45:16.989738
2025-07-08,8948,2025070804018089,UPPER,Sewa Securities Pvt. Ltd.,Trishakti Securities Public Limited,306,194.5,59517.0,2025-07-08 14:45:52.230853
2025-07-08,8947,2025070804018090,UPPER,Imperial Securities Company Pvt. Ltd.,Trishakti Securities Public Limited,350,194.5,68075.0,2025-07-08 14:45:52.231981
2025-07-08,8946,2025070804018091,UPPER,Malla & Malla Stock Broking Company Pvt. Limited,Trishakti Securities Public Limited,100,194.5,19450.0,2025-07-08 14:45:52.232838
2025-07-08,8945,2025070804018092,UPPER,Sani Securities Company Ltd.,Trishakti Securities Public Limited,10,194.5,1945.0,2025-07-08 14:45:52.233668
2025-07-08,8944,2025070804018093,UPPER,Imperial Securities Company Pvt. Ltd.,Trishakti Securities Public Limited,20,194.5,3890.0,2025-07-08 14:45:52.234468
2025-07-08,8943,2025070804018094,UPPER,Naasa Securities Co. Ltd.,Trishakti Securities Public Limited,214,194.5,41623.0,2025-07-08 14:45:52.235279
2025-07-08,8795,2025070804018142,UPPER,Premier Securities Company Ltd.,Oxford Securities Pvt. Ltd.,50,194.6,9730.0,2025-07-08 14:46:11.275461
2025-07-08,8794,2025070804018143,UPPER,Aryatara Investment & Securities,Oxford Securities Pvt. Ltd.,50,194.6,9730.0,2025-07-08 14:46:11.275997
2025-07-08,8434,2025070804018235,UPPER,Sani Securities Company Ltd.,Miyo Securities Pvt Ltd,100,195.0,19500.0,2025-07-08 14:47:09.708188
2025-07-08,8244,2025070804018301,UPPER,Aryatara Investment & Securities,APPLE SECURITIES PRIVATE LIMITED,16,194.6,3113.6,2025-07-08 14:47:44.950771
2025-07-08,8243,2025070804018302,UPPER,Aryatara Investment & Securities,APPLE SECURITIES PRIVATE LIMITED,84,194.6,16346.4,2025-07-08 14:47:44.950905
2025-07-08,8073,2025070804018361,UPPER,Premier Securities Company Ltd.,Miyo Securities Pvt Ltd,10,195.0,1950.0,2025-07-08 14:48:11.250938
2025-07-08,7977,2025070804018398,UPPER,Secured Securities Ltd.,Miyo Securities Pvt Ltd,257,195.0,50115.0,2025-07-08 14:48:22.658290
2025-07-08,7976,2025070804018399,UPPER,Secured Securities Ltd.,Sani Securities Company Ltd.,116,195.0,22620.0,2025-07-08 14:48:22.659405
2025-07-08,7975,2025070804018400,UPPER,Secured Securities Ltd.,Siprabi Securities Pvt. Ltd.,100,195.0,19500.0,2025-07-08 14:48:22.660242
2025-07-08,7974,2025070804018401,UPPER,Secured Securities Ltd.,Kohinoor Investment & Securities Pvt. Ltd.,27,195.0,5265.0,2025-07-08 14:48:22.661170
2025-07-08,7842,2025070804018453,UPPER,Siprabi Securities Pvt. Ltd.,Sharepro Securities Private Limited,200,194.7,38940.0,2025-07-08 14:48:49.132040
2025-07-08,7841,2025070804018454,UPPER,Sharepro Securities Private Limited,Sharepro Securities Private Limited,100,194.7,19470.0,2025-07-08 14:48:49.132581
2025-07-08,7740,2025070804018495,UPPER,Aryatara Investment & Securities,Kohinoor Investment & Securities Pvt. Ltd.,33,195.0,6435.0,2025-07-08 14:48:59.336706
2025-07-08,7739,2025070804018496,UPPER,Aryatara Investment & Securities,Dipshikha Dhitopatra Karobar Co. Pvt Ltd.,67,195.0,13065.0,2025-07-08 14:48:59.337190
2025-07-08,7648,2025070804018538,UPPER,Sani Securities Company Ltd.,Dipshikha Dhitopatra Karobar Co. Pvt Ltd.,80,195.0,15600.0,2025-07-08 14:49:05.667034
2025-07-08,7434,2025070804018615,UPPER,Vision Securities Pvt. Ltd,Dipshikha Dhitopatra Karobar Co. Pvt Ltd.,10,195.0,1950.0,2025-07-08 14:49:29.119197
2025-07-08,7337,2025070804018662,UPPER,Deevyaa Securities & Stock House Pvt. Ltd,Imperial Securities Company Pvt. Ltd.,100,194.8,19480.0,2025-07-08 14:49:42.083981
2025-07-08,7205,2025070804018715,UPPER,Sweta Securities Private Limited,Dipshikha Dhitopatra Karobar Co. Pvt Ltd.,100,195.0,19500.0,2025-07-08 14:49:55.754099
2025-07-08,7154,2025070804018727,UPPER,Agrawal Securities (PVT) Ltd.,Dipshikha Dhitopatra Karobar Co. Pvt Ltd.,10,195.0,1950.0,2025-07-08 14:50:01.246245
2025-07-08,6580,2025070804018932,UPPER,Deevyaa Securities & Stock House Pvt. Ltd,Online Securities Pvt. Ltd.,12,194.8,2337.6,2025-07-08 14:51:17.171370
2025-07-08,6137,2025070804019087,UPPER,Deevyaa Securities & Stock House Pvt. Ltd,Naasa Securities Co. Ltd.,100,194.8,19480.0,2025-07-08 14:52:13.741654
2025-07-08,5977,2025070804019169,UPPER,Dipshikha Dhitopatra Karobar Co. Pvt Ltd.,Naasa Securities Co. Ltd.,135,194.9,26311.5,2025-07-08 14:52:36.231175
2025-07-08,5976,2025070804019170,UPPER,Dipshikha Dhitopatra Karobar Co. Pvt Ltd.,Dipshikha Dhitopatra Karobar Co. Pvt Ltd.,118,195.0,23010.0,2025-07-08 14:52:36.231691
2025-07-08,5975,2025070804019171,UPPER,Dipshikha Dhitopatra Karobar Co. Pvt Ltd.,Swarna Laxmi Securities Pvt. Ltd.,80,195.0,15600.0,2025-07-08 14:52:36.231998
2025-07-08,5974,2025070804019172,UPPER,Dipshikha Dhitopatra Karobar Co. Pvt Ltd.,Siprabi Securities Pvt. Ltd.,80,195.0,15600.0,2025-07-08 14:52:36.232287
2025-07-08,5973,2025070804019173,UPPER,Dipshikha Dhitopatra Karobar Co. Pvt Ltd.,Dynamic Money Managers Securities Pvt. Ltd.,587,195.0,114465.0,2025-07-08 14:52:36.232579
2025-07-08,5893,2025070804019198,UPPER,Deevyaa Securities & Stock House Pvt. Ltd,Deevyaa Securities & Stock House Pvt. Ltd,288,194.8,56102.4,2025-07-08 14:52:46.445804
2025-07-08,5660,2025070804019284,UPPER,Naasa Securities Co. Ltd.,Dynamic Money Managers Securities Pvt. Ltd.,260,195.0,50700.0,2025-07-08 14:53:14.885079
2025-07-08,5571,2025070804019302,UPPER,Malla & Malla Stock Broking Company Pvt. Limited,Dynamic Money Managers Securities Pvt. Ltd.,615,195.0,119925.0,2025-07-08 14:53:19.944184
2025-07-08,5542,2025070804019315,UPPER,Kohinoor Investment & Securities Pvt. Ltd.,Online Securities Pvt. Ltd.,100,194.7,19470.0,2025-07-08 14:53:22.532887
2025-07-08,5437,2025070804019350,UPPER,Naasa Securities Co. Ltd.,Dynamic Money Managers Securities Pvt. Ltd.,20,195.0,3900.0,2025-07-08 14:53:32.123146
2025-07-08,5410,2025070804019356,UPPER,Naasa Securities Co. Ltd.,Dynamic Money Managers Securities Pvt. Ltd.,13,195.0,2535.0,2025-07-08 14:53:34.160152
2025-07-08,5327,2025070804019383,UPPER,Aryatara Investment & Securities,APPLE SECURITIES PRIVATE LIMITED,116,194.6,22573.6,2025-07-08 14:53:41.204365
2025-07-08,5326,2025070804019384,UPPER,Kohinoor Investment & Securities Pvt. Ltd.,APPLE SECURITIES PRIVATE LIMITED,140,194.6,27244.0,2025-07-08 14:53:41.204438
2025-07-08,5325,2025070804019385,UPPER,Naasa Securities Co. Ltd.,APPLE SECURITIES PRIVATE LIMITED,134,194.5,26063.0,2025-07-08 14:53:41.204472
2025-07-08,5047,2025070804019460,UPPER,Sharepro Securities Private Limited,Deevyaa Securities & Stock House Pvt. Ltd,100,194.6,19460.0,2025-07-08 14:54:20.200292
2025-07-08,4930,2025070804019515,UPPER,Secured Securities Ltd.,Dynamic Money Managers Securities Pvt. Ltd.,505,195.0,98475.0,2025-07-08 14:54:31.465872
2025-07-08,4929,2025070804019516,UPPER,Secured Securities Ltd.,Imperial Securities Company Pvt. Ltd.,200,195.0,39000.0,2025-07-08 14:54:31.466455
2025-07-08,4928,2025070804019517,UPPER,Secured Securities Ltd.,South Asian Bulls Pvt. Ltd.,62,195.0,12090.0,2025-07-08 14:54:31.466752
2025-07-08,4856,2025070804019540,UPPER,Sweta Securities Private Limited,South Asian Bulls Pvt. Ltd.,27,195.0,5265.0,2025-07-08 14:54:37.340083
2025-07-08,4855,2025070804019541,UPPER,Sweta Securities Private Limited,Imperial Securities Company Pvt. Ltd.,273,195.0,53235.0,2025-07-08 14:54:37.340680
2025-07-08,4834,2025070804019543,UPPER,Sani Securities Company Ltd.,Imperial Securities Company Pvt. Ltd.,10,195.0,1950.0,2025-07-08 14:54:40.415487
2025-07-08,4316,2025070804019689,UPPER,Kalika Securities Pvt. Ltd.,Deevyaa Securities & Stock House Pvt. Ltd,500,194.9,97450.0,2025-07-08 14:55:23.669232
2025-07-08,4315,2025070804019690,UPPER,Kalika Securities Pvt. Ltd.,Imperial Securities Company Pvt. Ltd.,500,195.0,97500.0,2025-07-08 14:55:23.670519
2025-07-08,3855,2025070804019860,UPPER,Dakshinkali Investment & Securities Pvt. Ltd.,Imperial Securities Company Pvt. Ltd.,200,195.0,39000.0,2025-07-08 14:56:11.573435
2025-07-08,3835,2025070804019869,UPPER,J.F. Securites (PVT) Ltd.,Imperial Securities Company Pvt. Ltd.,17,195.0,3315.0,2025-07-08 14:56:13.034947
2025-07-08,3834,2025070804019870,UPPER,J.F. Securites (PVT) Ltd.,Linch Stock Market Ltd.,50,195.0,9750.0,2025-07-08 14:56:13.035496
2025-07-08,3530,2025070804019957,UPPER,Neev Securities Pvt. Ltd.,Linch Stock Market Ltd.,50,195.0,9750.0,2025-07-08 14:56:41.355785
2025-07-08,3207,2025070804020078,UPPER,Deevyaa Securities & Stock House Pvt. Ltd,Linch Stock Market Ltd.,100,195.0,19500.0,2025-07-08 14:57:08.669182
2025-07-08,2986,2025070804020156,UPPER,Oxford Securities Pvt. Ltd.,Linch Stock Market Ltd.,85,195.0,16575.0,2025-07-08 14:57:26.539187
2025-07-08,2981,2025070804020159,UPPER,ABC Securities Private Limited,Nepal Stock House (PVT) Ltd.,28,194.9,5457.2,2025-07-08 14:57:27.074354
2025-07-08,2855,2025070804020193,UPPER,ABC Securities Private Limited,Primo Securities (PVT) Ltd.,300,194.9,58470.0,2025-07-08 14:57:37.248888
2025-07-08,2822,2025070804020222,UPPER,NIMB Stock Markets Limited,Linch Stock Market Ltd.,265,195.0,51675.0,2025-07-08 14:57:38.217419
2025-07-08,2821,2025070804020223,UPPER,NIMB Stock Markets Limited,Siprabi Securities Pvt. Ltd.,80,195.0,15600.0,2025-07-08 14:57:38.218496
2025-07-08,2481,2025070804020332,UPPER,Sani Securities Company Ltd.,Investment Management Nepal Pvt. Ltd.,51,195.1,9950.1,2025-07-08 14:58:02.729405
2025-07-08,2480,2025070804020333,UPPER,NIMB Stock Markets Limited,Investment Management Nepal Pvt. Ltd.,149,195.0,29055.0,2025-07-08 14:58:02.729966
2025-07-08,1544,2025070804020725,UPPER,Sani Securities Company Ltd.,Market Securities & Exchange (PVT) Ltd.,1000,195.3,195300.0,2025-07-08 14:59:04.577756
2025-07-08,605,2025070804021060,UPPER,Deevyaa Securities & Stock House Pvt. Ltd,Asian Securities Private Ltd.,100,195.3,19530.0,2025-07-08 14:59:42.157938
