Date,S.N.,Contract ID,Symbol,Buyer Broker,Seller Broker,quantity,rate,amount,transaction_time
2025-07-22,175756,2025072204000313,AKPL,Oxford Securities Pvt. Ltd.,Bhrikuti Stock Broking Co. Pvt. Ltd.,50,268.0,13400.0,2025-07-22 11:03:21.834752
2025-07-22,175307,2025072204000414,AKPL,Trishakti Securities Public Limited,Bhrikuti Stock Broking Co. Pvt. Ltd.,250,268.0,67000.0,2025-07-22 11:04:18.404174
2025-07-22,174736,2025072204000546,AKPL,Trishakti Securities Public Limited,Online Securities Pvt. Ltd.,100,268.0,26800.0,2025-07-22 11:05:22.659653
2025-07-22,174340,2025072204000645,AKPL,Deevyaa Securities & Stock House Pvt. Ltd,Bhrikuti Stock Broking Co. Pvt. Ltd.,300,269.0,80700.0,2025-07-22 11:06:01.394695
2025-07-22,174339,2025072204000646,AKPL,Deevyaa Securities & Stock House Pvt. Ltd,Sumeru Securities Pvt. Ltd.,1000,269.0,269000.0,2025-07-22 11:06:01.394915
2025-07-22,174338,2025072204000647,AKPL,Deevyaa Securities & Stock House Pvt. Ltd,Naasa Securities Co. Ltd.,80,269.0,21520.0,2025-07-22 11:06:01.395054
2025-07-22,174337,2025072204000648,AKPL,Deevyaa Securities & Stock House Pvt. Ltd,Naasa Securities Co. Ltd.,600,269.9,161940.0,2025-07-22 11:06:01.395199
2025-07-22,174336,2025072204000649,AKPL,Deevyaa Securities & Stock House Pvt. Ltd,Sani Securities Company Ltd.,20,269.9,5398.0,2025-07-22 11:06:01.395357
2025-07-22,174143,2025072204000679,AKPL,Linch Stock Market Ltd.,Premier Securities Company Ltd.,300,269.0,80700.0,2025-07-22 11:06:17.159562
2025-07-22,173739,2025072204000785,AKPL,Trishakti Securities Public Limited,K.B.L. Securities Limited ,35,269.0,9415.0,2025-07-22 11:07:02.784135
2025-07-22,173173,2025072204000926,AKPL,Trishakti Securities Public Limited,Aryatara Investment & Securities,50,268.0,13400.0,2025-07-22 11:08:02.072126
2025-07-22,172522,2025072204001088,AKPL,Trishakti Securities Public Limited,Premier Securities Company Ltd.,100,268.0,26800.0,2025-07-22 11:09:04.372412
2025-07-22,172521,2025072204001089,AKPL,Linch Stock Market Ltd.,Premier Securities Company Ltd.,350,268.0,93800.0,2025-07-22 11:09:04.372654
2025-07-22,171788,2025072204001228,AKPL,Naasa Securities Co. Ltd.,Cristal Kanchanjanga Securites Pvt. Ltd.,11,268.0,2948.0,2025-07-22 11:10:11.549595
2025-07-22,171494,2025072204001312,AKPL,Imperial Securities Company Pvt. Ltd.,NIMB Stock Markets Limited,878,268.0,235304.0,2025-07-22 11:10:38.822682
2025-07-22,171283,2025072204001360,AKPL,Himalayan Securities Limited,Naasa Securities Co. Ltd.,20,269.0,5380.0,2025-07-22 11:10:57.527557
2025-07-22,170520,2025072204001548,AKPL,Imperial Securities Company Pvt. Ltd.,Online Securities Pvt. Ltd.,100,268.0,26800.0,2025-07-22 11:12:03.771380
2025-07-22,170481,2025072204001559,AKPL,J.F. Securites (PVT) Ltd.,Naasa Securities Co. Ltd.,10,269.0,2690.0,2025-07-22 11:12:07.949220
2025-07-22,170285,2025072204001605,AKPL,Imperial Securities Company Pvt. Ltd.,Premier Securities Company Ltd.,12,268.0,3216.0,2025-07-22 11:12:22.029017
2025-07-22,170017,2025072204001650,AKPL,Asian Securities Private Ltd.,Kalika Securities Pvt. Ltd.,1,265.0,265.0,2025-07-22 11:12:48.919188
2025-07-22,169811,2025072204001677,AKPL,J.F. Securites (PVT) Ltd.,Secured Securities Ltd.,150,268.9,40335.0,2025-07-22 11:13:12.625296
2025-07-22,169612,2025072204001732,AKPL,Trishakti Securities Public Limited,Thrive Brokerage House Pvt. Ltd,1,264.0,264.0,2025-07-22 11:13:33.983240
2025-07-22,169401,2025072204001784,AKPL,Imperial Securities Company Pvt. Ltd.,Deevyaa Securities & Stock House Pvt. Ltd,10,268.0,2680.0,2025-07-22 11:13:54.506194
2025-07-22,169400,2025072204001785,AKPL,J.F. Securites (PVT) Ltd.,Deevyaa Securities & Stock House Pvt. Ltd,55,268.0,14740.0,2025-07-22 11:13:54.506333
2025-07-22,169205,2025072204001839,AKPL,Asian Securities Private Ltd.,Linch Stock Market Ltd.,1,266.0,266.0,2025-07-22 11:14:08.086704
2025-07-22,168907,2025072204001908,AKPL,Oxford Securities Pvt. Ltd.,Naasa Securities Co. Ltd.,20,266.1,5322.0,2025-07-22 11:14:36.261678
2025-07-22,168559,2025072204001988,AKPL,Naasa Securities Co. Ltd.,Deevyaa Securities & Stock House Pvt. Ltd,500,268.0,134000.0,2025-07-22 11:15:11.487344
2025-07-22,167651,2025072204002201,AKPL,Oxford Securities Pvt. Ltd.,Secured Securities Ltd.,480,266.1,127728.0,2025-07-22 11:16:34.993392
2025-07-22,167650,2025072204002202,AKPL,Creative Securities Pvt Ltd,Secured Securities Ltd.,50,266.1,13305.0,2025-07-22 11:16:34.993585
2025-07-22,167356,2025072204002274,AKPL,Creative Securities Pvt Ltd,Secured Securities Ltd.,1000,266.0,266000.0,2025-07-22 11:17:05.697250
2025-07-22,167155,2025072204002328,AKPL,J.F. Securites (PVT) Ltd.,Secured Securities Ltd.,470,266.0,125020.0,2025-07-22 11:17:30.133069
2025-07-22,167154,2025072204002329,AKPL,J.F. Securites (PVT) Ltd.,Deevyaa Securities & Stock House Pvt. Ltd,30,266.0,7980.0,2025-07-22 11:17:30.133289
2025-07-22,166803,2025072204002419,AKPL,Malla & Malla Stock Broking Company Pvt. Limited,Deevyaa Securities & Stock House Pvt. Ltd,100,265.0,26500.0,2025-07-22 11:18:04.926301
2025-07-22,166802,2025072204002420,AKPL,Bhrikuti Stock Broking Co. Pvt. Ltd.,Deevyaa Securities & Stock House Pvt. Ltd,100,265.0,26500.0,2025-07-22 11:18:04.926496
2025-07-22,166801,2025072204002421,AKPL,Trisul Securities & Invt. Ltd.,Deevyaa Securities & Stock House Pvt. Ltd,300,265.0,79500.0,2025-07-22 11:18:04.926567
2025-07-22,166003,2025072204002638,AKPL,Kumari Securities Private Limited,Trishakti Securities Public Limited,100,265.1,26510.0,2025-07-22 11:19:26.132879
2025-07-22,166002,2025072204002639,AKPL,Oxford Securities Pvt. Ltd.,Trishakti Securities Public Limited,250,265.1,66275.0,2025-07-22 11:19:26.133047
2025-07-22,166001,2025072204002640,AKPL,Trisul Securities & Invt. Ltd.,Trishakti Securities Public Limited,181,265.0,47965.0,2025-07-22 11:19:26.133121
2025-07-22,165988,2025072204002643,AKPL,Vision Securities Pvt. Ltd,Deevyaa Securities & Stock House Pvt. Ltd,50,266.0,13300.0,2025-07-22 11:19:28.031140
2025-07-22,165669,2025072204002737,AKPL,Oxford Securities Pvt. Ltd.,Malla & Malla Stock Broking Company Pvt. Limited,200,265.1,53020.0,2025-07-22 11:19:57.503306
2025-07-22,165668,2025072204002738,AKPL,Trisul Securities & Invt. Ltd.,Malla & Malla Stock Broking Company Pvt. Limited,19,265.0,5035.0,2025-07-22 11:19:57.503524
2025-07-22,165667,2025072204002739,AKPL,Naasa Securities Co. Ltd.,Malla & Malla Stock Broking Company Pvt. Limited,281,265.0,74465.0,2025-07-22 11:19:57.503598
2025-07-22,165493,2025072204002770,AKPL,Naasa Securities Co. Ltd.,Nepal Investment And Securities Trading Private Limited,19,265.0,5035.0,2025-07-22 11:20:17.007655
2025-07-22,165439,2025072204002782,AKPL,Trishakti Securities Public Limited,ABC Securities Private Limited,200,265.1,53020.0,2025-07-22 11:20:24.319785
2025-07-22,165250,2025072204002840,AKPL,Trishakti Securities Public Limited,Sweta Securities Private Limited,500,265.1,132550.0,2025-07-22 11:20:41.096511
2025-07-22,165176,2025072204002858,AKPL,Trishakti Securities Public Limited,Oxford Securities Pvt. Ltd.,300,265.1,79530.0,2025-07-22 11:20:48.067498
2025-07-22,165175,2025072204002859,AKPL,Oxford Securities Pvt. Ltd.,Oxford Securities Pvt. Ltd.,50,265.1,13255.0,2025-07-22 11:20:48.067889
2025-07-22,165174,2025072204002860,AKPL,Naasa Securities Co. Ltd.,Oxford Securities Pvt. Ltd.,200,265.0,53000.0,2025-07-22 11:20:48.068222
2025-07-22,165173,2025072204002861,AKPL,Vision Securities Pvt. Ltd,Oxford Securities Pvt. Ltd.,50,265.0,13250.0,2025-07-22 11:20:48.068591
2025-07-22,165172,2025072204002862,AKPL,Bhrikuti Stock Broking Co. Pvt. Ltd.,Oxford Securities Pvt. Ltd.,1000,265.0,265000.0,2025-07-22 11:20:48.068911
2025-07-22,164995,2025072204002897,AKPL,Vision Securities Pvt. Ltd,Oxford Securities Pvt. Ltd.,400,265.0,106000.0,2025-07-22 11:21:05.435927
2025-07-22,164823,2025072204002936,AKPL,Vision Securities Pvt. Ltd,Swarna Laxmi Securities Pvt. Ltd.,31,265.0,8215.0,2025-07-22 11:21:17.809997
2025-07-22,164590,2025072204002982,AKPL,Vision Securities Pvt. Ltd,Sweta Securities Private Limited,200,265.0,53000.0,2025-07-22 11:21:33.417303
2025-07-22,164398,2025072204003023,AKPL,Vision Securities Pvt. Ltd,Sweta Securities Private Limited,69,265.0,18285.0,2025-07-22 11:21:45.567369
2025-07-22,164397,2025072204003024,AKPL,Naasa Securities Co. Ltd.,Sweta Securities Private Limited,20,265.0,5300.0,2025-07-22 11:21:45.567576
2025-07-22,164396,2025072204003025,AKPL,Primo Securities (PVT) Ltd.,Sweta Securities Private Limited,711,264.2,187846.2,2025-07-22 11:21:45.567654
2025-07-22,163835,2025072204003178,AKPL,Malla & Malla Stock Broking Company Pvt. Limited,Nepal Investment And Securities Trading Private Limited,100,264.3,26430.0,2025-07-22 11:22:36.232645
2025-07-22,163834,2025072204003179,AKPL,Primo Securities (PVT) Ltd.,Nepal Investment And Securities Trading Private Limited,288,264.2,76089.6,2025-07-22 11:22:36.232846
2025-07-22,163833,2025072204003180,AKPL,Kumari Securities Private Limited,Nepal Investment And Securities Trading Private Limited,200,264.1,52820.0,2025-07-22 11:22:36.232925
2025-07-22,163832,2025072204003181,AKPL,Sanima Securities Limited,Nepal Investment And Securities Trading Private Limited,412,264.0,108768.0,2025-07-22 11:22:36.232998
2025-07-22,162968,2025072204003419,AKPL,Online Securities Pvt. Ltd.,Deevyaa Securities & Stock House Pvt. Ltd,52,266.0,13832.0,2025-07-22 11:23:51.083385
2025-07-22,162676,2025072204003476,AKPL,Sanima Securities Limited,Naasa Securities Co. Ltd.,30,264.0,7920.0,2025-07-22 11:24:14.802643
2025-07-22,162563,2025072204003498,AKPL,Sanima Securities Limited,J.F. Securites (PVT) Ltd.,39,264.0,10296.0,2025-07-22 11:24:25.621281
2025-07-22,162149,2025072204003619,AKPL,Naasa Securities Co. Ltd.,Nepal Investment And Securities Trading Private Limited,200,264.1,52820.0,2025-07-22 11:25:07.481236
2025-07-22,162148,2025072204003620,AKPL,Sanima Securities Limited,Nepal Investment And Securities Trading Private Limited,519,264.0,137016.0,2025-07-22 11:25:07.481667
2025-07-22,161744,2025072204003709,AKPL,Malla & Malla Stock Broking Company Pvt. Limited,Nepal Investment And Securities Trading Private Limited,200,264.0,52800.0,2025-07-22 11:25:47.008601
2025-07-22,161376,2025072204003785,AKPL,Vision Securities Pvt. Ltd,Nepal Investment And Securities Trading Private Limited,81,264.0,21384.0,2025-07-22 11:26:18.914677
2025-07-22,161097,2025072204003848,AKPL,Vision Securities Pvt. Ltd,Nepal Stock House (PVT) Ltd.,38,264.1,10035.8,2025-07-22 11:26:45.229303
2025-07-22,160617,2025072204003966,AKPL,Vision Securities Pvt. Ltd,Swarna Laxmi Securities Pvt. Ltd.,81,264.4,21416.4,2025-07-22 11:27:33.745851
2025-07-22,160616,2025072204003967,AKPL,Linch Stock Market Ltd.,Swarna Laxmi Securities Pvt. Ltd.,300,264.0,79200.0,2025-07-22 11:27:33.746301
2025-07-22,159833,2025072204004158,AKPL,Secured Securities Ltd.,Agrawal Securities (PVT) Ltd.,500,265.5,132750.0,2025-07-22 11:28:59.679738
2025-07-22,159745,2025072204004184,AKPL,Secured Securities Ltd.,Naasa Securities Co. Ltd.,100,265.9,26590.0,2025-07-22 11:29:06.660590
2025-07-22,159209,2025072204004286,AKPL,Secured Securities Ltd.,Imperial Securities Company Pvt. Ltd.,100,265.9,26590.0,2025-07-22 11:29:58.616359
2025-07-22,158915,2025072204004332,AKPL,Agrawal Securities (PVT) Ltd.,Imperial Securities Company Pvt. Ltd.,500,265.9,132950.0,2025-07-22 11:30:20.942083
2025-07-22,158914,2025072204004333,AKPL,Agrawal Securities (PVT) Ltd.,Deevyaa Securities & Stock House Pvt. Ltd,500,266.0,133000.0,2025-07-22 11:30:20.942513
2025-07-22,158863,2025072204004354,AKPL,Secured Securities Ltd.,South Asian Bulls Pvt. Ltd.,25,265.5,6637.5,2025-07-22 11:30:25.778431
2025-07-22,158862,2025072204004355,AKPL,Property Wiard Limited,South Asian Bulls Pvt. Ltd.,170,264.2,44914.0,2025-07-22 11:30:25.778670
2025-07-22,158861,2025072204004356,AKPL,Naasa Securities Co. Ltd.,South Asian Bulls Pvt. Ltd.,100,264.0,26400.0,2025-07-22 11:30:25.778754
2025-07-22,158860,2025072204004357,AKPL,Property Wiard Limited,South Asian Bulls Pvt. Ltd.,100,264.0,26400.0,2025-07-22 11:30:25.778839
2025-07-22,158859,2025072204004358,AKPL,Malla & Malla Stock Broking Company Pvt. Limited,South Asian Bulls Pvt. Ltd.,60,264.0,15840.0,2025-07-22 11:30:25.778922
2025-07-22,158858,2025072204004359,AKPL,Secured Securities Ltd.,South Asian Bulls Pvt. Ltd.,200,264.0,52800.0,2025-07-22 11:30:25.779004
2025-07-22,158617,2025072204004401,AKPL,Sanima Securities Limited,Ashutosh Brokerage & Securities (PVT) Ltd.,216,263.9,57002.4,2025-07-22 11:30:49.398011
2025-07-22,158577,2025072204004407,AKPL,Vision Securities Pvt. Ltd,South Asian Bulls Pvt. Ltd.,50,264.0,13200.0,2025-07-22 11:30:52.579770
2025-07-22,158451,2025072204004433,AKPL,Sanima Securities Limited,Naasa Securities Co. Ltd.,784,263.9,206897.6,2025-07-22 11:31:02.604471
2025-07-22,158450,2025072204004434,AKPL,Sumeru Securities Pvt. Ltd.,Naasa Securities Co. Ltd.,216,263.8,56980.8,2025-07-22 11:31:02.604570
2025-07-22,158185,2025072204004509,AKPL,Nepal Investment And Securities Trading Private Limited,South Asian Bulls Pvt. Ltd.,500,264.0,132000.0,2025-07-22 11:31:30.434836
2025-07-22,158145,2025072204004523,AKPL,Sumeru Securities Pvt. Ltd.,Dynamic Money Managers Securities Pvt. Ltd.,200,263.8,52760.0,2025-07-22 11:31:33.304892
2025-07-22,158127,2025072204004526,AKPL,South Asian Bulls Pvt. Ltd.,South Asian Bulls Pvt. Ltd.,295,264.0,77880.0,2025-07-22 11:31:34.714628
2025-07-22,158126,2025072204004527,AKPL,South Asian Bulls Pvt. Ltd.,South Asian Bulls Pvt. Ltd.,205,264.0,54120.0,2025-07-22 11:31:34.715062
2025-07-22,157792,2025072204004605,AKPL,Blue Chip Securities Ltd,South Asian Bulls Pvt. Ltd.,1100,264.0,290400.0,2025-07-22 11:32:11.065828
2025-07-22,157708,2025072204004636,AKPL,Premier Securities Company Ltd.,South Asian Bulls Pvt. Ltd.,14,264.0,3696.0,2025-07-22 11:32:18.613362
2025-07-22,157698,2025072204004640,AKPL,Thrive Brokerage House Pvt. Ltd,South Asian Bulls Pvt. Ltd.,181,264.0,47784.0,2025-07-22 11:32:19.517647
2025-07-22,156113,2025072204005004,AKPL,Aryatara Investment & Securities,Imperial Securities Company Pvt. Ltd.,85,265.0,22525.0,2025-07-22 11:34:28.731237
2025-07-22,155928,2025072204005041,AKPL,Sumeru Securities Pvt. Ltd.,Magnet Securities and Investment Company Private Limited,400,265.9,106360.0,2025-07-22 11:34:45.953352
2025-07-22,155927,2025072204005042,AKPL,Sumeru Securities Pvt. Ltd.,Deevyaa Securities & Stock House Pvt. Ltd,169,266.0,44954.0,2025-07-22 11:34:45.953474
2025-07-22,155900,2025072204005047,AKPL,Agrawal Securities (PVT) Ltd.,Deevyaa Securities & Stock House Pvt. Ltd,10,266.0,2660.0,2025-07-22 11:34:47.530341
2025-07-22,154738,2025072204005315,AKPL,Aryatara Investment & Securities,Deevyaa Securities & Stock House Pvt. Ltd,13,265.0,3445.0,2025-07-22 11:36:27.893765
2025-07-22,154608,2025072204005353,AKPL,NIMB Stock Markets Limited,Nepal Investment And Securities Trading Private Limited,26,265.0,6890.0,2025-07-22 11:36:37.185212
2025-07-22,154542,2025072204005361,AKPL,Aryatara Investment & Securities,Nepal Investment And Securities Trading Private Limited,24,265.0,6360.0,2025-07-22 11:36:40.219075
2025-07-22,154343,2025072204005397,AKPL,Trishakti Securities Public Limited,Deevyaa Securities & Stock House Pvt. Ltd,100,266.0,26600.0,2025-07-22 11:36:54.680706
2025-07-22,153819,2025072204005492,AKPL,Secured Securities Ltd.,Deevyaa Securities & Stock House Pvt. Ltd,89,266.0,23674.0,2025-07-22 11:37:35.653608
2025-07-22,153818,2025072204005493,AKPL,Secured Securities Ltd.,Midas Stock Broking Company Private Limited,11,266.0,2926.0,2025-07-22 11:37:35.653891
2025-07-22,151259,2025072204006189,AKPL,Sumeru Securities Pvt. Ltd.,Sri Hari Securities Pvt. Ltd.,1000,265.9,265900.0,2025-07-22 11:41:08.858131
2025-07-22,150742,2025072204006310,AKPL,Aryatara Investment & Securities,Midas Stock Broking Company Private Limited,40,266.0,10640.0,2025-07-22 11:41:54.657850
2025-07-22,150741,2025072204006311,AKPL,Aryatara Investment & Securities,Online Securities Pvt. Ltd.,93,266.0,24738.0,2025-07-22 11:41:54.658110
2025-07-22,150740,2025072204006312,AKPL,Aryatara Investment & Securities,Sani Securities Company Ltd.,100,266.0,26600.0,2025-07-22 11:41:54.658216
2025-07-22,150446,2025072204006387,AKPL,Aryatara Investment & Securities,Aryatara Investment & Securities,27,266.5,7195.5,2025-07-22 11:42:19.014725
2025-07-22,150173,2025072204006473,AKPL,Aryatara Investment & Securities,Sumeru Securities Pvt. Ltd.,240,266.9,64056.0,2025-07-22 11:42:37.343028
2025-07-22,150059,2025072204006532,AKPL,Imperial Securities Company Pvt. Ltd.,Sumeru Securities Pvt. Ltd.,200,266.9,53380.0,2025-07-22 11:42:43.696640
2025-07-22,149529,2025072204006640,AKPL,Sewa Securities Pvt. Ltd.,Sri Hari Securities Pvt. Ltd.,470,266.8,125396.0,2025-07-22 11:43:12.604622
2025-07-22,149237,2025072204006719,AKPL,Dynamic Money Managers Securities Pvt. Ltd.,Sri Hari Securities Pvt. Ltd.,150,266.8,40020.0,2025-07-22 11:43:32.494262
2025-07-22,148212,2025072204006931,AKPL,Deevyaa Securities & Stock House Pvt. Ltd,Sri Hari Securities Pvt. Ltd.,342,266.8,91245.6,2025-07-22 11:44:39.563463
2025-07-22,147746,2025072204007035,AKPL,Malla & Malla Stock Broking Company Pvt. Limited,Sri Hari Securities Pvt. Ltd.,38,266.8,10138.4,2025-07-22 11:45:13.974910
2025-07-22,147745,2025072204007036,AKPL,Malla & Malla Stock Broking Company Pvt. Limited,Sumeru Securities Pvt. Ltd.,362,266.9,96617.8,2025-07-22 11:45:13.975240
2025-07-22,147648,2025072204007058,AKPL,Sweta Securities Private Limited,Sumeru Securities Pvt. Ltd.,380,266.9,101422.0,2025-07-22 11:45:21.354815
2025-07-22,147316,2025072204007129,AKPL,Sani Securities Company Ltd.,Naasa Securities Co. Ltd.,10,266.8,2668.0,2025-07-22 11:45:41.615326
2025-07-22,147315,2025072204007130,AKPL,Sewa Securities Pvt. Ltd.,Naasa Securities Co. Ltd.,30,266.5,7995.0,2025-07-22 11:45:41.615572
2025-07-22,147053,2025072204007187,AKPL,Asian Securities Private Ltd.,Trisul Securities & Invt. Ltd.,200,266.2,53240.0,2025-07-22 11:45:57.749445
2025-07-22,147052,2025072204007188,AKPL,Citizens Share Broker Limited,Trisul Securities & Invt. Ltd.,200,266.1,53220.0,2025-07-22 11:45:57.749534
2025-07-22,147051,2025072204007189,AKPL,Vision Securities Pvt. Ltd,Trisul Securities & Invt. Ltd.,150,266.0,39900.0,2025-07-22 11:45:57.749556
2025-07-22,147050,2025072204007190,AKPL,Deevyaa Securities & Stock House Pvt. Ltd,Trisul Securities & Invt. Ltd.,110,266.0,29260.0,2025-07-22 11:45:57.749579
2025-07-22,147049,2025072204007191,AKPL,Aryatara Investment & Securities,Trisul Securities & Invt. Ltd.,340,265.6,90304.0,2025-07-22 11:45:57.749609
2025-07-22,146995,2025072204007203,AKPL,Thrive Brokerage House Pvt. Ltd,Naasa Securities Co. Ltd.,200,266.5,53300.0,2025-07-22 11:46:00.776446
2025-07-22,146838,2025072204007251,AKPL,Deevyaa Securities & Stock House Pvt. Ltd,Magnet Securities and Investment Company Private Limited,230,266.8,61364.0,2025-07-22 11:46:10.235952
2025-07-22,146509,2025072204007306,AKPL,Sewa Securities Pvt. Ltd.,Magnet Securities and Investment Company Private Limited,30,266.8,8004.0,2025-07-22 11:46:29.942676
2025-07-22,146259,2025072204007374,AKPL,Arun Securities (PVT) Ltd.,Magnet Securities and Investment Company Private Limited,36,266.8,9604.8,2025-07-22 11:46:47.640173
2025-07-22,146156,2025072204007393,AKPL,Sagarmatha Securities Private Limited,Sri Hari Securities Pvt. Ltd.,53,266.7,14135.1,2025-07-22 11:46:55.596435
2025-07-22,146155,2025072204007394,AKPL,Sagarmatha Securities Private Limited,Magnet Securities and Investment Company Private Limited,604,266.8,161147.2,2025-07-22 11:46:55.596484
2025-07-22,146154,2025072204007395,AKPL,Sagarmatha Securities Private Limited,Sumeru Securities Pvt. Ltd.,4343,266.9,1159146.7,2025-07-22 11:46:55.596513
2025-07-22,145691,2025072204007502,AKPL,Sundhara Securities Limited,Sumeru Securities Pvt. Ltd.,500,266.9,133450.0,2025-07-22 11:47:24.670209
2025-07-22,145422,2025072204007571,AKPL,Aryatara Investment & Securities,Sumeru Securities Pvt. Ltd.,700,266.9,186830.0,2025-07-22 11:47:39.302507
2025-07-22,145199,2025072204007621,AKPL,Sundhara Securities Limited,Sani Securities Company Ltd.,96,266.1,25545.6,2025-07-22 11:47:51.714303
2025-07-22,144763,2025072204007718,AKPL,Thrive Brokerage House Pvt. Ltd,Online Securities Pvt. Ltd.,50,266.8,13340.0,2025-07-22 11:48:23.311288
2025-07-22,144457,2025072204007789,AKPL,Thrive Brokerage House Pvt. Ltd,Online Securities Pvt. Ltd.,200,266.8,53360.0,2025-07-22 11:48:39.354431
2025-07-22,143855,2025072204007911,AKPL,Thrive Brokerage House Pvt. Ltd,Online Securities Pvt. Ltd.,100,266.8,26680.0,2025-07-22 11:49:19.494507
2025-07-22,143497,2025072204007999,AKPL,KALASH STOCK MARKET PVT. LTD.,Sumeru Securities Pvt. Ltd.,10,266.9,2669.0,2025-07-22 11:49:46.794797
2025-07-22,143496,2025072204008000,AKPL,KALASH STOCK MARKET PVT. LTD.,Nabil Stock Dealer Ltd.,370,267.0,98790.0,2025-07-22 11:49:46.795352
2025-07-22,143495,2025072204008001,AKPL,KALASH STOCK MARKET PVT. LTD.,Naasa Securities Co. Ltd.,106,267.0,28302.0,2025-07-22 11:49:46.795739
2025-07-22,143494,2025072204008002,AKPL,KALASH STOCK MARKET PVT. LTD.,Primo Securities (PVT) Ltd.,14,267.0,3738.0,2025-07-22 11:49:46.796142
2025-07-22,142868,2025072204008164,AKPL,Deevyaa Securities & Stock House Pvt. Ltd,Primo Securities (PVT) Ltd.,286,267.0,76362.0,2025-07-22 11:50:25.002908
2025-07-22,142867,2025072204008165,AKPL,Deevyaa Securities & Stock House Pvt. Ltd,Magnet Securities and Investment Company Private Limited,214,267.9,57330.6,2025-07-22 11:50:25.003170
2025-07-22,142526,2025072204008265,AKPL,Sundhara Securities Limited,Sipla Securities Private Limited,73,266.2,19432.6,2025-07-22 11:50:49.564914
2025-07-22,141974,2025072204008425,AKPL,Sani Securities Company Ltd.,Opal Securities Investment (PVT) Ltd.,187,266.5,49835.5,2025-07-22 11:51:29.689179
2025-07-22,141973,2025072204008426,AKPL,Sundhara Securities Limited,Opal Securities Investment (PVT) Ltd.,313,266.2,83320.6,2025-07-22 11:51:29.689496
2025-07-22,141630,2025072204008475,AKPL,Thrive Brokerage House Pvt. Ltd,Nepal Investment And Securities Trading Private Limited,300,267.0,80100.0,2025-07-22 11:51:52.130376
2025-07-22,141022,2025072204008605,AKPL,Dynamic Money Managers Securities Pvt. Ltd.,Naasa Securities Co. Ltd.,50,267.8,13390.0,2025-07-22 11:52:41.683070
2025-07-22,140592,2025072204008717,AKPL,Agrawal Securities (PVT) Ltd.,Ashutosh Brokerage & Securities (PVT) Ltd.,1000,267.1,267100.0,2025-07-22 11:53:17.231758
2025-07-22,140527,2025072204008726,AKPL,Sagarmatha Securities Private Limited,Naasa Securities Co. Ltd.,20,267.8,5356.0,2025-07-22 11:53:23.680945
2025-07-22,140526,2025072204008727,AKPL,Sagarmatha Securities Private Limited,Magnet Securities and Investment Company Private Limited,286,267.9,76619.4,2025-07-22 11:53:23.681508
2025-07-22,140525,2025072204008728,AKPL,Sagarmatha Securities Private Limited,Kumari Securities Private Limited,400,268.0,107200.0,2025-07-22 11:53:23.681933
2025-07-22,140524,2025072204008729,AKPL,Sagarmatha Securities Private Limited,Naasa Securities Co. Ltd.,10,268.0,2680.0,2025-07-22 11:53:23.682293
2025-07-22,140523,2025072204008730,AKPL,Sagarmatha Securities Private Limited,Midas Stock Broking Company Private Limited,260,268.0,69680.0,2025-07-22 11:53:23.682678
2025-07-22,140522,2025072204008731,AKPL,Sagarmatha Securities Private Limited,Aryatara Investment & Securities,65,268.0,17420.0,2025-07-22 11:53:23.683095
2025-07-22,140521,2025072204008732,AKPL,Sagarmatha Securities Private Limited,Sani Securities Company Ltd.,200,268.0,53600.0,2025-07-22 11:53:23.683598
2025-07-22,140520,2025072204008733,AKPL,Sagarmatha Securities Private Limited,Linch Stock Market Ltd.,300,268.0,80400.0,2025-07-22 11:53:23.684083
2025-07-22,140519,2025072204008734,AKPL,Sagarmatha Securities Private Limited,Naasa Securities Co. Ltd.,10,268.0,2680.0,2025-07-22 11:53:23.684608
2025-07-22,140228,2025072204008761,AKPL,Sagarmatha Securities Private Limited,KALASH STOCK MARKET PVT. LTD.,449,267.2,119972.8,2025-07-22 11:53:45.361904
2025-07-22,140227,2025072204008762,AKPL,Agrawal Securities (PVT) Ltd.,KALASH STOCK MARKET PVT. LTD.,551,267.1,147172.1,2025-07-22 11:53:45.362218
2025-07-22,139878,2025072204008843,AKPL,Blue Chip Securities Ltd,Oxford Securities Pvt. Ltd.,80,268.5,21480.0,2025-07-22 11:54:11.358635
2025-07-22,139877,2025072204008844,AKPL,Blue Chip Securities Ltd,Asian Securities Private Ltd.,920,268.7,247204.0,2025-07-22 11:54:11.359047
2025-07-22,139654,2025072204008894,AKPL,Sundhara Securities Limited,Ashutosh Brokerage & Securities (PVT) Ltd.,216,267.2,57715.2,2025-07-22 11:54:23.587815
2025-07-22,139432,2025072204008966,AKPL,Sundhara Securities Limited,Premier Securities Company Ltd.,284,267.2,75884.8,2025-07-22 11:54:35.263158
2025-07-22,139431,2025072204008967,AKPL,Agrawal Securities (PVT) Ltd.,Premier Securities Company Ltd.,1499,267.1,400382.9,2025-07-22 11:54:35.263475
2025-07-22,139430,2025072204008968,AKPL,Sagarmatha Securities Private Limited,Premier Securities Company Ltd.,217,267.1,57960.7,2025-07-22 11:54:35.263600
2025-07-22,139261,2025072204008998,AKPL,Sagarmatha Securities Private Limited,Kohinoor Investment & Securities Pvt. Ltd.,100,267.5,26750.0,2025-07-22 11:54:50.157762
2025-07-22,139260,2025072204008999,AKPL,Sagarmatha Securities Private Limited,Dynamic Money Managers Securities Pvt. Ltd.,40,268.5,10740.0,2025-07-22 11:54:50.158306
2025-07-22,139259,2025072204009000,AKPL,Sagarmatha Securities Private Limited,Naasa Securities Co. Ltd.,80,268.6,21488.0,2025-07-22 11:54:50.158675
2025-07-22,139171,2025072204009014,AKPL,Blue Chip Securities Ltd,Naasa Securities Co. Ltd.,220,268.6,59092.0,2025-07-22 11:54:55.442837
2025-07-22,139170,2025072204009015,AKPL,Blue Chip Securities Ltd,Asian Securities Private Ltd.,80,268.7,21496.0,2025-07-22 11:54:55.443126
2025-07-22,139169,2025072204009016,AKPL,Blue Chip Securities Ltd,J.F. Securites (PVT) Ltd.,1000,268.8,268800.0,2025-07-22 11:54:55.443248
2025-07-22,139168,2025072204009017,AKPL,Blue Chip Securities Ltd,Primo Securities (PVT) Ltd.,500,268.8,134400.0,2025-07-22 11:54:55.443396
2025-07-22,138938,2025072204009078,AKPL,Nagarik Stock Dealer ,Secured Securities Ltd.,1850,268.9,497465.0,2025-07-22 11:55:09.581585
2025-07-22,138937,2025072204009079,AKPL,Nagarik Stock Dealer ,Premier Securities Company Ltd.,250,269.0,67250.0,2025-07-22 11:55:09.581849
2025-07-22,138936,2025072204009080,AKPL,Nagarik Stock Dealer ,South Asian Bulls Pvt. Ltd.,275,269.0,73975.0,2025-07-22 11:55:09.581974
2025-07-22,138935,2025072204009081,AKPL,Nagarik Stock Dealer ,Vision Securities Pvt. Ltd,300,269.0,80700.0,2025-07-22 11:55:09.582096
2025-07-22,138934,2025072204009082,AKPL,Nagarik Stock Dealer ,Dipshikha Dhitopatra Karobar Co. Pvt Ltd.,100,269.0,26900.0,2025-07-22 11:55:09.582215
2025-07-22,138933,2025072204009083,AKPL,Nagarik Stock Dealer ,ABC Securities Private Limited,500,269.0,134500.0,2025-07-22 11:55:09.582347
2025-07-22,138932,2025072204009084,AKPL,Nagarik Stock Dealer ,Sani Securities Company Ltd.,200,269.0,53800.0,2025-07-22 11:55:09.582468
2025-07-22,138931,2025072204009085,AKPL,Nagarik Stock Dealer ,Nepal Stock House (PVT) Ltd.,100,269.0,26900.0,2025-07-22 11:55:09.582585
2025-07-22,138930,2025072204009086,AKPL,Nagarik Stock Dealer ,Siprabi Securities Pvt. Ltd.,51,269.0,13719.0,2025-07-22 11:55:09.582700
2025-07-22,138929,2025072204009087,AKPL,Nagarik Stock Dealer ,Nepal Investment And Securities Trading Private Limited,50,269.0,13450.0,2025-07-22 11:55:09.582831
2025-07-22,138928,2025072204009088,AKPL,Nagarik Stock Dealer ,Malla & Malla Stock Broking Company Pvt. Limited,750,269.0,201750.0,2025-07-22 11:55:09.582962
2025-07-22,138927,2025072204009089,AKPL,Nagarik Stock Dealer ,Capital Hub P. Ltd,500,269.0,134500.0,2025-07-22 11:55:09.583093
2025-07-22,138926,2025072204009090,AKPL,Nagarik Stock Dealer ,Aryatara Investment & Securities,74,269.2,19920.8,2025-07-22 11:55:09.583203
2025-07-22,138693,2025072204009186,AKPL,Agrawal Securities (PVT) Ltd.,Nepal Investment And Securities Trading Private Limited,220,268.9,59158.0,2025-07-22 11:55:21.297458
2025-07-22,138595,2025072204009210,AKPL,Sri Hari Securities Pvt. Ltd.,Aryatara Investment & Securities,586,269.2,157751.2,2025-07-22 11:55:28.402277
2025-07-22,138594,2025072204009211,AKPL,Sri Hari Securities Pvt. Ltd.,Agrawal Securities (PVT) Ltd.,1000,269.2,269200.0,2025-07-22 11:55:28.402614
2025-07-22,138593,2025072204009212,AKPL,Sri Hari Securities Pvt. Ltd.,Secured Securities Ltd.,200,269.2,53840.0,2025-07-22 11:55:28.402732
2025-07-22,138584,2025072204009213,AKPL,Nagarik Stock Dealer ,Sumeru Securities Pvt. Ltd.,800,269.3,215440.0,2025-07-22 11:55:29.631477
2025-07-22,138583,2025072204009214,AKPL,Nagarik Stock Dealer ,Premier Securities Company Ltd.,500,269.7,134850.0,2025-07-22 11:55:29.631778
2025-07-22,138582,2025072204009215,AKPL,Nagarik Stock Dealer ,Market Securities & Exchange (PVT) Ltd.,100,269.8,26980.0,2025-07-22 11:55:29.631903
2025-07-22,138581,2025072204009216,AKPL,Nagarik Stock Dealer ,Bhrikuti Stock Broking Co. Pvt. Ltd.,400,270.0,108000.0,2025-07-22 11:55:29.632024
2025-07-22,138580,2025072204009217,AKPL,Nagarik Stock Dealer ,Malla & Malla Stock Broking Company Pvt. Limited,30,270.0,8100.0,2025-07-22 11:55:29.632142
2025-07-22,138579,2025072204009218,AKPL,Nagarik Stock Dealer ,Kalika Securities Pvt. Ltd.,350,270.0,94500.0,2025-07-22 11:55:29.632254
2025-07-22,138578,2025072204009219,AKPL,Nagarik Stock Dealer ,Midas Stock Broking Company Private Limited,300,270.0,81000.0,2025-07-22 11:55:29.632403
2025-07-22,138577,2025072204009220,AKPL,Nagarik Stock Dealer ,Sri Hari Securities Pvt. Ltd.,50,270.0,13500.0,2025-07-22 11:55:29.632537
2025-07-22,138576,2025072204009221,AKPL,Nagarik Stock Dealer ,Aryatara Investment & Securities,490,270.0,132300.0,2025-07-22 11:55:29.632653
2025-07-22,138575,2025072204009222,AKPL,Nagarik Stock Dealer ,Linch Stock Market Ltd.,40,270.0,10800.0,2025-07-22 11:55:29.632814
2025-07-22,138574,2025072204009223,AKPL,Nagarik Stock Dealer ,Imperial Securities Company Pvt. Ltd.,100,270.0,27000.0,2025-07-22 11:55:29.632985
2025-07-22,138573,2025072204009224,AKPL,Nagarik Stock Dealer ,Imperial Securities Company Pvt. Ltd.,500,270.0,135000.0,2025-07-22 11:55:29.633127
2025-07-22,138572,2025072204009225,AKPL,Nagarik Stock Dealer ,Secured Securities Ltd.,200,270.0,54000.0,2025-07-22 11:55:29.633231
2025-07-22,138571,2025072204009226,AKPL,Nagarik Stock Dealer ,Nepal Stock House (PVT) Ltd.,200,270.0,54000.0,2025-07-22 11:55:29.633361
2025-07-22,138570,2025072204009227,AKPL,Nagarik Stock Dealer ,Kumari Securities Private Limited,100,270.0,27000.0,2025-07-22 11:55:29.633479
2025-07-22,138569,2025072204009228,AKPL,Nagarik Stock Dealer ,J.F. Securites (PVT) Ltd.,72,270.0,19440.0,2025-07-22 11:55:29.633631
2025-07-22,138568,2025072204009229,AKPL,Nagarik Stock Dealer ,Sri Hari Securities Pvt. Ltd.,500,270.0,135000.0,2025-07-22 11:55:29.633778
2025-07-22,138567,2025072204009230,AKPL,Nagarik Stock Dealer ,Sani Securities Company Ltd.,268,270.0,72360.0,2025-07-22 11:55:29.633949
2025-07-22,138365,2025072204009252,AKPL,Sagarmatha Securities Private Limited,Sani Securities Company Ltd.,1442,270.0,389340.0,2025-07-22 11:55:42.522564
2025-07-22,138364,2025072204009253,AKPL,Sagarmatha Securities Private Limited,Naasa Securities Co. Ltd.,30,270.0,8100.0,2025-07-22 11:55:42.522837
2025-07-22,138363,2025072204009254,AKPL,Sagarmatha Securities Private Limited,Vision Securities Pvt. Ltd,290,270.0,78300.0,2025-07-22 11:55:42.522948
2025-07-22,138362,2025072204009255,AKPL,Sagarmatha Securities Private Limited,Kohinoor Investment & Securities Pvt. Ltd.,736,270.0,198720.0,2025-07-22 11:55:42.523055
2025-07-22,138361,2025072204009256,AKPL,Sagarmatha Securities Private Limited,Malla & Malla Stock Broking Company Pvt. Limited,100,270.0,27000.0,2025-07-22 11:55:42.523167
2025-07-22,138360,2025072204009257,AKPL,Sagarmatha Securities Private Limited,Naasa Securities Co. Ltd.,40,270.0,10800.0,2025-07-22 11:55:42.523275
2025-07-22,138359,2025072204009258,AKPL,Sagarmatha Securities Private Limited,Agrawal Securities (PVT) Ltd.,50,270.0,13500.0,2025-07-22 11:55:42.523395
2025-07-22,138358,2025072204009259,AKPL,Sagarmatha Securities Private Limited,Capital Max Securities Ltd,1500,270.0,405000.0,2025-07-22 11:55:42.523516
2025-07-22,138357,2025072204009260,AKPL,Sagarmatha Securities Private Limited,Oxford Securities Pvt. Ltd.,1000,270.0,270000.0,2025-07-22 11:55:42.523618
2025-07-22,138356,2025072204009261,AKPL,Sagarmatha Securities Private Limited,Imperial Securities Company Pvt. Ltd.,370,270.0,99900.0,2025-07-22 11:55:42.523729
2025-07-22,138355,2025072204009262,AKPL,Sagarmatha Securities Private Limited,Online Securities Pvt. Ltd.,700,270.0,189000.0,2025-07-22 11:55:42.523839
2025-07-22,138125,2025072204009311,AKPL,Sagarmatha Securities Private Limited,Online Securities Pvt. Ltd.,200,270.0,54000.0,2025-07-22 11:56:01.915406
2025-07-22,138120,2025072204009312,AKPL,Sagarmatha Securities Private Limited,Cristal Kanchanjanga Securites Pvt. Ltd.,600,270.0,162000.0,2025-07-22 11:56:02.558917
2025-07-22,137874,2025072204009393,AKPL,Sagarmatha Securities Private Limited,Naasa Securities Co. Ltd.,100,270.9,27090.0,2025-07-22 11:56:20.748443
2025-07-22,137873,2025072204009394,AKPL,Sagarmatha Securities Private Limited,Himalayan Brokerage Company Limited,1050,271.0,284550.0,2025-07-22 11:56:20.748717
2025-07-22,137872,2025072204009395,AKPL,Sagarmatha Securities Private Limited,Shree Krishna Securities Ltd.,100,271.0,27100.0,2025-07-22 11:56:20.748825
2025-07-22,137871,2025072204009396,AKPL,Sagarmatha Securities Private Limited,Sweta Securities Private Limited,1000,271.0,271000.0,2025-07-22 11:56:20.748926
2025-07-22,137870,2025072204009397,AKPL,Sagarmatha Securities Private Limited,Kalika Securities Pvt. Ltd.,16,271.0,4336.0,2025-07-22 11:56:20.749038
2025-07-22,137869,2025072204009398,AKPL,Sagarmatha Securities Private Limited,Dynamic Money Managers Securities Pvt. Ltd.,30,271.0,8130.0,2025-07-22 11:56:20.749155
2025-07-22,137868,2025072204009399,AKPL,Sagarmatha Securities Private Limited,South Asian Bulls Pvt. Ltd.,2000,271.0,542000.0,2025-07-22 11:56:20.749274
2025-07-22,137867,2025072204009400,AKPL,Sagarmatha Securities Private Limited,Nepal Investment And Securities Trading Private Limited,400,271.0,108400.0,2025-07-22 11:56:20.749405
2025-07-22,137866,2025072204009401,AKPL,Sagarmatha Securities Private Limited,Sani Securities Company Ltd.,480,271.0,130080.0,2025-07-22 11:56:20.749543
2025-07-22,137865,2025072204009402,AKPL,Sagarmatha Securities Private Limited,Siprabi Securities Pvt. Ltd.,400,271.0,108400.0,2025-07-22 11:56:20.749712
2025-07-22,137864,2025072204009403,AKPL,Sagarmatha Securities Private Limited,Dakshinkali Investment & Securities Pvt. Ltd.,65,271.0,17615.0,2025-07-22 11:56:20.749814
2025-07-22,137863,2025072204009404,AKPL,Sagarmatha Securities Private Limited,Premier Securities Company Ltd.,420,271.0,113820.0,2025-07-22 11:56:20.749912
2025-07-22,137862,2025072204009405,AKPL,Sagarmatha Securities Private Limited,Online Securities Pvt. Ltd.,50,271.0,13550.0,2025-07-22 11:56:20.750007
2025-07-22,137644,2025072204009490,AKPL,Naasa Securities Co. Ltd.,Agrawal Securities (PVT) Ltd.,81,270.1,21878.1,2025-07-22 11:56:35.930855
2025-07-22,137614,2025072204009496,AKPL,Nepal Stock House (PVT) Ltd.,Online Securities Pvt. Ltd.,100,271.0,27100.0,2025-07-22 11:56:38.420174
2025-07-22,137592,2025072204009497,AKPL,Nepal Stock House (PVT) Ltd.,Kalika Securities Pvt. Ltd.,100,271.0,27100.0,2025-07-22 11:56:39.752842
2025-07-22,137591,2025072204009498,AKPL,Naasa Securities Co. Ltd.,Kalika Securities Pvt. Ltd.,342,270.1,92374.2,2025-07-22 11:56:39.753214
2025-07-22,137206,2025072204009580,AKPL,Naasa Securities Co. Ltd.,Neev Securities Pvt. Ltd.,207,270.1,55910.7,2025-07-22 11:57:05.533380
2025-07-22,137205,2025072204009581,AKPL,Sagarmatha Securities Private Limited,Neev Securities Pvt. Ltd.,293,270.0,79110.0,2025-07-22 11:57:05.533701
2025-07-22,137140,2025072204009598,AKPL,Aryatara Investment & Securities,Imperial Securities Company Pvt. Ltd.,200,271.2,54240.0,2025-07-22 11:57:11.292680
2025-07-22,136714,2025072204009749,AKPL,Bhrikuti Stock Broking Co. Pvt. Ltd.,Imperial Securities Company Pvt. Ltd.,200,271.2,54240.0,2025-07-22 11:57:48.716182
2025-07-22,136445,2025072204009829,AKPL,Vision Securities Pvt. Ltd,Imperial Securities Company Pvt. Ltd.,100,271.2,27120.0,2025-07-22 11:58:11.568096
2025-07-22,136444,2025072204009830,AKPL,Vision Securities Pvt. Ltd,Deevyaa Securities & Stock House Pvt. Ltd,100,271.2,27120.0,2025-07-22 11:58:11.568372
2025-07-22,136282,2025072204009867,AKPL,Opal Securities Investment (PVT) Ltd.,Imperial Securities Company Pvt. Ltd.,1000,271.0,271000.0,2025-07-22 11:58:22.710786
2025-07-22,136281,2025072204009868,AKPL,Sagarmatha Securities Private Limited,Imperial Securities Company Pvt. Ltd.,110,271.0,29810.0,2025-07-22 11:58:22.711273
2025-07-22,135974,2025072204009946,AKPL,Sagarmatha Securities Private Limited,KALASH STOCK MARKET PVT. LTD.,500,271.0,135500.0,2025-07-22 11:58:42.107016
2025-07-22,135668,2025072204010030,AKPL,Naasa Securities Co. Ltd.,Naasa Securities Co. Ltd.,50,271.3,13565.0,2025-07-22 11:59:02.762364
2025-07-22,135568,2025072204010049,AKPL,Sagarmatha Securities Private Limited,Naasa Securities Co. Ltd.,45,271.3,12208.5,2025-07-22 11:59:12.043443
2025-07-22,135567,2025072204010050,AKPL,Sagarmatha Securities Private Limited,Naasa Securities Co. Ltd.,300,271.6,81480.0,2025-07-22 11:59:12.043721
2025-07-22,135566,2025072204010051,AKPL,Sagarmatha Securities Private Limited,NIMB Stock Markets Limited,500,271.7,135850.0,2025-07-22 11:59:12.043878
2025-07-22,135565,2025072204010052,AKPL,Sagarmatha Securities Private Limited,Cristal Kanchanjanga Securites Pvt. Ltd.,400,271.7,108680.0,2025-07-22 11:59:12.043991
2025-07-22,135564,2025072204010053,AKPL,Sagarmatha Securities Private Limited,Dipshikha Dhitopatra Karobar Co. Pvt Ltd.,750,271.8,203850.0,2025-07-22 11:59:12.044099
2025-07-22,135563,2025072204010054,AKPL,Sagarmatha Securities Private Limited,Vision Securities Pvt. Ltd,245,271.9,66615.5,2025-07-22 11:59:12.044224
2025-07-22,135562,2025072204010055,AKPL,Sagarmatha Securities Private Limited,Aryatara Investment & Securities,1000,271.9,271900.0,2025-07-22 11:59:12.044341
2025-07-22,135561,2025072204010056,AKPL,Sagarmatha Securities Private Limited,Imperial Securities Company Pvt. Ltd.,260,271.9,70694.0,2025-07-22 11:59:12.044452
2025-07-22,135560,2025072204010057,AKPL,Sagarmatha Securities Private Limited,Infinity Securities Limited,1000,271.9,271900.0,2025-07-22 11:59:12.044557
2025-07-22,135559,2025072204010058,AKPL,Sagarmatha Securities Private Limited,Magnet Securities and Investment Company Private Limited,1000,271.9,271900.0,2025-07-22 11:59:12.044666
2025-07-22,135558,2025072204010059,AKPL,Sagarmatha Securities Private Limited,Trishakti Securities Public Limited,20,272.0,5440.0,2025-07-22 11:59:12.044772
2025-07-22,135557,2025072204010060,AKPL,Sagarmatha Securities Private Limited,Aryatara Investment & Securities,500,272.0,136000.0,2025-07-22 11:59:12.044930
2025-07-22,135556,2025072204010061,AKPL,Sagarmatha Securities Private Limited,Naasa Securities Co. Ltd.,25,272.0,6800.0,2025-07-22 11:59:12.045051
2025-07-22,135555,2025072204010062,AKPL,Sagarmatha Securities Private Limited,Shree Krishna Securities Ltd.,600,272.0,163200.0,2025-07-22 11:59:12.045179
2025-07-22,135554,2025072204010063,AKPL,Sagarmatha Securities Private Limited,Premier Securities Company Ltd.,355,272.0,96560.0,2025-07-22 11:59:12.045283
2025-07-22,135546,2025072204010064,AKPL,Sagarmatha Securities Private Limited,Online Securities Pvt. Ltd.,200,271.0,54200.0,2025-07-22 11:59:12.121181
2025-07-22,135512,2025072204010072,AKPL,Sagarmatha Securities Private Limited,NIMB Stock Markets Limited,3973,271.0,1076683.0,2025-07-22 11:59:15.711018
2025-07-22,135220,2025072204010127,AKPL,Secured Securities Ltd.,NIMB Stock Markets Limited,27,271.0,7317.0,2025-07-22 11:59:38.549367
2025-07-22,135219,2025072204010128,AKPL,Secured Securities Ltd.,Nepal Investment And Securities Trading Private Limited,223,271.0,60433.0,2025-07-22 11:59:38.549654
2025-07-22,134923,2025072204010184,AKPL,Vision Securities Pvt. Ltd,Sri Hari Securities Pvt. Ltd.,1000,270.2,270200.0,2025-07-22 12:00:00.347319
2025-07-22,134922,2025072204010185,AKPL,Sagarmatha Securities Private Limited,Sri Hari Securities Pvt. Ltd.,1000,270.1,270100.0,2025-07-22 12:00:00.347368
2025-07-22,134364,2025072204010316,AKPL,Sagarmatha Securities Private Limited,Kumari Securities Private Limited,390,270.1,105339.0,2025-07-22 12:00:46.723149
2025-07-22,133971,2025072204010440,AKPL,Sagarmatha Securities Private Limited,Himalayan Brokerage Company Limited,3610,270.1,975061.0,2025-07-22 12:01:21.949229
2025-07-22,133970,2025072204010441,AKPL,Sagarmatha Securities Private Limited,Himalayan Brokerage Company Limited,1390,270.0,375300.0,2025-07-22 12:01:21.949292
2025-07-22,133880,2025072204010460,AKPL,Sagarmatha Securities Private Limited,Sharepro Securities Private Limited,360,270.0,97200.0,2025-07-22 12:01:29.837378
2025-07-22,133338,2025072204010572,AKPL,Vision Securities Pvt. Ltd,Neev Securities Pvt. Ltd.,300,270.5,81150.0,2025-07-22 12:02:14.660986
2025-07-22,133337,2025072204010573,AKPL,Vision Securities Pvt. Ltd,Vision Securities Pvt. Ltd,100,270.9,27090.0,2025-07-22 12:02:14.661047
2025-07-22,133336,2025072204010574,AKPL,Vision Securities Pvt. Ltd,Imperial Securities Company Pvt. Ltd.,200,271.0,54200.0,2025-07-22 12:02:14.661069
2025-07-22,133202,2025072204010598,AKPL,Naasa Securities Co. Ltd.,Opal Securities Investment (PVT) Ltd.,550,270.2,148610.0,2025-07-22 12:02:25.539826
2025-07-22,133201,2025072204010599,AKPL,Imperial Securities Company Pvt. Ltd.,Opal Securities Investment (PVT) Ltd.,500,270.1,135050.0,2025-07-22 12:02:25.540164
2025-07-22,133200,2025072204010600,AKPL,Sagarmatha Securities Private Limited,Opal Securities Investment (PVT) Ltd.,950,270.0,256500.0,2025-07-22 12:02:25.540409
2025-07-22,132957,2025072204010665,AKPL,Property Wiard Limited,Trishakti Securities Public Limited,570,270.3,154071.0,2025-07-22 12:02:45.713496
2025-07-22,132956,2025072204010666,AKPL,Property Wiard Limited,Imperial Securities Company Pvt. Ltd.,430,271.0,116530.0,2025-07-22 12:02:45.713760
2025-07-22,132862,2025072204010687,AKPL,Sagarmatha Securities Private Limited,Bhrikuti Stock Broking Co. Pvt. Ltd.,820,270.0,221400.0,2025-07-22 12:02:52.940063
2025-07-22,132781,2025072204010712,AKPL,Sagarmatha Securities Private Limited,Ashutosh Brokerage & Securities (PVT) Ltd.,1000,270.0,270000.0,2025-07-22 12:03:00.848690
2025-07-22,132770,2025072204010715,AKPL,Property Wiard Limited,Imperial Securities Company Pvt. Ltd.,1260,271.0,341460.0,2025-07-22 12:03:01.774539
2025-07-22,132769,2025072204010716,AKPL,Property Wiard Limited,Primo Securities (PVT) Ltd.,1500,271.0,406500.0,2025-07-22 12:03:01.774848
2025-07-22,132768,2025072204010717,AKPL,Property Wiard Limited,Naasa Securities Co. Ltd.,1130,271.0,306230.0,2025-07-22 12:03:01.774963
2025-07-22,132767,2025072204010718,AKPL,Sagarmatha Securities Private Limited,Opal Securities Investment (PVT) Ltd.,129,270.0,34830.0,2025-07-22 12:03:01.787830
2025-07-22,132766,2025072204010719,AKPL,Premier Securities Company Ltd.,Opal Securities Investment (PVT) Ltd.,1000,270.0,270000.0,2025-07-22 12:03:01.787993
2025-07-22,132765,2025072204010720,AKPL,Swarna Laxmi Securities Pvt. Ltd.,Opal Securities Investment (PVT) Ltd.,1000,270.0,270000.0,2025-07-22 12:03:01.788116
2025-07-22,132125,2025072204010842,AKPL,Sri Hari Securities Pvt. Ltd.,Naasa Securities Co. Ltd.,200,269.2,53840.0,2025-07-22 12:03:40.776434
2025-07-22,132115,2025072204010844,AKPL,Sri Hari Securities Pvt. Ltd.,Primo Securities (PVT) Ltd.,16,269.2,4307.2,2025-07-22 12:03:41.522607
2025-07-22,131617,2025072204010983,AKPL,Sri Hari Securities Pvt. Ltd.,Neev Securities Pvt. Ltd.,498,269.2,134061.6,2025-07-22 12:04:10.722059
2025-07-22,131458,2025072204011023,AKPL,Trisul Securities & Invt. Ltd.,Imperial Securities Company Pvt. Ltd.,50,269.0,13450.0,2025-07-22 12:04:22.620170
2025-07-22,131380,2025072204011046,AKPL,Trisul Securities & Invt. Ltd.,S.P.S.A. Securities Limited,950,269.0,255550.0,2025-07-22 12:04:28.112090
2025-07-22,130890,2025072204011215,AKPL,Kohinoor Investment & Securities Pvt. Ltd.,S.P.S.A. Securities Limited,71,269.0,19099.0,2025-07-22 12:04:57.741354
2025-07-22,130826,2025072204011230,AKPL,Agrawal Securities (PVT) Ltd.,Sri Hari Securities Pvt. Ltd.,426,268.9,114551.4,2025-07-22 12:05:00.154479
2025-07-22,130825,2025072204011231,AKPL,Blue Chip Securities Ltd,Sri Hari Securities Pvt. Ltd.,1574,268.9,423248.6,2025-07-22 12:05:00.154753
2025-07-22,130653,2025072204011296,AKPL,NIMB Stock Markets Limited,S.P.S.A. Securities Limited,99,269.0,26631.0,2025-07-22 12:05:12.936247
2025-07-22,130652,2025072204011297,AKPL,NIMB Stock Markets Limited,Dipshikha Dhitopatra Karobar Co. Pvt Ltd.,301,269.0,80969.0,2025-07-22 12:05:12.936605
2025-07-22,129527,2025072204011567,AKPL,Imperial Securities Company Pvt. Ltd.,Dipshikha Dhitopatra Karobar Co. Pvt Ltd.,150,269.0,40350.0,2025-07-22 12:06:35.416035
2025-07-22,129397,2025072204011603,AKPL,Blue Chip Securities Ltd,Naasa Securities Co. Ltd.,426,268.9,114551.4,2025-07-22 12:06:46.419797
2025-07-22,129088,2025072204011659,AKPL,Blue Chip Securities Ltd,Kohinoor Investment & Securities Pvt. Ltd.,200,268.8,53760.0,2025-07-22 12:07:10.723508
2025-07-22,128913,2025072204011695,AKPL,Kumari Securities Private Limited,Premier Securities Company Ltd.,200,268.8,53760.0,2025-07-22 12:07:20.690378
2025-07-22,128787,2025072204011742,AKPL,Trisul Securities & Invt. Ltd.,Neev Securities Pvt. Ltd.,1000,268.1,268100.0,2025-07-22 12:07:31.878754
2025-07-22,128786,2025072204011743,AKPL,Deevyaa Securities & Stock House Pvt. Ltd,Neev Securities Pvt. Ltd.,500,268.0,134000.0,2025-07-22 12:07:31.879124
2025-07-22,128785,2025072204011744,AKPL,Trisul Securities & Invt. Ltd.,Neev Securities Pvt. Ltd.,1000,268.0,268000.0,2025-07-22 12:07:31.879253
2025-07-22,128784,2025072204011745,AKPL,Market Securities & Exchange (PVT) Ltd.,Neev Securities Pvt. Ltd.,100,268.0,26800.0,2025-07-22 12:07:31.879387
2025-07-22,127437,2025072204012128,AKPL,Naasa Securities Co. Ltd.,Neev Securities Pvt. Ltd.,2000,268.0,536000.0,2025-07-22 12:09:37.363772
2025-07-22,127361,2025072204012143,AKPL,Thrive Brokerage House Pvt. Ltd,Nagarik Stock Dealer ,100,267.5,26750.0,2025-07-22 12:09:43.580823
2025-07-22,127360,2025072204012144,AKPL,Naasa Securities Co. Ltd.,Nagarik Stock Dealer ,500,267.0,133500.0,2025-07-22 12:09:43.581196
2025-07-22,127359,2025072204012145,AKPL,Creative Securities Pvt Ltd,Nagarik Stock Dealer ,100,267.0,26700.0,2025-07-22 12:09:43.581394
2025-07-22,127358,2025072204012146,AKPL,Naasa Securities Co. Ltd.,Nagarik Stock Dealer ,500,267.0,133500.0,2025-07-22 12:09:43.581540
2025-07-22,127357,2025072204012147,AKPL,Nepal Investment And Securities Trading Private Limited,Nagarik Stock Dealer ,300,267.0,80100.0,2025-07-22 12:09:43.581681
2025-07-22,127356,2025072204012148,AKPL,Dynamic Money Managers Securities Pvt. Ltd.,Nagarik Stock Dealer ,500,267.0,133500.0,2025-07-22 12:09:43.581810
2025-07-22,127160,2025072204012187,AKPL,Dynamic Money Managers Securities Pvt. Ltd.,Cristal Kanchanjanga Securites Pvt. Ltd.,500,267.0,133500.0,2025-07-22 12:10:02.975588
2025-07-22,126664,2025072204012277,AKPL,Dakshinkali Investment & Securities Pvt. Ltd.,Online Securities Pvt. Ltd.,10,266.5,2665.0,2025-07-22 12:10:52.147794
2025-07-22,126641,2025072204012281,AKPL,Dakshinkali Investment & Securities Pvt. Ltd.,Sundhara Securities Limited,90,266.5,23985.0,2025-07-22 12:10:53.938306
2025-07-22,126640,2025072204012282,AKPL,Vision Securities Pvt. Ltd,Sundhara Securities Limited,100,266.5,26650.0,2025-07-22 12:10:53.938669
2025-07-22,126277,2025072204012346,AKPL,Sagarmatha Securities Private Limited,Naasa Securities Co. Ltd.,670,266.3,178421.0,2025-07-22 12:11:30.323246
2025-07-22,126161,2025072204012381,AKPL,Thrive Brokerage House Pvt. Ltd,Sundhara Securities Limited,110,266.5,29315.0,2025-07-22 12:11:39.186357
2025-07-22,126046,2025072204012401,AKPL,Sweta Securities Private Limited,Cristal Kanchanjanga Securites Pvt. Ltd.,1000,267.0,267000.0,2025-07-22 12:11:49.864039
2025-07-22,126045,2025072204012402,AKPL,Sweta Securities Private Limited,Investment Management Nepal Pvt. Ltd.,50,267.0,13350.0,2025-07-22 12:11:49.864371
2025-07-22,125912,2025072204012436,AKPL,Blue Chip Securities Ltd,Neev Securities Pvt. Ltd.,400,268.0,107200.0,2025-07-22 12:12:03.205208
2025-07-22,125911,2025072204012437,AKPL,Blue Chip Securities Ltd,Investment Management Nepal Pvt. Ltd.,50,268.0,13400.0,2025-07-22 12:12:03.205252
2025-07-22,125910,2025072204012438,AKPL,Blue Chip Securities Ltd,Premier Securities Company Ltd.,300,268.8,80640.0,2025-07-22 12:12:03.205288
2025-07-22,125909,2025072204012439,AKPL,Blue Chip Securities Ltd,Vision Securities Pvt. Ltd,200,268.8,53760.0,2025-07-22 12:12:03.205320
2025-07-22,125908,2025072204012440,AKPL,Blue Chip Securities Ltd,Naasa Securities Co. Ltd.,74,268.9,19898.6,2025-07-22 12:12:03.205344
2025-07-22,125907,2025072204012441,AKPL,Blue Chip Securities Ltd,Dipshikha Dhitopatra Karobar Co. Pvt Ltd.,26,269.0,6994.0,2025-07-22 12:12:03.205371
2025-07-22,125686,2025072204012492,AKPL,Sweta Securities Private Limited,Dipshikha Dhitopatra Karobar Co. Pvt Ltd.,450,269.0,121050.0,2025-07-22 12:12:28.141404
2025-07-22,124195,2025072204012822,AKPL,Sundhara Securities Limited,Primo Securities (PVT) Ltd.,16,266.5,4264.0,2025-07-22 12:15:03.136966
2025-07-22,123060,2025072204013097,AKPL,Vision Securities Pvt. Ltd,Kohinoor Investment & Securities Pvt. Ltd.,17,267.0,4539.0,2025-07-22 12:16:40.169811
2025-07-22,122456,2025072204013162,AKPL,Vision Securities Pvt. Ltd,Sweta Securities Private Limited,20,267.0,5340.0,2025-07-22 12:17:19.728106
2025-07-22,122392,2025072204013172,AKPL,Agrawal Securities (PVT) Ltd.,Nepal Stock House (PVT) Ltd.,1000,268.0,268000.0,2025-07-22 12:17:27.798404
2025-07-22,121848,2025072204013275,AKPL,Linch Stock Market Ltd.,Shree Krishna Securities Ltd.,250,268.0,67000.0,2025-07-22 12:18:08.891440
2025-07-22,121585,2025072204013328,AKPL,Linch Stock Market Ltd.,Online Securities Pvt. Ltd.,100,268.0,26800.0,2025-07-22 12:18:32.857657
2025-07-22,121443,2025072204013369,AKPL,Linch Stock Market Ltd.,Sundhara Securities Limited,10,268.0,2680.0,2025-07-22 12:18:47.965910
2025-07-22,121283,2025072204013392,AKPL,Agrawal Securities (PVT) Ltd.,Sewa Securities Pvt. Ltd.,100,268.9,26890.0,2025-07-22 12:19:00.757101
2025-07-22,121282,2025072204013393,AKPL,Agrawal Securities (PVT) Ltd.,Dipshikha Dhitopatra Karobar Co. Pvt Ltd.,374,269.0,100606.0,2025-07-22 12:19:00.757479
2025-07-22,121281,2025072204013394,AKPL,Agrawal Securities (PVT) Ltd.,Nepal Investment And Securities Trading Private Limited,386,269.0,103834.0,2025-07-22 12:19:00.757624
2025-07-22,121187,2025072204013408,AKPL,Linch Stock Market Ltd.,Kohinoor Investment & Securities Pvt. Ltd.,11,268.0,2948.0,2025-07-22 12:19:08.947848
2025-07-22,121050,2025072204013433,AKPL,Linch Stock Market Ltd.,Aryatara Investment & Securities,500,268.0,134000.0,2025-07-22 12:19:20.713421
2025-07-22,120613,2025072204013486,AKPL,Linch Stock Market Ltd.,Kohinoor Investment & Securities Pvt. Ltd.,11,268.0,2948.0,2025-07-22 12:19:53.164812
2025-07-22,119581,2025072204013715,AKPL,Linch Stock Market Ltd.,Thrive Brokerage House Pvt. Ltd,100,268.0,26800.0,2025-07-22 12:21:15.480819
2025-07-22,118856,2025072204013854,AKPL,Sweta Securities Private Limited,Nepal Investment And Securities Trading Private Limited,300,269.0,80700.0,2025-07-22 12:22:21.362288
2025-07-22,118198,2025072204013978,AKPL,Primo Securities (PVT) Ltd.,Nepal Investment And Securities Trading Private Limited,50,269.0,13450.0,2025-07-22 12:23:27.491646
2025-07-22,116846,2025072204014232,AKPL,Linch Stock Market Ltd.,Vision Securities Pvt. Ltd,18,268.0,4824.0,2025-07-22 12:25:20.856838
2025-07-22,116845,2025072204014233,AKPL,Naasa Securities Co. Ltd.,Vision Securities Pvt. Ltd,50,268.0,13400.0,2025-07-22 12:25:20.857546
2025-07-22,116844,2025072204014234,AKPL,K.B.L. Securities Limited ,Vision Securities Pvt. Ltd,250,268.0,67000.0,2025-07-22 12:25:20.857995
2025-07-22,116843,2025072204014235,AKPL,Imperial Securities Company Pvt. Ltd.,Vision Securities Pvt. Ltd,75,268.0,20100.0,2025-07-22 12:25:20.858465
2025-07-22,116640,2025072204014286,AKPL,Sagarmatha Securities Private Limited,Kalika Securities Pvt. Ltd.,539,268.0,144452.0,2025-07-22 12:25:41.308114
2025-07-22,116639,2025072204014287,AKPL,Sagarmatha Securities Private Limited,Premier Securities Company Ltd.,50,268.4,13420.0,2025-07-22 12:25:41.308525
2025-07-22,116638,2025072204014288,AKPL,Sagarmatha Securities Private Limited,Sewa Securities Pvt. Ltd.,100,268.5,26850.0,2025-07-22 12:25:41.308680
2025-07-22,116637,2025072204014289,AKPL,Sagarmatha Securities Private Limited,Nepal Investment And Securities Trading Private Limited,264,269.0,71016.0,2025-07-22 12:25:41.308831
2025-07-22,116636,2025072204014290,AKPL,Sagarmatha Securities Private Limited,Nepal Investment And Securities Trading Private Limited,1500,269.0,403500.0,2025-07-22 12:25:41.308987
2025-07-22,116635,2025072204014291,AKPL,Sagarmatha Securities Private Limited,Sri Hari Securities Pvt. Ltd.,1430,269.0,384670.0,2025-07-22 12:25:41.309147
2025-07-22,116634,2025072204014292,AKPL,Sagarmatha Securities Private Limited,Opal Securities Investment (PVT) Ltd.,300,269.0,80700.0,2025-07-22 12:25:41.309297
2025-07-22,116633,2025072204014293,AKPL,Sagarmatha Securities Private Limited,Premier Securities Company Ltd.,1188,269.0,319572.0,2025-07-22 12:25:41.309463
2025-07-22,116632,2025072204014294,AKPL,Sagarmatha Securities Private Limited,Naasa Securities Co. Ltd.,90,269.0,24210.0,2025-07-22 12:25:41.309615
2025-07-22,116631,2025072204014295,AKPL,Sagarmatha Securities Private Limited,Neev Securities Pvt. Ltd.,102,269.2,27458.4,2025-07-22 12:25:41.309779
2025-07-22,116630,2025072204014296,AKPL,Sagarmatha Securities Private Limited,Sri Hari Securities Pvt. Ltd.,1000,269.9,269900.0,2025-07-22 12:25:41.309939
2025-07-22,116629,2025072204014297,AKPL,Sagarmatha Securities Private Limited,Trishakti Securities Public Limited,2457,269.9,663144.3,2025-07-22 12:25:41.310097
2025-07-22,116628,2025072204014298,AKPL,Sagarmatha Securities Private Limited,Trisul Securities & Invt. Ltd.,38,270.0,10260.0,2025-07-22 12:25:41.310274
2025-07-22,116627,2025072204014299,AKPL,Sagarmatha Securities Private Limited,Dipshikha Dhitopatra Karobar Co. Pvt Ltd.,1000,270.0,270000.0,2025-07-22 12:25:41.310492
2025-07-22,116626,2025072204014300,AKPL,Sagarmatha Securities Private Limited,Imperial Securities Company Pvt. Ltd.,100,270.0,27000.0,2025-07-22 12:25:41.310691
2025-07-22,116625,2025072204014301,AKPL,Sagarmatha Securities Private Limited,Shree Krishna Securities Ltd.,25,270.0,6750.0,2025-07-22 12:25:41.310871
2025-07-22,116624,2025072204014302,AKPL,Sagarmatha Securities Private Limited,Aryatara Investment & Securities,200,270.0,54000.0,2025-07-22 12:25:41.311030
2025-07-22,116623,2025072204014303,AKPL,Sagarmatha Securities Private Limited,Nepal Stock House (PVT) Ltd.,1000,270.0,270000.0,2025-07-22 12:25:41.311208
2025-07-22,116622,2025072204014304,AKPL,Sagarmatha Securities Private Limited,Naasa Securities Co. Ltd.,2000,270.0,540000.0,2025-07-22 12:25:41.311421
2025-07-22,116621,2025072204014305,AKPL,Sagarmatha Securities Private Limited,Neev Securities Pvt. Ltd.,1000,270.0,270000.0,2025-07-22 12:25:41.311591
2025-07-22,116620,2025072204014306,AKPL,Sagarmatha Securities Private Limited,Dipshikha Dhitopatra Karobar Co. Pvt Ltd.,20,270.0,5400.0,2025-07-22 12:25:41.311744
2025-07-22,116619,2025072204014307,AKPL,Sagarmatha Securities Private Limited,Sani Securities Company Ltd.,400,270.0,108000.0,2025-07-22 12:25:41.311898
2025-07-22,116618,2025072204014308,AKPL,Sagarmatha Securities Private Limited,Sani Securities Company Ltd.,51,270.0,13770.0,2025-07-22 12:25:41.312079
2025-07-22,116617,2025072204014309,AKPL,Sagarmatha Securities Private Limited,Naasa Securities Co. Ltd.,10,270.0,2700.0,2025-07-22 12:25:41.312252
2025-07-22,115681,2025072204014556,AKPL,Naasa Securities Co. Ltd.,Neev Securities Pvt. Ltd.,14,270.0,3780.0,2025-07-22 12:27:00.505534
2025-07-22,115371,2025072204014585,AKPL,ABC Securities Private Limited,Neev Securities Pvt. Ltd.,86,270.0,23220.0,2025-07-22 12:27:12.513704
2025-07-22,115126,2025072204014639,AKPL,Sri Hari Securities Pvt. Ltd.,Imperial Securities Company Pvt. Ltd.,100,270.4,27040.0,2025-07-22 12:27:31.819185
2025-07-22,115125,2025072204014640,AKPL,Sri Hari Securities Pvt. Ltd.,Neev Securities Pvt. Ltd.,100,270.5,27050.0,2025-07-22 12:27:31.819580
2025-07-22,115124,2025072204014641,AKPL,Sri Hari Securities Pvt. Ltd.,Vision Securities Pvt. Ltd,1000,270.5,270500.0,2025-07-22 12:27:31.819747
2025-07-22,115123,2025072204014642,AKPL,Sri Hari Securities Pvt. Ltd.,Neev Securities Pvt. Ltd.,300,270.6,81180.0,2025-07-22 12:27:31.819901
2025-07-22,114992,2025072204014654,AKPL,Sri Hari Securities Pvt. Ltd.,Neev Securities Pvt. Ltd.,200,270.6,54120.0,2025-07-22 12:27:41.931324
2025-07-22,114991,2025072204014655,AKPL,Sri Hari Securities Pvt. Ltd.,Bhrikuti Stock Broking Co. Pvt. Ltd.,100,270.9,27090.0,2025-07-22 12:27:41.931742
2025-07-22,114990,2025072204014656,AKPL,Sri Hari Securities Pvt. Ltd.,Aryatara Investment & Securities,200,271.0,54200.0,2025-07-22 12:27:41.931898
2025-07-22,114641,2025072204014725,AKPL,ABC Securities Private Limited,Trishakti Securities Public Limited,214,270.0,57780.0,2025-07-22 12:28:14.680034
2025-07-22,114640,2025072204014726,AKPL,Trisul Securities & Invt. Ltd.,Trishakti Securities Public Limited,50,267.5,13375.0,2025-07-22 12:28:14.680398
2025-07-22,114639,2025072204014727,AKPL,Sipla Securities Private Limited,Trishakti Securities Public Limited,100,267.2,26720.0,2025-07-22 12:28:14.680552
2025-07-22,114638,2025072204014728,AKPL,Sewa Securities Pvt. Ltd.,Trishakti Securities Public Limited,136,267.1,36325.6,2025-07-22 12:28:14.680704
2025-07-22,114188,2025072204014791,AKPL,Trishakti Securities Public Limited,Secured Securities Ltd.,56,268.0,15008.0,2025-07-22 12:29:02.168691
2025-07-22,114032,2025072204014839,AKPL,Trishakti Securities Public Limited,Nepal Investment And Securities Trading Private Limited,11,268.0,2948.0,2025-07-22 12:29:20.104907
2025-07-22,113760,2025072204014889,AKPL,Nepal Investment And Securities Trading Private Limited,Naasa Securities Co. Ltd.,40,270.0,10800.0,2025-07-22 12:29:44.287443
2025-07-22,113759,2025072204014890,AKPL,Nepal Investment And Securities Trading Private Limited,Imperial Securities Company Pvt. Ltd.,560,270.0,151200.0,2025-07-22 12:29:44.288202
2025-07-22,112086,2025072204015271,AKPL,Market Securities & Exchange (PVT) Ltd.,Premier Securities Company Ltd.,100,269.9,26990.0,2025-07-22 12:32:23.382193
2025-07-22,111189,2025072204015472,AKPL,Naasa Securities Co. Ltd.,Sri Hari Securities Pvt. Ltd.,50,269.0,13450.0,2025-07-22 12:33:46.564028
2025-07-22,110802,2025072204015583,AKPL,Trishakti Securities Public Limited,Kumari Securities Private Limited,33,268.0,8844.0,2025-07-22 12:34:21.803821
2025-07-22,110801,2025072204015584,AKPL,Property Wiard Limited,Kumari Securities Private Limited,1000,268.0,268000.0,2025-07-22 12:34:21.804238
2025-07-22,110800,2025072204015585,AKPL,Bhrikuti Stock Broking Co. Pvt. Ltd.,Kumari Securities Private Limited,10,268.0,2680.0,2025-07-22 12:34:21.804433
2025-07-22,110737,2025072204015613,AKPL,Dynamic Money Managers Securities Pvt. Ltd.,Kumari Securities Private Limited,25,268.0,6700.0,2025-07-22 12:34:24.593852
2025-07-22,110187,2025072204015734,AKPL,Naasa Securities Co. Ltd.,Asian Securities Private Ltd.,31,267.2,8283.2,2025-07-22 12:35:27.115392
2025-07-22,109418,2025072204015913,AKPL,Naasa Securities Co. Ltd.,Dipshikha Dhitopatra Karobar Co. Pvt Ltd.,165,267.2,44088.0,2025-07-22 12:36:32.105287
2025-07-22,108821,2025072204016068,AKPL,Naasa Securities Co. Ltd.,Sumeru Securities Pvt. Ltd.,24,267.2,6412.8,2025-07-22 12:37:29.047017
2025-07-22,108820,2025072204016069,AKPL,Trisul Securities & Invt. Ltd.,Sumeru Securities Pvt. Ltd.,176,267.1,47009.6,2025-07-22 12:37:29.047099
2025-07-22,108683,2025072204016121,AKPL,Trisul Securities & Invt. Ltd.,Nepal Stock House (PVT) Ltd.,300,267.1,80130.0,2025-07-22 12:37:42.604656
2025-07-22,108543,2025072204016155,AKPL,Deevyaa Securities & Stock House Pvt. Ltd,Kumari Securities Private Limited,200,268.0,53600.0,2025-07-22 12:37:57.188793
2025-07-22,108146,2025072204016233,AKPL,ABC Securities Private Limited,Kumari Securities Private Limited,10,268.0,2680.0,2025-07-22 12:38:28.663610
2025-07-22,107819,2025072204016332,AKPL,Vision Securities Pvt. Ltd,MILKY WAY SHARE BROKER COMPANY LTD ,107,267.2,28590.4,2025-07-22 12:38:52.700960
2025-07-22,107263,2025072204016406,AKPL,Vision Securities Pvt. Ltd,Online Securities Pvt. Ltd.,500,267.2,133600.0,2025-07-22 12:39:48.049954
2025-07-22,107026,2025072204016454,AKPL,Vision Securities Pvt. Ltd,Shree Krishna Securities Ltd.,393,267.2,105009.6,2025-07-22 12:40:14.258019
2025-07-22,107025,2025072204016455,AKPL,Trisul Securities & Invt. Ltd.,Shree Krishna Securities Ltd.,24,267.1,6410.4,2025-07-22 12:40:14.258436
2025-07-22,107024,2025072204016456,AKPL,Linch Stock Market Ltd.,Shree Krishna Securities Ltd.,83,267.1,22169.3,2025-07-22 12:40:14.258626
2025-07-22,105902,2025072204016756,AKPL,Himalayan Securities Limited,Dynamic Money Managers Securities Pvt. Ltd.,35,267.5,9362.5,2025-07-22 12:42:15.241858
2025-07-22,105901,2025072204016757,AKPL,Linch Stock Market Ltd.,Dynamic Money Managers Securities Pvt. Ltd.,167,267.1,44605.7,2025-07-22 12:42:15.242291
2025-07-22,105900,2025072204016758,AKPL,Linch Stock Market Ltd.,Dynamic Money Managers Securities Pvt. Ltd.,250,267.1,66775.0,2025-07-22 12:42:15.242478
2025-07-22,105899,2025072204016759,AKPL,Sagarmatha Securities Private Limited,Dynamic Money Managers Securities Pvt. Ltd.,448,267.1,119660.8,2025-07-22 12:42:15.242648
2025-07-22,105449,2025072204016849,AKPL,Sagarmatha Securities Private Limited,Magnet Securities and Investment Company Private Limited,320,267.1,85472.0,2025-07-22 12:43:01.676094
2025-07-22,103729,2025072204017194,AKPL,Sipla Securities Private Limited,Kumari Securities Private Limited,222,268.0,59496.0,2025-07-22 12:46:11.391966
2025-07-22,103728,2025072204017195,AKPL,Sipla Securities Private Limited,Online Securities Pvt. Ltd.,13,268.0,3484.0,2025-07-22 12:46:11.392073
2025-07-22,103727,2025072204017196,AKPL,Sipla Securities Private Limited,Linch Stock Market Ltd.,150,268.0,40200.0,2025-07-22 12:46:11.392163
2025-07-22,103726,2025072204017197,AKPL,Sipla Securities Private Limited,Trishakti Securities Public Limited,15,268.0,4020.0,2025-07-22 12:46:11.392231
2025-07-22,103137,2025072204017336,AKPL,Linch Stock Market Ltd.,Trishakti Securities Public Limited,100,268.0,26800.0,2025-07-22 12:47:16.597031
2025-07-22,102665,2025072204017426,AKPL,Nepal Stock House (PVT) Ltd.,Trishakti Securities Public Limited,242,268.0,64856.0,2025-07-22 12:48:01.460105
2025-07-22,102664,2025072204017427,AKPL,Nepal Stock House (PVT) Ltd.,Sundhara Securities Limited,210,268.0,56280.0,2025-07-22 12:48:01.460594
2025-07-22,102663,2025072204017428,AKPL,Nepal Stock House (PVT) Ltd.,Sani Securities Company Ltd.,248,268.0,66464.0,2025-07-22 12:48:01.460975
2025-07-22,102432,2025072204017466,AKPL,Siprabi Securities Pvt. Ltd.,Aryatara Investment & Securities,25,267.2,6680.0,2025-07-22 12:48:23.017204
2025-07-22,101513,2025072204017663,AKPL,Sani Securities Company Ltd.,Sani Securities Company Ltd.,252,268.0,67536.0,2025-07-22 12:49:59.691909
2025-07-22,101512,2025072204017664,AKPL,Sani Securities Company Ltd.,Primo Securities (PVT) Ltd.,65,268.0,17420.0,2025-07-22 12:49:59.692440
2025-07-22,100817,2025072204017853,AKPL,Sani Securities Company Ltd.,Naasa Securities Co. Ltd.,100,268.0,26800.0,2025-07-22 12:51:08.683864
2025-07-22,100761,2025072204017866,AKPL,Secured Securities Ltd.,Sewa Securities Pvt. Ltd.,100,268.5,26850.0,2025-07-22 12:51:17.972104
2025-07-22,100661,2025072204017898,AKPL,Sani Securities Company Ltd.,Nepal Stock House (PVT) Ltd.,583,268.0,156244.0,2025-07-22 12:51:27.629899
2025-07-22,100333,2025072204017988,AKPL,Aryatara Investment & Securities,Nepal Stock House (PVT) Ltd.,100,268.0,26800.0,2025-07-22 12:52:03.831764
2025-07-22,100321,2025072204017989,AKPL,Imperial Securities Company Pvt. Ltd.,Nepal Stock House (PVT) Ltd.,317,268.0,84956.0,2025-07-22 12:52:05.692645
2025-07-22,99948,2025072204018086,AKPL,Cristal Kanchanjanga Securites Pvt. Ltd.,Imperial Securities Company Pvt. Ltd.,300,268.4,80520.0,2025-07-22 12:52:49.463250
2025-07-22,98974,2025072204018320,AKPL,Imperial Securities Company Pvt. Ltd.,Primo Securities (PVT) Ltd.,100,268.0,26800.0,2025-07-22 12:54:32.162301
2025-07-22,98973,2025072204018321,AKPL,Kohinoor Investment & Securities Pvt. Ltd.,Primo Securities (PVT) Ltd.,100,268.0,26800.0,2025-07-22 12:54:32.162799
2025-07-22,98732,2025072204018387,AKPL,Aryatara Investment & Securities,Vision Securities Pvt. Ltd,7,268.0,1876.0,2025-07-22 12:54:57.934129
2025-07-22,98366,2025072204018497,AKPL,Secured Securities Ltd.,Imperial Securities Company Pvt. Ltd.,800,268.4,214720.0,2025-07-22 12:55:45.982453
2025-07-22,98218,2025072204018525,AKPL,Secured Securities Ltd.,NIMB Stock Markets Limited,200,268.4,53680.0,2025-07-22 12:56:01.006755
2025-07-22,98217,2025072204018526,AKPL,Naasa Securities Co. Ltd.,NIMB Stock Markets Limited,500,268.0,134000.0,2025-07-22 12:56:01.007233
2025-07-22,98216,2025072204018527,AKPL,Naasa Securities Co. Ltd.,NIMB Stock Markets Limited,40,267.4,10696.0,2025-07-22 12:56:01.007440
2025-07-22,98215,2025072204018528,AKPL,Imperial Securities Company Pvt. Ltd.,NIMB Stock Markets Limited,83,267.4,22194.2,2025-07-22 12:56:01.007637
2025-07-22,98214,2025072204018529,AKPL,Neev Securities Pvt. Ltd.,NIMB Stock Markets Limited,677,267.3,180962.1,2025-07-22 12:56:01.007829
2025-07-22,98192,2025072204018535,AKPL,Siprabi Securities Pvt. Ltd.,Sewa Securities Pvt. Ltd.,70,268.5,18795.0,2025-07-22 12:56:04.021878
2025-07-22,98134,2025072204018543,AKPL,Aryatara Investment & Securities,Sweta Securities Private Limited,2,265.0,530.0,2025-07-22 12:56:08.666032
2025-07-22,96715,2025072204018797,AKPL,Primo Securities (PVT) Ltd.,Sewa Securities Pvt. Ltd.,100,268.5,26850.0,2025-07-22 12:58:33.610841
2025-07-22,96213,2025072204018920,AKPL,Premier Securities Company Ltd.,Neev Securities Pvt. Ltd.,461,268.0,123548.0,2025-07-22 12:59:34.548477
2025-07-22,96212,2025072204018921,AKPL,Aryatara Investment & Securities,Neev Securities Pvt. Ltd.,1000,267.8,267800.0,2025-07-22 12:59:34.548911
2025-07-22,96211,2025072204018922,AKPL,Vision Securities Pvt. Ltd,Neev Securities Pvt. Ltd.,500,267.7,133850.0,2025-07-22 12:59:34.549108
2025-07-22,96210,2025072204018923,AKPL,Neev Securities Pvt. Ltd.,Neev Securities Pvt. Ltd.,1039,267.6,278036.4,2025-07-22 12:59:34.549297
2025-07-22,95323,2025072204019138,AKPL,Aryatara Investment & Securities,Neev Securities Pvt. Ltd.,500,268.0,134000.0,2025-07-22 13:01:00.866881
2025-07-22,95322,2025072204019139,AKPL,Magnet Securities and Investment Company Private Limited,Neev Securities Pvt. Ltd.,75,268.0,20100.0,2025-07-22 13:01:00.867283
2025-07-22,94853,2025072204019240,AKPL,Sundhara Securities Limited,Neev Securities Pvt. Ltd.,200,268.0,53600.0,2025-07-22 13:01:48.469859
2025-07-22,94288,2025072204019323,AKPL,Cristal Kanchanjanga Securites Pvt. Ltd.,Neev Securities Pvt. Ltd.,325,268.0,87100.0,2025-07-22 13:02:41.581545
2025-07-22,94287,2025072204019324,AKPL,Cristal Kanchanjanga Securites Pvt. Ltd.,Asian Securities Private Ltd.,375,268.0,100500.0,2025-07-22 13:02:41.582508
2025-07-22,93491,2025072204019471,AKPL,Vision Securities Pvt. Ltd,Secured Securities Ltd.,182,268.3,48830.6,2025-07-22 13:04:01.420665
2025-07-22,93490,2025072204019472,AKPL,Vision Securities Pvt. Ltd,Sewa Securities Pvt. Ltd.,61,268.5,16378.5,2025-07-22 13:04:01.421148
2025-07-22,93489,2025072204019473,AKPL,Vision Securities Pvt. Ltd,Linch Stock Market Ltd.,300,268.5,80550.0,2025-07-22 13:04:01.421377
2025-07-22,93488,2025072204019474,AKPL,Vision Securities Pvt. Ltd,Trisul Securities & Invt. Ltd.,37,268.5,9934.5,2025-07-22 13:04:01.421771
2025-07-22,93301,2025072204019524,AKPL,Cristal Kanchanjanga Securites Pvt. Ltd.,Asian Securities Private Ltd.,1000,269.0,269000.0,2025-07-22 13:04:22.026456
2025-07-22,93131,2025072204019556,AKPL,Cristal Kanchanjanga Securites Pvt. Ltd.,Online Securities Pvt. Ltd.,300,269.0,80700.0,2025-07-22 13:04:40.089272
2025-07-22,93130,2025072204019557,AKPL,Cristal Kanchanjanga Securites Pvt. Ltd.,Sewa Securities Pvt. Ltd.,50,269.0,13450.0,2025-07-22 13:04:40.089710
2025-07-22,93129,2025072204019558,AKPL,Cristal Kanchanjanga Securites Pvt. Ltd.,Online Securities Pvt. Ltd.,500,269.0,134500.0,2025-07-22 13:04:40.089901
2025-07-22,92771,2025072204019610,AKPL,Cristal Kanchanjanga Securites Pvt. Ltd.,Naasa Securities Co. Ltd.,126,269.0,33894.0,2025-07-22 13:05:21.626828
2025-07-22,92362,2025072204019661,AKPL,Aryatara Investment & Securities,INDEX SECURITIES LIMITED,100,269.8,26980.0,2025-07-22 13:06:02.952980
2025-07-22,91236,2025072204019836,AKPL,Cristal Kanchanjanga Securites Pvt. Ltd.,J.F. Securites (PVT) Ltd.,15,269.0,4035.0,2025-07-22 13:07:49.057959
2025-07-22,90961,2025072204019929,AKPL,Aryatara Investment & Securities,Imperial Securities Company Pvt. Ltd.,500,269.5,134750.0,2025-07-22 13:08:16.370634
2025-07-22,90693,2025072204019992,AKPL,Aryatara Investment & Securities,INDEX SECURITIES LIMITED,1000,269.8,269800.0,2025-07-22 13:08:44.805141
2025-07-22,90507,2025072204020039,AKPL,Midas Stock Broking Company Private Limited,INDEX SECURITIES LIMITED,1500,269.8,404700.0,2025-07-22 13:09:03.701778
2025-07-22,90424,2025072204020065,AKPL,Deevyaa Securities & Stock House Pvt. Ltd,Dynamic Money Managers Securities Pvt. Ltd.,20,269.0,5380.0,2025-07-22 13:09:07.936005
2025-07-22,90378,2025072204020074,AKPL,Vision Securities Pvt. Ltd,Dynamic Money Managers Securities Pvt. Ltd.,313,269.0,84197.0,2025-07-22 13:09:11.560462
2025-07-22,89939,2025072204020179,AKPL,Aryatara Investment & Securities,Sumeru Securities Pvt. Ltd.,600,269.7,161820.0,2025-07-22 13:09:43.641989
2025-07-22,89719,2025072204020244,AKPL,Aryatara Investment & Securities,INDEX SECURITIES LIMITED,930,269.8,250914.0,2025-07-22 13:10:08.006698
2025-07-22,89718,2025072204020245,AKPL,Aryatara Investment & Securities,Ashutosh Brokerage & Securities (PVT) Ltd.,70,269.8,18886.0,2025-07-22 13:10:08.007159
2025-07-22,89653,2025072204020255,AKPL,Sumeru Securities Pvt. Ltd.,Ashutosh Brokerage & Securities (PVT) Ltd.,100,269.8,26980.0,2025-07-22 13:10:17.008588
2025-07-22,89613,2025072204020263,AKPL,Aryatara Investment & Securities,Bhrikuti Stock Broking Co. Pvt. Ltd.,400,269.7,107880.0,2025-07-22 13:10:19.934489
2025-07-22,89612,2025072204020264,AKPL,Vision Securities Pvt. Ltd,Bhrikuti Stock Broking Co. Pvt. Ltd.,107,269.0,28783.0,2025-07-22 13:10:19.934958
2025-07-22,89611,2025072204020265,AKPL,Naasa Securities Co. Ltd.,Bhrikuti Stock Broking Co. Pvt. Ltd.,93,269.0,25017.0,2025-07-22 13:10:19.935163
2025-07-22,89286,2025072204020360,AKPL,Aryatara Investment & Securities,Ashutosh Brokerage & Securities (PVT) Ltd.,180,269.8,48564.0,2025-07-22 13:10:40.505241
2025-07-22,89285,2025072204020361,AKPL,Aryatara Investment & Securities,Sundhara Securities Limited,10,269.8,2698.0,2025-07-22 13:10:40.505837
2025-07-22,89182,2025072204020375,AKPL,Aryatara Investment & Securities,Vision Securities Pvt. Ltd,500,269.8,134900.0,2025-07-22 13:10:51.111843
2025-07-22,88903,2025072204020438,AKPL,Aryatara Investment & Securities,Imperial Securities Company Pvt. Ltd.,310,269.8,83638.0,2025-07-22 13:11:18.292170
2025-07-22,88878,2025072204020443,AKPL,Neev Securities Pvt. Ltd.,Imperial Securities Company Pvt. Ltd.,25,269.7,6742.5,2025-07-22 13:11:21.520036
2025-07-22,88877,2025072204020444,AKPL,Neev Securities Pvt. Ltd.,Imperial Securities Company Pvt. Ltd.,259,270.0,69930.0,2025-07-22 13:11:21.520489
2025-07-22,88550,2025072204020486,AKPL,Aryatara Investment & Securities,Imperial Securities Company Pvt. Ltd.,1000,270.0,270000.0,2025-07-22 13:11:39.409047
2025-07-22,88222,2025072204020524,AKPL,Cristal Kanchanjanga Securites Pvt. Ltd.,Imperial Securities Company Pvt. Ltd.,60,269.0,16140.0,2025-07-22 13:11:59.330998
2025-07-22,88220,2025072204020525,AKPL,Aryatara Investment & Securities,Imperial Securities Company Pvt. Ltd.,1500,270.0,405000.0,2025-07-22 13:11:59.607919
2025-07-22,88091,2025072204020572,AKPL,Aryatara Investment & Securities,Imperial Securities Company Pvt. Ltd.,991,270.0,267570.0,2025-07-22 13:12:11.929486
2025-07-22,88090,2025072204020573,AKPL,Aryatara Investment & Securities,Sri Hari Securities Pvt. Ltd.,100,270.0,27000.0,2025-07-22 13:12:11.929967
2025-07-22,88089,2025072204020574,AKPL,Aryatara Investment & Securities,Oxford Securities Pvt. Ltd.,400,270.0,108000.0,2025-07-22 13:12:11.930206
2025-07-22,88088,2025072204020575,AKPL,Aryatara Investment & Securities,Vision Securities Pvt. Ltd,9,270.0,2430.0,2025-07-22 13:12:11.930395
2025-07-22,87860,2025072204020599,AKPL,Sweta Securities Private Limited,Sundhara Securities Limited,50,270.0,13500.0,2025-07-22 13:12:26.361357
2025-07-22,87859,2025072204020600,AKPL,Sweta Securities Private Limited,Sewa Securities Pvt. Ltd.,10,270.0,2700.0,2025-07-22 13:12:26.361846
2025-07-22,87858,2025072204020601,AKPL,Sweta Securities Private Limited,Sewa Securities Pvt. Ltd.,100,270.0,27000.0,2025-07-22 13:12:26.362074
2025-07-22,87857,2025072204020602,AKPL,Sweta Securities Private Limited,Asian Securities Private Ltd.,1000,270.0,270000.0,2025-07-22 13:12:26.362328
2025-07-22,87856,2025072204020603,AKPL,Sweta Securities Private Limited,Imperial Securities Company Pvt. Ltd.,50,270.0,13500.0,2025-07-22 13:12:26.362553
2025-07-22,87855,2025072204020604,AKPL,Sweta Securities Private Limited,Naasa Securities Co. Ltd.,10,270.0,2700.0,2025-07-22 13:12:26.362780
2025-07-22,87854,2025072204020605,AKPL,Sweta Securities Private Limited,ABC Securities Private Limited,600,270.0,162000.0,2025-07-22 13:12:26.363045
2025-07-22,87853,2025072204020606,AKPL,Sweta Securities Private Limited,Naasa Securities Co. Ltd.,100,270.0,27000.0,2025-07-22 13:12:26.363321
2025-07-22,87852,2025072204020607,AKPL,Sweta Securities Private Limited,Vision Securities Pvt. Ltd,30,270.0,8100.0,2025-07-22 13:12:26.363538
2025-07-22,87851,2025072204020608,AKPL,Sweta Securities Private Limited,Sweta Securities Private Limited,50,270.0,13500.0,2025-07-22 13:12:26.363738
2025-07-22,87670,2025072204020650,AKPL,Sagarmatha Securities Private Limited,Sweta Securities Private Limited,50,270.0,13500.0,2025-07-22 13:12:45.123526
2025-07-22,87669,2025072204020651,AKPL,Sagarmatha Securities Private Limited,Premier Securities Company Ltd.,750,270.0,202500.0,2025-07-22 13:12:45.123995
2025-07-22,87668,2025072204020652,AKPL,Sagarmatha Securities Private Limited,Naasa Securities Co. Ltd.,23,270.0,6210.0,2025-07-22 13:12:45.124201
2025-07-22,87667,2025072204020653,AKPL,Sagarmatha Securities Private Limited,Oxford Securities Pvt. Ltd.,15,270.0,4050.0,2025-07-22 13:12:45.124407
2025-07-22,87666,2025072204020654,AKPL,Sagarmatha Securities Private Limited,Indira securities pvt. ltd,500,270.0,135000.0,2025-07-22 13:12:45.124605
2025-07-22,87665,2025072204020655,AKPL,Sagarmatha Securities Private Limited,South Asian Bulls Pvt. Ltd.,25,270.0,6750.0,2025-07-22 13:12:45.124803
2025-07-22,87664,2025072204020656,AKPL,Sagarmatha Securities Private Limited,Imperial Securities Company Pvt. Ltd.,230,270.0,62100.0,2025-07-22 13:12:45.125005
2025-07-22,87663,2025072204020657,AKPL,Sagarmatha Securities Private Limited,Online Securities Pvt. Ltd.,10,270.0,2700.0,2025-07-22 13:12:45.125201
2025-07-22,87662,2025072204020658,AKPL,Sagarmatha Securities Private Limited,Naasa Securities Co. Ltd.,57,270.0,15390.0,2025-07-22 13:12:45.125417
2025-07-22,87661,2025072204020659,AKPL,Sagarmatha Securities Private Limited,Sundhara Securities Limited,10,270.0,2700.0,2025-07-22 13:12:45.125612
2025-07-22,87541,2025072204020687,AKPL,Aryatara Investment & Securities,Asian Securities Private Ltd.,500,270.5,135250.0,2025-07-22 13:12:58.643551
2025-07-22,87356,2025072204020711,AKPL,Sagarmatha Securities Private Limited,Shree Krishna Securities Ltd.,330,270.0,89100.0,2025-07-22 13:13:05.511014
2025-07-22,87221,2025072204020741,AKPL,Aryatara Investment & Securities,Shree Krishna Securities Ltd.,568,270.0,153360.0,2025-07-22 13:13:17.157845
2025-07-22,87168,2025072204020754,AKPL,Aryatara Investment & Securities,Premier Securities Company Ltd.,100,270.0,27000.0,2025-07-22 13:13:22.701936
2025-07-22,87111,2025072204020772,AKPL,Aryatara Investment & Securities,Naasa Securities Co. Ltd.,32,270.0,8640.0,2025-07-22 13:13:30.711673
2025-07-22,86835,2025072204020861,AKPL,Cristal Kanchanjanga Securites Pvt. Ltd.,Cristal Kanchanjanga Securites Pvt. Ltd.,100,269.0,26900.0,2025-07-22 13:13:52.345719
2025-07-22,86834,2025072204020862,AKPL,Himalayan Brokerage Company Limited,Cristal Kanchanjanga Securites Pvt. Ltd.,200,268.1,53620.0,2025-07-22 13:13:52.346160
2025-07-22,86833,2025072204020863,AKPL,Vision Securities Pvt. Ltd,Cristal Kanchanjanga Securites Pvt. Ltd.,963,268.0,258084.0,2025-07-22 13:13:52.346375
2025-07-22,86832,2025072204020864,AKPL,Nagarik Stock Dealer ,Cristal Kanchanjanga Securites Pvt. Ltd.,5000,268.0,1340000.0,2025-07-22 13:13:52.346584
2025-07-22,86831,2025072204020865,AKPL,Aryatara Investment & Securities,Cristal Kanchanjanga Securites Pvt. Ltd.,1500,268.0,402000.0,2025-07-22 13:13:52.346788
2025-07-22,86830,2025072204020866,AKPL,Linch Stock Market Ltd.,Cristal Kanchanjanga Securites Pvt. Ltd.,500,268.0,134000.0,2025-07-22 13:13:52.346985
2025-07-22,86829,2025072204020867,AKPL,Vision Securities Pvt. Ltd,Cristal Kanchanjanga Securites Pvt. Ltd.,86,268.0,23048.0,2025-07-22 13:13:52.347178
2025-07-22,86377,2025072204020945,AKPL,South Asian Bulls Pvt. Ltd.,Naasa Securities Co. Ltd.,200,269.1,53820.0,2025-07-22 13:14:25.846917
2025-07-22,86231,2025072204020980,AKPL,South Asian Bulls Pvt. Ltd.,Asian Securities Private Ltd.,200,268.2,53640.0,2025-07-22 13:14:36.355786
2025-07-22,86230,2025072204020981,AKPL,Vision Securities Pvt. Ltd,Asian Securities Private Ltd.,61,268.0,16348.0,2025-07-22 13:14:36.356302
2025-07-22,86229,2025072204020982,AKPL,Capital Max Securities Ltd,Asian Securities Private Ltd.,76,267.8,20352.8,2025-07-22 13:14:36.356523
2025-07-22,86079,2025072204021025,AKPL,Capital Max Securities Ltd,Investment Management Nepal Pvt. Ltd.,424,267.8,113547.2,2025-07-22 13:14:52.586266
2025-07-22,86078,2025072204021026,AKPL,Aryatara Investment & Securities,Investment Management Nepal Pvt. Ltd.,76,267.6,20337.6,2025-07-22 13:14:52.586705
2025-07-22,85634,2025072204021146,AKPL,Sundhara Securities Limited,Asian Securities Private Ltd.,500,268.0,134000.0,2025-07-22 13:15:32.523954
2025-07-22,85347,2025072204021236,AKPL,Kumari Securities Private Limited,Aryatara Investment & Securities,200,268.0,53600.0,2025-07-22 13:16:06.108735
2025-07-22,85330,2025072204021238,AKPL,Vision Securities Pvt. Ltd,Aryatara Investment & Securities,250,268.0,67000.0,2025-07-22 13:16:08.450875
2025-07-22,85329,2025072204021239,AKPL,Vision Securities Pvt. Ltd,Naasa Securities Co. Ltd.,50,269.0,13450.0,2025-07-22 13:16:08.451341
2025-07-22,84860,2025072204021389,AKPL,Sri Hari Securities Pvt. Ltd.,Thrive Brokerage House Pvt. Ltd,16,268.0,4288.0,2025-07-22 13:16:50.081136
2025-07-22,84807,2025072204021407,AKPL,Sweta Securities Private Limited,Thrive Brokerage House Pvt. Ltd,10,267.9,2679.0,2025-07-22 13:16:54.094345
2025-07-22,84383,2025072204021478,AKPL,Thrive Brokerage House Pvt. Ltd,Naasa Securities Co. Ltd.,250,269.0,67250.0,2025-07-22 13:17:28.233491
2025-07-22,84382,2025072204021479,AKPL,Thrive Brokerage House Pvt. Ltd,Neev Securities Pvt. Ltd.,750,269.0,201750.0,2025-07-22 13:17:28.233949
2025-07-22,84315,2025072204021495,AKPL,Dipshikha Dhitopatra Karobar Co. Pvt Ltd.,Online Securities Pvt. Ltd.,20,269.0,5380.0,2025-07-22 13:17:35.210006
2025-07-22,84312,2025072204021496,AKPL,J.F. Securites (PVT) Ltd.,Online Securities Pvt. Ltd.,119,269.0,32011.0,2025-07-22 13:17:35.460792
2025-07-22,83796,2025072204021591,AKPL,Trishakti Securities Public Limited,Naasa Securities Co. Ltd.,10,270.0,2700.0,2025-07-22 13:18:31.786964
2025-07-22,83479,2025072204021664,AKPL,J.F. Securites (PVT) Ltd.,Sani Securities Company Ltd.,31,269.0,8339.0,2025-07-22 13:19:00.321999
2025-07-22,83478,2025072204021665,AKPL,Thrive Brokerage House Pvt. Ltd,Sani Securities Company Ltd.,69,269.0,18561.0,2025-07-22 13:19:00.322499
2025-07-22,83254,2025072204021757,AKPL,Thrive Brokerage House Pvt. Ltd,Kumari Securities Private Limited,300,269.0,80700.0,2025-07-22 13:19:13.678859
2025-07-22,82953,2025072204021823,AKPL,Aryatara Investment & Securities,Naasa Securities Co. Ltd.,258,270.0,69660.0,2025-07-22 13:19:43.682894
2025-07-22,82952,2025072204021824,AKPL,Aryatara Investment & Securities,Siprabi Securities Pvt. Ltd.,559,270.0,150930.0,2025-07-22 13:19:43.683391
2025-07-22,82951,2025072204021825,AKPL,Aryatara Investment & Securities,Shree Krishna Securities Ltd.,475,270.0,128250.0,2025-07-22 13:19:43.683623
2025-07-22,82950,2025072204021826,AKPL,Aryatara Investment & Securities,Aryatara Investment & Securities,208,270.0,56160.0,2025-07-22 13:19:43.683832
2025-07-22,82690,2025072204021870,AKPL,Thrive Brokerage House Pvt. Ltd,Vision Securities Pvt. Ltd,280,269.0,75320.0,2025-07-22 13:20:00.795850
2025-07-22,82535,2025072204021909,AKPL,Naasa Securities Co. Ltd.,Aryatara Investment & Securities,10,270.0,2700.0,2025-07-22 13:20:16.205977
2025-07-22,82467,2025072204021927,AKPL,Naasa Securities Co. Ltd.,Aryatara Investment & Securities,200,270.0,54000.0,2025-07-22 13:20:23.758372
2025-07-22,82455,2025072204021930,AKPL,Thrive Brokerage House Pvt. Ltd,Creative Securities Pvt Ltd,850,269.0,228650.0,2025-07-22 13:20:26.135562
2025-07-22,81161,2025072204022357,AKPL,Naasa Securities Co. Ltd.,NIMB Stock Markets Limited,100,269.9,26990.0,2025-07-22 13:22:02.053372
2025-07-22,81069,2025072204022419,AKPL,Naasa Securities Co. Ltd.,Sewa Securities Pvt. Ltd.,24,269.5,6468.0,2025-07-22 13:22:05.185242
2025-07-22,80964,2025072204022456,AKPL,Naasa Securities Co. Ltd.,Aryatara Investment & Securities,176,269.5,47432.0,2025-07-22 13:22:16.618330
2025-07-22,80963,2025072204022457,AKPL,Nepal Investment And Securities Trading Private Limited,Aryatara Investment & Securities,150,268.8,40320.0,2025-07-22 13:22:16.618812
2025-07-22,80962,2025072204022458,AKPL,Naasa Securities Co. Ltd.,Aryatara Investment & Securities,109,268.0,29212.0,2025-07-22 13:22:16.619012
2025-07-22,80550,2025072204022537,AKPL,Linch Stock Market Ltd.,Opal Securities Investment (PVT) Ltd.,248,268.1,66488.8,2025-07-22 13:22:59.154017
2025-07-22,80549,2025072204022538,AKPL,Naasa Securities Co. Ltd.,Opal Securities Investment (PVT) Ltd.,91,268.0,24388.0,2025-07-22 13:22:59.154520
2025-07-22,80548,2025072204022539,AKPL,Thrive Brokerage House Pvt. Ltd,Opal Securities Investment (PVT) Ltd.,650,268.0,174200.0,2025-07-22 13:22:59.154731
2025-07-22,80547,2025072204022540,AKPL,Thrive Brokerage House Pvt. Ltd,Opal Securities Investment (PVT) Ltd.,611,268.0,163748.0,2025-07-22 13:22:59.154936
2025-07-22,80317,2025072204022605,AKPL,Aryatara Investment & Securities,Aryatara Investment & Securities,80,269.0,21520.0,2025-07-22 13:23:17.352084
2025-07-22,80316,2025072204022606,AKPL,Aryatara Investment & Securities,Vision Securities Pvt. Ltd,20,269.0,5380.0,2025-07-22 13:23:17.352546
2025-07-22,79533,2025072204022840,AKPL,Sundhara Securities Limited,Vision Securities Pvt. Ltd,700,269.0,188300.0,2025-07-22 13:24:17.314209
2025-07-22,78541,2025072204023114,AKPL,Naasa Securities Co. Ltd.,Vision Securities Pvt. Ltd,100,269.0,26900.0,2025-07-22 13:25:43.153170
2025-07-22,78087,2025072204023247,AKPL,Thrive Brokerage House Pvt. Ltd,Trisul Securities & Invt. Ltd.,50,268.0,13400.0,2025-07-22 13:26:19.465133
2025-07-22,77470,2025072204023472,AKPL,Thrive Brokerage House Pvt. Ltd,Ashutosh Brokerage & Securities (PVT) Ltd.,20,268.0,5360.0,2025-07-22 13:27:14.383855
2025-07-22,77428,2025072204023487,AKPL,Thrive Brokerage House Pvt. Ltd,Capital Hub P. Ltd,319,268.0,85492.0,2025-07-22 13:27:17.028069
2025-07-22,77145,2025072204023605,AKPL,Sundhara Securities Limited,Vision Securities Pvt. Ltd,50,267.8,13390.0,2025-07-22 13:27:37.862972
2025-07-22,76417,2025072204023799,AKPL,Sundhara Securities Limited,Agrawal Securities (PVT) Ltd.,40,267.8,10712.0,2025-07-22 13:28:39.395772
2025-07-22,75995,2025072204023914,AKPL,Sundhara Securities Limited,Naasa Securities Co. Ltd.,300,267.8,80340.0,2025-07-22 13:29:12.806914
2025-07-22,75887,2025072204023956,AKPL,Sundhara Securities Limited,Kumari Securities Private Limited,10,267.8,2678.0,2025-07-22 13:29:21.983549
2025-07-22,75206,2025072204024122,AKPL,Sani Securities Company Ltd.,Capital Hub P. Ltd,2000,268.0,536000.0,2025-07-22 13:30:15.063404
2025-07-22,74747,2025072204024254,AKPL,Oxford Securities Pvt. Ltd.,Capital Hub P. Ltd,30,268.0,8040.0,2025-07-22 13:30:58.478607
2025-07-22,74073,2025072204024447,AKPL,Sundhara Securities Limited,Kumari Securities Private Limited,20,267.8,5356.0,2025-07-22 13:31:59.773470
2025-07-22,73997,2025072204024471,AKPL,Sundhara Securities Limited,Trisul Securities & Invt. Ltd.,64,267.8,17139.2,2025-07-22 13:32:07.319006
2025-07-22,73996,2025072204024472,AKPL,ABC Securities Private Limited,Trisul Securities & Invt. Ltd.,1000,267.7,267700.0,2025-07-22 13:32:07.319484
2025-07-22,73995,2025072204024473,AKPL,Nepal Investment And Securities Trading Private Limited,Trisul Securities & Invt. Ltd.,10,267.7,2677.0,2025-07-22 13:32:07.319704
2025-07-22,73994,2025072204024474,AKPL,Aryatara Investment & Securities,Trisul Securities & Invt. Ltd.,924,267.6,247262.4,2025-07-22 13:32:07.319946
2025-07-22,73529,2025072204024618,AKPL,Sundhara Securities Limited,Capital Hub P. Ltd,220,268.0,58960.0,2025-07-22 13:32:55.895322
2025-07-22,73528,2025072204024619,AKPL,Sundhara Securities Limited,Midas Stock Broking Company Private Limited,80,268.0,21440.0,2025-07-22 13:32:55.895857
2025-07-22,72204,2025072204024914,AKPL,Thrive Brokerage House Pvt. Ltd,Imperial Securities Company Pvt. Ltd.,1,269.0,269.0,2025-07-22 13:34:59.720130
2025-07-22,72103,2025072204024928,AKPL,Deevyaa Securities & Stock House Pvt. Ltd,Midas Stock Broking Company Private Limited,35,268.0,9380.0,2025-07-22 13:35:08.649678
2025-07-22,72102,2025072204024929,AKPL,Deevyaa Securities & Stock House Pvt. Ltd,Deevyaa Securities & Stock House Pvt. Ltd,245,268.0,65660.0,2025-07-22 13:35:08.650223
2025-07-22,71993,2025072204024953,AKPL,South Asian Bulls Pvt. Ltd.,Deevyaa Securities & Stock House Pvt. Ltd,31,268.0,8308.0,2025-07-22 13:35:18.103752
2025-07-22,71992,2025072204024954,AKPL,South Asian Bulls Pvt. Ltd.,Deevyaa Securities & Stock House Pvt. Ltd,1000,268.0,268000.0,2025-07-22 13:35:18.104282
2025-07-22,71991,2025072204024955,AKPL,South Asian Bulls Pvt. Ltd.,Dipshikha Dhitopatra Karobar Co. Pvt Ltd.,262,268.0,70216.0,2025-07-22 13:35:18.104710
2025-07-22,71771,2025072204025016,AKPL,South Asian Bulls Pvt. Ltd.,Swarna Laxmi Securities Pvt. Ltd.,20,268.0,5360.0,2025-07-22 13:35:38.167717
2025-07-22,71447,2025072204025120,AKPL,South Asian Bulls Pvt. Ltd.,South Asian Bulls Pvt. Ltd.,187,268.0,50116.0,2025-07-22 13:36:10.340720
2025-07-22,71446,2025072204025121,AKPL,Thrive Brokerage House Pvt. Ltd,South Asian Bulls Pvt. Ltd.,50,268.0,13400.0,2025-07-22 13:36:10.341185
2025-07-22,71445,2025072204025122,AKPL,ABC Securities Private Limited,South Asian Bulls Pvt. Ltd.,50,267.3,13365.0,2025-07-22 13:36:10.341417
2025-07-22,71444,2025072204025123,AKPL,K.B.L. Securities Limited ,South Asian Bulls Pvt. Ltd.,3000,267.3,801900.0,2025-07-22 13:36:10.341637
2025-07-22,71443,2025072204025124,AKPL,Neev Securities Pvt. Ltd.,South Asian Bulls Pvt. Ltd.,1000,267.2,267200.0,2025-07-22 13:36:10.341854
2025-07-22,71442,2025072204025125,AKPL,Sagarmatha Securities Private Limited,South Asian Bulls Pvt. Ltd.,232,267.1,61967.2,2025-07-22 13:36:10.342068
2025-07-22,71441,2025072204025126,AKPL,Sajilo Broker Limited,South Asian Bulls Pvt. Ltd.,300,267.0,80100.0,2025-07-22 13:36:10.342294
2025-07-22,71440,2025072204025127,AKPL,Premier Securities Company Ltd.,South Asian Bulls Pvt. Ltd.,1000,267.0,267000.0,2025-07-22 13:36:10.342515
2025-07-22,71439,2025072204025128,AKPL,South Asian Bulls Pvt. Ltd.,South Asian Bulls Pvt. Ltd.,1000,267.0,267000.0,2025-07-22 13:36:10.342734
2025-07-22,71438,2025072204025129,AKPL,Bhrikuti Stock Broking Co. Pvt. Ltd.,South Asian Bulls Pvt. Ltd.,50,267.0,13350.0,2025-07-22 13:36:10.342946
2025-07-22,71437,2025072204025130,AKPL,Bhrikuti Stock Broking Co. Pvt. Ltd.,South Asian Bulls Pvt. Ltd.,131,267.0,34977.0,2025-07-22 13:36:10.343163
2025-07-22,71153,2025072204025282,AKPL,Dipshikha Dhitopatra Karobar Co. Pvt Ltd.,Sani Securities Company Ltd.,15,267.4,4011.0,2025-07-22 13:36:39.101922
2025-07-22,70320,2025072204025510,AKPL,Online Securities Pvt. Ltd.,Agrawal Securities (PVT) Ltd.,10,268.0,2680.0,2025-07-22 13:38:08.182539
2025-07-22,70041,2025072204025602,AKPL,Dipshikha Dhitopatra Karobar Co. Pvt Ltd.,Creative Securities Pvt Ltd,185,267.4,49469.0,2025-07-22 13:38:42.244064
2025-07-22,70040,2025072204025603,AKPL,Sweta Securities Private Limited,Creative Securities Pvt Ltd,315,267.1,84136.5,2025-07-22 13:38:42.245109
2025-07-22,69997,2025072204025613,AKPL,Sri Hari Securities Pvt. Ltd.,Creative Securities Pvt Ltd,100,267.5,26750.0,2025-07-22 13:38:48.279279
2025-07-22,69996,2025072204025614,AKPL,Sweta Securities Private Limited,Creative Securities Pvt Ltd,675,267.1,180292.5,2025-07-22 13:38:48.279344
2025-07-22,69995,2025072204025615,AKPL,Nepal Stock House (PVT) Ltd.,Creative Securities Pvt Ltd,225,267.1,60097.5,2025-07-22 13:38:48.279368
2025-07-22,69941,2025072204025625,AKPL,Nepal Stock House (PVT) Ltd.,Creative Securities Pvt Ltd,775,267.1,207002.5,2025-07-22 13:38:52.296792
2025-07-22,69940,2025072204025626,AKPL,Bhrikuti Stock Broking Co. Pvt. Ltd.,Creative Securities Pvt Ltd,225,267.0,60075.0,2025-07-22 13:38:52.296902
2025-07-22,69343,2025072204025868,AKPL,Bhrikuti Stock Broking Co. Pvt. Ltd.,Creative Securities Pvt Ltd,180,267.0,48060.0,2025-07-22 13:40:02.529287
2025-07-22,69300,2025072204025875,AKPL,South Asian Bulls Pvt. Ltd.,Cristal Kanchanjanga Securites Pvt. Ltd.,200,267.7,53540.0,2025-07-22 13:40:07.768366
2025-07-22,68558,2025072204026064,AKPL,Aryatara Investment & Securities,Agrawal Securities (PVT) Ltd.,240,268.0,64320.0,2025-07-22 13:41:22.767362
2025-07-22,68435,2025072204026100,AKPL,Bhrikuti Stock Broking Co. Pvt. Ltd.,Linch Stock Market Ltd.,150,267.0,40050.0,2025-07-22 13:41:31.699338
2025-07-22,68188,2025072204026152,AKPL,Bhrikuti Stock Broking Co. Pvt. Ltd.,Sani Securities Company Ltd.,614,267.0,163938.0,2025-07-22 13:41:54.247304
2025-07-22,68187,2025072204026153,AKPL,Bhrikuti Stock Broking Co. Pvt. Ltd.,Sani Securities Company Ltd.,1000,267.0,267000.0,2025-07-22 13:41:54.247857
2025-07-22,68186,2025072204026154,AKPL,K.B.L. Securities Limited ,Sani Securities Company Ltd.,1000,267.0,267000.0,2025-07-22 13:41:54.248119
2025-07-22,68185,2025072204026155,AKPL,Cristal Kanchanjanga Securites Pvt. Ltd.,Sani Securities Company Ltd.,700,267.0,186900.0,2025-07-22 13:41:54.248351
2025-07-22,68184,2025072204026156,AKPL,Thrive Brokerage House Pvt. Ltd,Sani Securities Company Ltd.,100,267.0,26700.0,2025-07-22 13:41:54.248575
2025-07-22,68183,2025072204026157,AKPL,Trishakti Securities Public Limited,Sani Securities Company Ltd.,500,267.0,133500.0,2025-07-22 13:41:54.248815
2025-07-22,68182,2025072204026158,AKPL,Bhrikuti Stock Broking Co. Pvt. Ltd.,Sani Securities Company Ltd.,10,267.0,2670.0,2025-07-22 13:41:54.249043
2025-07-22,68181,2025072204026159,AKPL,Secured Securities Ltd.,Sani Securities Company Ltd.,1000,267.0,267000.0,2025-07-22 13:41:54.249273
2025-07-22,68180,2025072204026160,AKPL,Cristal Kanchanjanga Securites Pvt. Ltd.,Sani Securities Company Ltd.,76,267.0,20292.0,2025-07-22 13:41:54.249516
2025-07-22,67458,2025072204026310,AKPL,Aryatara Investment & Securities,Infinity Securities Limited,500,268.0,134000.0,2025-07-22 13:43:14.502838
2025-07-22,67429,2025072204026312,AKPL,Aryatara Investment & Securities,Dipshikha Dhitopatra Karobar Co. Pvt Ltd.,40,267.1,10684.0,2025-07-22 13:43:18.563992
2025-07-22,67428,2025072204026313,AKPL,Aryatara Investment & Securities,Dipshikha Dhitopatra Karobar Co. Pvt Ltd.,10,267.1,2671.0,2025-07-22 13:43:18.564050
2025-07-22,67427,2025072204026314,AKPL,Aryatara Investment & Securities,Dipshikha Dhitopatra Karobar Co. Pvt Ltd.,15,267.1,4006.5,2025-07-22 13:43:18.564090
2025-07-22,67426,2025072204026315,AKPL,Cristal Kanchanjanga Securites Pvt. Ltd.,Dipshikha Dhitopatra Karobar Co. Pvt Ltd.,174,267.0,46458.0,2025-07-22 13:43:18.564127
2025-07-22,67425,2025072204026316,AKPL,Aryatara Investment & Securities,Dipshikha Dhitopatra Karobar Co. Pvt Ltd.,400,267.0,106800.0,2025-07-22 13:43:18.564164
2025-07-22,67424,2025072204026317,AKPL,Bhrikuti Stock Broking Co. Pvt. Ltd.,Dipshikha Dhitopatra Karobar Co. Pvt Ltd.,361,267.0,96387.0,2025-07-22 13:43:18.564194
2025-07-22,66437,2025072204026498,AKPL,Bhrikuti Stock Broking Co. Pvt. Ltd.,Neev Securities Pvt. Ltd.,210,267.0,56070.0,2025-07-22 13:44:47.632813
2025-07-22,64406,2025072204027013,AKPL,Sani Securities Company Ltd.,Infinity Securities Limited,3700,268.0,991600.0,2025-07-22 13:47:30.124954
2025-07-22,64405,2025072204027014,AKPL,Sani Securities Company Ltd.,Nepal Stock House (PVT) Ltd.,300,268.0,80400.0,2025-07-22 13:47:30.125495
2025-07-22,64404,2025072204027015,AKPL,Sani Securities Company Ltd.,Sharepro Securities Private Limited,200,268.0,53600.0,2025-07-22 13:47:30.125749
2025-07-22,64403,2025072204027016,AKPL,Sani Securities Company Ltd.,MILKY WAY SHARE BROKER COMPANY LTD ,100,268.0,26800.0,2025-07-22 13:47:30.126005
2025-07-22,64402,2025072204027017,AKPL,Sani Securities Company Ltd.,Deevyaa Securities & Stock House Pvt. Ltd,3000,268.0,804000.0,2025-07-22 13:47:30.126237
2025-07-22,63758,2025072204027219,AKPL,Naasa Securities Co. Ltd.,Trishakti Securities Public Limited,20,268.5,5370.0,2025-07-22 13:48:16.617599
2025-07-22,62523,2025072204027678,AKPL,Nagarik Stock Dealer ,Kohinoor Investment & Securities Pvt. Ltd.,10,268.7,2687.0,2025-07-22 13:50:16.334223
2025-07-22,62522,2025072204027679,AKPL,Nagarik Stock Dealer ,Sani Securities Company Ltd.,25,268.8,6720.0,2025-07-22 13:50:16.334750
2025-07-22,62521,2025072204027680,AKPL,Nagarik Stock Dealer ,Aryatara Investment & Securities,200,268.8,53760.0,2025-07-22 13:50:16.334995
2025-07-22,62520,2025072204027681,AKPL,Nagarik Stock Dealer ,Swarna Laxmi Securities Pvt. Ltd.,1000,268.9,268900.0,2025-07-22 13:50:16.335234
2025-07-22,62519,2025072204027682,AKPL,Nagarik Stock Dealer ,Vision Securities Pvt. Ltd,680,269.0,182920.0,2025-07-22 13:50:16.335477
2025-07-22,62518,2025072204027683,AKPL,Nagarik Stock Dealer ,Kohinoor Investment & Securities Pvt. Ltd.,50,269.0,13450.0,2025-07-22 13:50:16.335720
2025-07-22,62517,2025072204027684,AKPL,Nagarik Stock Dealer ,Agrawal Securities (PVT) Ltd.,1500,269.0,403500.0,2025-07-22 13:50:16.335949
2025-07-22,62516,2025072204027685,AKPL,Nagarik Stock Dealer ,Naasa Securities Co. Ltd.,384,269.0,103296.0,2025-07-22 13:50:16.336184
2025-07-22,62515,2025072204027686,AKPL,Nagarik Stock Dealer ,Opal Securities Investment (PVT) Ltd.,50,269.0,13450.0,2025-07-22 13:50:16.336445
2025-07-22,62514,2025072204027687,AKPL,Nagarik Stock Dealer ,J.F. Securites (PVT) Ltd.,33,269.0,8877.0,2025-07-22 13:50:16.336686
2025-07-22,62513,2025072204027688,AKPL,Nagarik Stock Dealer ,Linch Stock Market Ltd.,550,269.0,147950.0,2025-07-22 13:50:16.336932
2025-07-22,62512,2025072204027689,AKPL,Nagarik Stock Dealer ,Dakshinkali Investment & Securities Pvt. Ltd.,518,269.0,139342.0,2025-07-22 13:50:16.337175
2025-07-22,62221,2025072204027788,AKPL,Global IME Securities Limited,Dakshinkali Investment & Securities Pvt. Ltd.,200,269.0,53800.0,2025-07-22 13:50:47.648298
2025-07-22,61911,2025072204028026,AKPL,Aryatara Investment & Securities,Dakshinkali Investment & Securities Pvt. Ltd.,282,269.0,75858.0,2025-07-22 13:51:05.142650
2025-07-22,61910,2025072204028027,AKPL,Aryatara Investment & Securities,Vision Securities Pvt. Ltd,400,269.0,107600.0,2025-07-22 13:51:05.143734
2025-07-22,61909,2025072204028028,AKPL,Aryatara Investment & Securities,Deevyaa Securities & Stock House Pvt. Ltd,818,269.0,220042.0,2025-07-22 13:51:05.144524
2025-07-22,61765,2025072204028041,AKPL,Aryatara Investment & Securities,Deevyaa Securities & Stock House Pvt. Ltd,182,269.0,48958.0,2025-07-22 13:51:23.368812
2025-07-22,61764,2025072204028042,AKPL,Aryatara Investment & Securities,Aryatara Investment & Securities,232,269.2,62454.4,2025-07-22 13:51:23.369349
2025-07-22,61763,2025072204028043,AKPL,Aryatara Investment & Securities,Premier Securities Company Ltd.,86,269.5,23177.0,2025-07-22 13:51:23.369595
2025-07-22,61487,2025072204028146,AKPL,Shree Krishna Securities Ltd.,Premier Securities Company Ltd.,29,269.5,7815.5,2025-07-22 13:51:47.255471
2025-07-22,60784,2025072204028321,AKPL,South Asian Bulls Pvt. Ltd.,Oxford Securities Pvt. Ltd.,200,268.7,53740.0,2025-07-22 13:52:57.625234
2025-07-22,60783,2025072204028322,AKPL,Imperial Securities Company Pvt. Ltd.,Oxford Securities Pvt. Ltd.,475,268.6,127585.0,2025-07-22 13:52:57.626232
2025-07-22,60677,2025072204028352,AKPL,Sundhara Securities Limited,Siprabi Securities Pvt. Ltd.,200,269.0,53800.0,2025-07-22 13:53:09.592989
2025-07-22,60054,2025072204028546,AKPL,South Asian Bulls Pvt. Ltd.,Trishakti Securities Public Limited,200,269.1,53820.0,2025-07-22 13:54:08.911293
2025-07-22,60053,2025072204028547,AKPL,Sundhara Securities Limited,Trishakti Securities Public Limited,50,269.0,13450.0,2025-07-22 13:54:08.911827
2025-07-22,60042,2025072204028550,AKPL,Online Securities Pvt. Ltd.,Premier Securities Company Ltd.,700,269.4,188580.0,2025-07-22 13:54:10.684960
2025-07-22,60041,2025072204028551,AKPL,Online Securities Pvt. Ltd.,Premier Securities Company Ltd.,285,269.5,76807.5,2025-07-22 13:54:10.685944
2025-07-22,60040,2025072204028552,AKPL,Online Securities Pvt. Ltd.,ABC Securities Private Limited,15,269.5,4042.5,2025-07-22 13:54:10.686657
2025-07-22,60039,2025072204028553,AKPL,Online Securities Pvt. Ltd.,Capital Hub P. Ltd,300,269.8,80940.0,2025-07-22 13:54:10.687349
2025-07-22,60038,2025072204028554,AKPL,Online Securities Pvt. Ltd.,Imperial Securities Company Pvt. Ltd.,500,269.9,134950.0,2025-07-22 13:54:10.688029
2025-07-22,59916,2025072204028571,AKPL,Online Securities Pvt. Ltd.,South Asian Bulls Pvt. Ltd.,700,269.9,188930.0,2025-07-22 13:54:20.813513
2025-07-22,59915,2025072204028572,AKPL,Online Securities Pvt. Ltd.,Sani Securities Company Ltd.,302,269.9,81509.8,2025-07-22 13:54:20.814037
2025-07-22,59914,2025072204028573,AKPL,Online Securities Pvt. Ltd.,Aryatara Investment & Securities,582,270.0,157140.0,2025-07-22 13:54:20.814262
2025-07-22,59913,2025072204028574,AKPL,Online Securities Pvt. Ltd.,Dipshikha Dhitopatra Karobar Co. Pvt Ltd.,216,270.0,58320.0,2025-07-22 13:54:20.814491
2025-07-22,59747,2025072204028702,AKPL,Online Securities Pvt. Ltd.,Dipshikha Dhitopatra Karobar Co. Pvt Ltd.,784,270.0,211680.0,2025-07-22 13:54:30.918992
2025-07-22,59746,2025072204028703,AKPL,Online Securities Pvt. Ltd.,Imperial Securities Company Pvt. Ltd.,500,270.0,135000.0,2025-07-22 13:54:30.919753
2025-07-22,59745,2025072204028704,AKPL,Online Securities Pvt. Ltd.,Sumeru Securities Pvt. Ltd.,100,270.0,27000.0,2025-07-22 13:54:30.920449
2025-07-22,59744,2025072204028705,AKPL,Online Securities Pvt. Ltd.,Malla & Malla Stock Broking Company Pvt. Limited,100,270.0,27000.0,2025-07-22 13:54:30.921104
2025-07-22,59743,2025072204028706,AKPL,Online Securities Pvt. Ltd.,Oxford Securities Pvt. Ltd.,316,270.0,85320.0,2025-07-22 13:54:30.921771
2025-07-22,59626,2025072204028727,AKPL,Online Securities Pvt. Ltd.,Oxford Securities Pvt. Ltd.,184,270.0,49680.0,2025-07-22 13:54:43.038747
2025-07-22,59625,2025072204028728,AKPL,Online Securities Pvt. Ltd.,Primo Securities (PVT) Ltd.,190,270.0,51300.0,2025-07-22 13:54:43.039253
