Date,S.N.,Contract ID,Symbol,Buyer Broker,Seller Broker,quantity,rate,amount,transaction_time
2025-07-22,172975,2025072201000740,NYADI,Sharepro Securities Private Limited,Sharepro Securities Private Limited,485,468.0,226980.0,2025-07-22 11:08:20.705634
2025-07-22,172974,2025072201000741,NYADI,Sharepro Securities Private Limited,Trishakti Securities Public Limited,15,468.0,7020.0,2025-07-22 11:08:20.705692
2025-07-22,172567,2025072201000803,NYADI,Sewa Securities Pvt. Ltd.,Trishakti Securities Public Limited,175,468.0,81900.0,2025-07-22 11:09:00.240718
2025-07-22,171717,2025072201000958,NYADI,Sewa Securities Pvt. Ltd.,K.B.L. Securities Limited ,25,468.0,11700.0,2025-07-22 11:10:17.249988
2025-07-22,171716,2025072201000959,NYADI,Market Securities & Exchange (PVT) Ltd.,K.B.L. Securities Limited ,300,468.0,140400.0,2025-07-22 11:10:17.250048
2025-07-22,169486,2025072201001465,NYADI,Malla & Malla Stock Broking Company Pvt. Limited,Imperial Securities Company Pvt. Ltd.,10,463.6,4636.0,2025-07-22 11:13:48.737450
2025-07-22,168939,2025072201001580,NYADI,Malla & Malla Stock Broking Company Pvt. Limited,Dynamic Money Managers Securities Pvt. Ltd.,10,463.6,4636.0,2025-07-22 11:14:31.743916
2025-07-22,168890,2025072201001597,NYADI,Dynamic Money Managers Securities Pvt. Ltd.,K.B.L. Securities Limited ,175,468.9,82057.5,2025-07-22 11:14:38.080580
2025-07-22,166753,2025072201002033,NYADI,Himalayan Brokerage Company Limited,ABC Securities Private Limited,10,466.0,4660.0,2025-07-22 11:18:09.054440
2025-07-22,166425,2025072201002109,NYADI,Himalayan Brokerage Company Limited,K.B.L. Securities Limited ,27,466.0,12582.0,2025-07-22 11:18:40.332456
2025-07-22,166343,2025072201002124,NYADI,Bhrikuti Stock Broking Co. Pvt. Ltd.,Dynamic Money Managers Securities Pvt. Ltd.,10,468.0,4680.0,2025-07-22 11:18:50.520249
2025-07-22,166342,2025072201002125,NYADI,Bhrikuti Stock Broking Co. Pvt. Ltd.,K.B.L. Securities Limited ,490,469.0,229810.0,2025-07-22 11:18:50.520314
2025-07-22,166033,2025072201002206,NYADI,Himalayan Brokerage Company Limited,Dynamic Money Managers Securities Pvt. Ltd.,100,466.0,46600.0,2025-07-22 11:19:22.945933
2025-07-22,166032,2025072201002207,NYADI,Himalayan Brokerage Company Limited,Dynamic Money Managers Securities Pvt. Ltd.,100,466.0,46600.0,2025-07-22 11:19:22.956059
2025-07-22,166017,2025072201002216,NYADI,Himalayan Brokerage Company Limited,Aryatara Investment & Securities,10,466.0,4660.0,2025-07-22 11:19:24.539540
2025-07-22,165060,2025072201002440,NYADI,Himalayan Brokerage Company Limited,K.B.L. Securities Limited ,10,466.0,4660.0,2025-07-22 11:21:00.667142
2025-07-22,164067,2025072201002693,NYADI,Himalayan Brokerage Company Limited,Naasa Securities Co. Ltd.,10,466.0,4660.0,2025-07-22 11:22:18.413916
2025-07-22,163070,2025072201002959,NYADI,Himalayan Brokerage Company Limited,Thrive Brokerage House Pvt. Ltd,733,466.0,341578.0,2025-07-22 11:23:45.343323
2025-07-22,163069,2025072201002960,NYADI,Trademow Securities Private Limited,Thrive Brokerage House Pvt. Ltd,100,466.0,46600.0,2025-07-22 11:23:45.343370
2025-07-22,163068,2025072201002961,NYADI,Imperial Securities Company Pvt. Ltd.,Thrive Brokerage House Pvt. Ltd,35,465.1,16278.5,2025-07-22 11:23:45.343398
2025-07-22,163067,2025072201002962,NYADI,Malla & Malla Stock Broking Company Pvt. Limited,Thrive Brokerage House Pvt. Ltd,80,465.1,37208.0,2025-07-22 11:23:45.343425
2025-07-22,163066,2025072201002963,NYADI,ABC Securities Private Limited,Thrive Brokerage House Pvt. Ltd,6989,465.0,3249885.0,2025-07-22 11:23:45.343450
2025-07-22,162791,2025072201003032,NYADI,Asian Securities Private Ltd.,Kalika Securities Pvt. Ltd.,40,469.0,18760.0,2025-07-22 11:24:07.036738
2025-07-22,162790,2025072201003033,NYADI,Asian Securities Private Ltd.,Nagarik Stock Dealer ,60,469.9,28194.0,2025-07-22 11:24:07.036810
2025-07-22,160218,2025072201003658,NYADI,Kumari Securities Private Limited,Premier Securities Company Ltd.,10,467.0,4670.0,2025-07-22 11:28:16.967343
2025-07-22,159912,2025072201003722,NYADI,Cristal Kanchanjanga Securites Pvt. Ltd.,Kohinoor Investment & Securities Pvt. Ltd.,10,466.0,4660.0,2025-07-22 11:28:50.260661
2025-07-22,157600,2025072201004302,NYADI,Cristal Kanchanjanga Securites Pvt. Ltd.,Arun Securities (PVT) Ltd.,40,466.0,18640.0,2025-07-22 11:32:28.790094
2025-07-22,157599,2025072201004303,NYADI,Aryatara Investment & Securities,Arun Securities (PVT) Ltd.,69,466.0,32154.0,2025-07-22 11:32:28.790261
2025-07-22,151861,2025072201005646,NYADI,Aryatara Investment & Securities,Sewa Securities Pvt. Ltd.,200,467.0,93400.0,2025-07-22 11:40:21.706728
2025-07-22,151311,2025072201005778,NYADI,Nepal Stock House (PVT) Ltd.,Sewa Securities Pvt. Ltd.,200,467.0,93400.0,2025-07-22 11:41:04.994432
2025-07-22,149243,2025072201006333,NYADI,Aryatara Investment & Securities,Sani Securities Company Ltd.,40,468.0,18720.0,2025-07-22 11:43:32.104889
2025-07-22,149242,2025072201006334,NYADI,Aryatara Investment & Securities,Opal Securities Investment (PVT) Ltd.,10,468.9,4689.0,2025-07-22 11:43:32.104983
2025-07-22,149241,2025072201006335,NYADI,Aryatara Investment & Securities,Elite Stock House Limited,371,470.0,174370.0,2025-07-22 11:43:32.105020
2025-07-22,147779,2025072201006676,NYADI,Vision Securities Pvt. Ltd,Elite Stock House Limited,200,470.0,94000.0,2025-07-22 11:45:11.114375
2025-07-22,143626,2025072201007737,NYADI,Neev Securities Pvt. Ltd.,Elite Stock House Limited,15,470.0,7050.0,2025-07-22 11:49:38.991928
2025-07-22,143256,2025072201007834,NYADI,Nepal Stock House (PVT) Ltd.,Elite Stock House Limited,200,470.0,94000.0,2025-07-22 11:50:02.594439
2025-07-22,142941,2025072201007910,NYADI,Oxford Securities Pvt. Ltd.,Magnet Securities and Investment Company Private Limited,14,469.6,6574.4,2025-07-22 11:50:21.862864
2025-07-22,142695,2025072201007947,NYADI,Sani Securities Company Ltd.,Elite Stock House Limited,214,470.0,100580.0,2025-07-22 11:50:35.220417
2025-07-22,142694,2025072201007948,NYADI,Sani Securities Company Ltd.,Linch Stock Market Ltd.,10,470.0,4700.0,2025-07-22 11:50:35.220633
2025-07-22,142693,2025072201007949,NYADI,Sani Securities Company Ltd.,Magnet Securities and Investment Company Private Limited,76,470.0,35720.0,2025-07-22 11:50:35.220792
2025-07-22,142336,2025072201008043,NYADI,Oxford Securities Pvt. Ltd.,Magnet Securities and Investment Company Private Limited,14,469.6,6574.4,2025-07-22 11:51:01.960477
2025-07-22,141897,2025072201008154,NYADI,Sani Securities Company Ltd.,Trisul Securities & Invt. Ltd.,20,470.0,9400.0,2025-07-22 11:51:34.170572
2025-07-22,141896,2025072201008155,NYADI,Sani Securities Company Ltd.,Premier Securities Company Ltd.,10,470.0,4700.0,2025-07-22 11:51:34.170756
2025-07-22,141895,2025072201008156,NYADI,Sani Securities Company Ltd.,Naasa Securities Co. Ltd.,20,470.0,9400.0,2025-07-22 11:51:34.170876
2025-07-22,137760,2025072201009210,NYADI,Sani Securities Company Ltd.,Naasa Securities Co. Ltd.,190,470.0,89300.0,2025-07-22 11:56:27.859832
2025-07-22,137759,2025072201009211,NYADI,Sani Securities Company Ltd.,Siprabi Securities Pvt. Ltd.,500,470.0,235000.0,2025-07-22 11:56:27.859915
2025-07-22,137758,2025072201009212,NYADI,Sani Securities Company Ltd.,Online Securities Pvt. Ltd.,310,470.0,145700.0,2025-07-22 11:56:27.859957
2025-07-22,137322,2025072201009312,NYADI,Sani Securities Company Ltd.,Online Securities Pvt. Ltd.,500,470.0,235000.0,2025-07-22 11:56:58.220082
2025-07-22,136834,2025072201009459,NYADI,Agrawal Securities (PVT) Ltd.,Online Securities Pvt. Ltd.,250,470.0,117500.0,2025-07-22 11:57:34.856169
2025-07-22,136833,2025072201009460,NYADI,Agrawal Securities (PVT) Ltd.,Elite Stock House Limited,10,470.0,4700.0,2025-07-22 11:57:34.856276
2025-07-22,134296,2025072201010167,NYADI,Agrawal Securities (PVT) Ltd.,Kumari Securities Private Limited,10,470.0,4700.0,2025-07-22 12:00:52.861714
2025-07-22,134231,2025072201010177,NYADI,Agrawal Securities (PVT) Ltd.,K.B.L. Securities Limited ,230,470.0,108100.0,2025-07-22 12:00:57.111357
2025-07-22,133780,2025072201010325,NYADI,Oxford Securities Pvt. Ltd.,Sundhara Securities Limited,40,469.6,18784.0,2025-07-22 12:01:35.021113
2025-07-22,129909,2025072201011234,NYADI,Oxford Securities Pvt. Ltd.,K.B.L. Securities Limited ,132,469.6,61987.2,2025-07-22 12:06:03.789810
2025-07-22,129908,2025072201011235,NYADI,Capital Max Securities Ltd,K.B.L. Securities Limited ,25,468.5,11712.5,2025-07-22 12:06:03.789906
2025-07-22,129907,2025072201011236,NYADI,Online Securities Pvt. Ltd.,K.B.L. Securities Limited ,200,468.0,93600.0,2025-07-22 12:06:03.789950
2025-07-22,129906,2025072201011237,NYADI,Cristal Kanchanjanga Securites Pvt. Ltd.,K.B.L. Securities Limited ,297,468.0,138996.0,2025-07-22 12:06:03.789992
2025-07-22,129558,2025072201011330,NYADI,Secured Securities Ltd.,Naasa Securities Co. Ltd.,6,460.0,2760.0,2025-07-22 12:06:32.627476
2025-07-22,129400,2025072201011377,NYADI,Sani Securities Company Ltd.,Naasa Securities Co. Ltd.,12,467.0,5604.0,2025-07-22 12:06:45.807736
2025-07-22,129291,2025072201011411,NYADI,Secured Securities Ltd.,Sewa Securities Pvt. Ltd.,2,463.0,926.0,2025-07-22 12:06:52.070870
2025-07-22,128943,2025072201011516,NYADI,Secured Securities Ltd.,Online Securities Pvt. Ltd.,5,457.7,2288.5,2025-07-22 12:07:19.003557
2025-07-22,126569,2025072201012153,NYADI,Sani Securities Company Ltd.,Trishakti Securities Public Limited,88,467.0,41096.0,2025-07-22 12:11:01.702428
2025-07-22,126568,2025072201012154,NYADI,Primo Securities (PVT) Ltd.,Trishakti Securities Public Limited,100,466.0,46600.0,2025-07-22 12:11:01.702544
2025-07-22,126567,2025072201012155,NYADI,Shree Krishna Securities Ltd.,Trishakti Securities Public Limited,250,466.0,116500.0,2025-07-22 12:11:01.702592
2025-07-22,126566,2025072201012156,NYADI,Nagarik Stock Dealer ,Trishakti Securities Public Limited,500,465.1,232550.0,2025-07-22 12:11:01.702637
2025-07-22,126565,2025072201012157,NYADI,Kohinoor Investment & Securities Pvt. Ltd.,Trishakti Securities Public Limited,562,465.1,261386.2,2025-07-22 12:11:01.702683
2025-07-22,125424,2025072201012492,NYADI,Secured Securities Ltd.,Oxford Securities Pvt. Ltd.,5,456.7,2283.5,2025-07-22 12:12:51.236168
2025-07-22,125089,2025072201012603,NYADI,Secured Securities Ltd.,Premier Securities Company Ltd.,3,456.7,1370.1,2025-07-22 12:13:28.928161
2025-07-22,124189,2025072201012808,NYADI,Agrawal Securities (PVT) Ltd.,Neev Securities Pvt. Ltd.,10,465.2,4652.0,2025-07-22 12:15:04.380415
2025-07-22,123902,2025072201012888,NYADI,Agrawal Securities (PVT) Ltd.,Ashutosh Brokerage & Securities (PVT) Ltd.,240,465.2,111648.0,2025-07-22 12:15:24.949917
2025-07-22,123901,2025072201012889,NYADI,Kohinoor Investment & Securities Pvt. Ltd.,Ashutosh Brokerage & Securities (PVT) Ltd.,438,465.1,203713.8,2025-07-22 12:15:24.950156
2025-07-22,123900,2025072201012890,NYADI,ABC Securities Private Limited,Ashutosh Brokerage & Securities (PVT) Ltd.,1542,465.0,717030.0,2025-07-22 12:15:24.950296
2025-07-22,123899,2025072201012891,NYADI,ABC Securities Private Limited,K.B.L. Securities Limited ,116,465.0,53940.0,2025-07-22 12:15:24.995750
2025-07-22,123782,2025072201012925,NYADI,ABC Securities Private Limited,Shree Krishna Securities Ltd.,1000,465.0,465000.0,2025-07-22 12:15:40.253076
2025-07-22,120446,2025072201013737,NYADI,Trishakti Securities Public Limited,Naasa Securities Co. Ltd.,10,466.0,4660.0,2025-07-22 12:20:05.680226
2025-07-22,120293,2025072201013787,NYADI,Linch Stock Market Ltd.,Secured Securities Ltd.,10,468.0,4680.0,2025-07-22 12:20:16.792105
2025-07-22,120292,2025072201013788,NYADI,Linch Stock Market Ltd.,Linch Stock Market Ltd.,10,468.9,4689.0,2025-07-22 12:20:16.792226
2025-07-22,119349,2025072201014040,NYADI,Naasa Securities Co. Ltd.,Trishakti Securities Public Limited,40,468.9,18756.0,2025-07-22 12:21:33.792368
2025-07-22,118393,2025072201014283,NYADI,South Asian Bulls Pvt. Ltd.,Aryatara Investment & Securities,500,466.0,233000.0,2025-07-22 12:23:09.900815
2025-07-22,118392,2025072201014284,NYADI,Nagarik Stock Dealer ,Aryatara Investment & Securities,100,465.7,46570.0,2025-07-22 12:23:09.900858
2025-07-22,118114,2025072201014346,NYADI,Nagarik Stock Dealer ,Sundhara Securities Limited,50,465.7,23285.0,2025-07-22 12:23:37.150437
2025-07-22,117838,2025072201014414,NYADI,Nagarik Stock Dealer ,Dynamic Money Managers Securities Pvt. Ltd.,40,465.7,18628.0,2025-07-22 12:24:00.082974
2025-07-22,117281,2025072201014588,NYADI,Linch Stock Market Ltd.,Pragyan Securities (PVT) Ltd.,10,468.7,4687.0,2025-07-22 12:24:42.596862
2025-07-22,117243,2025072201014596,NYADI,Nagarik Stock Dealer ,Sewa Securities Pvt. Ltd.,10,465.7,4657.0,2025-07-22 12:24:45.646795
2025-07-22,116086,2025072201014891,NYADI,Nagarik Stock Dealer ,Premier Securities Company Ltd.,302,465.7,140641.4,2025-07-22 12:26:27.857495
2025-07-22,116085,2025072201014892,NYADI,ABC Securities Private Limited,Premier Securities Company Ltd.,353,465.6,164356.8,2025-07-22 12:26:27.857612
2025-07-22,116084,2025072201014893,NYADI,Shree Krishna Securities Ltd.,Premier Securities Company Ltd.,25,465.5,11637.5,2025-07-22 12:26:27.857679
2025-07-22,116083,2025072201014894,NYADI,Himalayan Securities Limited,Premier Securities Company Ltd.,25,465.4,11635.0,2025-07-22 12:26:27.857753
2025-07-22,116082,2025072201014895,NYADI,Vision Securities Pvt. Ltd,Premier Securities Company Ltd.,500,465.3,232650.0,2025-07-22 12:26:27.857831
2025-07-22,116081,2025072201014896,NYADI,Sewa Securities Pvt. Ltd.,Premier Securities Company Ltd.,100,465.1,46510.0,2025-07-22 12:26:27.857904
2025-07-22,116080,2025072201014897,NYADI,Kohinoor Investment & Securities Pvt. Ltd.,Premier Securities Company Ltd.,395,465.1,183714.5,2025-07-22 12:26:27.857963
2025-07-22,115228,2025072201015040,NYADI,Kohinoor Investment & Securities Pvt. Ltd.,K.B.L. Securities Limited ,605,465.1,281385.5,2025-07-22 12:27:22.989571
2025-07-22,115227,2025072201015041,NYADI,Imperial Securities Company Pvt. Ltd.,K.B.L. Securities Limited ,100,465.0,46500.0,2025-07-22 12:27:22.989712
2025-07-22,115226,2025072201015042,NYADI,Online Securities Pvt. Ltd.,K.B.L. Securities Limited ,200,465.0,93000.0,2025-07-22 12:27:22.989766
2025-07-22,115225,2025072201015043,NYADI,Linch Stock Market Ltd.,K.B.L. Securities Limited ,20,465.0,9300.0,2025-07-22 12:27:22.989818
2025-07-22,115224,2025072201015044,NYADI,ABC Securities Private Limited,K.B.L. Securities Limited ,20,465.0,9300.0,2025-07-22 12:27:22.989864
2025-07-22,115223,2025072201015045,NYADI,Sani Securities Company Ltd.,K.B.L. Securities Limited ,123,465.0,57195.0,2025-07-22 12:27:22.989909
2025-07-22,115222,2025072201015046,NYADI,Sani Securities Company Ltd.,K.B.L. Securities Limited ,500,465.0,232500.0,2025-07-22 12:27:22.989951
2025-07-22,115221,2025072201015047,NYADI,Kumari Securities Private Limited,K.B.L. Securities Limited ,100,465.0,46500.0,2025-07-22 12:27:22.989994
2025-07-22,115220,2025072201015048,NYADI,Imperial Securities Company Pvt. Ltd.,K.B.L. Securities Limited ,50,465.0,23250.0,2025-07-22 12:27:22.990052
2025-07-22,115219,2025072201015049,NYADI,Magnet Securities and Investment Company Private Limited,K.B.L. Securities Limited ,100,465.0,46500.0,2025-07-22 12:27:22.990093
2025-07-22,115218,2025072201015050,NYADI,Capital Max Securities Ltd,K.B.L. Securities Limited ,182,465.0,84630.0,2025-07-22 12:27:22.990149
2025-07-22,114925,2025072201015108,NYADI,Capital Max Securities Ltd,Sharepro Securities Private Limited,40,465.0,18600.0,2025-07-22 12:27:50.284846
2025-07-22,114864,2025072201015134,NYADI,Capital Max Securities Ltd,Naasa Securities Co. Ltd.,10,465.0,4650.0,2025-07-22 12:27:55.916925
2025-07-22,113518,2025072201015586,NYADI,Citizens Share Broker Limited,Siprabi Securities Pvt. Ltd.,100,465.5,46550.0,2025-07-22 12:30:10.156838
2025-07-22,112285,2025072201015895,NYADI,Neev Securities Pvt. Ltd.,Nepal Stock House (PVT) Ltd.,10,465.6,4656.0,2025-07-22 12:32:04.996310
2025-07-22,112219,2025072201015921,NYADI,Dipshikha Dhitopatra Karobar Co. Pvt Ltd.,Pragyan Securities (PVT) Ltd.,200,468.7,93740.0,2025-07-22 12:32:13.818470
2025-07-22,112218,2025072201015922,NYADI,Dipshikha Dhitopatra Karobar Co. Pvt Ltd.,Trishakti Securities Public Limited,207,468.9,97062.3,2025-07-22 12:32:13.818586
2025-07-22,111969,2025072201015982,NYADI,Aryatara Investment & Securities,Himalayan Brokerage Company Limited,100,470.0,47000.0,2025-07-22 12:32:32.798559
2025-07-22,111890,2025072201015997,NYADI,Dipshikha Dhitopatra Karobar Co. Pvt Ltd.,Himalayan Brokerage Company Limited,37,470.0,17390.0,2025-07-22 12:32:42.045667
2025-07-22,110108,2025072201016453,NYADI,Online Securities Pvt. Ltd.,Dipshikha Dhitopatra Karobar Co. Pvt Ltd.,20,469.9,9398.0,2025-07-22 12:35:35.284331
2025-07-22,110107,2025072201016454,NYADI,Online Securities Pvt. Ltd.,Himalayan Brokerage Company Limited,80,470.0,37600.0,2025-07-22 12:35:35.284601
2025-07-22,108785,2025072201016779,NYADI,Nepal Investment And Securities Trading Private Limited,Nepal Stock House (PVT) Ltd.,10,468.1,4681.0,2025-07-22 12:37:32.467896
2025-07-22,108337,2025072201016911,NYADI,Nepal Investment And Securities Trading Private Limited,Kohinoor Investment & Securities Pvt. Ltd.,490,468.1,229369.0,2025-07-22 12:38:16.470337
2025-07-22,108336,2025072201016912,NYADI,Citizens Share Broker Limited,Kohinoor Investment & Securities Pvt. Ltd.,810,468.0,379080.0,2025-07-22 12:38:16.470457
2025-07-22,107347,2025072201017113,NYADI,Citizens Share Broker Limited,Dipshikha Dhitopatra Karobar Co. Pvt Ltd.,10,468.0,4680.0,2025-07-22 12:39:38.359183
2025-07-22,107325,2025072201017120,NYADI,Citizens Share Broker Limited,Sundhara Securities Limited,30,468.0,14040.0,2025-07-22 12:39:41.606081
2025-07-22,106703,2025072201017273,NYADI,Sani Securities Company Ltd.,Himalayan Brokerage Company Limited,146,470.0,68620.0,2025-07-22 12:40:53.319244
2025-07-22,105891,2025072201017471,NYADI,Sani Securities Company Ltd.,Himalayan Brokerage Company Limited,137,470.0,64390.0,2025-07-22 12:42:16.696342
2025-07-22,105890,2025072201017472,NYADI,Sani Securities Company Ltd.,Linch Stock Market Ltd.,33,470.0,15510.0,2025-07-22 12:42:16.696477
2025-07-22,105812,2025072201017481,NYADI,Citizens Share Broker Limited,Sri Hari Securities Pvt. Ltd.,10,468.0,4680.0,2025-07-22 12:42:22.870234
2025-07-22,102212,2025072201018483,NYADI,Citizens Share Broker Limited,ABC Securities Private Limited,10,468.0,4680.0,2025-07-22 12:48:46.947493
2025-07-22,101836,2025072201018574,NYADI,Citizens Share Broker Limited,Secured Securities Ltd.,10,468.0,4680.0,2025-07-22 12:49:25.680077
2025-07-22,100945,2025072201018803,NYADI,Citizens Share Broker Limited,Investment Management Nepal Pvt. Ltd.,10,468.0,4680.0,2025-07-22 12:50:59.039752
2025-07-22,100634,2025072201018899,NYADI,Dynamic Money Managers Securities Pvt. Ltd.,Linch Stock Market Ltd.,27,470.0,12690.0,2025-07-22 12:51:29.633910
2025-07-22,100633,2025072201018900,NYADI,Dynamic Money Managers Securities Pvt. Ltd.,Imperial Securities Company Pvt. Ltd.,10,470.0,4700.0,2025-07-22 12:51:29.634189
2025-07-22,100632,2025072201018901,NYADI,Dynamic Money Managers Securities Pvt. Ltd.,Dipshikha Dhitopatra Karobar Co. Pvt Ltd.,10,470.0,4700.0,2025-07-22 12:51:29.634404
2025-07-22,100631,2025072201018902,NYADI,Dynamic Money Managers Securities Pvt. Ltd.,Siprabi Securities Pvt. Ltd.,10,470.0,4700.0,2025-07-22 12:51:29.634618
2025-07-22,100630,2025072201018903,NYADI,Dynamic Money Managers Securities Pvt. Ltd.,Kohinoor Investment & Securities Pvt. Ltd.,47,470.0,22090.0,2025-07-22 12:51:29.634823
2025-07-22,99784,2025072201019145,NYADI,Online Securities Pvt. Ltd.,Kohinoor Investment & Securities Pvt. Ltd.,100,470.0,47000.0,2025-07-22 12:53:06.575614
2025-07-22,99299,2025072201019262,NYADI,Kohinoor Investment & Securities Pvt. Ltd.,Sani Securities Company Ltd.,10,469.0,4690.0,2025-07-22 12:53:55.813372
2025-07-22,99026,2025072201019344,NYADI,Kumari Securities Private Limited,Kohinoor Investment & Securities Pvt. Ltd.,50,470.0,23500.0,2025-07-22 12:54:24.835280
2025-07-22,98876,2025072201019383,NYADI,Neev Securities Pvt. Ltd.,Kohinoor Investment & Securities Pvt. Ltd.,55,470.0,25850.0,2025-07-22 12:54:41.274713
2025-07-22,97067,2025072201019894,NYADI,Kohinoor Investment & Securities Pvt. Ltd.,Aryatara Investment & Securities,15,469.0,7035.0,2025-07-22 12:58:03.492043
2025-07-22,97066,2025072201019895,NYADI,South Asian Bulls Pvt. Ltd.,Aryatara Investment & Securities,55,469.0,25795.0,2025-07-22 12:58:03.492166
2025-07-22,94946,2025072201020415,NYADI,Premier Securities Company Ltd.,Sundhara Securities Limited,30,469.1,14073.0,2025-07-22 13:01:36.407985
2025-07-22,94428,2025072201020527,NYADI,Citizens Share Broker Limited,Kohinoor Investment & Securities Pvt. Ltd.,10,470.0,4700.0,2025-07-22 13:02:26.057083
2025-07-22,94115,2025072201020663,NYADI,Ashutosh Brokerage & Securities (PVT) Ltd.,Kohinoor Investment & Securities Pvt. Ltd.,10,470.0,4700.0,2025-07-22 13:02:59.318490
2025-07-22,93899,2025072201020731,NYADI,Trisul Securities & Invt. Ltd.,Kohinoor Investment & Securities Pvt. Ltd.,500,470.0,235000.0,2025-07-22 13:03:15.278823
2025-07-22,93416,2025072201020840,NYADI,Investment Management Nepal Pvt. Ltd.,Imperial Securities Company Pvt. Ltd.,30,468.0,14040.0,2025-07-22 13:04:10.996396
2025-07-22,93153,2025072201020933,NYADI,Naasa Securities Co. Ltd.,Online Securities Pvt. Ltd.,2,460.0,920.0,2025-07-22 13:04:36.885392
2025-07-22,92585,2025072201021099,NYADI,Investment Management Nepal Pvt. Ltd.,Trisul Securities & Invt. Ltd.,10,468.0,4680.0,2025-07-22 13:05:42.331939
2025-07-22,92584,2025072201021100,NYADI,Kumari Securities Private Limited,Trisul Securities & Invt. Ltd.,14,468.0,6552.0,2025-07-22 13:05:42.332197
2025-07-22,89993,2025072201021760,NYADI,Kumari Securities Private Limited,Blue Chip Securities Ltd,10,468.0,4680.0,2025-07-22 13:09:39.504766
2025-07-22,89864,2025072201021788,NYADI,Kumari Securities Private Limited,Kohinoor Investment & Securities Pvt. Ltd.,10,468.0,4680.0,2025-07-22 13:09:54.516091
2025-07-22,89142,2025072201021984,NYADI,Kumari Securities Private Limited,Dynamic Money Managers Securities Pvt. Ltd.,100,468.0,46800.0,2025-07-22 13:10:54.927235
2025-07-22,87889,2025072201022330,NYADI,Aryatara Investment & Securities,Kohinoor Investment & Securities Pvt. Ltd.,28,470.0,13160.0,2025-07-22 13:12:24.252178
2025-07-22,87888,2025072201022331,NYADI,Aryatara Investment & Securities,Sewa Securities Pvt. Ltd.,10,470.0,4700.0,2025-07-22 13:12:24.252313
2025-07-22,87887,2025072201022332,NYADI,Aryatara Investment & Securities,Dipshikha Dhitopatra Karobar Co. Pvt Ltd.,10,470.0,4700.0,2025-07-22 13:12:24.252364
2025-07-22,87886,2025072201022333,NYADI,Aryatara Investment & Securities,Secured Securities Ltd.,12,470.0,5640.0,2025-07-22 13:12:24.252417
2025-07-22,85998,2025072201022945,NYADI,Vision Securities Pvt. Ltd,Nabil Stock Dealer Ltd.,100,468.1,46810.0,2025-07-22 13:14:58.596460
2025-07-22,84529,2025072201023276,NYADI,Kumari Securities Private Limited,Imperial Securities Company Pvt. Ltd.,10,468.0,4680.0,2025-07-22 13:17:16.789720
2025-07-22,84101,2025072201023407,NYADI,Kumari Securities Private Limited,Naasa Securities Co. Ltd.,16,468.0,7488.0,2025-07-22 13:17:56.576130
2025-07-22,84100,2025072201023408,NYADI,Nepal Stock House (PVT) Ltd.,Naasa Securities Co. Ltd.,15,468.0,7020.0,2025-07-22 13:17:56.576274
2025-07-22,83714,2025072201023544,NYADI,Sumeru Securities Pvt. Ltd.,Nagarik Stock Dealer ,621,466.0,289386.0,2025-07-22 13:18:43.659683
2025-07-22,81969,2025072201024064,NYADI,Sweta Securities Private Limited,Naasa Securities Co. Ltd.,69,468.0,32292.0,2025-07-22 13:21:05.276481
2025-07-22,81699,2025072201024126,NYADI,Sweta Securities Private Limited,Sundhara Securities Limited,31,468.0,14508.0,2025-07-22 13:21:18.436588
2025-07-22,80527,2025072201024405,NYADI,Kohinoor Investment & Securities Pvt. Ltd.,Sewa Securities Pvt. Ltd.,10,468.0,4680.0,2025-07-22 13:23:01.635391
2025-07-22,80225,2025072201024495,NYADI,Naasa Securities Co. Ltd.,Sani Securities Company Ltd.,50,469.0,23450.0,2025-07-22 13:23:24.912743
2025-07-22,79850,2025072201024566,NYADI,Imperial Securities Company Pvt. Ltd.,Sani Securities Company Ltd.,20,469.0,9380.0,2025-07-22 13:23:52.116098
2025-07-22,79589,2025072201024637,NYADI,Opal Securities Investment (PVT) Ltd.,Sani Securities Company Ltd.,40,469.0,18760.0,2025-07-22 13:24:11.653800
2025-07-22,79588,2025072201024638,NYADI,Opal Securities Investment (PVT) Ltd.,Trishakti Securities Public Limited,10,469.0,4690.0,2025-07-22 13:24:11.653939
2025-07-22,79587,2025072201024639,NYADI,Opal Securities Investment (PVT) Ltd.,Secured Securities Ltd.,150,470.0,70500.0,2025-07-22 13:24:11.654000
2025-07-22,78587,2025072201024875,NYADI,Kohinoor Investment & Securities Pvt. Ltd.,Creative Securities Pvt Ltd,10,468.0,4680.0,2025-07-22 13:25:38.162255
2025-07-22,77630,2025072201025106,NYADI,Kohinoor Investment & Securities Pvt. Ltd.,Sani Securities Company Ltd.,10,468.0,4680.0,2025-07-22 13:27:01.608695
2025-07-22,76766,2025072201025352,NYADI,Online Securities Pvt. Ltd.,Secured Securities Ltd.,238,470.0,111860.0,2025-07-22 13:28:07.527487
2025-07-22,76765,2025072201025353,NYADI,Online Securities Pvt. Ltd.,Opal Securities Investment (PVT) Ltd.,10,470.0,4700.0,2025-07-22 13:28:07.527779
2025-07-22,76764,2025072201025354,NYADI,Online Securities Pvt. Ltd.,South Asian Bulls Pvt. Ltd.,20,470.0,9400.0,2025-07-22 13:28:07.527979
2025-07-22,76763,2025072201025355,NYADI,Online Securities Pvt. Ltd.,Online Securities Pvt. Ltd.,10,470.0,4700.0,2025-07-22 13:28:07.528186
2025-07-22,76762,2025072201025356,NYADI,Online Securities Pvt. Ltd.,Naasa Securities Co. Ltd.,10,470.0,4700.0,2025-07-22 13:28:07.528377
2025-07-22,76761,2025072201025357,NYADI,Online Securities Pvt. Ltd.,Dipshikha Dhitopatra Karobar Co. Pvt Ltd.,212,470.0,99640.0,2025-07-22 13:28:07.528556
2025-07-22,75955,2025072201025564,NYADI,J.F. Securites (PVT) Ltd.,Trishakti Securities Public Limited,17,468.2,7959.4,2025-07-22 13:29:16.026719
2025-07-22,75665,2025072201025649,NYADI,Citizens Share Broker Limited,Naasa Securities Co. Ltd.,10,469.0,4690.0,2025-07-22 13:29:40.782688
2025-07-22,74971,2025072201025815,NYADI,J.F. Securites (PVT) Ltd.,Dipshikha Dhitopatra Karobar Co. Pvt Ltd.,38,470.0,17860.0,2025-07-22 13:30:38.462289
2025-07-22,74626,2025072201025880,NYADI,J.F. Securites (PVT) Ltd.,Shree Krishna Securities Ltd.,10,470.0,4700.0,2025-07-22 13:31:08.898792
2025-07-22,74068,2025072201026049,NYADI,Citizens Share Broker Limited,Agrawal Securities (PVT) Ltd.,10,469.0,4690.0,2025-07-22 13:32:01.133269
2025-07-22,73195,2025072201026291,NYADI,J.F. Securites (PVT) Ltd.,Premier Securities Company Ltd.,15,469.1,7036.5,2025-07-22 13:33:29.398780
2025-07-22,73194,2025072201026292,NYADI,Citizens Share Broker Limited,Premier Securities Company Ltd.,85,469.0,39865.0,2025-07-22 13:33:29.398903
2025-07-22,72604,2025072201026524,NYADI,Citizens Share Broker Limited,S.P.S.A. Securities Limited,90,469.0,42210.0,2025-07-22 13:34:15.340073
2025-07-22,72285,2025072201026620,NYADI,Citizens Share Broker Limited,Dipshikha Dhitopatra Karobar Co. Pvt Ltd.,10,469.0,4690.0,2025-07-22 13:34:48.242920
2025-07-22,71904,2025072201026748,NYADI,Citizens Share Broker Limited,Online Securities Pvt. Ltd.,30,469.0,14070.0,2025-07-22 13:35:25.129315
2025-07-22,69596,2025072201027288,NYADI,Oxford Securities Pvt. Ltd.,Imperial Securities Company Pvt. Ltd.,10,470.0,4700.0,2025-07-22 13:39:31.751502
2025-07-22,69595,2025072201027289,NYADI,Oxford Securities Pvt. Ltd.,Sumeru Securities Pvt. Ltd.,10,470.0,4700.0,2025-07-22 13:39:31.751785
2025-07-22,68557,2025072201027576,NYADI,Dipshikha Dhitopatra Karobar Co. Pvt Ltd.,Linch Stock Market Ltd.,100,470.0,47000.0,2025-07-22 13:41:22.908469
2025-07-22,68195,2025072201027701,NYADI,Dipshikha Dhitopatra Karobar Co. Pvt Ltd.,Trishakti Securities Public Limited,60,470.0,28200.0,2025-07-22 13:41:53.563885
2025-07-22,65858,2025072201028227,NYADI,Dipshikha Dhitopatra Karobar Co. Pvt Ltd.,Bhrikuti Stock Broking Co. Pvt. Ltd.,10,470.0,4700.0,2025-07-22 13:45:22.764960
2025-07-22,65589,2025072201028319,NYADI,Dipshikha Dhitopatra Karobar Co. Pvt Ltd.,Imperial Securities Company Pvt. Ltd.,10,470.0,4700.0,2025-07-22 13:45:53.530208
2025-07-22,65430,2025072201028347,NYADI,Dipshikha Dhitopatra Karobar Co. Pvt Ltd.,Vision Securities Pvt. Ltd,20,470.0,9400.0,2025-07-22 13:46:11.225291
2025-07-22,65429,2025072201028348,NYADI,Malla & Malla Stock Broking Company Pvt. Limited,Vision Securities Pvt. Ltd,50,470.0,23500.0,2025-07-22 13:46:11.225432
2025-07-22,65428,2025072201028349,NYADI,Thrive Brokerage House Pvt. Ltd,Vision Securities Pvt. Ltd,100,470.0,47000.0,2025-07-22 13:46:11.225491
2025-07-22,65427,2025072201028350,NYADI,J.F. Securites (PVT) Ltd.,Vision Securities Pvt. Ltd,50,470.0,23500.0,2025-07-22 13:46:11.225547
2025-07-22,65232,2025072201028370,NYADI,Dipshikha Dhitopatra Karobar Co. Pvt Ltd.,Vision Securities Pvt. Ltd,150,469.5,70425.0,2025-07-22 13:46:27.505689
2025-07-22,65231,2025072201028371,NYADI,Citizens Share Broker Limited,Vision Securities Pvt. Ltd,30,469.0,14070.0,2025-07-22 13:46:27.505846
2025-07-22,63200,2025072201028794,NYADI,Citizens Share Broker Limited,Himalayan Brokerage Company Limited,235,469.0,110215.0,2025-07-22 13:49:08.114739
2025-07-22,63199,2025072201028795,NYADI,Sumeru Securities Pvt. Ltd.,Himalayan Brokerage Company Limited,100,469.0,46900.0,2025-07-22 13:49:08.114834
2025-07-22,61302,2025072201029139,NYADI,Online Securities Pvt. Ltd.,Sundhara Securities Limited,500,468.1,234050.0,2025-07-22 13:52:09.403714
2025-07-22,60800,2025072201029231,NYADI,Dakshinkali Investment & Securities Pvt. Ltd.,Imperial Securities Company Pvt. Ltd.,10,468.2,4682.0,2025-07-22 13:52:56.485106
2025-07-22,60307,2025072201029337,NYADI,Dakshinkali Investment & Securities Pvt. Ltd.,Online Securities Pvt. Ltd.,10,468.2,4682.0,2025-07-22 13:53:46.367421
2025-07-22,59163,2025072201029533,NYADI,Dakshinkali Investment & Securities Pvt. Ltd.,Himalayan Securities Limited,140,468.2,65548.0,2025-07-22 13:55:17.604833
2025-07-22,57296,2025072201029871,NYADI,Swarna Laxmi Securities Pvt. Ltd.,Sundhara Securities Limited,50,469.8,23490.0,2025-07-22 13:57:41.904671
2025-07-22,57295,2025072201029872,NYADI,Swarna Laxmi Securities Pvt. Ltd.,Sundhara Securities Limited,200,469.9,93980.0,2025-07-22 13:57:41.904710
2025-07-22,57294,2025072201029873,NYADI,Swarna Laxmi Securities Pvt. Ltd.,Kohinoor Investment & Securities Pvt. Ltd.,550,470.0,258500.0,2025-07-22 13:57:41.904736
2025-07-22,56902,2025072201029989,NYADI,Nagarik Stock Dealer ,Kohinoor Investment & Securities Pvt. Ltd.,450,470.0,211500.0,2025-07-22 13:58:16.022869
2025-07-22,56901,2025072201029990,NYADI,Nagarik Stock Dealer ,Siprabi Securities Pvt. Ltd.,30,470.0,14100.0,2025-07-22 13:58:16.023015
2025-07-22,55818,2025072201030164,NYADI,Nepal Stock House (PVT) Ltd.,Dipshikha Dhitopatra Karobar Co. Pvt Ltd.,10,471.0,4710.0,2025-07-22 13:59:24.620695
2025-07-22,55817,2025072201030165,NYADI,Nepal Stock House (PVT) Ltd.,Sri Hari Securities Pvt. Ltd.,10,472.0,4720.0,2025-07-22 13:59:24.620996
2025-07-22,55816,2025072201030166,NYADI,Nepal Stock House (PVT) Ltd.,Deevyaa Securities & Stock House Pvt. Ltd,160,472.0,75520.0,2025-07-22 13:59:24.621219
2025-07-22,55343,2025072201030286,NYADI,Nagarik Stock Dealer ,Naasa Securities Co. Ltd.,10,472.8,4728.0,2025-07-22 14:00:16.311367
2025-07-22,55342,2025072201030287,NYADI,Nagarik Stock Dealer ,South Asian Bulls Pvt. Ltd.,10,473.0,4730.0,2025-07-22 14:00:16.311507
2025-07-22,55341,2025072201030288,NYADI,Nagarik Stock Dealer ,Cristal Kanchanjanga Securites Pvt. Ltd.,10,473.0,4730.0,2025-07-22 14:00:16.311567
2025-07-22,55340,2025072201030289,NYADI,Nagarik Stock Dealer ,Kalika Securities Pvt. Ltd.,10,473.0,4730.0,2025-07-22 14:00:16.311621
2025-07-22,55339,2025072201030290,NYADI,Nagarik Stock Dealer ,Kohinoor Investment & Securities Pvt. Ltd.,60,473.0,28380.0,2025-07-22 14:00:16.311676
2025-07-22,55338,2025072201030291,NYADI,Nagarik Stock Dealer ,Aryatara Investment & Securities,256,473.9,121318.4,2025-07-22 14:00:16.311729
2025-07-22,51456,2025072201031255,NYADI,Naasa Securities Co. Ltd.,Opal Securities Investment (PVT) Ltd.,2,465.0,930.0,2025-07-22 14:05:10.620490
2025-07-22,51182,2025072201031334,NYADI,Nepal Stock House (PVT) Ltd.,J.F. Securites (PVT) Ltd.,10,474.0,4740.0,2025-07-22 14:05:33.091144
2025-07-22,51181,2025072201031335,NYADI,Nepal Stock House (PVT) Ltd.,Dipshikha Dhitopatra Karobar Co. Pvt Ltd.,490,474.0,232260.0,2025-07-22 14:05:33.091294
2025-07-22,50825,2025072201031442,NYADI,Sani Securities Company Ltd.,Dipshikha Dhitopatra Karobar Co. Pvt Ltd.,100,474.0,47400.0,2025-07-22 14:06:02.661678
2025-07-22,50726,2025072201031457,NYADI,Sani Securities Company Ltd.,Dipshikha Dhitopatra Karobar Co. Pvt Ltd.,10,474.0,4740.0,2025-07-22 14:06:12.848259
2025-07-22,50725,2025072201031458,NYADI,Sani Securities Company Ltd.,Imperial Securities Company Pvt. Ltd.,90,475.0,42750.0,2025-07-22 14:06:12.848571
2025-07-22,50292,2025072201031561,NYADI,Trishakti Securities Public Limited,Imperial Securities Company Pvt. Ltd.,110,475.0,52250.0,2025-07-22 14:06:48.486881
2025-07-22,50291,2025072201031562,NYADI,Trishakti Securities Public Limited,SUN SECURITIES PVT LTD,10,475.0,4750.0,2025-07-22 14:06:48.487045
2025-07-22,50290,2025072201031563,NYADI,Trishakti Securities Public Limited,Linch Stock Market Ltd.,100,475.0,47500.0,2025-07-22 14:06:48.487120
2025-07-22,50289,2025072201031564,NYADI,Trishakti Securities Public Limited,Aryatara Investment & Securities,10,475.0,4750.0,2025-07-22 14:06:48.487177
2025-07-22,50288,2025072201031565,NYADI,Trishakti Securities Public Limited,ABC Securities Private Limited,500,475.0,237500.0,2025-07-22 14:06:48.487230
2025-07-22,50287,2025072201031566,NYADI,Trishakti Securities Public Limited,Ashutosh Brokerage & Securities (PVT) Ltd.,500,475.0,237500.0,2025-07-22 14:06:48.487287
2025-07-22,50286,2025072201031567,NYADI,Trishakti Securities Public Limited,Sri Hari Securities Pvt. Ltd.,10,475.0,4750.0,2025-07-22 14:06:48.487346
2025-07-22,50285,2025072201031568,NYADI,Trishakti Securities Public Limited,Siprabi Securities Pvt. Ltd.,30,475.0,14250.0,2025-07-22 14:06:48.487419
2025-07-22,50284,2025072201031569,NYADI,Trishakti Securities Public Limited,Nepal Investment And Securities Trading Private Limited,10,475.0,4750.0,2025-07-22 14:06:48.487481
2025-07-22,50197,2025072201031596,NYADI,Vision Securities Pvt. Ltd,Sundhara Securities Limited,100,475.0,47500.0,2025-07-22 14:06:57.330138
2025-07-22,50080,2025072201031622,NYADI,Vision Securities Pvt. Ltd,Malla & Malla Stock Broking Company Pvt. Limited,10,475.0,4750.0,2025-07-22 14:07:08.855153
2025-07-22,49842,2025072201031674,NYADI,Trishakti Securities Public Limited,Naasa Securities Co. Ltd.,100,475.3,47530.0,2025-07-22 14:07:29.012362
2025-07-22,49480,2025072201031783,NYADI,Vision Securities Pvt. Ltd,Sundhara Securities Limited,40,475.0,19000.0,2025-07-22 14:07:58.099353
2025-07-22,49317,2025072201031816,NYADI,Nagarik Stock Dealer ,Investment Management Nepal Pvt. Ltd.,10,476.3,4763.0,2025-07-22 14:08:13.492550
2025-07-22,49316,2025072201031817,NYADI,Nagarik Stock Dealer ,Cristal Kanchanjanga Securites Pvt. Ltd.,10,476.3,4763.0,2025-07-22 14:08:13.492813
2025-07-22,49315,2025072201031818,NYADI,Nagarik Stock Dealer ,Linch Stock Market Ltd.,10,477.0,4770.0,2025-07-22 14:08:13.492959
2025-07-22,49314,2025072201031819,NYADI,Nagarik Stock Dealer ,Sani Securities Company Ltd.,50,477.0,23850.0,2025-07-22 14:08:13.493127
2025-07-22,49313,2025072201031820,NYADI,Nagarik Stock Dealer ,Aryatara Investment & Securities,200,477.0,95400.0,2025-07-22 14:08:13.493269
2025-07-22,49312,2025072201031821,NYADI,Nagarik Stock Dealer ,Sharepro Securities Private Limited,100,477.2,47720.0,2025-07-22 14:08:13.493428
2025-07-22,49311,2025072201031822,NYADI,Nagarik Stock Dealer ,Dakshinkali Investment & Securities Pvt. Ltd.,10,477.3,4773.0,2025-07-22 14:08:13.493573
2025-07-22,49310,2025072201031823,NYADI,Nagarik Stock Dealer ,Oxford Securities Pvt. Ltd.,10,478.0,4780.0,2025-07-22 14:08:13.493733
2025-07-22,48672,2025072201031986,NYADI,Imperial Securities Company Pvt. Ltd.,Oxford Securities Pvt. Ltd.,40,478.0,19120.0,2025-07-22 14:09:05.907824
2025-07-22,48671,2025072201031987,NYADI,Imperial Securities Company Pvt. Ltd.,Vision Securities Pvt. Ltd,10,478.0,4780.0,2025-07-22 14:09:05.907961
2025-07-22,48670,2025072201031988,NYADI,Imperial Securities Company Pvt. Ltd.,Sundhara Securities Limited,40,478.0,19120.0,2025-07-22 14:09:05.908035
2025-07-22,48669,2025072201031989,NYADI,Imperial Securities Company Pvt. Ltd.,Dipshikha Dhitopatra Karobar Co. Pvt Ltd.,10,478.0,4780.0,2025-07-22 14:09:05.908082
2025-07-22,48668,2025072201031990,NYADI,Imperial Securities Company Pvt. Ltd.,Aryatara Investment & Securities,10,478.0,4780.0,2025-07-22 14:09:05.908134
2025-07-22,48667,2025072201031991,NYADI,Imperial Securities Company Pvt. Ltd.,Premier Securities Company Ltd.,50,478.0,23900.0,2025-07-22 14:09:05.908182
2025-07-22,48666,2025072201031992,NYADI,Imperial Securities Company Pvt. Ltd.,Kohinoor Investment & Securities Pvt. Ltd.,1000,478.0,478000.0,2025-07-22 14:09:05.908231
2025-07-22,48612,2025072201032031,NYADI,Trishakti Securities Public Limited,Secured Securities Ltd.,140,478.0,66920.0,2025-07-22 14:09:07.833374
2025-07-22,46862,2025072201032499,NYADI,Trishakti Securities Public Limited,Kohinoor Investment & Securities Pvt. Ltd.,360,476.0,171360.0,2025-07-22 14:11:25.430502
2025-07-22,46791,2025072201032512,NYADI,Agrawal Securities (PVT) Ltd.,Aryatara Investment & Securities,10,477.0,4770.0,2025-07-22 14:11:31.020799
2025-07-22,46790,2025072201032513,NYADI,Agrawal Securities (PVT) Ltd.,Sani Securities Company Ltd.,30,478.1,14343.0,2025-07-22 14:11:31.020946
2025-07-22,46789,2025072201032514,NYADI,Agrawal Securities (PVT) Ltd.,Oxford Securities Pvt. Ltd.,40,478.2,19128.0,2025-07-22 14:11:31.021101
2025-07-22,46788,2025072201032515,NYADI,Agrawal Securities (PVT) Ltd.,Imperial Securities Company Pvt. Ltd.,20,478.3,9566.0,2025-07-22 14:11:31.021277
2025-07-22,45764,2025072201032783,NYADI,Primo Securities (PVT) Ltd.,Imperial Securities Company Pvt. Ltd.,30,478.3,14349.0,2025-07-22 14:12:59.150554
2025-07-22,45763,2025072201032784,NYADI,Primo Securities (PVT) Ltd.,Dynamic Money Managers Securities Pvt. Ltd.,10,479.0,4790.0,2025-07-22 14:12:59.150716
2025-07-22,45762,2025072201032785,NYADI,Primo Securities (PVT) Ltd.,Dipshikha Dhitopatra Karobar Co. Pvt Ltd.,1000,479.0,479000.0,2025-07-22 14:12:59.150786
2025-07-22,45761,2025072201032786,NYADI,Primo Securities (PVT) Ltd.,Linch Stock Market Ltd.,100,479.0,47900.0,2025-07-22 14:12:59.150838
2025-07-22,45760,2025072201032787,NYADI,Primo Securities (PVT) Ltd.,Bhrikuti Stock Broking Co. Pvt. Ltd.,10,479.0,4790.0,2025-07-22 14:12:59.150891
2025-07-22,45759,2025072201032788,NYADI,Primo Securities (PVT) Ltd.,Naasa Securities Co. Ltd.,130,479.0,62270.0,2025-07-22 14:12:59.150954
2025-07-22,45758,2025072201032789,NYADI,Primo Securities (PVT) Ltd.,Aryatara Investment & Securities,10,479.0,4790.0,2025-07-22 14:12:59.151017
2025-07-22,45757,2025072201032790,NYADI,Primo Securities (PVT) Ltd.,Shree Krishna Securities Ltd.,50,479.4,23970.0,2025-07-22 14:12:59.151109
2025-07-22,45756,2025072201032791,NYADI,Primo Securities (PVT) Ltd.,Naasa Securities Co. Ltd.,10,479.4,4794.0,2025-07-22 14:12:59.151178
2025-07-22,45755,2025072201032792,NYADI,Primo Securities (PVT) Ltd.,Imperial Securities Company Pvt. Ltd.,300,479.4,143820.0,2025-07-22 14:12:59.151245
2025-07-22,45753,2025072201032793,NYADI,Primo Securities (PVT) Ltd.,Primo Securities (PVT) Ltd.,300,479.4,143820.0,2025-07-22 14:12:59.151331
2025-07-22,45752,2025072201032794,NYADI,Primo Securities (PVT) Ltd.,Primo Securities (PVT) Ltd.,10,479.4,4794.0,2025-07-22 14:12:59.151407
2025-07-22,45751,2025072201032795,NYADI,Primo Securities (PVT) Ltd.,Asian Securities Private Ltd.,10,480.0,4800.0,2025-07-22 14:12:59.151476
2025-07-22,44946,2025072201032983,NYADI,Naasa Securities Co. Ltd.,Kohinoor Investment & Securities Pvt. Ltd.,10,483.0,4830.0,2025-07-22 14:13:58.727949
2025-07-22,44945,2025072201032984,NYADI,Naasa Securities Co. Ltd.,Sundhara Securities Limited,40,483.0,19320.0,2025-07-22 14:13:58.728102
2025-07-22,44660,2025072201033052,NYADI,Naasa Securities Co. Ltd.,Elite Stock House Limited,20,483.3,9666.0,2025-07-22 14:14:22.283244
2025-07-22,44659,2025072201033053,NYADI,Naasa Securities Co. Ltd.,Elite Stock House Limited,100,483.3,48330.0,2025-07-22 14:14:22.283357
2025-07-22,44345,2025072201033124,NYADI,Naasa Securities Co. Ltd.,K.B.L. Securities Limited ,30,483.3,14499.0,2025-07-22 14:14:41.796046
2025-07-22,44344,2025072201033125,NYADI,KALASH STOCK MARKET PVT. LTD.,K.B.L. Securities Limited ,100,482.0,48200.0,2025-07-22 14:14:41.796176
2025-07-22,44343,2025072201033126,NYADI,Trishakti Securities Public Limited,K.B.L. Securities Limited ,200,482.0,96400.0,2025-07-22 14:14:41.796227
2025-07-22,43051,2025072201033466,NYADI,Primo Securities (PVT) Ltd.,K.B.L. Securities Limited ,670,480.0,321600.0,2025-07-22 14:16:22.480213
2025-07-22,42344,2025072201033724,NYADI,Primo Securities (PVT) Ltd.,Kohinoor Investment & Securities Pvt. Ltd.,160,480.0,76800.0,2025-07-22 14:17:29.523264
2025-07-22,36060,2025072201035905,NYADI,Sri Hari Securities Pvt. Ltd.,South Asian Bulls Pvt. Ltd.,25,482.0,12050.0,2025-07-22 14:24:48.295483
2025-07-22,36059,2025072201035906,NYADI,Sri Hari Securities Pvt. Ltd.,Dipshikha Dhitopatra Karobar Co. Pvt Ltd.,40,482.0,19280.0,2025-07-22 14:24:48.295658
2025-07-22,36058,2025072201035907,NYADI,Sri Hari Securities Pvt. Ltd.,Linch Stock Market Ltd.,50,482.0,24100.0,2025-07-22 14:24:48.295717
2025-07-22,36057,2025072201035908,NYADI,Sri Hari Securities Pvt. Ltd.,Dakshinkali Investment & Securities Pvt. Ltd.,135,482.0,65070.0,2025-07-22 14:24:48.295769
2025-07-22,35902,2025072201035947,NYADI,Agrawal Securities (PVT) Ltd.,Dakshinkali Investment & Securities Pvt. Ltd.,135,482.0,65070.0,2025-07-22 14:24:59.994903
2025-07-22,35680,2025072201036015,NYADI,Agrawal Securities (PVT) Ltd.,Imperial Securities Company Pvt. Ltd.,345,482.0,166290.0,2025-07-22 14:25:14.399041
2025-07-22,35679,2025072201036016,NYADI,Trishakti Securities Public Limited,Imperial Securities Company Pvt. Ltd.,20,481.0,9620.0,2025-07-22 14:25:14.399181
2025-07-22,35678,2025072201036017,NYADI,Agrawal Securities (PVT) Ltd.,Imperial Securities Company Pvt. Ltd.,135,481.0,64935.0,2025-07-22 14:25:14.399245
2025-07-22,35672,2025072201036020,NYADI,Linch Stock Market Ltd.,Bhrikuti Stock Broking Co. Pvt. Ltd.,10,482.9,4829.0,2025-07-22 14:25:15.418571
2025-07-22,35671,2025072201036021,NYADI,Linch Stock Market Ltd.,Sri Hari Securities Pvt. Ltd.,90,483.0,43470.0,2025-07-22 14:25:15.418710
2025-07-22,35494,2025072201036094,NYADI,Agrawal Securities (PVT) Ltd.,Sri Hari Securities Pvt. Ltd.,10,483.0,4830.0,2025-07-22 14:25:30.161227
2025-07-22,35493,2025072201036095,NYADI,Agrawal Securities (PVT) Ltd.,Naasa Securities Co. Ltd.,50,483.5,24175.0,2025-07-22 14:25:30.161366
2025-07-22,34473,2025072201036553,NYADI,Agrawal Securities (PVT) Ltd.,K.B.L. Securities Limited ,805,484.0,389620.0,2025-07-22 14:26:41.537286
2025-07-22,34296,2025072201036601,NYADI,Agrawal Securities (PVT) Ltd.,K.B.L. Securities Limited ,195,484.0,94380.0,2025-07-22 14:26:54.855190
2025-07-22,34295,2025072201036602,NYADI,Agrawal Securities (PVT) Ltd.,Agrawal Securities (PVT) Ltd.,100,484.8,48480.0,2025-07-22 14:26:54.855455
2025-07-22,34294,2025072201036603,NYADI,Agrawal Securities (PVT) Ltd.,Agrawal Securities (PVT) Ltd.,200,484.9,96980.0,2025-07-22 14:26:54.855620
2025-07-22,34293,2025072201036604,NYADI,Agrawal Securities (PVT) Ltd.,Premier Securities Company Ltd.,30,485.0,14550.0,2025-07-22 14:26:54.855773
2025-07-22,34292,2025072201036605,NYADI,Agrawal Securities (PVT) Ltd.,Vision Securities Pvt. Ltd,10,485.0,4850.0,2025-07-22 14:26:54.855925
2025-07-22,34291,2025072201036606,NYADI,Agrawal Securities (PVT) Ltd.,Oxford Securities Pvt. Ltd.,100,485.0,48500.0,2025-07-22 14:26:54.856118
2025-07-22,34290,2025072201036607,NYADI,Agrawal Securities (PVT) Ltd.,Sani Securities Company Ltd.,10,485.0,4850.0,2025-07-22 14:26:54.856270
2025-07-22,33601,2025072201036834,NYADI,Agrawal Securities (PVT) Ltd.,Malla & Malla Stock Broking Company Pvt. Limited,20,485.0,9700.0,2025-07-22 14:27:43.606279
2025-07-22,33068,2025072201036958,NYADI,Agrawal Securities (PVT) Ltd.,Aryatara Investment & Securities,30,485.0,14550.0,2025-07-22 14:28:29.256272
2025-07-22,31891,2025072201037389,NYADI,KALASH STOCK MARKET PVT. LTD.,Imperial Securities Company Pvt. Ltd.,200,487.5,97500.0,2025-07-22 14:29:53.764761
2025-07-22,31599,2025072201037481,NYADI,Linch Stock Market Ltd.,Premier Securities Company Ltd.,30,487.0,14610.0,2025-07-22 14:30:14.162237
2025-07-22,31160,2025072201037623,NYADI,Trishakti Securities Public Limited,Agrawal Securities (PVT) Ltd.,20,487.0,9740.0,2025-07-22 14:30:43.284007
2025-07-22,31155,2025072201037624,NYADI,Agrawal Securities (PVT) Ltd.,Agrawal Securities (PVT) Ltd.,80,487.0,38960.0,2025-07-22 14:30:43.376404
2025-07-22,30932,2025072201037707,NYADI,Agrawal Securities (PVT) Ltd.,Kohinoor Investment & Securities Pvt. Ltd.,700,487.0,340900.0,2025-07-22 14:31:02.790616
2025-07-22,30616,2025072201037807,NYADI,Agrawal Securities (PVT) Ltd.,Trisul Securities & Invt. Ltd.,30,487.0,14610.0,2025-07-22 14:31:29.802426
2025-07-22,30402,2025072201037867,NYADI,Agrawal Securities (PVT) Ltd.,S.P.S.A. Securities Limited,10,487.0,4870.0,2025-07-22 14:31:44.737326
2025-07-22,30392,2025072201037871,NYADI,Agrawal Securities (PVT) Ltd.,Trisul Securities & Invt. Ltd.,30,487.0,14610.0,2025-07-22 14:31:45.907780
2025-07-22,30185,2025072201037919,NYADI,Agrawal Securities (PVT) Ltd.,Market Securities & Exchange (PVT) Ltd.,305,485.0,147925.0,2025-07-22 14:31:59.257210
2025-07-22,29678,2025072201038102,NYADI,Infinity Securities Limited,Secured Securities Ltd.,500,485.0,242500.0,2025-07-22 14:32:42.502285
2025-07-22,29583,2025072201038139,NYADI,Infinity Securities Limited,Trishakti Securities Public Limited,40,487.0,19480.0,2025-07-22 14:32:50.521080
2025-07-22,29582,2025072201038140,NYADI,Infinity Securities Limited,Cristal Kanchanjanga Securites Pvt. Ltd.,500,487.0,243500.0,2025-07-22 14:32:50.521218
2025-07-22,29383,2025072201038232,NYADI,Infinity Securities Limited,Dakshinkali Investment & Securities Pvt. Ltd.,200,486.9,97380.0,2025-07-22 14:33:06.556592
2025-07-22,28904,2025072201038395,NYADI,Sani Securities Company Ltd.,Secured Securities Ltd.,247,485.0,119795.0,2025-07-22 14:33:41.025979
2025-07-22,28286,2025072201038530,NYADI,Naasa Securities Co. Ltd.,Linch Stock Market Ltd.,10,484.9,4849.0,2025-07-22 14:34:17.375500
2025-07-22,28285,2025072201038531,NYADI,Naasa Securities Co. Ltd.,Secured Securities Ltd.,20,485.0,9700.0,2025-07-22 14:34:17.375552
2025-07-22,27607,2025072201038739,NYADI,Linch Stock Market Ltd.,Kohinoor Investment & Securities Pvt. Ltd.,300,482.0,144600.0,2025-07-22 14:35:08.664992
2025-07-22,27606,2025072201038740,NYADI,Miyo Securities Pvt Ltd,Kohinoor Investment & Securities Pvt. Ltd.,500,482.0,241000.0,2025-07-22 14:35:08.665138
2025-07-22,27489,2025072201038770,NYADI,Stoxkarts Securities Limited,Sri Hari Securities Pvt. Ltd.,100,480.1,48010.0,2025-07-22 14:35:19.374507
2025-07-22,27392,2025072201038815,NYADI,Stoxkarts Securities Limited,Secured Securities Ltd.,10,480.1,4801.0,2025-07-22 14:35:24.378662
2025-07-22,27122,2025072201038885,NYADI,Stoxkarts Securities Limited,Kohinoor Investment & Securities Pvt. Ltd.,10,480.1,4801.0,2025-07-22 14:35:48.953960
2025-07-22,27121,2025072201038886,NYADI,Capital Max Securities Ltd,Kohinoor Investment & Securities Pvt. Ltd.,200,480.0,96000.0,2025-07-22 14:35:48.954120
2025-07-22,27120,2025072201038887,NYADI,Sani Securities Company Ltd.,Kohinoor Investment & Securities Pvt. Ltd.,990,479.0,474210.0,2025-07-22 14:35:48.954183
2025-07-22,26589,2025072201039044,NYADI,Sani Securities Company Ltd.,Kohinoor Investment & Securities Pvt. Ltd.,10,479.0,4790.0,2025-07-22 14:36:29.238645
2025-07-22,26588,2025072201039045,NYADI,Sani Securities Company Ltd.,Kohinoor Investment & Securities Pvt. Ltd.,1990,477.0,949230.0,2025-07-22 14:36:29.238794
2025-07-22,23799,2025072201039904,NYADI,Sani Securities Company Ltd.,Trishakti Securities Public Limited,10,477.0,4770.0,2025-07-22 14:40:10.196858
2025-07-22,21679,2025072201040561,NYADI,Sani Securities Company Ltd.,Nagarik Stock Dealer ,3000,477.0,1431000.0,2025-07-22 14:42:44.444105
2025-07-22,21309,2025072201040704,NYADI,Vision Securities Pvt. Ltd,Nagarik Stock Dealer ,300,477.0,143100.0,2025-07-22 14:43:12.574077
2025-07-22,21308,2025072201040705,NYADI,Neev Securities Pvt. Ltd.,Nagarik Stock Dealer ,100,476.5,47650.0,2025-07-22 14:43:12.574227
2025-07-22,21307,2025072201040706,NYADI,Sani Securities Company Ltd.,Nagarik Stock Dealer ,3000,476.4,1429200.0,2025-07-22 14:43:12.574287
2025-07-22,21075,2025072201040807,NYADI,Secured Securities Ltd.,Trisul Securities & Invt. Ltd.,10,476.0,4760.0,2025-07-22 14:43:28.474042
2025-07-22,20455,2025072201041046,NYADI,J.F. Securites (PVT) Ltd.,Nepal Investment And Securities Trading Private Limited,10,477.0,4770.0,2025-07-22 14:44:08.182295
2025-07-22,20095,2025072201041183,NYADI,J.F. Securites (PVT) Ltd.,Nagarik Stock Dealer ,990,477.0,472230.0,2025-07-22 14:44:28.769217
2025-07-22,15791,2025072201042844,NYADI,Secured Securities Ltd.,Kohinoor Investment & Securities Pvt. Ltd.,10,476.0,4760.0,2025-07-22 14:48:54.752915
2025-07-22,15790,2025072201042845,NYADI,Imperial Securities Company Pvt. Ltd.,Kohinoor Investment & Securities Pvt. Ltd.,90,475.7,42813.0,2025-07-22 14:48:54.753073
2025-07-22,15765,2025072201042860,NYADI,Himalayan Brokerage Company Limited,Shree Krishna Securities Ltd.,10,477.0,4770.0,2025-07-22 14:48:56.933732
2025-07-22,14987,2025072201043108,NYADI,Imperial Securities Company Pvt. Ltd.,Kohinoor Investment & Securities Pvt. Ltd.,10,475.7,4757.0,2025-07-22 14:49:45.085304
2025-07-22,14986,2025072201043109,NYADI,Himalayan Brokerage Company Limited,Kohinoor Investment & Securities Pvt. Ltd.,90,475.5,42795.0,2025-07-22 14:49:45.085466
2025-07-22,14693,2025072201043200,NYADI,Naasa Securities Co. Ltd.,Sundhara Securities Limited,9,467.0,4203.0,2025-07-22 14:50:06.144640
2025-07-22,11852,2025072201044102,NYADI,Oxford Securities Pvt. Ltd.,Naasa Securities Co. Ltd.,100,477.9,47790.0,2025-07-22 14:52:52.708317
2025-07-22,11851,2025072201044103,NYADI,Oxford Securities Pvt. Ltd.,Online Securities Pvt. Ltd.,100,478.0,47800.0,2025-07-22 14:52:52.708613
2025-07-22,11850,2025072201044104,NYADI,Oxford Securities Pvt. Ltd.,Online Securities Pvt. Ltd.,10,479.0,4790.0,2025-07-22 14:52:52.708868
2025-07-22,11849,2025072201044105,NYADI,Oxford Securities Pvt. Ltd.,Hatemalo Financial Services Private Limited,290,480.0,139200.0,2025-07-22 14:52:52.709122
2025-07-22,10831,2025072201044421,NYADI,Naasa Securities Co. Ltd.,Hatemalo Financial Services Private Limited,25,480.0,12000.0,2025-07-22 14:53:41.740198
2025-07-22,6833,2025072201045678,NYADI,Secured Securities Ltd.,Hatemalo Financial Services Private Limited,185,480.0,88800.0,2025-07-22 14:56:45.439513
2025-07-22,6832,2025072201045679,NYADI,Secured Securities Ltd.,Trisul Securities & Invt. Ltd.,200,480.0,96000.0,2025-07-22 14:56:45.439663
2025-07-22,6831,2025072201045680,NYADI,Secured Securities Ltd.,Thrive Brokerage House Pvt. Ltd,300,480.0,144000.0,2025-07-22 14:56:45.439722
2025-07-22,6613,2025072201045737,NYADI,Secured Securities Ltd.,Naasa Securities Co. Ltd.,10,480.0,4800.0,2025-07-22 14:56:55.505353
2025-07-22,6433,2025072201045800,NYADI,Himalayan Brokerage Company Limited,Hatemalo Financial Services Private Limited,100,481.0,48100.0,2025-07-22 14:57:04.529877
2025-07-22,6083,2025072201045938,NYADI,Miyo Securities Pvt Ltd,Himalayan Brokerage Company Limited,190,480.1,91219.0,2025-07-22 14:57:16.556564
2025-07-22,6082,2025072201045939,NYADI,Secured Securities Ltd.,Himalayan Brokerage Company Limited,818,480.0,392640.0,2025-07-22 14:57:16.556712
2025-07-22,5268,2025072201046187,NYADI,Online Securities Pvt. Ltd.,Hatemalo Financial Services Private Limited,390,481.0,187590.0,2025-07-22 14:57:43.518881
2025-07-22,4039,2025072201046549,NYADI,Secured Securities Ltd.,Kalika Securities Pvt. Ltd.,10,480.0,4800.0,2025-07-22 14:58:25.244784
2025-07-22,3390,2025072201046747,NYADI,Secured Securities Ltd.,Creative Securities Pvt Ltd,477,480.0,228960.0,2025-07-22 14:58:44.369434
2025-07-22,1000,2025072201047352,NYADI,Aryatara Investment & Securities,Dakshinkali Investment & Securities Pvt. Ltd.,100,477.1,47710.0,2025-07-22 14:59:40.927641
2025-07-22,999,2025072201047353,NYADI,Imperial Securities Company Pvt. Ltd.,Dakshinkali Investment & Securities Pvt. Ltd.,200,477.0,95400.0,2025-07-22 14:59:40.927789
2025-07-22,998,2025072201047354,NYADI,NIMB Stock Markets Limited,Dakshinkali Investment & Securities Pvt. Ltd.,700,477.0,333900.0,2025-07-22 14:59:40.927854
2025-07-22,732,2025072201047432,NYADI,Nepal Stock House (PVT) Ltd.,Hatemalo Financial Services Private Limited,10,479.0,4790.0,2025-07-22 14:59:46.033878
2025-07-22,731,2025072201047433,NYADI,Nepal Stock House (PVT) Ltd.,Creative Securities Pvt Ltd,23,480.0,11040.0,2025-07-22 14:59:46.034037
2025-07-22,730,2025072201047434,NYADI,Nepal Stock House (PVT) Ltd.,ABC Securities Private Limited,50,480.0,24000.0,2025-07-22 14:59:46.034100
2025-07-22,729,2025072201047435,NYADI,Nepal Stock House (PVT) Ltd.,Sani Securities Company Ltd.,217,480.0,104160.0,2025-07-22 14:59:46.034155
