Date,S.N.,Contract ID,Symbol,Buyer Broker,Seller Broker,quantity,rate,amount,transaction_time
2025-09-24,45919,2025092403000370,GFCL,Vision Securities Pvt. Ltd,Online Securities Pvt. Ltd.,167,635.0,106045.0,2025-09-24 11:09:47.933908
2025-09-24,43267,2025092403000793,GFCL,Sagarmatha Securities Private Limited,Online Securities Pvt. Ltd.,30,630.0,18900.0,2025-09-24 11:21:32.482817
2025-09-24,41510,2025092403001070,GFCL,Sagarmatha Securities Private Limited,Kohinoor Investment & Securities Pvt. Ltd.,20,630.0,12600.0,2025-09-24 11:30:14.756527
2025-09-24,40540,2025092403001203,GFCL,Linch Stock Market Ltd.,Sumeru Securities Pvt. Ltd.,200,635.0,127000.0,2025-09-24 11:34:47.422279
2025-09-24,39887,2025092403001318,GFCL,Sani Securities Company Ltd.,Nepal Investment And Securities Trading Private Limited,30,635.0,19050.0,2025-09-24 11:37:48.384167
2025-09-24,37884,2025092403001589,GFCL,J.F. Securites (PVT) Ltd.,Property Wiard Limited,50,634.0,31700.0,2025-09-24 11:48:58.899669
2025-09-24,37081,2025092403001685,GFCL,J.F. Securites (PVT) Ltd.,Property Wiard Limited,150,634.0,95100.0,2025-09-24 11:53:44.917156
2025-09-24,37080,2025092403001686,GFCL,J.F. Securites (PVT) Ltd.,Sumeru Securities Pvt. Ltd.,100,634.5,63450.0,2025-09-24 11:53:44.917360
2025-09-24,37079,2025092403001687,GFCL,J.F. Securites (PVT) Ltd.,Sumeru Securities Pvt. Ltd.,490,635.0,311150.0,2025-09-24 11:53:44.917470
2025-09-24,36939,2025092403001698,GFCL,Sani Securities Company Ltd.,Aryatara Investment & Securities,32,636.0,20352.0,2025-09-24 11:54:26.442375
2025-09-24,36078,2025092403001808,GFCL,Opal Securities Investment (PVT) Ltd.,Sri Hari Securities Pvt. Ltd.,20,636.0,12720.0,2025-09-24 11:59:26.703458
2025-09-24,35891,2025092403001841,GFCL,J.F. Securites (PVT) Ltd.,Sewa Securities Pvt. Ltd.,260,640.0,166400.0,2025-09-24 12:00:31.528837
2025-09-24,35561,2025092403001877,GFCL,J.F. Securites (PVT) Ltd.,Sewa Securities Pvt. Ltd.,40,640.0,25600.0,2025-09-24 12:02:07.254369
2025-09-24,35337,2025092403001907,GFCL,Naasa Securities Co. Ltd.,Naasa Securities Co. Ltd.,2,635.0,1270.0,2025-09-24 12:03:16.467234
2025-09-24,33199,2025092403002218,GFCL,J.F. Securites (PVT) Ltd.,Property Wiard Limited,960,640.0,614400.0,2025-09-24 12:14:17.893764
2025-09-24,33198,2025092403002219,GFCL,Opal Securities Investment (PVT) Ltd.,Property Wiard Limited,252,640.0,161280.0,2025-09-24 12:14:17.893856
2025-09-24,33197,2025092403002220,GFCL,Premier Securities Company Ltd.,Property Wiard Limited,50,640.0,32000.0,2025-09-24 12:14:17.893889
2025-09-24,27589,2025092403003247,GFCL,Dakshinkali Investment & Securities Pvt. Ltd.,Dakshinkali Investment & Securities Pvt. Ltd.,150,638.0,95700.0,2025-09-24 12:42:54.884945
2025-09-24,24743,2025092403003761,GFCL,Bhrikuti Stock Broking Co. Pvt. Ltd.,Sewa Securities Pvt. Ltd.,40,634.0,25360.0,2025-09-24 12:59:36.888661
2025-09-24,24510,2025092403003800,GFCL,Opal Securities Investment (PVT) Ltd.,Sewa Securities Pvt. Ltd.,10,633.1,6331.0,2025-09-24 13:01:23.293344
2025-09-24,23229,2025092403004034,GFCL,Sanima Securities Limited,Imperial Securities Company Pvt. Ltd.,60,632.2,37932.0,2025-09-24 13:11:30.696982
2025-09-24,23228,2025092403004035,GFCL,Naasa Securities Co. Ltd.,Imperial Securities Company Pvt. Ltd.,20,632.0,12640.0,2025-09-24 13:11:30.697125
2025-09-24,23227,2025092403004036,GFCL,Ashutosh Brokerage & Securities (PVT) Ltd.,Imperial Securities Company Pvt. Ltd.,50,630.1,31505.0,2025-09-24 13:11:30.697183
2025-09-24,23226,2025092403004037,GFCL,Dakshinkali Investment & Securities Pvt. Ltd.,Imperial Securities Company Pvt. Ltd.,120,630.0,75600.0,2025-09-24 13:11:30.697219
2025-09-24,22527,2025092403004146,GFCL,Naasa Securities Co. Ltd.,Sewa Securities Pvt. Ltd.,10,635.0,6350.0,2025-09-24 13:16:40.206153
2025-09-24,18932,2025092403004636,GFCL,Investment Management Nepal Pvt. Ltd.,Naasa Securities Co. Ltd.,23,631.0,14513.0,2025-09-24 13:48:10.919749
2025-09-24,18931,2025092403004637,GFCL,Dakshinkali Investment & Securities Pvt. Ltd.,Naasa Securities Co. Ltd.,77,630.0,48510.0,2025-09-24 13:48:10.919936
2025-09-24,18792,2025092403004668,GFCL,Dakshinkali Investment & Securities Pvt. Ltd.,Trisul Securities & Invt. Ltd.,43,630.0,27090.0,2025-09-24 13:49:20.458300
2025-09-24,18791,2025092403004669,GFCL,Midas Stock Broking Company Private Limited,Trisul Securities & Invt. Ltd.,157,630.0,98910.0,2025-09-24 13:49:20.458469
2025-09-24,18648,2025092403004689,GFCL,Midas Stock Broking Company Private Limited,Malla & Malla Stock Broking Company Pvt. Limited,43,630.0,27090.0,2025-09-24 13:50:25.843935
2025-09-24,18647,2025092403004690,GFCL,Investment Management Nepal Pvt. Ltd.,Malla & Malla Stock Broking Company Pvt. Limited,183,630.0,115290.0,2025-09-24 13:50:25.844014
2025-09-24,18387,2025092403004731,GFCL,Sewa Securities Pvt. Ltd.,Sumeru Securities Pvt. Ltd.,1,630.0,630.0,2025-09-24 13:52:02.357413
2025-09-24,16693,2025092403004953,GFCL,Imperial Securities Company Pvt. Ltd.,Secured Securities Ltd.,50,631.0,31550.0,2025-09-24 14:00:05.583177
2025-09-24,16502,2025092403004990,GFCL,Investment Management Nepal Pvt. Ltd.,Kohinoor Investment & Securities Pvt. Ltd.,100,630.0,63000.0,2025-09-24 14:01:20.953997
2025-09-24,16468,2025092403005000,GFCL,Investment Management Nepal Pvt. Ltd.,Secured Securities Ltd.,17,630.0,10710.0,2025-09-24 14:01:36.183588
2025-09-24,16467,2025092403005001,GFCL,Sipla Securities Private Limited,Secured Securities Ltd.,10,630.0,6300.0,2025-09-24 14:01:36.183843
2025-09-24,14361,2025092403005402,GFCL,Shree Krishna Securities Ltd.,Sumeru Securities Pvt. Ltd.,10,625.4,6254.0,2025-09-24 14:12:37.651496
2025-09-24,14310,2025092403005415,GFCL,Shree Krishna Securities Ltd.,Secured Securities Ltd.,30,625.4,18762.0,2025-09-24 14:13:04.575125
2025-09-24,14248,2025092403005423,GFCL,Agrawal Securities (PVT) Ltd.,Secured Securities Ltd.,10,625.3,6253.0,2025-09-24 14:13:29.928587
2025-09-24,14160,2025092403005439,GFCL,Midas Stock Broking Company Private Limited,Secured Securities Ltd.,30,625.0,18750.0,2025-09-24 14:13:57.880556
2025-09-24,14159,2025092403005440,GFCL,Aryatara Investment & Securities,Secured Securities Ltd.,100,625.0,62500.0,2025-09-24 14:13:57.880808
2025-09-24,12202,2025092403005821,GFCL,Nepal Stock House (PVT) Ltd.,Secured Securities Ltd.,10,624.0,6240.0,2025-09-24 14:20:46.902515
2025-09-24,12201,2025092403005822,GFCL,Online Securities Pvt. Ltd.,Secured Securities Ltd.,140,622.3,87122.0,2025-09-24 14:20:46.902695
2025-09-24,12125,2025092403005834,GFCL,Online Securities Pvt. Ltd.,Secured Securities Ltd.,20,622.3,12446.0,2025-09-24 14:21:04.181924
2025-09-24,12084,2025092403005852,GFCL,Primo Securities (PVT) Ltd.,Secured Securities Ltd.,10,622.3,6223.0,2025-09-24 14:21:19.156191
2025-09-24,12083,2025092403005853,GFCL,Dipshikha Dhitopatra Karobar Co. Pvt Ltd.,Secured Securities Ltd.,100,622.3,62230.0,2025-09-24 14:21:19.156282
2025-09-24,11999,2025092403005862,GFCL,Dipshikha Dhitopatra Karobar Co. Pvt Ltd.,Secured Securities Ltd.,23,622.3,14312.9,2025-09-24 14:21:35.929480
2025-09-24,11862,2025092403005901,GFCL,Dipshikha Dhitopatra Karobar Co. Pvt Ltd.,Naasa Securities Co. Ltd.,202,622.3,125704.6,2025-09-24 14:22:09.260854
2025-09-24,11720,2025092403005927,GFCL,Imperial Securities Company Pvt. Ltd.,Imperial Securities Company Pvt. Ltd.,30,621.3,18639.0,2025-09-24 14:22:42.097144
2025-09-24,11673,2025092403005938,GFCL,Aryatara Investment & Securities,Dakshinkali Investment & Securities Pvt. Ltd.,100,620.0,62000.0,2025-09-24 14:22:56.640058
2025-09-24,11672,2025092403005939,GFCL,Sewa Securities Pvt. Ltd.,Dakshinkali Investment & Securities Pvt. Ltd.,50,618.0,30900.0,2025-09-24 14:22:56.640253
2025-09-24,11671,2025092403005940,GFCL,Kumari Securities Private Limited,Dakshinkali Investment & Securities Pvt. Ltd.,20,617.5,12350.0,2025-09-24 14:22:56.640363
2025-09-24,11670,2025092403005941,GFCL,Bhrikuti Stock Broking Co. Pvt. Ltd.,Dakshinkali Investment & Securities Pvt. Ltd.,200,617.4,123480.0,2025-09-24 14:22:56.640465
2025-09-24,11669,2025092403005942,GFCL,Bhrikuti Stock Broking Co. Pvt. Ltd.,Dakshinkali Investment & Securities Pvt. Ltd.,200,617.4,123480.0,2025-09-24 14:22:56.640563
2025-09-24,11668,2025092403005943,GFCL,Bhrikuti Stock Broking Co. Pvt. Ltd.,Dakshinkali Investment & Securities Pvt. Ltd.,200,617.4,123480.0,2025-09-24 14:22:56.640661
2025-09-24,11667,2025092403005944,GFCL,Dipshikha Dhitopatra Karobar Co. Pvt Ltd.,Dakshinkali Investment & Securities Pvt. Ltd.,80,617.0,49360.0,2025-09-24 14:22:56.640755
2025-09-24,8634,2025092403006378,GFCL,Primo Securities (PVT) Ltd.,Bhrikuti Stock Broking Co. Pvt. Ltd.,10,618.0,6180.0,2025-09-24 14:40:48.333804
2025-09-24,8633,2025092403006379,GFCL,Deevyaa Securities & Stock House Pvt. Ltd,Bhrikuti Stock Broking Co. Pvt. Ltd.,40,618.0,24720.0,2025-09-24 14:40:48.333991
2025-09-24,8632,2025092403006380,GFCL,Sani Securities Company Ltd.,Bhrikuti Stock Broking Co. Pvt. Ltd.,15,618.0,9270.0,2025-09-24 14:40:48.334136
2025-09-24,8569,2025092403006389,GFCL,Naasa Securities Co. Ltd.,Sewa Securities Pvt. Ltd.,40,618.0,24720.0,2025-09-24 14:41:02.697831
2025-09-24,7371,2025092403006594,GFCL,Nabil Stock Dealer Ltd.,Thrive Brokerage House Pvt. Ltd,100,617.2,61720.0,2025-09-24 14:45:47.358657
2025-09-24,6731,2025092403006702,GFCL,Siprabi Securities Pvt. Ltd.,Naasa Securities Co. Ltd.,10,617.1,6171.0,2025-09-24 14:47:49.474333
2025-09-24,5664,2025092403006913,GFCL,Siprabi Securities Pvt. Ltd.,Dakshinkali Investment & Securities Pvt. Ltd.,40,617.1,24684.0,2025-09-24 14:50:37.952078
2025-09-24,5663,2025092403006914,GFCL,Sani Securities Company Ltd.,Dakshinkali Investment & Securities Pvt. Ltd.,10,617.1,6171.0,2025-09-24 14:50:37.952257
2025-09-24,5662,2025092403006915,GFCL,Naasa Securities Co. Ltd.,Dakshinkali Investment & Securities Pvt. Ltd.,40,617.1,24684.0,2025-09-24 14:50:37.952367
2025-09-24,5661,2025092403006916,GFCL,Dipshikha Dhitopatra Karobar Co. Pvt Ltd.,Dakshinkali Investment & Securities Pvt. Ltd.,20,617.0,12340.0,2025-09-24 14:50:37.952513
2025-09-24,5660,2025092403006917,GFCL,Ashutosh Brokerage & Securities (PVT) Ltd.,Dakshinkali Investment & Securities Pvt. Ltd.,25,615.0,15375.0,2025-09-24 14:50:37.952673
2025-09-24,5659,2025092403006918,GFCL,Online Securities Pvt. Ltd.,Dakshinkali Investment & Securities Pvt. Ltd.,500,615.0,307500.0,2025-09-24 14:50:37.952820
2025-09-24,4101,2025092403007135,GFCL,Aryatara Investment & Securities,Dakshinkali Investment & Securities Pvt. Ltd.,365,615.0,224475.0,2025-09-24 14:53:54.983913
2025-09-24,4100,2025092403007136,GFCL,Aryatara Investment & Securities,Bhrikuti Stock Broking Co. Pvt. Ltd.,135,615.0,83025.0,2025-09-24 14:53:54.984037
2025-09-24,4061,2025092403007142,GFCL,Kalika Securities Pvt. Ltd.,Elite Stock House Limited,10,613.0,6130.0,2025-09-24 14:53:59.147893
2025-09-24,3830,2025092403007188,GFCL,Sani Securities Company Ltd.,Elite Stock House Limited,25,613.0,15325.0,2025-09-24 14:54:40.763176
2025-09-24,3829,2025092403007189,GFCL,Sani Securities Company Ltd.,Dipshikha Dhitopatra Karobar Co. Pvt Ltd.,23,613.0,14099.0,2025-09-24 14:54:40.763344
2025-09-24,3655,2025092403007236,GFCL,Sani Securities Company Ltd.,Dipshikha Dhitopatra Karobar Co. Pvt Ltd.,50,613.0,30650.0,2025-09-24 14:55:05.018177
2025-09-24,3238,2025092403007298,GFCL,Investment Management Nepal Pvt. Ltd.,Vision Securities Pvt. Ltd,10,611.0,6110.0,2025-09-24 14:55:59.492375
2025-09-24,3086,2025092403007327,GFCL,Investment Management Nepal Pvt. Ltd.,Sanima Securities Limited,40,611.0,24440.0,2025-09-24 14:56:21.509533
2025-09-24,3085,2025092403007328,GFCL,Kohinoor Investment & Securities Pvt. Ltd.,Sanima Securities Limited,20,611.0,12220.0,2025-09-24 14:56:21.509738
2025-09-24,2312,2025092403007475,GFCL,Kohinoor Investment & Securities Pvt. Ltd.,BHOLE GANESH SECURITIES LTD,100,611.0,61100.0,2025-09-24 14:57:57.490528
2025-09-24,2221,2025092403007490,GFCL,Trishakti Securities Public Limited,Siprabi Securities Pvt. Ltd.,25,617.1,15427.5,2025-09-24 14:58:05.175201
2025-09-24,1965,2025092403007519,GFCL,Trishakti Securities Public Limited,Capital Max Securities Ltd,25,619.0,15475.0,2025-09-24 14:58:27.285014
2025-09-24,1041,2025092403007716,GFCL,Midas Stock Broking Company Private Limited,Nepal Investment And Securities Trading Private Limited,20,615.0,12300.0,2025-09-24 14:59:30.785130
2025-09-24,1040,2025092403007717,GFCL,Vision Securities Pvt. Ltd,Nepal Investment And Securities Trading Private Limited,180,611.6,110088.0,2025-09-24 14:59:30.785220
2025-09-24,503,2025092403007783,GFCL,Trishakti Securities Public Limited,Dakshinkali Investment & Securities Pvt. Ltd.,10,618.0,6180.0,2025-09-24 14:59:51.977384
2025-09-24,179,2025092403007854,GFCL,Vision Securities Pvt. Ltd,Dipshikha Dhitopatra Karobar Co. Pvt Ltd.,40,615.1,24604.0,2025-09-24 14:59:58.661315
2025-09-24,14,2025092403007894,GFCL,J.F. Securites (PVT) Ltd.,Dakshinkali Investment & Securities Pvt. Ltd.,990,618.0,611820.0,2025-09-24 14:59:59.918293
2025-09-24,13,2025092403007895,GFCL,J.F. Securites (PVT) Ltd.,Dipshikha Dhitopatra Karobar Co. Pvt Ltd.,109,618.0,67362.0,2025-09-24 14:59:59.918332
2025-09-24,12,2025092403007896,GFCL,J.F. Securites (PVT) Ltd.,Capital Max Securities Ltd,175,619.0,108325.0,2025-09-24 14:59:59.918360
2025-09-24,11,2025092403007897,GFCL,J.F. Securites (PVT) Ltd.,ABC Securities Private Limited,200,622.0,124400.0,2025-09-24 14:59:59.918386
2025-09-24,10,2025092403007898,GFCL,J.F. Securites (PVT) Ltd.,Imperial Securities Company Pvt. Ltd.,120,622.0,74640.0,2025-09-24 14:59:59.918430
2025-09-24,9,2025092403007899,GFCL,J.F. Securites (PVT) Ltd.,Naasa Securities Co. Ltd.,133,622.3,82765.9,2025-09-24 14:59:59.918452
2025-09-24,8,2025092403007900,GFCL,J.F. Securites (PVT) Ltd.,Market Securities & Exchange (PVT) Ltd.,90,625.0,56250.0,2025-09-24 14:59:59.918479
2025-09-24,7,2025092403007901,GFCL,J.F. Securites (PVT) Ltd.,Siprabi Securities Pvt. Ltd.,100,628.0,62800.0,2025-09-24 14:59:59.918506
2025-09-24,6,2025092403007902,GFCL,J.F. Securites (PVT) Ltd.,Vision Securities Pvt. Ltd,83,629.0,52207.0,2025-09-24 14:59:59.918531
