Date,S.N.,Contract ID,Symbol,Buyer Broker,Seller Broker,volume,rate,amount,transaction_time
2025-08-21,56777,2025082104000021,CGH,Sani Securities Company Ltd.,Indira securities pvt. ltd,100,1065.0,106500.0,2025-08-21 10:46:00.132159
2025-08-21,56762,2025082104000024,CGH,Sani Securities Company Ltd.,Neev Securities Pvt. Ltd.,40,1065.0,42600.0,2025-08-21 11:00:29.244398
2025-08-21,56756,2025082104000027,CGH,Sani Securities Company Ltd.,Vision Securities Pvt. Ltd,60,1065.0,63900.0,2025-08-21 11:00:41.581454
2025-08-21,56755,2025082104000028,CGH,ABC Securities Private Limited,Vision Securities Pvt. Ltd,200,1065.0,213000.0,2025-08-21 11:00:41.581542
2025-08-21,56754,2025082104000029,CGH,Sani Securities Company Ltd.,Vision Securities Pvt. Ltd,200,1060.0,212000.0,2025-08-21 11:00:41.581605
2025-08-21,56753,2025082104000030,CGH,Naasa Securities Co. Ltd.,Vision Securities Pvt. Ltd,40,1060.0,42400.0,2025-08-21 11:00:41.581665
2025-08-21,56750,2025082104000031,CGH,ABC Securities Private Limited,Capital Max Securities Ltd,10,1065.0,10650.0,2025-08-21 11:00:43.134149
2025-08-21,56749,2025082104000032,CGH,ABC Securities Private Limited,Midas Stock Broking Company Private Limited,240,1068.0,256320.0,2025-08-21 11:00:43.134214
2025-08-21,56748,2025082104000033,CGH,Naasa Securities Co. Ltd.,Vision Securities Pvt. Ltd,100,1060.0,106000.0,2025-08-21 11:00:43.589383
2025-08-21,56736,2025082104000037,CGH,Naasa Securities Co. Ltd.,Neev Securities Pvt. Ltd.,50,1060.0,53000.0,2025-08-21 11:00:57.311559
2025-08-21,56735,2025082104000038,CGH,Naasa Securities Co. Ltd.,Infinity Securities Limited,60,1060.0,63600.0,2025-08-21 11:00:59.784251
2025-08-21,56693,2025082104000048,CGH,Sani Securities Company Ltd.,Miyo Securities Pvt Ltd,10,1055.0,10550.0,2025-08-21 11:01:38.351807
2025-08-21,56691,2025082104000049,CGH,Sani Securities Company Ltd.,Investment Management Nepal Pvt. Ltd.,130,1055.0,137150.0,2025-08-21 11:01:41.566382
2025-08-21,56690,2025082104000050,CGH,ABC Securities Private Limited,Investment Management Nepal Pvt. Ltd.,20,1055.0,21100.0,2025-08-21 11:01:41.566551
2025-08-21,56650,2025082104000063,CGH,SUN SECURITIES PVT LTD,Premier Securities Company Ltd.,10,1054.0,10540.0,2025-08-21 11:02:05.790006
2025-08-21,56649,2025082104000064,CGH,SUN SECURITIES PVT LTD,Kohinoor Investment & Securities Pvt. Ltd.,10,1054.0,10540.0,2025-08-21 11:02:05.886152
2025-08-21,56556,2025082104000092,CGH,ABC Securities Private Limited,Aryatara Investment & Securities,250,1053.0,263250.0,2025-08-21 11:03:04.062744
2025-08-21,56531,2025082104000110,CGH,S.P.S.A. Securities Limited,Aryatara Investment & Securities,100,1053.0,105300.0,2025-08-21 11:03:12.894411
2025-08-21,56493,2025082104000125,CGH,Deevyaa Securities & Stock House Pvt. Ltd,Kohinoor Investment & Securities Pvt. Ltd.,10,1050.0,10500.0,2025-08-21 11:03:36.212471
2025-08-21,56475,2025082104000132,CGH,Machhapuchchhre Securities Limited,Opal Securities Investment (PVT) Ltd.,50,1046.0,52300.0,2025-08-21 11:03:42.009497
2025-08-21,56474,2025082104000133,CGH,Dipshikha Dhitopatra Karobar Co. Pvt Ltd.,Opal Securities Investment (PVT) Ltd.,50,1046.0,52300.0,2025-08-21 11:03:42.009722
2025-08-21,56473,2025082104000134,CGH,K.B.L. Securities Limited ,Opal Securities Investment (PVT) Ltd.,500,1041.0,520500.0,2025-08-21 11:03:42.009867
2025-08-21,56407,2025082104000154,CGH,Sipla Securities Private Limited,Kohinoor Investment & Securities Pvt. Ltd.,10,1050.0,10500.0,2025-08-21 11:04:35.367051
2025-08-21,56406,2025082104000155,CGH,Sipla Securities Private Limited,KALASH STOCK MARKET PVT. LTD.,10,1050.0,10500.0,2025-08-21 11:04:35.367271
2025-08-21,56405,2025082104000156,CGH,Sipla Securities Private Limited,Naasa Securities Co. Ltd.,100,1050.0,105000.0,2025-08-21 11:04:35.367431
2025-08-21,56404,2025082104000157,CGH,Sipla Securities Private Limited,Kohinoor Investment & Securities Pvt. Ltd.,30,1051.9,31557.0,2025-08-21 11:04:35.367571
2025-08-21,56403,2025082104000158,CGH,Sipla Securities Private Limited,Sundhara Securities Limited,50,1052.0,52600.0,2025-08-21 11:04:35.367726
2025-08-21,56402,2025082104000159,CGH,Sipla Securities Private Limited,Market Securities & Exchange (PVT) Ltd.,50,1052.9,52645.0,2025-08-21 11:04:35.367863
2025-08-21,56401,2025082104000160,CGH,Sipla Securities Private Limited,ABC Securities Private Limited,25,1053.0,26325.0,2025-08-21 11:04:35.367996
2025-08-21,56380,2025082104000169,CGH,Sipla Securities Private Limited,Investment Management Nepal Pvt. Ltd.,50,1053.0,52650.0,2025-08-21 11:04:50.375310
2025-08-21,56377,2025082104000171,CGH,ABC Securities Private Limited,Infinity Securities Limited,40,1060.0,42400.0,2025-08-21 11:04:52.729042
2025-08-21,56376,2025082104000172,CGH,ABC Securities Private Limited,Opal Securities Investment (PVT) Ltd.,110,1060.0,116600.0,2025-08-21 11:04:52.729152
2025-08-21,56309,2025082104000197,CGH,Imperial Securities Company Pvt. Ltd.,ABC Securities Private Limited,100,1058.0,105800.0,2025-08-21 11:05:41.630901
2025-08-21,56283,2025082104000205,CGH,Imperial Securities Company Pvt. Ltd.,Sweta Securities Private Limited,100,1058.0,105800.0,2025-08-21 11:05:52.979400
2025-08-21,56272,2025082104000210,CGH,Imperial Securities Company Pvt. Ltd.,Nepal Stock House (PVT) Ltd.,196,1058.0,207368.0,2025-08-21 11:05:56.416321
2025-08-21,56244,2025082104000225,CGH,Imperial Securities Company Pvt. Ltd.,Magnet Securities and Investment Company Private Limited,50,1058.0,52900.0,2025-08-21 11:06:09.307718
2025-08-21,56239,2025082104000228,CGH,Imperial Securities Company Pvt. Ltd.,Vision Securities Pvt. Ltd,54,1058.0,57132.0,2025-08-21 11:06:11.959940
2025-08-21,56238,2025082104000229,CGH,Sani Securities Company Ltd.,Vision Securities Pvt. Ltd,20,1058.0,21160.0,2025-08-21 11:06:11.960055
2025-08-21,56226,2025082104000240,CGH,ABC Securities Private Limited,Sani Securities Company Ltd.,30,1055.0,31650.0,2025-08-21 11:06:16.686810
2025-08-21,56200,2025082104000254,CGH,Thrive Brokerage House Pvt. Ltd,Swarna Laxmi Securities Pvt. Ltd.,15,1058.0,15870.0,2025-08-21 11:06:36.370082
2025-08-21,56199,2025082104000255,CGH,Thrive Brokerage House Pvt. Ltd,Cristal Kanchanjanga Securites Pvt. Ltd.,10,1059.0,10590.0,2025-08-21 11:06:36.370265
2025-08-21,56198,2025082104000256,CGH,Thrive Brokerage House Pvt. Ltd,Vision Securities Pvt. Ltd,175,1059.0,185325.0,2025-08-21 11:06:36.370325
2025-08-21,56196,2025082104000258,CGH,Opal Securities Investment (PVT) Ltd.,Vision Securities Pvt. Ltd,45,1059.0,47655.0,2025-08-21 11:06:36.553810
2025-08-21,56194,2025082104000259,CGH,Sumeru Securities Pvt. Ltd.,Kohinoor Investment & Securities Pvt. Ltd.,10,1054.0,10540.0,2025-08-21 11:06:37.869163
2025-08-21,56146,2025082104000275,CGH,Sumeru Securities Pvt. Ltd.,Imperial Securities Company Pvt. Ltd.,40,1054.0,42160.0,2025-08-21 11:07:16.508108
2025-08-21,56145,2025082104000276,CGH,Dipshikha Dhitopatra Karobar Co. Pvt Ltd.,Imperial Securities Company Pvt. Ltd.,100,1054.0,105400.0,2025-08-21 11:07:16.508279
2025-08-21,56034,2025082104000306,CGH,Kohinoor Investment & Securities Pvt. Ltd.,Imperial Securities Company Pvt. Ltd.,10,1054.0,10540.0,2025-08-21 11:08:11.327715
2025-08-21,56033,2025082104000307,CGH,Sundhara Securities Limited,Imperial Securities Company Pvt. Ltd.,10,1054.0,10540.0,2025-08-21 11:08:12.798792
2025-08-21,56032,2025082104000308,CGH,Sundhara Securities Limited,Deevyaa Securities & Stock House Pvt. Ltd,80,1057.0,84560.0,2025-08-21 11:08:12.798963
2025-08-21,56002,2025082104000322,CGH,Naasa Securities Co. Ltd.,Deevyaa Securities & Stock House Pvt. Ltd,90,1055.0,94950.0,2025-08-21 11:08:34.944411
2025-08-21,55840,2025082104000369,CGH,Nagarik Stock Dealer ,Deevyaa Securities & Stock House Pvt. Ltd,10,1057.0,10570.0,2025-08-21 11:10:00.508633
2025-08-21,55614,2025082104000444,CGH,Capital Max Securities Ltd,Aryatara Investment & Securities,10,1055.0,10550.0,2025-08-21 11:11:52.148624
2025-08-21,55613,2025082104000445,CGH,Sipla Securities Private Limited,Aryatara Investment & Securities,40,1053.0,42120.0,2025-08-21 11:11:52.148936
2025-08-21,55530,2025082104000474,CGH,Sipla Securities Private Limited,Arun Securities (PVT) Ltd.,135,1053.0,142155.0,2025-08-21 11:12:33.606452
2025-08-21,55529,2025082104000475,CGH,Capital Max Securities Ltd,Arun Securities (PVT) Ltd.,10,1050.0,10500.0,2025-08-21 11:12:33.606756
2025-08-21,54718,2025082104000758,CGH,K.B.L. Securities Limited ,Naasa Securities Co. Ltd.,50,1049.0,52450.0,2025-08-21 11:18:32.431281
2025-08-21,54717,2025082104000759,CGH,K.B.L. Securities Limited ,Sundhara Securities Limited,100,1049.0,104900.0,2025-08-21 11:18:32.431746
2025-08-21,54490,2025082104000822,CGH,Machhapuchchhre Securities Limited,Naasa Securities Co. Ltd.,30,1046.0,31380.0,2025-08-21 11:20:09.743286
2025-08-21,54431,2025082104000831,CGH,Machhapuchchhre Securities Limited,Naasa Securities Co. Ltd.,20,1046.0,20920.0,2025-08-21 11:20:32.941757
2025-08-21,54399,2025082104000839,CGH,Capital Max Securities Ltd,Arun Securities (PVT) Ltd.,150,1045.2,156780.0,2025-08-21 11:20:51.182795
2025-08-21,54387,2025082104000842,CGH,Thrive Brokerage House Pvt. Ltd,Arun Securities (PVT) Ltd.,35,1045.2,36582.0,2025-08-21 11:20:56.285057
2025-08-21,54386,2025082104000843,CGH,Thrive Brokerage House Pvt. Ltd,Naasa Securities Co. Ltd.,130,1046.0,135980.0,2025-08-21 11:20:56.285321
2025-08-21,54355,2025082104000846,CGH,Thrive Brokerage House Pvt. Ltd,Agrawal Securities (PVT) Ltd.,20,1046.0,20920.0,2025-08-21 11:21:06.238889
2025-08-21,54237,2025082104000871,CGH,Sani Securities Company Ltd.,Vision Securities Pvt. Ltd,91,1049.5,95504.5,2025-08-21 11:21:57.794395
2025-08-21,54236,2025082104000872,CGH,Thrive Brokerage House Pvt. Ltd,Siprabi Securities Pvt. Ltd.,115,1046.0,120290.0,2025-08-21 11:21:58.106408
2025-08-21,54235,2025082104000873,CGH,Thrive Brokerage House Pvt. Ltd,Siprabi Securities Pvt. Ltd.,85,1046.0,88910.0,2025-08-21 11:21:58.106642
2025-08-21,54227,2025082104000877,CGH,K.B.L. Securities Limited ,Naasa Securities Co. Ltd.,50,1049.9,52495.0,2025-08-21 11:22:04.067073
2025-08-21,54226,2025082104000878,CGH,Sani Securities Company Ltd.,Trishakti Securities Public Limited,41,1050.0,43050.0,2025-08-21 11:22:05.831538
2025-08-21,54145,2025082104000902,CGH,K.B.L. Securities Limited ,Imperial Securities Company Pvt. Ltd.,50,1049.9,52495.0,2025-08-21 11:22:38.329557
2025-08-21,54010,2025082104000924,CGH,Kumari Securities Private Limited,Naasa Securities Co. Ltd.,50,1046.5,52325.0,2025-08-21 11:23:37.746819
2025-08-21,54009,2025082104000925,CGH,Premier Securities Company Ltd.,Naasa Securities Co. Ltd.,50,1046.2,52310.0,2025-08-21 11:23:37.747053
2025-08-21,54004,2025082104000926,CGH,Dynamic Money Managers Securities Pvt. Ltd.,Naasa Securities Co. Ltd.,20,1046.2,20924.0,2025-08-21 11:23:40.498358
2025-08-21,54003,2025082104000927,CGH,Dynamic Money Managers Securities Pvt. Ltd.,Sweta Securities Private Limited,50,1049.0,52450.0,2025-08-21 11:23:40.498549
2025-08-21,53924,2025082104000949,CGH,Dynamic Money Managers Securities Pvt. Ltd.,Indira securities pvt. ltd,30,1049.0,31470.0,2025-08-21 11:24:16.965518
2025-08-21,53923,2025082104000950,CGH,Kumari Securities Private Limited,Indira securities pvt. ltd,20,1049.0,20980.0,2025-08-21 11:24:16.965631
2025-08-21,53899,2025082104000953,CGH,Kumari Securities Private Limited,Kumari Securities Private Limited,30,1049.0,31470.0,2025-08-21 11:24:26.410410
2025-08-21,53898,2025082104000954,CGH,Nepal Stock House (PVT) Ltd.,Kumari Securities Private Limited,100,1047.0,104700.0,2025-08-21 11:24:26.410665
2025-08-21,53746,2025082104000988,CGH,Opal Securities Investment (PVT) Ltd.,Sweta Securities Private Limited,10,1046.1,10461.0,2025-08-21 11:25:21.569105
2025-08-21,53644,2025082104001009,CGH,Vision Securities Pvt. Ltd,Sewa Securities Pvt. Ltd.,30,1049.0,31470.0,2025-08-21 11:26:11.164790
2025-08-21,53643,2025082104001010,CGH,Vision Securities Pvt. Ltd,Kumari Securities Private Limited,20,1049.9,20998.0,2025-08-21 11:26:11.164998
2025-08-21,53642,2025082104001011,CGH,Vision Securities Pvt. Ltd,J.F. Securites (PVT) Ltd.,195,1049.9,204730.5,2025-08-21 11:26:11.165082
2025-08-21,53641,2025082104001012,CGH,Vision Securities Pvt. Ltd,Siprabi Securities Pvt. Ltd.,700,1049.9,734930.0,2025-08-21 11:26:11.165179
2025-08-21,53640,2025082104001013,CGH,Vision Securities Pvt. Ltd,Trishakti Securities Public Limited,1355,1050.0,1422750.0,2025-08-21 11:26:11.165258
2025-08-21,53618,2025082104001018,CGH,Premier Securities Company Ltd.,Sweta Securities Private Limited,50,1049.0,52450.0,2025-08-21 11:26:29.009202
2025-08-21,53617,2025082104001019,CGH,Premier Securities Company Ltd.,Trishakti Securities Public Limited,600,1050.0,630000.0,2025-08-21 11:26:29.009498
2025-08-21,53575,2025082104001030,CGH,Dipshikha Dhitopatra Karobar Co. Pvt Ltd.,Dakshinkali Investment & Securities Pvt. Ltd.,50,1050.0,52500.0,2025-08-21 11:26:49.778924
2025-08-21,53574,2025082104001031,CGH,Dipshikha Dhitopatra Karobar Co. Pvt Ltd.,Online Securities Pvt. Ltd.,70,1050.0,73500.0,2025-08-21 11:26:49.779140
2025-08-21,53573,2025082104001032,CGH,Dipshikha Dhitopatra Karobar Co. Pvt Ltd.,Aryatara Investment & Securities,50,1050.0,52500.0,2025-08-21 11:26:49.779265
2025-08-21,53572,2025082104001033,CGH,Dipshikha Dhitopatra Karobar Co. Pvt Ltd.,Premier Securities Company Ltd.,10,1050.0,10500.0,2025-08-21 11:26:49.779370
2025-08-21,53380,2025082104001110,CGH,Naasa Securities Co. Ltd.,Magnet Securities and Investment Company Private Limited,50,1049.9,52495.0,2025-08-21 11:27:54.299282
2025-08-21,53379,2025082104001111,CGH,Naasa Securities Co. Ltd.,Cristal Kanchanjanga Securites Pvt. Ltd.,70,1050.0,73500.0,2025-08-21 11:27:54.299513
2025-08-21,53373,2025082104001117,CGH,Opal Securities Investment (PVT) Ltd.,Cristal Kanchanjanga Securites Pvt. Ltd.,30,1050.0,31500.0,2025-08-21 11:27:54.618149
2025-08-21,53372,2025082104001118,CGH,Opal Securities Investment (PVT) Ltd.,Naasa Securities Co. Ltd.,50,1050.0,52500.0,2025-08-21 11:27:54.618425
2025-08-21,53314,2025082104001142,CGH,Dipshikha Dhitopatra Karobar Co. Pvt Ltd.,Sri Hari Securities Pvt. Ltd.,50,1050.1,52505.0,2025-08-21 11:28:11.865614
2025-08-21,53313,2025082104001143,CGH,Opal Securities Investment (PVT) Ltd.,Sri Hari Securities Pvt. Ltd.,235,1050.0,246750.0,2025-08-21 11:28:11.865823
2025-08-21,53296,2025082104001149,CGH,Opal Securities Investment (PVT) Ltd.,Sundhara Securities Limited,40,1050.0,42000.0,2025-08-21 11:28:21.477159
2025-08-21,53224,2025082104001176,CGH,Neev Securities Pvt. Ltd.,Sweta Securities Private Limited,50,1050.1,52505.0,2025-08-21 11:28:46.597813
2025-08-21,53203,2025082104001189,CGH,Siprabi Securities Pvt. Ltd.,Naasa Securities Co. Ltd.,5,1040.0,5200.0,2025-08-21 11:28:53.461000
2025-08-21,53166,2025082104001203,CGH,Neev Securities Pvt. Ltd.,Online Securities Pvt. Ltd.,50,1050.1,52505.0,2025-08-21 11:29:07.681875
2025-08-21,53120,2025082104001219,CGH,Neev Securities Pvt. Ltd.,Prabhu Stock Market Limited,20,1050.1,21002.0,2025-08-21 11:29:19.731758
2025-08-21,52878,2025082104001276,CGH,Trishakti Securities Public Limited,Sri Hari Securities Pvt. Ltd.,15,1052.0,15780.0,2025-08-21 11:30:37.013533
2025-08-21,52877,2025082104001277,CGH,Trishakti Securities Public Limited,Nepal Stock House (PVT) Ltd.,15,1052.0,15780.0,2025-08-21 11:30:37.013759
2025-08-21,52871,2025082104001280,CGH,Trishakti Securities Public Limited,Prabhu Stock Market Limited,20,1052.0,21040.0,2025-08-21 11:30:41.979285
2025-08-21,52673,2025082104001346,CGH,Trishakti Securities Public Limited,Magnet Securities and Investment Company Private Limited,40,1052.0,42080.0,2025-08-21 11:31:45.076863
2025-08-21,52653,2025082104001352,CGH,Trishakti Securities Public Limited,Prabhu Stock Market Limited,20,1052.0,21040.0,2025-08-21 11:31:53.190832
2025-08-21,52638,2025082104001358,CGH,Sani Securities Company Ltd.,Deevyaa Securities & Stock House Pvt. Ltd,120,1053.0,126360.0,2025-08-21 11:32:00.325353
2025-08-21,52637,2025082104001359,CGH,Sani Securities Company Ltd.,Nepal Stock House (PVT) Ltd.,50,1053.0,52650.0,2025-08-21 11:32:00.325405
2025-08-21,52621,2025082104001366,CGH,Sani Securities Company Ltd.,K.B.L. Securities Limited ,10,1053.0,10530.0,2025-08-21 11:32:09.383579
2025-08-21,52593,2025082104001373,CGH,Sani Securities Company Ltd.,Imperial Securities Company Pvt. Ltd.,11,1054.9,11603.9,2025-08-21 11:32:17.503668
2025-08-21,52566,2025082104001379,CGH,J.F. Securites (PVT) Ltd.,Opal Securities Investment (PVT) Ltd.,40,1053.0,42120.0,2025-08-21 11:32:27.624916
2025-08-21,52565,2025082104001380,CGH,Sani Securities Company Ltd.,Naasa Securities Co. Ltd.,31,1055.0,32705.0,2025-08-21 11:32:28.578159
2025-08-21,52554,2025082104001384,CGH,J.F. Securites (PVT) Ltd.,Kumari Securities Private Limited,200,1053.0,210600.0,2025-08-21 11:32:34.811934
2025-08-21,52553,2025082104001385,CGH,South Asian Bulls Pvt. Ltd.,Midas Stock Broking Company Private Limited,100,1055.0,105500.0,2025-08-21 11:32:34.965475
2025-08-21,52512,2025082104001391,CGH,Premier Securities Company Ltd.,Midas Stock Broking Company Private Limited,620,1055.0,654100.0,2025-08-21 11:32:49.694829
2025-08-21,52511,2025082104001392,CGH,Premier Securities Company Ltd.,Midas Stock Broking Company Private Limited,347,1055.0,366085.0,2025-08-21 11:32:49.695061
2025-08-21,52510,2025082104001393,CGH,Premier Securities Company Ltd.,Sweta Securities Private Limited,81,1055.0,85455.0,2025-08-21 11:32:49.695188
2025-08-21,52509,2025082104001394,CGH,Premier Securities Company Ltd.,Kohinoor Investment & Securities Pvt. Ltd.,55,1055.0,58025.0,2025-08-21 11:32:49.695271
2025-08-21,52451,2025082104001412,CGH,Premier Securities Company Ltd.,Kumari Securities Private Limited,300,1055.0,316500.0,2025-08-21 11:33:04.911637
2025-08-21,52434,2025082104001419,CGH,Cristal Kanchanjanga Securites Pvt. Ltd.,Deevyaa Securities & Stock House Pvt. Ltd,250,1056.8,264200.0,2025-08-21 11:33:09.116383
2025-08-21,52395,2025082104001424,CGH,Cristal Kanchanjanga Securites Pvt. Ltd.,Dakshinkali Investment & Securities Pvt. Ltd.,25,1056.8,26420.0,2025-08-21 11:33:15.289721
2025-08-21,52389,2025082104001425,CGH,Nepal Stock House (PVT) Ltd.,Nabil Stock Dealer Ltd.,200,1056.9,211380.0,2025-08-21 11:33:19.334069
2025-08-21,52342,2025082104001434,CGH,Premier Securities Company Ltd.,Nabil Stock Dealer Ltd.,97,1056.9,102519.3,2025-08-21 11:33:24.888166
2025-08-21,52312,2025082104001442,CGH,Kohinoor Investment & Securities Pvt. Ltd.,Nabil Stock Dealer Ltd.,103,1056.9,108860.7,2025-08-21 11:33:36.299478
2025-08-21,52211,2025082104001455,CGH,Himalayan Brokerage Company Limited,Capital Max Securities Ltd,10,1058.0,10580.0,2025-08-21 11:34:08.398398
2025-08-21,52210,2025082104001456,CGH,Himalayan Brokerage Company Limited,Dynamic Money Managers Securities Pvt. Ltd.,90,1058.4,95256.0,2025-08-21 11:34:08.398608
2025-08-21,52186,2025082104001474,CGH,Sani Securities Company Ltd.,Vision Securities Pvt. Ltd,200,1059.0,211800.0,2025-08-21 11:34:18.440776
2025-08-21,52185,2025082104001475,CGH,Cristal Kanchanjanga Securites Pvt. Ltd.,Naasa Securities Co. Ltd.,50,1059.0,52950.0,2025-08-21 11:34:19.336604
2025-08-21,52184,2025082104001476,CGH,Cristal Kanchanjanga Securites Pvt. Ltd.,Dynamic Money Managers Securities Pvt. Ltd.,100,1059.0,105900.0,2025-08-21 11:34:19.336828
2025-08-21,52182,2025082104001478,CGH,Cristal Kanchanjanga Securites Pvt. Ltd.,Imperial Securities Company Pvt. Ltd.,75,1059.0,79425.0,2025-08-21 11:34:19.608618
2025-08-21,52181,2025082104001479,CGH,Himalayan Brokerage Company Limited,Imperial Securities Company Pvt. Ltd.,25,1058.4,26460.0,2025-08-21 11:34:19.608730
2025-08-21,52163,2025082104001486,CGH,Trishakti Securities Public Limited,Sani Securities Company Ltd.,83,1060.0,87980.0,2025-08-21 11:34:31.440410
2025-08-21,52162,2025082104001487,CGH,Trishakti Securities Public Limited,Primo Securities (PVT) Ltd.,190,1060.0,201400.0,2025-08-21 11:34:31.440645
2025-08-21,52161,2025082104001488,CGH,Trishakti Securities Public Limited,Sipla Securities Private Limited,27,1060.0,28620.0,2025-08-21 11:34:31.440748
2025-08-21,52137,2025082104001492,CGH,Kohinoor Investment & Securities Pvt. Ltd.,Sipla Securities Private Limited,23,1060.0,24380.0,2025-08-21 11:34:37.614709
2025-08-21,52136,2025082104001493,CGH,Kohinoor Investment & Securities Pvt. Ltd.,Trisul Securities & Invt. Ltd.,100,1060.0,106000.0,2025-08-21 11:34:37.615072
2025-08-21,52135,2025082104001494,CGH,Kohinoor Investment & Securities Pvt. Ltd.,Pragyan Securities (PVT) Ltd.,70,1060.0,74200.0,2025-08-21 11:34:37.615431
2025-08-21,52134,2025082104001495,CGH,Kohinoor Investment & Securities Pvt. Ltd.,Dakshinkali Investment & Securities Pvt. Ltd.,50,1060.0,53000.0,2025-08-21 11:34:37.615713
2025-08-21,52133,2025082104001496,CGH,Kohinoor Investment & Securities Pvt. Ltd.,Naasa Securities Co. Ltd.,10,1060.0,10600.0,2025-08-21 11:34:37.615965
2025-08-21,52132,2025082104001497,CGH,Kohinoor Investment & Securities Pvt. Ltd.,Kohinoor Investment & Securities Pvt. Ltd.,50,1060.0,53000.0,2025-08-21 11:34:37.616193
2025-08-21,52131,2025082104001498,CGH,Kohinoor Investment & Securities Pvt. Ltd.,Kohinoor Investment & Securities Pvt. Ltd.,94,1060.0,99640.0,2025-08-21 11:34:37.616472
2025-08-21,52130,2025082104001499,CGH,Himalayan Brokerage Company Limited,Linch Stock Market Ltd.,140,1059.0,148260.0,2025-08-21 11:34:38.386109
2025-08-21,52126,2025082104001500,CGH,Himalayan Brokerage Company Limited,Nepal Stock House (PVT) Ltd.,10,1059.0,10590.0,2025-08-21 11:34:41.766574
2025-08-21,52122,2025082104001502,CGH,SUN SECURITIES PVT LTD,Kohinoor Investment & Securities Pvt. Ltd.,300,1060.0,318000.0,2025-08-21 11:34:45.565800
2025-08-21,52069,2025082104001526,CGH,Himalayan Brokerage Company Limited,Kohinoor Investment & Securities Pvt. Ltd.,106,1060.0,112360.0,2025-08-21 11:35:06.565583
2025-08-21,52068,2025082104001527,CGH,Himalayan Brokerage Company Limited,Neev Securities Pvt. Ltd.,50,1060.0,53000.0,2025-08-21 11:35:07.631508
2025-08-21,51948,2025082104001574,CGH,Himalayan Brokerage Company Limited,Nepal Stock House (PVT) Ltd.,64,1060.0,67840.0,2025-08-21 11:35:47.901092
2025-08-21,51741,2025082104001663,CGH,J.F. Securites (PVT) Ltd.,Shree Krishna Securities Ltd.,41,1053.0,43173.0,2025-08-21 11:37:05.356121
2025-08-21,51721,2025082104001674,CGH,Online Securities Pvt. Ltd.,Trisul Securities & Invt. Ltd.,39,1055.0,41145.0,2025-08-21 11:37:12.436079
2025-08-21,51650,2025082104001694,CGH,Online Securities Pvt. Ltd.,Deevyaa Securities & Stock House Pvt. Ltd,50,1055.0,52750.0,2025-08-21 11:37:39.553928
2025-08-21,51581,2025082104001721,CGH,Neev Securities Pvt. Ltd.,Deevyaa Securities & Stock House Pvt. Ltd,100,1054.1,105410.0,2025-08-21 11:38:12.977000
2025-08-21,51534,2025082104001744,CGH,Neev Securities Pvt. Ltd.,Kohinoor Investment & Securities Pvt. Ltd.,300,1054.1,316230.0,2025-08-21 11:38:28.592103
2025-08-21,51506,2025082104001753,CGH,Aryatara Investment & Securities,Sewa Securities Pvt. Ltd.,80,1054.0,84320.0,2025-08-21 11:38:42.843330
2025-08-21,51500,2025082104001758,CGH,Secured Securities Ltd.,Deevyaa Securities & Stock House Pvt. Ltd,44,1055.0,46420.0,2025-08-21 11:38:43.873195
2025-08-21,51378,2025082104001809,CGH,Secured Securities Ltd.,Sani Securities Company Ltd.,50,1055.0,52750.0,2025-08-21 11:39:31.007496
2025-08-21,51120,2025082104001905,CGH,Secured Securities Ltd.,Naasa Securities Co. Ltd.,10,1055.0,10550.0,2025-08-21 11:41:16.071500
2025-08-21,51107,2025082104001907,CGH,Secured Securities Ltd.,Deevyaa Securities & Stock House Pvt. Ltd,39,1055.0,41145.0,2025-08-21 11:41:22.807066
2025-08-21,51106,2025082104001908,CGH,Himalayan Brokerage Company Limited,Deevyaa Securities & Stock House Pvt. Ltd,421,1055.0,444155.0,2025-08-21 11:41:22.807502
2025-08-21,50904,2025082104001957,CGH,NIMB Stock Markets Limited,Online Securities Pvt. Ltd.,20,1058.0,21160.0,2025-08-21 11:42:44.915096
2025-08-21,50903,2025082104001958,CGH,NIMB Stock Markets Limited,Vision Securities Pvt. Ltd,50,1058.0,52900.0,2025-08-21 11:42:44.915332
2025-08-21,50748,2025082104002012,CGH,NIMB Stock Markets Limited,Dakshinkali Investment & Securities Pvt. Ltd.,100,1058.0,105800.0,2025-08-21 11:43:41.086951
2025-08-21,50740,2025082104002014,CGH,NIMB Stock Markets Limited,Online Securities Pvt. Ltd.,25,1058.0,26450.0,2025-08-21 11:43:43.977031
2025-08-21,50726,2025082104002015,CGH,NIMB Stock Markets Limited,Naasa Securities Co. Ltd.,18,1058.0,19044.0,2025-08-21 11:43:49.560138
2025-08-21,50698,2025082104002019,CGH,Primo Securities (PVT) Ltd.,Naasa Securities Co. Ltd.,30,1060.0,31800.0,2025-08-21 11:43:59.443564
2025-08-21,50697,2025082104002020,CGH,Primo Securities (PVT) Ltd.,Neev Securities Pvt. Ltd.,100,1060.0,106000.0,2025-08-21 11:43:59.443817
2025-08-21,50646,2025082104002027,CGH,NIMB Stock Markets Limited,Sani Securities Company Ltd.,102,1058.0,107916.0,2025-08-21 11:44:17.404593
2025-08-21,50630,2025082104002031,CGH,Neev Securities Pvt. Ltd.,Vision Securities Pvt. Ltd,9,1049.5,9445.5,2025-08-21 11:44:23.854082
2025-08-21,50588,2025082104002048,CGH,NIMB Stock Markets Limited,Nepal Stock House (PVT) Ltd.,40,1058.0,42320.0,2025-08-21 11:44:45.428386
2025-08-21,50491,2025082104002089,CGH,NIMB Stock Markets Limited,Prabhu Stock Market Limited,20,1058.0,21160.0,2025-08-21 11:45:14.348259
2025-08-21,50445,2025082104002094,CGH,NIMB Stock Markets Limited,Swarna Laxmi Securities Pvt. Ltd.,50,1058.0,52900.0,2025-08-21 11:45:29.929227
2025-08-21,50379,2025082104002115,CGH,NIMB Stock Markets Limited,Sani Securities Company Ltd.,39,1058.0,41262.0,2025-08-21 11:45:57.273064
2025-08-21,50197,2025082104002151,CGH,Himalayan Brokerage Company Limited,Nepal Stock House (PVT) Ltd.,79,1055.0,83345.0,2025-08-21 11:47:16.786831
2025-08-21,50196,2025082104002152,CGH,Sundhara Securities Limited,Nepal Stock House (PVT) Ltd.,21,1055.0,22155.0,2025-08-21 11:47:16.787109
2025-08-21,50015,2025082104002195,CGH,Sundhara Securities Limited,Linch Stock Market Ltd.,28,1055.0,29540.0,2025-08-21 11:48:39.161815
2025-08-21,50014,2025082104002196,CGH,Sani Securities Company Ltd.,Sani Securities Company Ltd.,25,1058.0,26450.0,2025-08-21 11:48:39.717563
2025-08-21,49975,2025082104002226,CGH,Siprabi Securities Pvt. Ltd.,Trishakti Securities Public Limited,4,1050.0,4200.0,2025-08-21 11:48:48.741540
2025-08-21,49811,2025082104002264,CGH,Nepal Investment And Securities Trading Private Limited,Opal Securities Investment (PVT) Ltd.,100,1057.0,105700.0,2025-08-21 11:49:55.444694
2025-08-21,49810,2025082104002265,CGH,Nepal Investment And Securities Trading Private Limited,Sani Securities Company Ltd.,136,1058.0,143888.0,2025-08-21 11:49:55.445168
2025-08-21,49809,2025082104002266,CGH,Nepal Investment And Securities Trading Private Limited,Investment Management Nepal Pvt. Ltd.,64,1058.0,67712.0,2025-08-21 11:49:55.445502
2025-08-21,49745,2025082104002280,CGH,Opal Securities Investment (PVT) Ltd.,Investment Management Nepal Pvt. Ltd.,176,1058.0,186208.0,2025-08-21 11:50:27.659020
2025-08-21,49571,2025082104002307,CGH,J.F. Securites (PVT) Ltd.,Dynamic Money Managers Securities Pvt. Ltd.,10,1058.0,10580.0,2025-08-21 11:51:43.091832
2025-08-21,49478,2025082104002333,CGH,Opal Securities Investment (PVT) Ltd.,Property Wiard Limited,50,1059.9,52995.0,2025-08-21 11:52:24.279490
2025-08-21,49477,2025082104002334,CGH,Opal Securities Investment (PVT) Ltd.,Linch Stock Market Ltd.,50,1060.0,53000.0,2025-08-21 11:52:24.279747
2025-08-21,49476,2025082104002335,CGH,Opal Securities Investment (PVT) Ltd.,South Asian Bulls Pvt. Ltd.,10,1060.0,10600.0,2025-08-21 11:52:24.279856
2025-08-21,49475,2025082104002336,CGH,Opal Securities Investment (PVT) Ltd.,Secured Securities Ltd.,40,1060.0,42400.0,2025-08-21 11:52:24.279962
2025-08-21,49474,2025082104002337,CGH,Opal Securities Investment (PVT) Ltd.,Primo Securities (PVT) Ltd.,74,1060.0,78440.0,2025-08-21 11:52:24.280061
2025-08-21,49375,2025082104002345,CGH,J.F. Securites (PVT) Ltd.,Neev Securities Pvt. Ltd.,300,1058.0,317400.0,2025-08-21 11:52:48.896804
2025-08-21,49292,2025082104002360,CGH,Trishakti Securities Public Limited,Capital Max Securities Ltd,200,1059.0,211800.0,2025-08-21 11:53:20.947940
2025-08-21,49286,2025082104002362,CGH,Capital Max Securities Ltd,Imperial Securities Company Pvt. Ltd.,9,1054.9,9494.1,2025-08-21 11:53:21.981442
2025-08-21,49271,2025082104002364,CGH,Oxford Securities Pvt. Ltd.,Primo Securities (PVT) Ltd.,26,1060.0,27560.0,2025-08-21 11:53:26.189665
2025-08-21,49270,2025082104002365,CGH,Oxford Securities Pvt. Ltd.,Naasa Securities Co. Ltd.,10,1060.0,10600.0,2025-08-21 11:53:26.190147
2025-08-21,49269,2025082104002366,CGH,Oxford Securities Pvt. Ltd.,Opal Securities Investment (PVT) Ltd.,164,1060.0,173840.0,2025-08-21 11:53:26.190483
2025-08-21,49211,2025082104002386,CGH,Deevyaa Securities & Stock House Pvt. Ltd,Opal Securities Investment (PVT) Ltd.,146,1060.0,154760.0,2025-08-21 11:53:40.701248
2025-08-21,49176,2025082104002397,CGH,Elite Stock House Limited,Property Wiard Limited,50,1060.4,53020.0,2025-08-21 11:53:53.110587
2025-08-21,49175,2025082104002398,CGH,Elite Stock House Limited,Sani Securities Company Ltd.,10,1060.5,10605.0,2025-08-21 11:53:53.110839
2025-08-21,49052,2025082104002416,CGH,Elite Stock House Limited,Deevyaa Securities & Stock House Pvt. Ltd,40,1060.5,42420.0,2025-08-21 11:54:27.058270
2025-08-21,49021,2025082104002420,CGH,Primo Securities (PVT) Ltd.,Nepal Stock House (PVT) Ltd.,10,1062.0,10620.0,2025-08-21 11:54:40.360822
2025-08-21,49020,2025082104002421,CGH,Primo Securities (PVT) Ltd.,Linch Stock Market Ltd.,190,1062.0,201780.0,2025-08-21 11:54:40.361301
2025-08-21,49018,2025082104002423,CGH,Elite Stock House Limited,Dynamic Money Managers Securities Pvt. Ltd.,100,1060.5,106050.0,2025-08-21 11:54:41.957993
2025-08-21,48995,2025082104002426,CGH,Deevyaa Securities & Stock House Pvt. Ltd,Magnet Securities and Investment Company Private Limited,50,1061.9,53095.0,2025-08-21 11:54:55.152229
2025-08-21,48994,2025082104002427,CGH,Deevyaa Securities & Stock House Pvt. Ltd,Linch Stock Market Ltd.,254,1062.0,269748.0,2025-08-21 11:54:55.152722
2025-08-21,48944,2025082104002443,CGH,ABC Securities Private Limited,Linch Stock Market Ltd.,56,1062.0,59472.0,2025-08-21 11:55:14.075210
2025-08-21,48943,2025082104002444,CGH,ABC Securities Private Limited,Sri Hari Securities Pvt. Ltd.,144,1064.0,153216.0,2025-08-21 11:55:14.075488
2025-08-21,48913,2025082104002450,CGH,Sani Securities Company Ltd.,Sri Hari Securities Pvt. Ltd.,56,1064.0,59584.0,2025-08-21 11:55:23.827580
2025-08-21,48615,2025082104002550,CGH,Naasa Securities Co. Ltd.,Trisul Securities & Invt. Ltd.,100,1062.0,106200.0,2025-08-21 11:57:31.652842
2025-08-21,48470,2025082104002609,CGH,Online Securities Pvt. Ltd.,Nepal Stock House (PVT) Ltd.,15,1062.0,15930.0,2025-08-21 11:58:34.100100
2025-08-21,48463,2025082104002610,CGH,Online Securities Pvt. Ltd.,Imperial Securities Company Pvt. Ltd.,35,1062.0,37170.0,2025-08-21 11:58:34.401828
2025-08-21,48304,2025082104002654,CGH,Capital Max Securities Ltd,Vision Securities Pvt. Ltd,6,1059.0,6354.0,2025-08-21 11:59:29.954258
2025-08-21,48093,2025082104002714,CGH,South Asian Bulls Pvt. Ltd.,ABC Securities Private Limited,50,1060.1,53005.0,2025-08-21 12:00:39.227024
2025-08-21,48092,2025082104002715,CGH,Imperial Securities Company Pvt. Ltd.,ABC Securities Private Limited,30,1060.0,31800.0,2025-08-21 12:00:39.227304
2025-08-21,48091,2025082104002716,CGH,R.B.B. Securities Company Ltd,ABC Securities Private Limited,1000,1060.0,1060000.0,2025-08-21 12:00:39.227456
2025-08-21,48090,2025082104002717,CGH,Ashutosh Brokerage & Securities (PVT) Ltd.,ABC Securities Private Limited,200,1059.0,211800.0,2025-08-21 12:00:39.227562
2025-08-21,48089,2025082104002718,CGH,Ashutosh Brokerage & Securities (PVT) Ltd.,ABC Securities Private Limited,300,1059.0,317700.0,2025-08-21 12:00:39.227670
2025-08-21,48088,2025082104002719,CGH,Naasa Securities Co. Ltd.,ABC Securities Private Limited,145,1059.0,153555.0,2025-08-21 12:00:39.227776
2025-08-21,48087,2025082104002720,CGH,Imperial Securities Company Pvt. Ltd.,ABC Securities Private Limited,275,1059.0,291225.0,2025-08-21 12:00:39.227881
2025-08-21,47668,2025082104002862,CGH,Imperial Securities Company Pvt. Ltd.,Investment Management Nepal Pvt. Ltd.,50,1059.0,52950.0,2025-08-21 12:02:51.358210
2025-08-21,47489,2025082104002898,CGH,Sri Hari Securities Pvt. Ltd.,Sani Securities Company Ltd.,10,1060.0,10600.0,2025-08-21 12:03:46.319258
2025-08-21,47488,2025082104002899,CGH,Sri Hari Securities Pvt. Ltd.,Primo Securities (PVT) Ltd.,25,1061.0,26525.0,2025-08-21 12:03:46.319835
2025-08-21,47487,2025082104002900,CGH,Sri Hari Securities Pvt. Ltd.,Imperial Securities Company Pvt. Ltd.,15,1062.0,15930.0,2025-08-21 12:03:46.320179
2025-08-21,47486,2025082104002901,CGH,Sri Hari Securities Pvt. Ltd.,Cristal Kanchanjanga Securites Pvt. Ltd.,50,1062.0,53100.0,2025-08-21 12:03:46.320562
2025-08-21,47471,2025082104002905,CGH,Imperial Securities Company Pvt. Ltd.,Neev Securities Pvt. Ltd.,75,1059.0,79425.0,2025-08-21 12:03:57.196959
2025-08-21,47368,2025082104002953,CGH,Arun Securities (PVT) Ltd.,Neev Securities Pvt. Ltd.,400,1059.0,423600.0,2025-08-21 12:04:22.406109
2025-08-21,47049,2025082104003064,CGH,Nepal Stock House (PVT) Ltd.,Neev Securities Pvt. Ltd.,25,1059.0,26475.0,2025-08-21 12:06:13.497109
2025-08-21,47048,2025082104003065,CGH,Nepal Stock House (PVT) Ltd.,ABC Securities Private Limited,50,1062.9,53145.0,2025-08-21 12:06:13.497430
2025-08-21,47047,2025082104003066,CGH,Nepal Stock House (PVT) Ltd.,Dynamic Money Managers Securities Pvt. Ltd.,25,1063.0,26575.0,2025-08-21 12:06:13.497611
2025-08-21,45771,2025082104003387,CGH,Trishakti Securities Public Limited,Naasa Securities Co. Ltd.,20,1061.9,21238.0,2025-08-21 12:12:30.504610
2025-08-21,45770,2025082104003388,CGH,Trishakti Securities Public Limited,Nepal Investment And Securities Trading Private Limited,100,1061.9,106190.0,2025-08-21 12:12:30.504972
2025-08-21,45769,2025082104003389,CGH,Trishakti Securities Public Limited,Neev Securities Pvt. Ltd.,280,1062.0,297360.0,2025-08-21 12:12:30.505106
2025-08-21,45726,2025082104003405,CGH,Bhrikuti Stock Broking Co. Pvt. Ltd.,Naasa Securities Co. Ltd.,20,1060.1,21202.0,2025-08-21 12:12:44.649307
2025-08-21,45655,2025082104003416,CGH,Deevyaa Securities & Stock House Pvt. Ltd,Asian Securities Private Ltd.,50,1060.0,53000.0,2025-08-21 12:13:07.397134
2025-08-21,45379,2025082104003453,CGH,Siprabi Securities Pvt. Ltd.,J.F. Securites (PVT) Ltd.,10,1060.0,10600.0,2025-08-21 12:13:43.003513
2025-08-21,45309,2025082104003463,CGH,Siprabi Securities Pvt. Ltd.,Asian Securities Private Ltd.,20,1060.0,21200.0,2025-08-21 12:14:02.689213
2025-08-21,45094,2025082104003509,CGH,J.F. Securites (PVT) Ltd.,Online Securities Pvt. Ltd.,25,1058.0,26450.0,2025-08-21 12:15:16.778352
2025-08-21,45076,2025082104003516,CGH,Sani Securities Company Ltd.,Trishakti Securities Public Limited,10,1058.0,10580.0,2025-08-21 12:15:22.437959
2025-08-21,45048,2025082104003523,CGH,Sani Securities Company Ltd.,Naasa Securities Co. Ltd.,45,1058.1,47614.5,2025-08-21 12:15:24.734208
2025-08-21,45047,2025082104003524,CGH,Sani Securities Company Ltd.,South Asian Bulls Pvt. Ltd.,10,1060.0,10600.0,2025-08-21 12:15:24.734293
2025-08-21,44592,2025082104003627,CGH,Sani Securities Company Ltd.,Naasa Securities Co. Ltd.,20,1058.0,21160.0,2025-08-21 12:17:52.384800
2025-08-21,44342,2025082104003690,CGH,Sani Securities Company Ltd.,Sani Securities Company Ltd.,30,1058.0,31740.0,2025-08-21 12:19:19.741294
2025-08-21,44196,2025082104003740,CGH,Online Securities Pvt. Ltd.,Sani Securities Company Ltd.,23,1058.0,24334.0,2025-08-21 12:20:12.156010
2025-08-21,44184,2025082104003747,CGH,Sewa Securities Pvt. Ltd.,Miyo Securities Pvt Ltd,50,1056.1,52805.0,2025-08-21 12:20:22.358464
2025-08-21,44129,2025082104003760,CGH,Sewa Securities Pvt. Ltd.,Siprabi Securities Pvt. Ltd.,150,1056.1,158415.0,2025-08-21 12:20:39.653763
2025-08-21,44128,2025082104003761,CGH,Premier Securities Company Ltd.,Siprabi Securities Pvt. Ltd.,50,1056.0,52800.0,2025-08-21 12:20:39.654074
2025-08-21,44127,2025082104003762,CGH,Imperial Securities Company Pvt. Ltd.,Siprabi Securities Pvt. Ltd.,144,1056.0,152064.0,2025-08-21 12:20:39.654209
2025-08-21,44126,2025082104003763,CGH,Vision Securities Pvt. Ltd,Siprabi Securities Pvt. Ltd.,94,1055.2,99188.8,2025-08-21 12:20:39.654344
2025-08-21,44125,2025082104003764,CGH,Thrive Brokerage House Pvt. Ltd,Siprabi Securities Pvt. Ltd.,250,1055.1,263775.0,2025-08-21 12:20:39.654473
2025-08-21,44124,2025082104003765,CGH,Midas Stock Broking Company Private Limited,Siprabi Securities Pvt. Ltd.,312,1055.0,329160.0,2025-08-21 12:20:39.654607
2025-08-21,44058,2025082104003785,CGH,Nepal Stock House (PVT) Ltd.,Dynamic Money Managers Securities Pvt. Ltd.,12,1057.0,12684.0,2025-08-21 12:21:15.484093
2025-08-21,44047,2025082104003789,CGH,Midas Stock Broking Company Private Limited,Miyo Securities Pvt Ltd,50,1055.0,52750.0,2025-08-21 12:21:20.582692
2025-08-21,44043,2025082104003790,CGH,Midas Stock Broking Company Private Limited,Siprabi Securities Pvt. Ltd.,88,1055.0,92840.0,2025-08-21 12:21:20.912366
2025-08-21,44042,2025082104003791,CGH,Naasa Securities Co. Ltd.,Siprabi Securities Pvt. Ltd.,10,1055.0,10550.0,2025-08-21 12:21:20.912720
2025-08-21,44036,2025082104003792,CGH,Sani Securities Company Ltd.,Sani Securities Company Ltd.,14,1055.0,14770.0,2025-08-21 12:21:22.776155
2025-08-21,44035,2025082104003793,CGH,Agrawal Securities (PVT) Ltd.,Sani Securities Company Ltd.,10,1055.0,10550.0,2025-08-21 12:21:22.776479
2025-08-21,43760,2025082104003863,CGH,Aryatara Investment & Securities,Sagarmatha Securities Private Limited,20,1054.0,21080.0,2025-08-21 12:23:15.780562
2025-08-21,43759,2025082104003864,CGH,Premier Securities Company Ltd.,Sagarmatha Securities Private Limited,309,1053.2,325438.8,2025-08-21 12:23:15.780954
2025-08-21,43165,2025082104004011,CGH,Kumari Securities Private Limited,Online Securities Pvt. Ltd.,30,1054.0,31620.0,2025-08-21 12:26:31.926879
2025-08-21,42979,2025082104004053,CGH,Online Securities Pvt. Ltd.,Primo Securities (PVT) Ltd.,40,1054.0,42160.0,2025-08-21 12:27:46.684259
2025-08-21,42977,2025082104004054,CGH,Imperial Securities Company Pvt. Ltd.,Primo Securities (PVT) Ltd.,20,1054.0,21080.0,2025-08-21 12:27:47.225304
2025-08-21,42828,2025082104004086,CGH,Premier Securities Company Ltd.,Agrawal Securities (PVT) Ltd.,100,1053.2,105320.0,2025-08-21 12:28:32.244559
2025-08-21,42737,2025082104004096,CGH,Premier Securities Company Ltd.,Dynamic Money Managers Securities Pvt. Ltd.,91,1053.2,95841.2,2025-08-21 12:29:01.817484
2025-08-21,42736,2025082104004097,CGH,South Asian Bulls Pvt. Ltd.,Dynamic Money Managers Securities Pvt. Ltd.,100,1053.1,105310.0,2025-08-21 12:29:01.818082
2025-08-21,42735,2025082104004098,CGH,Thrive Brokerage House Pvt. Ltd,Dynamic Money Managers Securities Pvt. Ltd.,140,1053.1,147434.0,2025-08-21 12:29:01.818459
2025-08-21,42734,2025082104004099,CGH,Nepal Stock House (PVT) Ltd.,Dynamic Money Managers Securities Pvt. Ltd.,3755,1053.0,3954015.0,2025-08-21 12:29:01.818832
2025-08-21,42627,2025082104004110,CGH,Nepal Stock House (PVT) Ltd.,Primo Securities (PVT) Ltd.,10,1053.0,10530.0,2025-08-21 12:29:23.509212
2025-08-21,42588,2025082104004130,CGH,Nepal Stock House (PVT) Ltd.,Dynamic Money Managers Securities Pvt. Ltd.,975,1053.0,1026675.0,2025-08-21 12:29:32.031772
2025-08-21,42575,2025082104004133,CGH,Nepal Stock House (PVT) Ltd.,Imperial Securities Company Pvt. Ltd.,200,1053.0,210600.0,2025-08-21 12:29:38.403468
2025-08-21,42537,2025082104004147,CGH,Dynamic Money Managers Securities Pvt. Ltd.,Siprabi Securities Pvt. Ltd.,20,1055.0,21100.0,2025-08-21 12:29:52.857308
2025-08-21,42498,2025082104004162,CGH,Cristal Kanchanjanga Securites Pvt. Ltd.,Sani Securities Company Ltd.,123,1054.0,129642.0,2025-08-21 12:30:06.632369
2025-08-21,42473,2025082104004169,CGH,Cristal Kanchanjanga Securites Pvt. Ltd.,Sundhara Securities Limited,77,1054.0,81158.0,2025-08-21 12:30:14.140296
2025-08-21,42472,2025082104004170,CGH,Thrive Brokerage House Pvt. Ltd,Sundhara Securities Limited,105,1053.1,110575.5,2025-08-21 12:30:14.140648
2025-08-21,42471,2025082104004171,CGH,Nepal Stock House (PVT) Ltd.,Sundhara Securities Limited,60,1053.0,63180.0,2025-08-21 12:30:14.140798
2025-08-21,42470,2025082104004172,CGH,Kumari Securities Private Limited,Sundhara Securities Limited,300,1053.0,315900.0,2025-08-21 12:30:14.140933
2025-08-21,42469,2025082104004173,CGH,K.B.L. Securities Limited ,Sundhara Securities Limited,153,1053.0,161109.0,2025-08-21 12:30:14.141073
2025-08-21,41901,2025082104004328,CGH,ABC Securities Private Limited,Naasa Securities Co. Ltd.,50,1054.0,52700.0,2025-08-21 12:33:12.006219
2025-08-21,41900,2025082104004329,CGH,K.B.L. Securities Limited ,Naasa Securities Co. Ltd.,15,1053.0,15795.0,2025-08-21 12:33:12.006536
2025-08-21,41820,2025082104004359,CGH,K.B.L. Securities Limited ,Dynamic Money Managers Securities Pvt. Ltd.,20,1053.0,21060.0,2025-08-21 12:34:00.259880
2025-08-21,41792,2025082104004367,CGH,Ashutosh Brokerage & Securities (PVT) Ltd.,Sanima Securities Limited,50,1054.0,52700.0,2025-08-21 12:34:16.477711
2025-08-21,41766,2025082104004375,CGH,Ashutosh Brokerage & Securities (PVT) Ltd.,Primo Securities (PVT) Ltd.,50,1054.0,52700.0,2025-08-21 12:34:29.523752
2025-08-21,41220,2025082104004495,CGH,Aryatara Investment & Securities,Trisul Securities & Invt. Ltd.,300,1053.5,316050.0,2025-08-21 12:37:37.622377
2025-08-21,41219,2025082104004496,CGH,Sewa Securities Pvt. Ltd.,Trisul Securities & Invt. Ltd.,200,1053.1,210620.0,2025-08-21 12:37:37.622744
2025-08-21,40911,2025082104004586,CGH,Ashutosh Brokerage & Securities (PVT) Ltd.,Sani Securities Company Ltd.,20,1053.1,21062.0,2025-08-21 12:39:13.652768
2025-08-21,40813,2025082104004602,CGH,Ashutosh Brokerage & Securities (PVT) Ltd.,KALASH STOCK MARKET PVT. LTD.,40,1053.1,42124.0,2025-08-21 12:39:41.153173
2025-08-21,40812,2025082104004603,CGH,Ashutosh Brokerage & Securities (PVT) Ltd.,Nepal Stock House (PVT) Ltd.,40,1053.1,42124.0,2025-08-21 12:39:41.426396
2025-08-21,40811,2025082104004604,CGH,K.B.L. Securities Limited ,Nepal Stock House (PVT) Ltd.,260,1053.0,273780.0,2025-08-21 12:39:41.426686
2025-08-21,40618,2025082104004657,CGH,K.B.L. Securities Limited ,Dynamic Money Managers Securities Pvt. Ltd.,20,1053.0,21060.0,2025-08-21 12:40:30.223724
2025-08-21,40609,2025082104004660,CGH,K.B.L. Securities Limited ,Midas Stock Broking Company Private Limited,32,1053.0,33696.0,2025-08-21 12:40:33.295743
2025-08-21,40351,2025082104004726,CGH,Trishakti Securities Public Limited,Secured Securities Ltd.,190,1052.0,199880.0,2025-08-21 12:41:30.709410
2025-08-21,40350,2025082104004727,CGH,Arun Securities (PVT) Ltd.,Secured Securities Ltd.,180,1051.2,189216.0,2025-08-21 12:41:30.710025
2025-08-21,40349,2025082104004728,CGH,Nepal Stock House (PVT) Ltd.,Secured Securities Ltd.,1130,1051.1,1187743.0,2025-08-21 12:41:30.710426
2025-08-21,40215,2025082104004779,CGH,Ashutosh Brokerage & Securities (PVT) Ltd.,Midas Stock Broking Company Private Limited,50,1051.2,52560.0,2025-08-21 12:42:03.682700
2025-08-21,40214,2025082104004780,CGH,Nepal Stock House (PVT) Ltd.,Midas Stock Broking Company Private Limited,418,1051.1,439359.8,2025-08-21 12:42:03.683038
2025-08-21,40147,2025082104004804,CGH,Nepal Stock House (PVT) Ltd.,Dynamic Money Managers Securities Pvt. Ltd.,20,1051.1,21022.0,2025-08-21 12:42:16.925869
2025-08-21,39905,2025082104004862,CGH,Nepal Stock House (PVT) Ltd.,Nepal Stock House (PVT) Ltd.,200,1051.1,210220.0,2025-08-21 12:43:10.120944
2025-08-21,39502,2025082104004985,CGH,Nepal Stock House (PVT) Ltd.,Cristal Kanchanjanga Securites Pvt. Ltd.,10,1051.1,10511.0,2025-08-21 12:44:48.395508
2025-08-21,39468,2025082104005003,CGH,Nepal Stock House (PVT) Ltd.,Naasa Securities Co. Ltd.,20,1051.1,21022.0,2025-08-21 12:44:55.503371
2025-08-21,39275,2025082104005052,CGH,Nepal Stock House (PVT) Ltd.,Dynamic Money Managers Securities Pvt. Ltd.,10,1051.1,10511.0,2025-08-21 12:45:39.084663
2025-08-21,39108,2025082104005084,CGH,Naasa Securities Co. Ltd.,Neev Securities Pvt. Ltd.,100,1052.0,105200.0,2025-08-21 12:46:23.633829
2025-08-21,39093,2025082104005087,CGH,Naasa Securities Co. Ltd.,Kumari Securities Private Limited,100,1051.2,105120.0,2025-08-21 12:46:27.626993
2025-08-21,39032,2025082104005094,CGH,Nepal Stock House (PVT) Ltd.,Imperial Securities Company Pvt. Ltd.,40,1051.1,42044.0,2025-08-21 12:46:40.186575
2025-08-21,39029,2025082104005097,CGH,Nepal Stock House (PVT) Ltd.,South Asian Bulls Pvt. Ltd.,50,1051.1,52555.0,2025-08-21 12:46:41.391937
2025-08-21,38830,2025082104005171,CGH,Nepal Stock House (PVT) Ltd.,Shree Krishna Securities Ltd.,102,1051.1,107212.2,2025-08-21 12:47:17.575522
2025-08-21,38829,2025082104005172,CGH,K.B.L. Securities Limited ,Shree Krishna Securities Ltd.,198,1051.1,208117.8,2025-08-21 12:47:17.576147
2025-08-21,38460,2025082104005270,CGH,Dakshinkali Investment & Securities Pvt. Ltd.,Sundhara Securities Limited,300,1050.0,315000.0,2025-08-21 12:48:48.138307
2025-08-21,38397,2025082104005282,CGH,Shree Krishna Securities Ltd.,Ashutosh Brokerage & Securities (PVT) Ltd.,10,1050.0,10500.0,2025-08-21 12:49:06.893517
2025-08-21,38361,2025082104005289,CGH,Shree Krishna Securities Ltd.,Creative Securities Pvt Ltd,20,1050.0,21000.0,2025-08-21 12:49:21.064823
2025-08-21,38325,2025082104005296,CGH,Dakshinkali Investment & Securities Pvt. Ltd.,Trishakti Securities Public Limited,90,1049.0,94410.0,2025-08-21 12:49:33.708126
2025-08-21,38229,2025082104005378,CGH,Dakshinkali Investment & Securities Pvt. Ltd.,Sani Securities Company Ltd.,10,1049.0,10490.0,2025-08-21 12:49:40.161654
2025-08-21,38139,2025082104005415,CGH,Dakshinkali Investment & Securities Pvt. Ltd.,Trishakti Securities Public Limited,10,1049.0,10490.0,2025-08-21 12:50:10.871310
2025-08-21,38019,2025082104005445,CGH,Dakshinkali Investment & Securities Pvt. Ltd.,Deevyaa Securities & Stock House Pvt. Ltd,90,1049.0,94410.0,2025-08-21 12:50:46.223973
2025-08-21,37075,2025082104005536,CGH,Aryatara Investment & Securities,Capital Max Securities Ltd,50,1048.1,52405.0,2025-08-21 12:53:28.182081
2025-08-21,37074,2025082104005537,CGH,Dipshikha Dhitopatra Karobar Co. Pvt Ltd.,Capital Max Securities Ltd,50,1048.0,52400.0,2025-08-21 12:53:28.182149
2025-08-21,36974,2025082104005565,CGH,Dipshikha Dhitopatra Karobar Co. Pvt Ltd.,Dynamic Money Managers Securities Pvt. Ltd.,50,1048.0,52400.0,2025-08-21 12:54:02.072060
2025-08-21,36893,2025082104005584,CGH,Ashutosh Brokerage & Securities (PVT) Ltd.,Aryatara Investment & Securities,250,1047.5,261875.0,2025-08-21 12:54:31.075596
2025-08-21,36892,2025082104005585,CGH,Sani Securities Company Ltd.,Aryatara Investment & Securities,250,1047.1,261775.0,2025-08-21 12:54:31.076368
2025-08-21,36746,2025082104005600,CGH,Sani Securities Company Ltd.,Aryatara Investment & Securities,200,1047.1,209420.0,2025-08-21 12:54:50.314862
2025-08-21,36652,2025082104005633,CGH,Sani Securities Company Ltd.,Vision Securities Pvt. Ltd,200,1047.1,209420.0,2025-08-21 12:55:19.562741
2025-08-21,36587,2025082104005647,CGH,Sani Securities Company Ltd.,Sewa Securities Pvt. Ltd.,69,1047.1,72249.9,2025-08-21 12:55:39.080220
2025-08-21,36551,2025082104005650,CGH,Sani Securities Company Ltd.,Creative Securities Pvt Ltd,200,1047.1,209420.0,2025-08-21 12:55:46.609355
2025-08-21,36406,2025082104005658,CGH,Sani Securities Company Ltd.,Nepal Stock House (PVT) Ltd.,81,1047.1,84815.1,2025-08-21 12:56:11.607062
2025-08-21,36405,2025082104005659,CGH,Global IME Securities Limited,Nepal Stock House (PVT) Ltd.,20,1047.0,20940.0,2025-08-21 12:56:11.607390
2025-08-21,36331,2025082104005683,CGH,Siprabi Securities Pvt. Ltd.,Aakashbhairab Securities Ltd.,3,1040.0,3120.0,2025-08-21 12:56:47.864445
2025-08-21,36310,2025082104005685,CGH,Trishakti Securities Public Limited,Aryatara Investment & Securities,10,1046.1,10461.0,2025-08-21 12:56:52.450215
2025-08-21,36308,2025082104005686,CGH,Trishakti Securities Public Limited,Kohinoor Investment & Securities Pvt. Ltd.,10,1046.1,10461.0,2025-08-21 12:56:53.101864
2025-08-21,35937,2025082104005773,CGH,Arun Securities (PVT) Ltd.,Oxford Securities Pvt. Ltd.,30,1046.1,31383.0,2025-08-21 12:58:53.053580
2025-08-21,35936,2025082104005774,CGH,Vision Securities Pvt. Ltd,Oxford Securities Pvt. Ltd.,70,1046.0,73220.0,2025-08-21 12:58:53.054249
2025-08-21,35802,2025082104005785,CGH,Vision Securities Pvt. Ltd,Sri Hari Securities Pvt. Ltd.,10,1046.0,10460.0,2025-08-21 12:59:22.609271
2025-08-21,35785,2025082104005787,CGH,Vision Securities Pvt. Ltd,Nepal Stock House (PVT) Ltd.,100,1047.0,104700.0,2025-08-21 12:59:26.317626
2025-08-21,35608,2025082104005850,CGH,Naasa Securities Co. Ltd.,Nepal Stock House (PVT) Ltd.,99,1047.0,103653.0,2025-08-21 13:00:21.770979
2025-08-21,35469,2025082104005884,CGH,ABC Securities Private Limited,Naasa Securities Co. Ltd.,50,1046.5,52325.0,2025-08-21 13:01:15.076060
2025-08-21,35468,2025082104005885,CGH,Vision Securities Pvt. Ltd,Naasa Securities Co. Ltd.,50,1046.0,52300.0,2025-08-21 13:01:15.076435
2025-08-21,35420,2025082104005901,CGH,Opal Securities Investment (PVT) Ltd.,Vision Securities Pvt. Ltd,100,1047.0,104700.0,2025-08-21 13:01:35.112853
2025-08-21,35266,2025082104005942,CGH,Opal Securities Investment (PVT) Ltd.,Imperial Securities Company Pvt. Ltd.,10,1047.0,10470.0,2025-08-21 13:02:21.974107
2025-08-21,34986,2025082104005988,CGH,Opal Securities Investment (PVT) Ltd.,Sani Securities Company Ltd.,90,1047.0,94230.0,2025-08-21 13:03:52.164477
2025-08-21,34985,2025082104005989,CGH,Oxford Securities Pvt. Ltd.,Sani Securities Company Ltd.,10,1047.0,10470.0,2025-08-21 13:03:52.165104
2025-08-21,34780,2025082104006041,CGH,Dipshikha Dhitopatra Karobar Co. Pvt Ltd.,Sundhara Securities Limited,10,1047.0,10470.0,2025-08-21 13:05:20.368733
2025-08-21,34680,2025082104006063,CGH,R.B.B. Securities Company Ltd,Dynamic Money Managers Securities Pvt. Ltd.,766,1048.0,802768.0,2025-08-21 13:05:47.166589
2025-08-21,34679,2025082104006064,CGH,R.B.B. Securities Company Ltd,Kohinoor Investment & Securities Pvt. Ltd.,67,1048.0,70216.0,2025-08-21 13:05:47.166887
2025-08-21,34341,2025082104006137,CGH,Sharepro Securities Private Limited,Imperial Securities Company Pvt. Ltd.,100,1048.1,104810.0,2025-08-21 13:07:49.050624
2025-08-21,34340,2025082104006138,CGH,Sewa Securities Pvt. Ltd.,Imperial Securities Company Pvt. Ltd.,200,1048.1,209620.0,2025-08-21 13:07:49.050977
2025-08-21,34339,2025082104006139,CGH,R.B.B. Securities Company Ltd,Imperial Securities Company Pvt. Ltd.,167,1048.0,175016.0,2025-08-21 13:07:49.051108
2025-08-21,34338,2025082104006140,CGH,Opal Securities Investment (PVT) Ltd.,Imperial Securities Company Pvt. Ltd.,233,1048.0,244184.0,2025-08-21 13:07:49.051237
2025-08-21,34229,2025082104006155,CGH,Opal Securities Investment (PVT) Ltd.,Imperial Securities Company Pvt. Ltd.,10,1048.0,10480.0,2025-08-21 13:08:25.320459
2025-08-21,34024,2025082104006202,CGH,SUN SECURITIES PVT LTD,Dipshikha Dhitopatra Karobar Co. Pvt Ltd.,100,1050.0,105000.0,2025-08-21 13:09:45.525745
2025-08-21,34023,2025082104006203,CGH,SUN SECURITIES PVT LTD,Sri Hari Securities Pvt. Ltd.,25,1050.0,26250.0,2025-08-21 13:09:45.526097
2025-08-21,34022,2025082104006204,CGH,SUN SECURITIES PVT LTD,Online Securities Pvt. Ltd.,160,1050.0,168000.0,2025-08-21 13:09:45.526255
2025-08-21,33968,2025082104006211,CGH,Premier Securities Company Ltd.,Imperial Securities Company Pvt. Ltd.,100,1049.0,104900.0,2025-08-21 13:10:07.162394
2025-08-21,33961,2025082104006216,CGH,Opal Securities Investment (PVT) Ltd.,Online Securities Pvt. Ltd.,57,1050.0,59850.0,2025-08-21 13:10:08.958975
2025-08-21,33316,2025082104006353,CGH,Premier Securities Company Ltd.,Prabhu Stock Market Limited,10,1049.0,10490.0,2025-08-21 13:13:53.106584
2025-08-21,33211,2025082104006373,CGH,Premier Securities Company Ltd.,Sundhara Securities Limited,20,1049.0,20980.0,2025-08-21 13:14:39.634420
2025-08-21,33153,2025082104006382,CGH,Thrive Brokerage House Pvt. Ltd,Imperial Securities Company Pvt. Ltd.,190,1048.0,199120.0,2025-08-21 13:14:54.787926
2025-08-21,33152,2025082104006383,CGH,Neev Securities Pvt. Ltd.,Imperial Securities Company Pvt. Ltd.,510,1046.1,533511.0,2025-08-21 13:14:54.788257
2025-08-21,33107,2025082104006390,CGH,Neev Securities Pvt. Ltd.,Imperial Securities Company Pvt. Ltd.,30,1046.1,31383.0,2025-08-21 13:15:22.062971
2025-08-21,32858,2025082104006454,CGH,Neev Securities Pvt. Ltd.,J.F. Securites (PVT) Ltd.,10,1046.1,10461.0,2025-08-21 13:17:15.905412
2025-08-21,32816,2025082104006463,CGH,Neev Securities Pvt. Ltd.,Dipshikha Dhitopatra Karobar Co. Pvt Ltd.,50,1046.1,52305.0,2025-08-21 13:17:31.540750
2025-08-21,32815,2025082104006464,CGH,Sweta Securities Private Limited,Dipshikha Dhitopatra Karobar Co. Pvt Ltd.,150,1046.1,156915.0,2025-08-21 13:17:31.540850
2025-08-21,32053,2025082104006658,CGH,Sweta Securities Private Limited,Deevyaa Securities & Stock House Pvt. Ltd,16,1046.1,16737.6,2025-08-21 13:22:08.287011
2025-08-21,31911,2025082104006689,CGH,Sweta Securities Private Limited,Sri Hari Securities Pvt. Ltd.,180,1046.1,188298.0,2025-08-21 13:22:53.330601
2025-08-21,31803,2025082104006730,CGH,Sweta Securities Private Limited,Sri Hari Securities Pvt. Ltd.,154,1046.1,161099.4,2025-08-21 13:23:17.475900
2025-08-21,31673,2025082104006756,CGH,Sharepro Securities Private Limited,Oxford Securities Pvt. Ltd.,70,1047.0,73290.0,2025-08-21 13:23:54.032238
2025-08-21,31598,2025082104006767,CGH,Vision Securities Pvt. Ltd,Vision Securities Pvt. Ltd,450,1046.0,470700.0,2025-08-21 13:24:19.343953
2025-08-21,31457,2025082104006814,CGH,Vision Securities Pvt. Ltd,Oxford Securities Pvt. Ltd.,50,1046.0,52300.0,2025-08-21 13:25:20.769418
2025-08-21,31342,2025082104006829,CGH,Vision Securities Pvt. Ltd,Neev Securities Pvt. Ltd.,100,1046.0,104600.0,2025-08-21 13:26:11.156947
2025-08-21,31220,2025082104006858,CGH,Vision Securities Pvt. Ltd,Property Wiard Limited,50,1046.0,52300.0,2025-08-21 13:26:49.327654
2025-08-21,30993,2025082104006916,CGH,Vision Securities Pvt. Ltd,Deevyaa Securities & Stock House Pvt. Ltd,50,1046.0,52300.0,2025-08-21 13:28:11.613269
2025-08-21,30861,2025082104006946,CGH,Vision Securities Pvt. Ltd,Creative Securities Pvt Ltd,100,1046.0,104600.0,2025-08-21 13:28:40.756816
2025-08-21,30617,2025082104006972,CGH,Vision Securities Pvt. Ltd,Creative Securities Pvt Ltd,50,1046.0,52300.0,2025-08-21 13:29:25.907342
2025-08-21,30573,2025082104006996,CGH,Opal Securities Investment (PVT) Ltd.,Dipshikha Dhitopatra Karobar Co. Pvt Ltd.,40,1048.0,41920.0,2025-08-21 13:29:33.858386
2025-08-21,30497,2025082104007012,CGH,Vision Securities Pvt. Ltd,Sundhara Securities Limited,10,1046.0,10460.0,2025-08-21 13:30:03.733761
2025-08-21,30445,2025082104007025,CGH,ABC Securities Private Limited,Sri Hari Securities Pvt. Ltd.,300,1045.1,313530.0,2025-08-21 13:30:17.957367
2025-08-21,30444,2025082104007026,CGH,Himalayan Brokerage Company Limited,Sri Hari Securities Pvt. Ltd.,200,1045.0,209000.0,2025-08-21 13:30:17.957981
2025-08-21,30443,2025082104007027,CGH,Vision Securities Pvt. Ltd,Sri Hari Securities Pvt. Ltd.,166,1045.0,173470.0,2025-08-21 13:30:17.958418
2025-08-21,30206,2025082104007086,CGH,Sani Securities Company Ltd.,Bhrikuti Stock Broking Co. Pvt. Ltd.,10,1046.0,10460.0,2025-08-21 13:31:22.079486
2025-08-21,30202,2025082104007089,CGH,Sani Securities Company Ltd.,Linch Stock Market Ltd.,50,1046.0,52300.0,2025-08-21 13:31:23.395861
2025-08-21,30200,2025082104007090,CGH,Sani Securities Company Ltd.,Online Securities Pvt. Ltd.,150,1046.0,156900.0,2025-08-21 13:31:25.031557
2025-08-21,30048,2025082104007115,CGH,Sani Securities Company Ltd.,Bhrikuti Stock Broking Co. Pvt. Ltd.,100,1046.0,104600.0,2025-08-21 13:32:00.336232
2025-08-21,29839,2025082104007202,CGH,Sani Securities Company Ltd.,Hatemalo Financial Services Private Limited,525,1046.0,549150.0,2025-08-21 13:32:55.734209
2025-08-21,29384,2025082104007317,CGH,Nepal Stock House (PVT) Ltd.,Neev Securities Pvt. Ltd.,400,1047.0,418800.0,2025-08-21 13:34:51.311867
2025-08-21,29152,2025082104007372,CGH,Elite Stock House Limited,Secured Securities Ltd.,50,1047.1,52355.0,2025-08-21 13:36:00.835939
2025-08-21,29055,2025082104007410,CGH,Sani Securities Company Ltd.,Sani Securities Company Ltd.,100,1048.8,104880.0,2025-08-21 13:36:27.129428
2025-08-21,29054,2025082104007411,CGH,Sani Securities Company Ltd.,Sundhara Securities Limited,65,1049.0,68185.0,2025-08-21 13:36:27.129795
2025-08-21,28356,2025082104007600,CGH,Naasa Securities Co. Ltd.,Nepal Stock House (PVT) Ltd.,20,1047.5,20950.0,2025-08-21 13:40:17.680041
2025-08-21,28331,2025082104007606,CGH,Naasa Securities Co. Ltd.,Sani Securities Company Ltd.,30,1047.5,31425.0,2025-08-21 13:40:31.350778
2025-08-21,28330,2025082104007607,CGH,Elite Stock House Limited,Sani Securities Company Ltd.,20,1047.1,20942.0,2025-08-21 13:40:31.351097
2025-08-21,27029,2025082104007899,CGH,South Asian Bulls Pvt. Ltd.,Sri Hari Securities Pvt. Ltd.,20,1047.2,20944.0,2025-08-21 13:46:57.155706
2025-08-21,27028,2025082104007900,CGH,Elite Stock House Limited,Sri Hari Securities Pvt. Ltd.,30,1047.1,31413.0,2025-08-21 13:46:57.156377
2025-08-21,27027,2025082104007901,CGH,Nepal Stock House (PVT) Ltd.,Sri Hari Securities Pvt. Ltd.,450,1047.0,471150.0,2025-08-21 13:46:57.156793
2025-08-21,25267,2025082104008249,CGH,Naasa Securities Co. Ltd.,Sri Hari Securities Pvt. Ltd.,90,1048.8,94392.0,2025-08-21 13:55:38.128871
2025-08-21,24904,2025082104008345,CGH,Dipshikha Dhitopatra Karobar Co. Pvt Ltd.,Market Securities & Exchange (PVT) Ltd.,50,1048.9,52445.0,2025-08-21 13:57:24.568660
2025-08-21,24902,2025082104008346,CGH,Sri Hari Securities Pvt. Ltd.,Malla & Malla Stock Broking Company Pvt. Limited,30,1048.9,31467.0,2025-08-21 13:57:25.279412
2025-08-21,24901,2025082104008347,CGH,Sri Hari Securities Pvt. Ltd.,Sundhara Securities Limited,315,1049.0,330435.0,2025-08-21 13:57:25.279734
2025-08-21,24900,2025082104008348,CGH,Sri Hari Securities Pvt. Ltd.,Premier Securities Company Ltd.,155,1049.0,162595.0,2025-08-21 13:57:25.279869
2025-08-21,24146,2025082104008542,CGH,Nepal Stock House (PVT) Ltd.,Premier Securities Company Ltd.,45,1049.0,47205.0,2025-08-21 14:01:12.857017
2025-08-21,24145,2025082104008543,CGH,Nepal Stock House (PVT) Ltd.,Prabhu Stock Market Limited,100,1049.0,104900.0,2025-08-21 14:01:12.857676
2025-08-21,23995,2025082104008584,CGH,Sani Securities Company Ltd.,Midas Stock Broking Company Private Limited,50,1049.9,52495.0,2025-08-21 14:01:57.615959
2025-08-21,23994,2025082104008585,CGH,Sani Securities Company Ltd.,Aryatara Investment & Securities,50,1049.9,52495.0,2025-08-21 14:01:57.616310
2025-08-21,23993,2025082104008586,CGH,Sani Securities Company Ltd.,Market Securities & Exchange (PVT) Ltd.,200,1050.0,210000.0,2025-08-21 14:01:57.616512
2025-08-21,23992,2025082104008587,CGH,Sani Securities Company Ltd.,Dakshinkali Investment & Securities Pvt. Ltd.,10,1050.0,10500.0,2025-08-21 14:01:57.616677
2025-08-21,23991,2025082104008588,CGH,Sani Securities Company Ltd.,Aryatara Investment & Securities,90,1050.0,94500.0,2025-08-21 14:01:57.616887
2025-08-21,23933,2025082104008607,CGH,SUN SECURITIES PVT LTD,Aryatara Investment & Securities,10,1050.0,10500.0,2025-08-21 14:02:17.813852
2025-08-21,23932,2025082104008608,CGH,SUN SECURITIES PVT LTD,Sani Securities Company Ltd.,50,1050.0,52500.0,2025-08-21 14:02:17.814470
2025-08-21,23931,2025082104008609,CGH,SUN SECURITIES PVT LTD,KALASH STOCK MARKET PVT. LTD.,100,1050.0,105000.0,2025-08-21 14:02:17.814855
2025-08-21,23930,2025082104008610,CGH,SUN SECURITIES PVT LTD,Trisul Securities & Invt. Ltd.,10,1050.0,10500.0,2025-08-21 14:02:17.815231
2025-08-21,23929,2025082104008611,CGH,SUN SECURITIES PVT LTD,Naasa Securities Co. Ltd.,29,1050.0,30450.0,2025-08-21 14:02:17.815683
2025-08-21,23868,2025082104008637,CGH,Sani Securities Company Ltd.,Cristal Kanchanjanga Securites Pvt. Ltd.,100,1050.1,105010.0,2025-08-21 14:02:31.990426
2025-08-21,23792,2025082104008655,CGH,Online Securities Pvt. Ltd.,Property Wiard Limited,27,1051.0,28377.0,2025-08-21 14:03:03.832329
2025-08-21,23613,2025082104008704,CGH,Linch Stock Market Ltd.,Deevyaa Securities & Stock House Pvt. Ltd,50,1049.1,52455.0,2025-08-21 14:04:18.060625
2025-08-21,23536,2025082104008713,CGH,Linch Stock Market Ltd.,Opal Securities Investment (PVT) Ltd.,70,1049.1,73437.0,2025-08-21 14:04:41.279378
2025-08-21,23505,2025082104008720,CGH,Linch Stock Market Ltd.,Opal Securities Investment (PVT) Ltd.,20,1049.1,20982.0,2025-08-21 14:04:52.333900
2025-08-21,23451,2025082104008729,CGH,Linch Stock Market Ltd.,Opal Securities Investment (PVT) Ltd.,20,1049.1,20982.0,2025-08-21 14:05:08.406356
2025-08-21,23409,2025082104008737,CGH,Linch Stock Market Ltd.,Opal Securities Investment (PVT) Ltd.,35,1049.1,36718.5,2025-08-21 14:05:23.493714
2025-08-21,23408,2025082104008738,CGH,Nepal Stock House (PVT) Ltd.,Opal Securities Investment (PVT) Ltd.,95,1049.0,99655.0,2025-08-21 14:05:23.494375
2025-08-21,23346,2025082104008765,CGH,Nepal Stock House (PVT) Ltd.,Opal Securities Investment (PVT) Ltd.,20,1049.0,20980.0,2025-08-21 14:05:38.635624
2025-08-21,23274,2025082104008772,CGH,Nepal Stock House (PVT) Ltd.,Opal Securities Investment (PVT) Ltd.,20,1049.0,20980.0,2025-08-21 14:05:52.702243
2025-08-21,23201,2025082104008779,CGH,Nepal Stock House (PVT) Ltd.,Opal Securities Investment (PVT) Ltd.,190,1049.0,199310.0,2025-08-21 14:06:03.755549
2025-08-21,23159,2025082104008799,CGH,Nepal Stock House (PVT) Ltd.,Opal Securities Investment (PVT) Ltd.,50,1049.0,52450.0,2025-08-21 14:06:15.809710
2025-08-21,23105,2025082104008808,CGH,Nepal Stock House (PVT) Ltd.,SUN SECURITIES PVT LTD,50,1049.0,52450.0,2025-08-21 14:06:35.590898
2025-08-21,23045,2025082104008843,CGH,Nepal Stock House (PVT) Ltd.,Vision Securities Pvt. Ltd,110,1049.0,115390.0,2025-08-21 14:06:49.822672
2025-08-21,22978,2025082104008859,CGH,Nepal Stock House (PVT) Ltd.,Vision Securities Pvt. Ltd,230,1049.0,241270.0,2025-08-21 14:07:05.975530
2025-08-21,22957,2025082104008864,CGH,Nepal Stock House (PVT) Ltd.,SUN SECURITIES PVT LTD,40,1049.0,41960.0,2025-08-21 14:07:12.711948
2025-08-21,22945,2025082104008865,CGH,Capital Max Securities Ltd,Shree Krishna Securities Ltd.,400,1050.0,420000.0,2025-08-21 14:07:14.536305
2025-08-21,22903,2025082104008881,CGH,Capital Max Securities Ltd,Shree Krishna Securities Ltd.,100,1050.0,105000.0,2025-08-21 14:07:26.586704
2025-08-21,22902,2025082104008882,CGH,Creative Securities Pvt Ltd,Vision Securities Pvt. Ltd,120,1049.1,125892.0,2025-08-21 14:07:27.137292
2025-08-21,22858,2025082104008909,CGH,SUN SECURITIES PVT LTD,Prabhu Stock Market Limited,100,1050.0,105000.0,2025-08-21 14:07:38.792812
2025-08-21,22853,2025082104008910,CGH,Creative Securities Pvt Ltd,Vision Securities Pvt. Ltd,70,1049.1,73437.0,2025-08-21 14:07:40.405486
2025-08-21,22852,2025082104008911,CGH,Nepal Stock House (PVT) Ltd.,Vision Securities Pvt. Ltd,330,1049.0,346170.0,2025-08-21 14:07:40.405804
2025-08-21,22846,2025082104008912,CGH,Nepal Stock House (PVT) Ltd.,Neev Securities Pvt. Ltd.,10,1049.0,10490.0,2025-08-21 14:07:42.399907
2025-08-21,22825,2025082104008921,CGH,Nepal Stock House (PVT) Ltd.,Vision Securities Pvt. Ltd,400,1049.0,419600.0,2025-08-21 14:07:47.460226
2025-08-21,22820,2025082104008922,CGH,Nepal Stock House (PVT) Ltd.,Opal Securities Investment (PVT) Ltd.,30,1050.0,31500.0,2025-08-21 14:07:49.487420
2025-08-21,22819,2025082104008923,CGH,Nepal Stock House (PVT) Ltd.,Opal Securities Investment (PVT) Ltd.,30,1050.0,31500.0,2025-08-21 14:07:49.487769
2025-08-21,22818,2025082104008924,CGH,Nepal Stock House (PVT) Ltd.,Vision Securities Pvt. Ltd,110,1050.0,115500.0,2025-08-21 14:07:49.487909
2025-08-21,22817,2025082104008925,CGH,Nepal Stock House (PVT) Ltd.,Opal Securities Investment (PVT) Ltd.,30,1050.0,31500.0,2025-08-21 14:07:49.488054
2025-08-21,22816,2025082104008926,CGH,Nepal Stock House (PVT) Ltd.,Opal Securities Investment (PVT) Ltd.,40,1050.0,42000.0,2025-08-21 14:07:49.488189
2025-08-21,22815,2025082104008927,CGH,Nepal Stock House (PVT) Ltd.,Vision Securities Pvt. Ltd,50,1050.0,52500.0,2025-08-21 14:07:49.488326
2025-08-21,22814,2025082104008928,CGH,Nepal Stock House (PVT) Ltd.,Opal Securities Investment (PVT) Ltd.,40,1050.0,42000.0,2025-08-21 14:07:49.488454
2025-08-21,22813,2025082104008929,CGH,Nepal Stock House (PVT) Ltd.,Opal Securities Investment (PVT) Ltd.,40,1050.0,42000.0,2025-08-21 14:07:49.488597
2025-08-21,22812,2025082104008930,CGH,Nepal Stock House (PVT) Ltd.,Vision Securities Pvt. Ltd,40,1050.0,42000.0,2025-08-21 14:07:49.488725
2025-08-21,22811,2025082104008931,CGH,Nepal Stock House (PVT) Ltd.,Opal Securities Investment (PVT) Ltd.,40,1050.0,42000.0,2025-08-21 14:07:49.488853
2025-08-21,22810,2025082104008932,CGH,Nepal Stock House (PVT) Ltd.,Vision Securities Pvt. Ltd,40,1050.0,42000.0,2025-08-21 14:07:49.488975
2025-08-21,22800,2025082104008935,CGH,Nepal Stock House (PVT) Ltd.,Opal Securities Investment (PVT) Ltd.,40,1050.0,42000.0,2025-08-21 14:07:53.353980
2025-08-21,22796,2025082104008936,CGH,Nepal Stock House (PVT) Ltd.,Vision Securities Pvt. Ltd,200,1050.0,210000.0,2025-08-21 14:07:54.517395
2025-08-21,22771,2025082104008945,CGH,Nepal Stock House (PVT) Ltd.,Vision Securities Pvt. Ltd,40,1050.0,42000.0,2025-08-21 14:08:01.565878
2025-08-21,22766,2025082104008947,CGH,Nepal Stock House (PVT) Ltd.,Opal Securities Investment (PVT) Ltd.,40,1050.0,42000.0,2025-08-21 14:08:03.417402
2025-08-21,22704,2025082104008959,CGH,Nepal Stock House (PVT) Ltd.,Opal Securities Investment (PVT) Ltd.,50,1050.0,52500.0,2025-08-21 14:08:13.480053
2025-08-21,22702,2025082104008960,CGH,Nepal Stock House (PVT) Ltd.,SUN SECURITIES PVT LTD,30,1050.0,31500.0,2025-08-21 14:08:13.906451
2025-08-21,22697,2025082104008961,CGH,Nepal Stock House (PVT) Ltd.,Vision Securities Pvt. Ltd,400,1050.0,420000.0,2025-08-21 14:08:15.716777
2025-08-21,22669,2025082104008974,CGH,Nepal Stock House (PVT) Ltd.,Vision Securities Pvt. Ltd,30,1050.0,31500.0,2025-08-21 14:08:23.778983
2025-08-21,22667,2025082104008976,CGH,Nepal Stock House (PVT) Ltd.,Opal Securities Investment (PVT) Ltd.,60,1050.0,63000.0,2025-08-21 14:08:24.542808
2025-08-21,22649,2025082104008982,CGH,Nepal Stock House (PVT) Ltd.,Vision Securities Pvt. Ltd,20,1050.0,21000.0,2025-08-21 14:08:28.808287
2025-08-21,22634,2025082104008984,CGH,Nepal Stock House (PVT) Ltd.,Opal Securities Investment (PVT) Ltd.,60,1050.0,63000.0,2025-08-21 14:08:35.613830
2025-08-21,22611,2025082104008987,CGH,Nepal Stock House (PVT) Ltd.,Vision Securities Pvt. Ltd,30,1050.0,31500.0,2025-08-21 14:08:38.880283
2025-08-21,22610,2025082104008988,CGH,Nepal Stock House (PVT) Ltd.,ABC Securities Private Limited,4000,1050.0,4200000.0,2025-08-21 14:08:39.533662
2025-08-21,22604,2025082104008989,CGH,Nepal Stock House (PVT) Ltd.,Vision Securities Pvt. Ltd,30,1050.0,31500.0,2025-08-21 14:08:42.389204
2025-08-21,22594,2025082104008990,CGH,Nepal Stock House (PVT) Ltd.,Opal Securities Investment (PVT) Ltd.,60,1050.0,63000.0,2025-08-21 14:08:43.650558
2025-08-21,22536,2025082104009005,CGH,Nepal Stock House (PVT) Ltd.,Opal Securities Investment (PVT) Ltd.,70,1050.0,73500.0,2025-08-21 14:08:54.712252
2025-08-21,22521,2025082104009011,CGH,Nepal Stock House (PVT) Ltd.,Vision Securities Pvt. Ltd,50,1050.0,52500.0,2025-08-21 14:08:59.631131
2025-08-21,22516,2025082104009012,CGH,Bhrikuti Stock Broking Co. Pvt. Ltd.,Opal Securities Investment (PVT) Ltd.,90,1050.2,94518.0,2025-08-21 14:09:02.747893
2025-08-21,22508,2025082104009014,CGH,Vision Securities Pvt. Ltd,Secured Securities Ltd.,10,1052.0,10520.0,2025-08-21 14:09:03.677841
2025-08-21,22456,2025082104009038,CGH,Bhrikuti Stock Broking Co. Pvt. Ltd.,Vision Securities Pvt. Ltd,240,1050.2,252048.0,2025-08-21 14:09:14.836425
2025-08-21,22439,2025082104009039,CGH,Siprabi Securities Pvt. Ltd.,Secured Securities Ltd.,10,1052.0,10520.0,2025-08-21 14:09:15.573175
2025-08-21,22412,2025082104009046,CGH,Bhrikuti Stock Broking Co. Pvt. Ltd.,Opal Securities Investment (PVT) Ltd.,150,1050.2,157530.0,2025-08-21 14:09:23.846484
2025-08-21,22399,2025082104009050,CGH,Bhrikuti Stock Broking Co. Pvt. Ltd.,Vision Securities Pvt. Ltd,20,1050.2,21004.0,2025-08-21 14:09:28.995136
2025-08-21,22388,2025082104009057,CGH,Dipshikha Dhitopatra Karobar Co. Pvt Ltd.,Prabhu Stock Market Limited,50,1052.0,52600.0,2025-08-21 14:09:33.637180
2025-08-21,22385,2025082104009058,CGH,Bhrikuti Stock Broking Co. Pvt. Ltd.,Opal Securities Investment (PVT) Ltd.,160,1050.2,168032.0,2025-08-21 14:09:33.903944
2025-08-21,22347,2025082104009066,CGH,Bhrikuti Stock Broking Co. Pvt. Ltd.,Vision Securities Pvt. Ltd,140,1050.2,147028.0,2025-08-21 14:09:42.814672
2025-08-21,22293,2025082104009071,CGH,Kohinoor Investment & Securities Pvt. Ltd.,Prabhu Stock Market Limited,50,1052.0,52600.0,2025-08-21 14:09:54.507489
2025-08-21,22292,2025082104009072,CGH,Kohinoor Investment & Securities Pvt. Ltd.,Sani Securities Company Ltd.,20,1053.0,21060.0,2025-08-21 14:09:54.507603
2025-08-21,22291,2025082104009073,CGH,Kohinoor Investment & Securities Pvt. Ltd.,Primo Securities (PVT) Ltd.,10,1053.0,10530.0,2025-08-21 14:09:54.507662
2025-08-21,22290,2025082104009074,CGH,Kohinoor Investment & Securities Pvt. Ltd.,Online Securities Pvt. Ltd.,420,1053.0,442260.0,2025-08-21 14:09:54.507728
2025-08-21,22289,2025082104009075,CGH,Kohinoor Investment & Securities Pvt. Ltd.,Property Wiard Limited,23,1053.8,24237.4,2025-08-21 14:09:54.507797
2025-08-21,22288,2025082104009076,CGH,Kohinoor Investment & Securities Pvt. Ltd.,ABC Securities Private Limited,50,1053.9,52695.0,2025-08-21 14:09:54.507865
2025-08-21,22287,2025082104009077,CGH,Kohinoor Investment & Securities Pvt. Ltd.,Deevyaa Securities & Stock House Pvt. Ltd,427,1054.0,450058.0,2025-08-21 14:09:54.507934
2025-08-21,22285,2025082104009078,CGH,Bhrikuti Stock Broking Co. Pvt. Ltd.,Vision Securities Pvt. Ltd,100,1050.2,105020.0,2025-08-21 14:09:56.021668
2025-08-21,22210,2025082104009084,CGH,Bhrikuti Stock Broking Co. Pvt. Ltd.,Vision Securities Pvt. Ltd,30,1050.2,31506.0,2025-08-21 14:10:12.153012
2025-08-21,22174,2025082104009094,CGH,Bhrikuti Stock Broking Co. Pvt. Ltd.,Vision Securities Pvt. Ltd,40,1050.2,42008.0,2025-08-21 14:10:26.257128
2025-08-21,22160,2025082104009099,CGH,Kohinoor Investment & Securities Pvt. Ltd.,Deevyaa Securities & Stock House Pvt. Ltd,10,1053.0,10530.0,2025-08-21 14:10:30.721018
2025-08-21,22159,2025082104009100,CGH,Kohinoor Investment & Securities Pvt. Ltd.,Deevyaa Securities & Stock House Pvt. Ltd,73,1054.0,76942.0,2025-08-21 14:10:30.721062
2025-08-21,22158,2025082104009101,CGH,Kohinoor Investment & Securities Pvt. Ltd.,Sani Securities Company Ltd.,10,1054.0,10540.0,2025-08-21 14:10:30.721087
2025-08-21,22157,2025082104009102,CGH,Kohinoor Investment & Securities Pvt. Ltd.,Dipshikha Dhitopatra Karobar Co. Pvt Ltd.,57,1054.8,60123.6,2025-08-21 14:10:30.721113
2025-08-21,22132,2025082104009111,CGH,Kohinoor Investment & Securities Pvt. Ltd.,Dipshikha Dhitopatra Karobar Co. Pvt Ltd.,13,1054.8,13712.4,2025-08-21 14:10:37.797367
2025-08-21,22131,2025082104009112,CGH,Kohinoor Investment & Securities Pvt. Ltd.,Siprabi Securities Pvt. Ltd.,10,1055.0,10550.0,2025-08-21 14:10:37.797509
2025-08-21,22125,2025082104009114,CGH,Bhrikuti Stock Broking Co. Pvt. Ltd.,Vision Securities Pvt. Ltd,30,1050.2,31506.0,2025-08-21 14:10:39.362761
2025-08-21,22124,2025082104009115,CGH,Siprabi Securities Pvt. Ltd.,Vision Securities Pvt. Ltd,10,1050.1,10501.0,2025-08-21 14:10:39.363413
2025-08-21,22123,2025082104009116,CGH,Nepal Stock House (PVT) Ltd.,Vision Securities Pvt. Ltd,150,1050.0,157500.0,2025-08-21 14:10:39.363832
2025-08-21,22048,2025082104009119,CGH,Kohinoor Investment & Securities Pvt. Ltd.,Vision Securities Pvt. Ltd,50,1050.1,52505.0,2025-08-21 14:10:55.514922
2025-08-21,22047,2025082104009120,CGH,Nepal Stock House (PVT) Ltd.,Vision Securities Pvt. Ltd,100,1050.0,105000.0,2025-08-21 14:10:55.515238
2025-08-21,21976,2025082104009135,CGH,Siprabi Securities Pvt. Ltd.,Naasa Securities Co. Ltd.,10,1050.1,10501.0,2025-08-21 14:11:14.331938
2025-08-21,21975,2025082104009136,CGH,Nepal Stock House (PVT) Ltd.,Naasa Securities Co. Ltd.,90,1050.0,94500.0,2025-08-21 14:11:14.332235
2025-08-21,21931,2025082104009142,CGH,Trisul Securities & Invt. Ltd.,Siprabi Securities Pvt. Ltd.,52,1055.0,54860.0,2025-08-21 14:11:20.658626
2025-08-21,21930,2025082104009143,CGH,Trisul Securities & Invt. Ltd.,Dipshikha Dhitopatra Karobar Co. Pvt Ltd.,10,1055.0,10550.0,2025-08-21 14:11:20.658673
2025-08-21,21929,2025082104009144,CGH,Trisul Securities & Invt. Ltd.,Magnet Securities and Investment Company Private Limited,150,1055.0,158250.0,2025-08-21 14:11:20.658704
2025-08-21,21928,2025082104009145,CGH,Trisul Securities & Invt. Ltd.,Vision Securities Pvt. Ltd,280,1055.0,295400.0,2025-08-21 14:11:20.658730
2025-08-21,21927,2025082104009146,CGH,Trisul Securities & Invt. Ltd.,Premier Securities Company Ltd.,25,1055.0,26375.0,2025-08-21 14:11:20.658756
2025-08-21,21926,2025082104009147,CGH,Trisul Securities & Invt. Ltd.,Imperial Securities Company Pvt. Ltd.,125,1059.8,132475.0,2025-08-21 14:11:20.658784
2025-08-21,21925,2025082104009148,CGH,Trisul Securities & Invt. Ltd.,Aryatara Investment & Securities,40,1060.0,42400.0,2025-08-21 14:11:20.658808
2025-08-21,21924,2025082104009149,CGH,Trisul Securities & Invt. Ltd.,Trisul Securities & Invt. Ltd.,100,1060.0,106000.0,2025-08-21 14:11:20.658831
2025-08-21,21923,2025082104009150,CGH,Trisul Securities & Invt. Ltd.,Dipshikha Dhitopatra Karobar Co. Pvt Ltd.,218,1060.0,231080.0,2025-08-21 14:11:20.658876
2025-08-21,21922,2025082104009151,CGH,Nepal Stock House (PVT) Ltd.,Vision Securities Pvt. Ltd,520,1050.0,546000.0,2025-08-21 14:11:20.774654
2025-08-21,21880,2025082104009163,CGH,Nepal Stock House (PVT) Ltd.,Vision Securities Pvt. Ltd,20,1050.0,21000.0,2025-08-21 14:11:34.885963
2025-08-21,21861,2025082104009168,CGH,Sweta Securities Private Limited,Oxford Securities Pvt. Ltd.,500,1050.2,525100.0,2025-08-21 14:11:39.218352
2025-08-21,21694,2025082104009229,CGH,Thrive Brokerage House Pvt. Ltd,Vision Securities Pvt. Ltd,20,1050.6,21012.0,2025-08-21 14:12:13.961748
2025-08-21,21634,2025082104009250,CGH,Thrive Brokerage House Pvt. Ltd,Vision Securities Pvt. Ltd,10,1050.6,10506.0,2025-08-21 14:12:27.748638
2025-08-21,21599,2025082104009261,CGH,Thrive Brokerage House Pvt. Ltd,Vision Securities Pvt. Ltd,20,1050.6,21012.0,2025-08-21 14:12:38.851653
2025-08-21,21588,2025082104009265,CGH,Sani Securities Company Ltd.,Market Securities & Exchange (PVT) Ltd.,200,1059.9,211980.0,2025-08-21 14:12:45.412893
2025-08-21,21587,2025082104009266,CGH,Sani Securities Company Ltd.,Kohinoor Investment & Securities Pvt. Ltd.,50,1059.9,52995.0,2025-08-21 14:12:45.412980
2025-08-21,21586,2025082104009267,CGH,Sani Securities Company Ltd.,Dipshikha Dhitopatra Karobar Co. Pvt Ltd.,50,1060.0,53000.0,2025-08-21 14:12:45.413010
2025-08-21,21556,2025082104009280,CGH,Thrive Brokerage House Pvt. Ltd,Vision Securities Pvt. Ltd,100,1050.6,105060.0,2025-08-21 14:12:50.990296
2025-08-21,21484,2025082104009289,CGH,Thrive Brokerage House Pvt. Ltd,Vision Securities Pvt. Ltd,100,1050.6,105060.0,2025-08-21 14:13:10.214991
2025-08-21,21483,2025082104009290,CGH,Kumari Securities Private Limited,Vision Securities Pvt. Ltd,200,1050.5,210100.0,2025-08-21 14:13:10.215604
2025-08-21,21482,2025082104009291,CGH,Siprabi Securities Pvt. Ltd.,Vision Securities Pvt. Ltd,10,1050.1,10501.0,2025-08-21 14:13:10.215996
2025-08-21,21399,2025082104009316,CGH,SUN SECURITIES PVT LTD,Imperial Securities Company Pvt. Ltd.,100,1051.0,105100.0,2025-08-21 14:13:28.739958
2025-08-21,21297,2025082104009328,CGH,Sweta Securities Private Limited,Dipshikha Dhitopatra Karobar Co. Pvt Ltd.,32,1060.0,33920.0,2025-08-21 14:13:44.720656
2025-08-21,21296,2025082104009329,CGH,Sweta Securities Private Limited,Secured Securities Ltd.,20,1060.0,21200.0,2025-08-21 14:13:44.721280
2025-08-21,21295,2025082104009330,CGH,Sweta Securities Private Limited,Naasa Securities Co. Ltd.,35,1060.0,37100.0,2025-08-21 14:13:44.721696
2025-08-21,21294,2025082104009331,CGH,Sweta Securities Private Limited,Sipla Securities Private Limited,20,1060.0,21200.0,2025-08-21 14:13:44.722075
2025-08-21,21293,2025082104009332,CGH,Sweta Securities Private Limited,Investment Management Nepal Pvt. Ltd.,50,1060.0,53000.0,2025-08-21 14:13:44.722469
2025-08-21,21292,2025082104009333,CGH,Sweta Securities Private Limited,Naasa Securities Co. Ltd.,50,1060.0,53000.0,2025-08-21 14:13:44.722831
2025-08-21,21291,2025082104009334,CGH,Sweta Securities Private Limited,Sani Securities Company Ltd.,1000,1060.0,1060000.0,2025-08-21 14:13:44.723189
2025-08-21,21290,2025082104009335,CGH,Sweta Securities Private Limited,Imperial Securities Company Pvt. Ltd.,30,1060.0,31800.0,2025-08-21 14:13:44.723575
2025-08-21,21289,2025082104009336,CGH,Sweta Securities Private Limited,Aryatara Investment & Securities,400,1060.0,424000.0,2025-08-21 14:13:44.723934
2025-08-21,21288,2025082104009337,CGH,Sweta Securities Private Limited,Imperial Securities Company Pvt. Ltd.,20,1060.0,21200.0,2025-08-21 14:13:44.724333
2025-08-21,21287,2025082104009338,CGH,Sweta Securities Private Limited,Shree Krishna Securities Ltd.,500,1060.0,530000.0,2025-08-21 14:13:44.724699
2025-08-21,21286,2025082104009339,CGH,Sweta Securities Private Limited,Vision Securities Pvt. Ltd,50,1060.0,53000.0,2025-08-21 14:13:44.725085
2025-08-21,21285,2025082104009340,CGH,Sweta Securities Private Limited,Hatemalo Financial Services Private Limited,375,1060.0,397500.0,2025-08-21 14:13:44.725481
2025-08-21,21284,2025082104009341,CGH,Sweta Securities Private Limited,Bhrikuti Stock Broking Co. Pvt. Ltd.,20,1060.0,21200.0,2025-08-21 14:13:44.725846
2025-08-21,21283,2025082104009342,CGH,Sweta Securities Private Limited,Sani Securities Company Ltd.,54,1060.0,57240.0,2025-08-21 14:13:44.726212
2025-08-21,20979,2025082104009370,CGH,Linch Stock Market Ltd.,Sani Securities Company Ltd.,90,1061.0,95490.0,2025-08-21 14:14:26.412242
2025-08-21,20925,2025082104009387,CGH,Sani Securities Company Ltd.,Sani Securities Company Ltd.,61,1061.0,64721.0,2025-08-21 14:14:39.576163
2025-08-21,19857,2025082104009629,CGH,SUN SECURITIES PVT LTD,ABC Securities Private Limited,10,1052.1,10521.0,2025-08-21 14:19:05.786782
2025-08-21,19751,2025082104009649,CGH,Sharepro Securities Private Limited,Imperial Securities Company Pvt. Ltd.,100,1057.0,105700.0,2025-08-21 14:19:40.573765
2025-08-21,19750,2025082104009650,CGH,Sharepro Securities Private Limited,Naasa Securities Co. Ltd.,100,1058.0,105800.0,2025-08-21 14:19:40.574438
2025-08-21,19749,2025082104009651,CGH,Sharepro Securities Private Limited,Cristal Kanchanjanga Securites Pvt. Ltd.,10,1058.0,10580.0,2025-08-21 14:19:40.574911
2025-08-21,19748,2025082104009652,CGH,Sharepro Securities Private Limited,Neev Securities Pvt. Ltd.,400,1058.0,423200.0,2025-08-21 14:19:40.575285
2025-08-21,19747,2025082104009653,CGH,Sharepro Securities Private Limited,Online Securities Pvt. Ltd.,10,1058.5,10585.0,2025-08-21 14:19:40.575641
2025-08-21,19746,2025082104009654,CGH,Sharepro Securities Private Limited,Sani Securities Company Ltd.,50,1058.9,52945.0,2025-08-21 14:19:40.575782
2025-08-21,19745,2025082104009655,CGH,Sharepro Securities Private Limited,South Asian Bulls Pvt. Ltd.,50,1059.0,52950.0,2025-08-21 14:19:40.575909
2025-08-21,19744,2025082104009656,CGH,Sharepro Securities Private Limited,South Asian Bulls Pvt. Ltd.,50,1059.0,52950.0,2025-08-21 14:19:40.576045
2025-08-21,19743,2025082104009657,CGH,Sharepro Securities Private Limited,Market Securities & Exchange (PVT) Ltd.,200,1059.9,211980.0,2025-08-21 14:19:40.576174
2025-08-21,19742,2025082104009658,CGH,Sharepro Securities Private Limited,Cristal Kanchanjanga Securites Pvt. Ltd.,10,1060.0,10600.0,2025-08-21 14:19:40.576303
2025-08-21,19697,2025082104009667,CGH,Sharepro Securities Private Limited,Kohinoor Investment & Securities Pvt. Ltd.,50,1060.0,53000.0,2025-08-21 14:19:51.147930
2025-08-21,19686,2025082104009672,CGH,Sharepro Securities Private Limited,Dipshikha Dhitopatra Karobar Co. Pvt Ltd.,65,1060.0,68900.0,2025-08-21 14:19:54.721707
2025-08-21,19685,2025082104009673,CGH,Sharepro Securities Private Limited,Neev Securities Pvt. Ltd.,605,1060.0,641300.0,2025-08-21 14:19:54.919508
2025-08-21,19441,2025082104009718,CGH,Primo Securities (PVT) Ltd.,Imperial Securities Company Pvt. Ltd.,100,1057.0,105700.0,2025-08-21 14:21:09.126612
2025-08-21,19026,2025082104009835,CGH,Global IME Securities Limited,ABC Securities Private Limited,10,1060.0,10600.0,2025-08-21 14:23:00.479644
2025-08-21,18462,2025082104009957,CGH,SUN SECURITIES PVT LTD,ABC Securities Private Limited,40,1057.1,42284.0,2025-08-21 14:25:24.510971
2025-08-21,18081,2025082104010056,CGH,SUN SECURITIES PVT LTD,ABC Securities Private Limited,50,1057.1,52855.0,2025-08-21 14:26:59.364356
2025-08-21,17500,2025082104010173,CGH,Online Securities Pvt. Ltd.,Neev Securities Pvt. Ltd.,50,1056.0,52800.0,2025-08-21 14:29:26.814758
2025-08-21,17499,2025082104010174,CGH,Thrive Brokerage House Pvt. Ltd,Neev Securities Pvt. Ltd.,200,1056.0,211200.0,2025-08-21 14:29:26.815237
2025-08-21,16922,2025082104010358,CGH,Vision Securities Pvt. Ltd,Aryatara Investment & Securities,230,1053.1,242213.0,2025-08-21 14:31:42.638634
2025-08-21,16877,2025082104010367,CGH,Nepal Stock House (PVT) Ltd.,ABC Securities Private Limited,10,1053.0,10530.0,2025-08-21 14:31:52.989847
2025-08-21,16467,2025082104010439,CGH,Naasa Securities Co. Ltd.,Oxford Securities Pvt. Ltd.,70,1054.5,73815.0,2025-08-21 14:33:21.691460
2025-08-21,16466,2025082104010440,CGH,Naasa Securities Co. Ltd.,Secured Securities Ltd.,400,1055.0,422000.0,2025-08-21 14:33:21.691871
2025-08-21,16465,2025082104010441,CGH,Naasa Securities Co. Ltd.,Kalika Securities Pvt. Ltd.,10,1055.0,10550.0,2025-08-21 14:33:21.692011
2025-08-21,16055,2025082104010518,CGH,Naasa Securities Co. Ltd.,Neev Securities Pvt. Ltd.,20,1055.0,21100.0,2025-08-21 14:34:37.230409
2025-08-21,16054,2025082104010519,CGH,Nepal Stock House (PVT) Ltd.,Neev Securities Pvt. Ltd.,218,1055.0,229990.0,2025-08-21 14:34:37.231071
2025-08-21,15839,2025082104010570,CGH,Nepal Stock House (PVT) Ltd.,Kohinoor Investment & Securities Pvt. Ltd.,200,1055.0,211000.0,2025-08-21 14:35:24.724208
2025-08-21,15762,2025082104010579,CGH,Nepal Stock House (PVT) Ltd.,Neev Securities Pvt. Ltd.,131,1056.0,138336.0,2025-08-21 14:35:32.577279
2025-08-21,15724,2025082104010585,CGH,Nepal Stock House (PVT) Ltd.,Sweta Securities Private Limited,10,1055.0,10550.0,2025-08-21 14:35:42.005231
2025-08-21,15297,2025082104010695,CGH,Ashutosh Brokerage & Securities (PVT) Ltd.,Sani Securities Company Ltd.,75,1056.0,79200.0,2025-08-21 14:36:38.595126
2025-08-21,15148,2025082104010738,CGH,Nepal Stock House (PVT) Ltd.,Online Securities Pvt. Ltd.,41,1058.0,43378.0,2025-08-21 14:37:07.815237
2025-08-21,14323,2025082104010978,CGH,Ashutosh Brokerage & Securities (PVT) Ltd.,Secured Securities Ltd.,100,1056.0,105600.0,2025-08-21 14:38:57.002364
2025-08-21,14316,2025082104010984,CGH,Trisul Securities & Invt. Ltd.,Deevyaa Securities & Stock House Pvt. Ltd,50,1058.0,52900.0,2025-08-21 14:38:57.618251
2025-08-21,14315,2025082104010985,CGH,Trisul Securities & Invt. Ltd.,Sani Securities Company Ltd.,160,1058.0,169280.0,2025-08-21 14:38:57.618380
2025-08-21,14314,2025082104010986,CGH,Trisul Securities & Invt. Ltd.,Sweta Securities Private Limited,11,1059.0,11649.0,2025-08-21 14:38:57.618468
2025-08-21,14313,2025082104010987,CGH,Trisul Securities & Invt. Ltd.,Imperial Securities Company Pvt. Ltd.,100,1059.9,105990.0,2025-08-21 14:38:57.618584
2025-08-21,14312,2025082104010988,CGH,Trisul Securities & Invt. Ltd.,ABC Securities Private Limited,100,1059.9,105990.0,2025-08-21 14:38:57.618646
2025-08-21,14311,2025082104010989,CGH,Trisul Securities & Invt. Ltd.,South Asian Bulls Pvt. Ltd.,50,1060.0,53000.0,2025-08-21 14:38:57.618721
2025-08-21,14310,2025082104010990,CGH,Trisul Securities & Invt. Ltd.,Trisul Securities & Invt. Ltd.,100,1060.0,106000.0,2025-08-21 14:38:57.618812
2025-08-21,14309,2025082104010991,CGH,Trisul Securities & Invt. Ltd.,ABC Securities Private Limited,100,1060.0,106000.0,2025-08-21 14:38:57.618891
2025-08-21,14308,2025082104010992,CGH,Trisul Securities & Invt. Ltd.,Kumari Securities Private Limited,50,1060.0,53000.0,2025-08-21 14:38:57.618965
2025-08-21,14307,2025082104010993,CGH,Trisul Securities & Invt. Ltd.,South Asian Bulls Pvt. Ltd.,50,1060.0,53000.0,2025-08-21 14:38:57.619021
2025-08-21,14306,2025082104010994,CGH,Trisul Securities & Invt. Ltd.,Imperial Securities Company Pvt. Ltd.,10,1060.0,10600.0,2025-08-21 14:38:57.619092
2025-08-21,14305,2025082104010995,CGH,Trisul Securities & Invt. Ltd.,Sri Hari Securities Pvt. Ltd.,50,1060.0,53000.0,2025-08-21 14:38:57.619184
2025-08-21,14304,2025082104010996,CGH,Trisul Securities & Invt. Ltd.,Creative Securities Pvt Ltd,169,1060.0,179140.0,2025-08-21 14:38:57.619281
2025-08-21,14295,2025082104010998,CGH,Ashutosh Brokerage & Securities (PVT) Ltd.,Capital Max Securities Ltd,225,1056.0,237600.0,2025-08-21 14:38:59.439110
2025-08-21,14294,2025082104010999,CGH,Ashutosh Brokerage & Securities (PVT) Ltd.,Capital Max Securities Ltd,100,1056.0,105600.0,2025-08-21 14:38:59.439214
2025-08-21,14293,2025082104011000,CGH,Sundhara Securities Limited,Capital Max Securities Ltd,150,1056.0,158400.0,2025-08-21 14:38:59.439309
2025-08-21,14292,2025082104011001,CGH,Nepal Stock House (PVT) Ltd.,Capital Max Securities Ltd,525,1055.0,553875.0,2025-08-21 14:38:59.439391
2025-08-21,14109,2025082104011041,CGH,Nepal Stock House (PVT) Ltd.,APPLE SECURITIES PRIVATE LIMITED,47,1058.0,49726.0,2025-08-21 14:39:32.451291
2025-08-21,13992,2025082104011070,CGH,Nepal Stock House (PVT) Ltd.,Oxford Securities Pvt. Ltd.,200,1055.0,211000.0,2025-08-21 14:39:49.680355
2025-08-21,13978,2025082104011080,CGH,Nepal Stock House (PVT) Ltd.,NIMB Stock Markets Limited,2257,1055.0,2381135.0,2025-08-21 14:39:51.046375
2025-08-21,13977,2025082104011081,CGH,Naasa Securities Co. Ltd.,NIMB Stock Markets Limited,96,1055.0,101280.0,2025-08-21 14:39:51.046693
2025-08-21,13902,2025082104011091,CGH,Midas Stock Broking Company Private Limited,NIMB Stock Markets Limited,147,1053.0,154791.0,2025-08-21 14:40:04.143733
2025-08-21,13774,2025082104011109,CGH,Midas Stock Broking Company Private Limited,Dakshinkali Investment & Securities Pvt. Ltd.,10,1053.0,10530.0,2025-08-21 14:40:29.508553
2025-08-21,13688,2025082104011143,CGH,Midas Stock Broking Company Private Limited,Opal Securities Investment (PVT) Ltd.,10,1053.0,10530.0,2025-08-21 14:40:42.041355
2025-08-21,13308,2025082104011247,CGH,Trishakti Securities Public Limited,Capital Max Securities Ltd,10,1056.9,10569.0,2025-08-21 14:41:36.386911
2025-08-21,13307,2025082104011248,CGH,Trishakti Securities Public Limited,Miyo Securities Pvt Ltd,50,1057.0,52850.0,2025-08-21 14:41:36.386958
2025-08-21,13306,2025082104011249,CGH,Trishakti Securities Public Limited,Market Securities & Exchange (PVT) Ltd.,200,1057.8,211560.0,2025-08-21 14:41:36.386989
2025-08-21,13305,2025082104011250,CGH,Trishakti Securities Public Limited,APPLE SECURITIES PRIVATE LIMITED,23,1058.0,24334.0,2025-08-21 14:41:36.387016
2025-08-21,12851,2025082104011340,CGH,Kohinoor Investment & Securities Pvt. Ltd.,Hatemalo Financial Services Private Limited,100,1056.0,105600.0,2025-08-21 14:42:27.241629
2025-08-21,12850,2025082104011341,CGH,Kohinoor Investment & Securities Pvt. Ltd.,Hatemalo Financial Services Private Limited,100,1054.0,105400.0,2025-08-21 14:42:27.241673
2025-08-21,12797,2025082104011362,CGH,Kohinoor Investment & Securities Pvt. Ltd.,Opal Securities Investment (PVT) Ltd.,40,1054.0,42160.0,2025-08-21 14:42:33.661638
2025-08-21,12621,2025082104011437,CGH,Kohinoor Investment & Securities Pvt. Ltd.,Imperial Securities Company Pvt. Ltd.,10,1054.0,10540.0,2025-08-21 14:42:49.285055
2025-08-21,12605,2025082104011445,CGH,Kohinoor Investment & Securities Pvt. Ltd.,Cristal Kanchanjanga Securites Pvt. Ltd.,50,1054.0,52700.0,2025-08-21 14:42:54.555643
2025-08-21,12468,2025082104011472,CGH,Nepal Stock House (PVT) Ltd.,Nepal Investment And Securities Trading Private Limited,71,1055.0,74905.0,2025-08-21 14:43:11.761410
2025-08-21,12402,2025082104011479,CGH,Kohinoor Investment & Securities Pvt. Ltd.,Opal Securities Investment (PVT) Ltd.,110,1054.0,115940.0,2025-08-21 14:43:21.937446
2025-08-21,12358,2025082104011487,CGH,Kohinoor Investment & Securities Pvt. Ltd.,Online Securities Pvt. Ltd.,190,1054.0,200260.0,2025-08-21 14:43:29.682448
2025-08-21,12297,2025082104011494,CGH,Nepal Stock House (PVT) Ltd.,Aryatara Investment & Securities,10,1054.0,10540.0,2025-08-21 14:43:39.306911
2025-08-21,12245,2025082104011509,CGH,Naasa Securities Co. Ltd.,Aryatara Investment & Securities,32,1054.0,33728.0,2025-08-21 14:43:46.779473
2025-08-21,12082,2025082104011593,CGH,Midas Stock Broking Company Private Limited,Opal Securities Investment (PVT) Ltd.,20,1053.0,21060.0,2025-08-21 14:43:59.161111
2025-08-21,11785,2025082104011669,CGH,Midas Stock Broking Company Private Limited,Opal Securities Investment (PVT) Ltd.,30,1053.0,31590.0,2025-08-21 14:44:31.428381
2025-08-21,11713,2025082104011685,CGH,Midas Stock Broking Company Private Limited,Imperial Securities Company Pvt. Ltd.,113,1053.0,118989.0,2025-08-21 14:44:40.651092
2025-08-21,11712,2025082104011686,CGH,Nepal Stock House (PVT) Ltd.,Imperial Securities Company Pvt. Ltd.,943,1051.0,991093.0,2025-08-21 14:44:40.651404
2025-08-21,11162,2025082104011914,CGH,Nepal Stock House (PVT) Ltd.,Sweta Securities Private Limited,10,1051.0,10510.0,2025-08-21 14:45:19.740370
2025-08-21,11001,2025082104011970,CGH,Nepal Stock House (PVT) Ltd.,Vision Securities Pvt. Ltd,1505,1051.1,1581905.5,2025-08-21 14:45:41.636035
2025-08-21,11000,2025082104011971,CGH,Nepal Stock House (PVT) Ltd.,Vision Securities Pvt. Ltd,547,1051.0,574897.0,2025-08-21 14:45:41.636651
2025-08-21,10999,2025082104011972,CGH,Sundhara Securities Limited,Vision Securities Pvt. Ltd,100,1051.0,105100.0,2025-08-21 14:45:41.637073
2025-08-21,10998,2025082104011973,CGH,Dynamic Money Managers Securities Pvt. Ltd.,Vision Securities Pvt. Ltd,1048,1050.5,1100924.0,2025-08-21 14:45:41.637498
2025-08-21,10859,2025082104012013,CGH,Dynamic Money Managers Securities Pvt. Ltd.,Vision Securities Pvt. Ltd,60,1050.5,63030.0,2025-08-21 14:45:59.781788
2025-08-21,10545,2025082104012093,CGH,Vision Securities Pvt. Ltd,Vision Securities Pvt. Ltd,20,1050.6,21012.0,2025-08-21 14:46:35.067611
2025-08-21,10118,2025082104012182,CGH,Nepal Stock House (PVT) Ltd.,Dipshikha Dhitopatra Karobar Co. Pvt Ltd.,100,1051.5,105150.0,2025-08-21 14:47:35.518958
2025-08-21,9913,2025082104012226,CGH,Vision Securities Pvt. Ltd,NIMB Stock Markets Limited,64,1051.1,67270.4,2025-08-21 14:47:59.750976
2025-08-21,9912,2025082104012227,CGH,Nepal Stock House (PVT) Ltd.,NIMB Stock Markets Limited,200,1051.0,210200.0,2025-08-21 14:47:59.751624
2025-08-21,9911,2025082104012228,CGH,Dynamic Money Managers Securities Pvt. Ltd.,NIMB Stock Markets Limited,346,1050.5,363473.0,2025-08-21 14:47:59.752038
2025-08-21,9827,2025082104012245,CGH,Global IME Securities Limited,Deevyaa Securities & Stock House Pvt. Ltd,200,1053.8,210760.0,2025-08-21 14:48:09.716272
2025-08-21,9826,2025082104012246,CGH,Global IME Securities Limited,Primo Securities (PVT) Ltd.,390,1053.9,411021.0,2025-08-21 14:48:09.716619
2025-08-21,9825,2025082104012247,CGH,Global IME Securities Limited,Aryatara Investment & Securities,206,1054.0,217124.0,2025-08-21 14:48:09.716810
2025-08-21,9824,2025082104012248,CGH,Global IME Securities Limited,Nepal Stock House (PVT) Ltd.,25,1054.0,26350.0,2025-08-21 14:48:09.717073
2025-08-21,9823,2025082104012249,CGH,Global IME Securities Limited,Aryatara Investment & Securities,50,1055.0,52750.0,2025-08-21 14:48:09.717293
2025-08-21,9822,2025082104012250,CGH,Global IME Securities Limited,Sundhara Securities Limited,10,1055.0,10550.0,2025-08-21 14:48:09.717463
2025-08-21,9821,2025082104012251,CGH,Global IME Securities Limited,Kalika Securities Pvt. Ltd.,100,1055.0,105500.0,2025-08-21 14:48:09.717628
2025-08-21,9626,2025082104012290,CGH,Kohinoor Investment & Securities Pvt. Ltd.,J.F. Securites (PVT) Ltd.,20,1055.9,21118.0,2025-08-21 14:48:30.840332
2025-08-21,9625,2025082104012291,CGH,Kohinoor Investment & Securities Pvt. Ltd.,Imperial Securities Company Pvt. Ltd.,80,1056.0,84480.0,2025-08-21 14:48:30.840679
2025-08-21,9623,2025082104012292,CGH,Global IME Securities Limited,Imperial Securities Company Pvt. Ltd.,100,1055.0,105500.0,2025-08-21 14:48:31.061900
2025-08-21,9262,2025082104012425,CGH,Kohinoor Investment & Securities Pvt. Ltd.,Imperial Securities Company Pvt. Ltd.,100,1055.5,105550.0,2025-08-21 14:49:04.452070
2025-08-21,9197,2025082104012453,CGH,Global IME Securities Limited,APPLE SECURITIES PRIVATE LIMITED,50,1055.0,52750.0,2025-08-21 14:49:09.734780
2025-08-21,9181,2025082104012457,CGH,Global IME Securities Limited,Market Securities & Exchange (PVT) Ltd.,1000,1055.0,1055000.0,2025-08-21 14:49:12.428691
2025-08-21,9070,2025082104012482,CGH,Kohinoor Investment & Securities Pvt. Ltd.,Imperial Securities Company Pvt. Ltd.,100,1055.1,105510.0,2025-08-21 14:49:22.692614
2025-08-21,9069,2025082104012483,CGH,Global IME Securities Limited,Imperial Securities Company Pvt. Ltd.,695,1055.0,733225.0,2025-08-21 14:49:22.692986
2025-08-21,8987,2025082104012504,CGH,Property Wiard Limited,Neev Securities Pvt. Ltd.,500,1056.0,528000.0,2025-08-21 14:49:38.581191
2025-08-21,8855,2025082104012541,CGH,Online Securities Pvt. Ltd.,Vision Securities Pvt. Ltd,54,1055.1,56975.4,2025-08-21 14:49:52.281340
2025-08-21,8831,2025082104012545,CGH,Online Securities Pvt. Ltd.,Aryatara Investment & Securities,50,1055.1,52755.0,2025-08-21 14:49:54.914214
2025-08-21,8805,2025082104012550,CGH,Naasa Securities Co. Ltd.,Online Securities Pvt. Ltd.,10,1056.0,10560.0,2025-08-21 14:49:57.828142
2025-08-21,8677,2025082104012593,CGH,Kohinoor Investment & Securities Pvt. Ltd.,Oxford Securities Pvt. Ltd.,50,1057.0,52850.0,2025-08-21 14:50:13.578527
2025-08-21,8676,2025082104012594,CGH,Kohinoor Investment & Securities Pvt. Ltd.,APPLE SECURITIES PRIVATE LIMITED,130,1058.0,137540.0,2025-08-21 14:50:13.578590
2025-08-21,8675,2025082104012595,CGH,Kohinoor Investment & Securities Pvt. Ltd.,Sajilo Broker Limited,70,1059.9,74193.0,2025-08-21 14:50:13.578623
2025-08-21,8674,2025082104012596,CGH,Kohinoor Investment & Securities Pvt. Ltd.,Market Securities & Exchange (PVT) Ltd.,50,1059.9,52995.0,2025-08-21 14:50:13.578662
2025-08-21,8061,2025082104012754,CGH,Nepal Stock House (PVT) Ltd.,Imperial Securities Company Pvt. Ltd.,99,1059.0,104841.0,2025-08-21 14:51:22.480935
2025-08-21,7955,2025082104012786,CGH,Premier Securities Company Ltd.,Market Securities & Exchange (PVT) Ltd.,50,1059.9,52995.0,2025-08-21 14:51:33.104581
2025-08-21,7873,2025082104012810,CGH,Nepal Stock House (PVT) Ltd.,Market Securities & Exchange (PVT) Ltd.,191,1059.9,202440.9,2025-08-21 14:51:42.366131
2025-08-21,7656,2025082104012880,CGH,Global IME Securities Limited,Sani Securities Company Ltd.,10,1060.0,10600.0,2025-08-21 14:52:14.382803
2025-08-21,7453,2025082104012923,CGH,Sewa Securities Pvt. Ltd.,Agrawal Securities (PVT) Ltd.,20,1056.1,21122.0,2025-08-21 14:52:34.860890
2025-08-21,7364,2025082104012944,CGH,ABC Securities Private Limited,Cristal Kanchanjanga Securites Pvt. Ltd.,10,1059.0,10590.0,2025-08-21 14:52:44.903991
2025-08-21,6880,2025082104013067,CGH,Vision Securities Pvt. Ltd,Cristal Kanchanjanga Securites Pvt. Ltd.,90,1059.0,95310.0,2025-08-21 14:53:31.227647
2025-08-21,6879,2025082104013068,CGH,Vision Securities Pvt. Ltd,ABC Securities Private Limited,100,1059.0,105900.0,2025-08-21 14:53:31.228075
2025-08-21,6878,2025082104013069,CGH,Vision Securities Pvt. Ltd,Naasa Securities Co. Ltd.,126,1059.0,133434.0,2025-08-21 14:53:31.228405
2025-08-21,6877,2025082104013070,CGH,Vision Securities Pvt. Ltd,Market Securities & Exchange (PVT) Ltd.,500,1059.9,529950.0,2025-08-21 14:53:31.228597
2025-08-21,6876,2025082104013071,CGH,Vision Securities Pvt. Ltd,Imperial Securities Company Pvt. Ltd.,50,1059.9,52995.0,2025-08-21 14:53:31.228831
2025-08-21,6875,2025082104013072,CGH,Vision Securities Pvt. Ltd,Sani Securities Company Ltd.,134,1060.0,142040.0,2025-08-21 14:53:31.228986
2025-08-21,6817,2025082104013097,CGH,Sewa Securities Pvt. Ltd.,Infinity Securities Limited,100,1056.1,105610.0,2025-08-21 14:53:37.116215
2025-08-21,6812,2025082104013098,CGH,Sewa Securities Pvt. Ltd.,Cristal Kanchanjanga Securites Pvt. Ltd.,50,1056.1,52805.0,2025-08-21 14:53:37.688786
2025-08-21,6701,2025082104013131,CGH,Sani Securities Company Ltd.,Sani Securities Company Ltd.,56,1060.0,59360.0,2025-08-21 14:53:46.662879
2025-08-21,6700,2025082104013132,CGH,Sani Securities Company Ltd.,Online Securities Pvt. Ltd.,10,1060.0,10600.0,2025-08-21 14:53:46.663187
2025-08-21,6699,2025082104013133,CGH,Sani Securities Company Ltd.,Midas Stock Broking Company Private Limited,34,1060.0,36040.0,2025-08-21 14:53:46.663334
2025-08-21,6662,2025082104013139,CGH,Sewa Securities Pvt. Ltd.,Dakshinkali Investment & Securities Pvt. Ltd.,10,1056.1,10561.0,2025-08-21 14:53:50.887643
2025-08-21,6626,2025082104013161,CGH,Sewa Securities Pvt. Ltd.,Linch Stock Market Ltd.,20,1056.1,21122.0,2025-08-21 14:53:53.721270
2025-08-21,6625,2025082104013162,CGH,Naasa Securities Co. Ltd.,Linch Stock Market Ltd.,32,1056.0,33792.0,2025-08-21 14:53:53.721591
2025-08-21,6624,2025082104013163,CGH,Nabil Stock Dealer Ltd.,Linch Stock Market Ltd.,148,1056.0,156288.0,2025-08-21 14:53:53.721731
2025-08-21,6246,2025082104013265,CGH,Nabil Stock Dealer Ltd.,ABC Securities Private Limited,30,1056.0,31680.0,2025-08-21 14:54:30.129399
2025-08-21,6219,2025082104013269,CGH,Global IME Securities Limited,Investment Management Nepal Pvt. Ltd.,140,1058.0,148120.0,2025-08-21 14:54:33.782106
2025-08-21,6218,2025082104013270,CGH,Global IME Securities Limited,Hatemalo Financial Services Private Limited,275,1058.0,290950.0,2025-08-21 14:54:33.782446
2025-08-21,6217,2025082104013271,CGH,Global IME Securities Limited,Primo Securities (PVT) Ltd.,100,1059.0,105900.0,2025-08-21 14:54:33.782617
2025-08-21,6216,2025082104013272,CGH,Global IME Securities Limited,ABC Securities Private Limited,50,1059.7,52985.0,2025-08-21 14:54:33.782771
2025-08-21,6215,2025082104013273,CGH,Global IME Securities Limited,Ashutosh Brokerage & Securities (PVT) Ltd.,420,1059.7,445074.0,2025-08-21 14:54:33.782914
2025-08-21,6214,2025082104013274,CGH,Global IME Securities Limited,Trishakti Securities Public Limited,350,1059.8,370930.0,2025-08-21 14:54:33.783056
2025-08-21,6213,2025082104013275,CGH,Global IME Securities Limited,Linch Stock Market Ltd.,100,1059.9,105990.0,2025-08-21 14:54:33.783220
2025-08-21,6212,2025082104013276,CGH,Global IME Securities Limited,Midas Stock Broking Company Private Limited,46,1060.0,48760.0,2025-08-21 14:54:33.783378
2025-08-21,6211,2025082104013277,CGH,Global IME Securities Limited,Cristal Kanchanjanga Securites Pvt. Ltd.,50,1060.0,53000.0,2025-08-21 14:54:33.783538
2025-08-21,6210,2025082104013278,CGH,Global IME Securities Limited,Sewa Securities Pvt. Ltd.,50,1060.0,53000.0,2025-08-21 14:54:33.783695
2025-08-21,6209,2025082104013279,CGH,Global IME Securities Limited,Linch Stock Market Ltd.,100,1060.0,106000.0,2025-08-21 14:54:33.783840
2025-08-21,6208,2025082104013280,CGH,Global IME Securities Limited,Nepal Stock House (PVT) Ltd.,200,1060.0,212000.0,2025-08-21 14:54:33.783991
2025-08-21,6207,2025082104013281,CGH,Global IME Securities Limited,Capital Max Securities Ltd,70,1060.0,74200.0,2025-08-21 14:54:33.784180
2025-08-21,6206,2025082104013282,CGH,Global IME Securities Limited,Primo Securities (PVT) Ltd.,200,1060.0,212000.0,2025-08-21 14:54:33.784329
2025-08-21,6205,2025082104013283,CGH,Global IME Securities Limited,Trisul Securities & Invt. Ltd.,23,1060.0,24380.0,2025-08-21 14:54:33.784471
2025-08-21,6064,2025082104013311,CGH,Global IME Securities Limited,Linch Stock Market Ltd.,200,1059.9,211980.0,2025-08-21 14:54:48.827864
2025-08-21,6063,2025082104013312,CGH,Global IME Securities Limited,Trisul Securities & Invt. Ltd.,477,1060.0,505620.0,2025-08-21 14:54:48.828188
2025-08-21,6062,2025082104013313,CGH,Global IME Securities Limited,Naasa Securities Co. Ltd.,100,1060.0,106000.0,2025-08-21 14:54:48.828339
