Date,S.N.,contract_id,symbol,buyer_broker,seller_broker,volume,price,amount,transaction_time
2025-08-21,56809,2025082103000005,JBBL,Vision Securities Pvt. Ltd,Bhrikuti Stock Broking Co. Pvt. Ltd.,10,342.6,3426.0,2025-08-21 10:46:00.032789
2025-08-21,55884,2025082103000136,JBBL,Aryatara Investment & Securities,Naasa Securities Co. Ltd.,50,337.5,16875.0,2025-08-21 11:09:41.969572
2025-08-21,55883,2025082103000137,JBBL,Aryatara Investment & Securities,Secured Securities Ltd.,10,338.0,3380.0,2025-08-21 11:09:41.969630
2025-08-21,55882,2025082103000138,JBBL,Aryatara Investment & Securities,Bhrikuti Stock Broking Co. Pvt. Ltd.,25,339.0,8475.0,2025-08-21 11:09:41.969658
2025-08-21,53983,2025082103000380,JBBL,Kalika Securities Pvt. Ltd.,Imperial Securities Company Pvt. Ltd.,30,338.9,10167.0,2025-08-21 11:23:47.710388
2025-08-21,53227,2025082103000446,JBBL,Sumeru Securities Pvt. Ltd.,Malla & Malla Stock Broking Company Pvt. Limited,30,338.0,10140.0,2025-08-21 11:28:44.202384
2025-08-21,51675,2025082103000675,JBBL,Thrive Brokerage House Pvt. Ltd,Malla & Malla Stock Broking Company Pvt. Limited,20,338.0,6760.0,2025-08-21 11:37:31.072150
2025-08-21,51674,2025082103000676,JBBL,Thrive Brokerage House Pvt. Ltd,Imperial Securities Company Pvt. Ltd.,190,338.0,64220.0,2025-08-21 11:37:31.072306
2025-08-21,51673,2025082103000677,JBBL,Thrive Brokerage House Pvt. Ltd,Aryatara Investment & Securities,10,338.0,3380.0,2025-08-21 11:37:31.072359
2025-08-21,51672,2025082103000678,JBBL,Thrive Brokerage House Pvt. Ltd,Garima Securities Limited,27,338.0,9126.0,2025-08-21 11:37:31.072411
2025-08-21,51671,2025082103000679,JBBL,Thrive Brokerage House Pvt. Ltd,Cristal Kanchanjanga Securites Pvt. Ltd.,100,338.8,33880.0,2025-08-21 11:37:31.072460
2025-08-21,51670,2025082103000680,JBBL,Thrive Brokerage House Pvt. Ltd,Vision Securities Pvt. Ltd,20,338.8,6776.0,2025-08-21 11:37:31.072507
2025-08-21,51669,2025082103000681,JBBL,Thrive Brokerage House Pvt. Ltd,Imperial Securities Company Pvt. Ltd.,533,338.9,180633.7,2025-08-21 11:37:31.072557
2025-08-21,51668,2025082103000682,JBBL,Thrive Brokerage House Pvt. Ltd,Bhrikuti Stock Broking Co. Pvt. Ltd.,100,339.0,33900.0,2025-08-21 11:37:31.072605
2025-08-21,50652,2025082103000824,JBBL,Ashutosh Brokerage & Securities (PVT) Ltd.,Imperial Securities Company Pvt. Ltd.,10,338.0,3380.0,2025-08-21 11:44:16.327553
2025-08-21,50651,2025082103000825,JBBL,Ashutosh Brokerage & Securities (PVT) Ltd.,Capital Max Securities Ltd,10,338.0,3380.0,2025-08-21 11:44:16.327779
2025-08-21,49757,2025082103000963,JBBL,Beni Securities Pvt.Ltd.,Capital Max Securities Ltd,90,338.0,30420.0,2025-08-21 11:50:22.763986
2025-08-21,49756,2025082103000964,JBBL,Beni Securities Pvt.Ltd.,Garima Securities Limited,25,338.0,8450.0,2025-08-21 11:50:22.764118
2025-08-21,49755,2025082103000965,JBBL,Beni Securities Pvt.Ltd.,Bhrikuti Stock Broking Co. Pvt. Ltd.,265,339.0,89835.0,2025-08-21 11:50:22.764210
2025-08-21,49754,2025082103000966,JBBL,Beni Securities Pvt.Ltd.,Ashutosh Brokerage & Securities (PVT) Ltd.,620,339.0,210180.0,2025-08-21 11:50:22.764283
2025-08-21,48747,2025082103001166,JBBL,Beni Securities Pvt.Ltd.,Ashutosh Brokerage & Securities (PVT) Ltd.,744,339.0,252216.0,2025-08-21 11:56:31.629389
2025-08-21,48746,2025082103001167,JBBL,Beni Securities Pvt.Ltd.,Garima Securities Limited,25,339.0,8475.0,2025-08-21 11:56:31.629478
2025-08-21,48745,2025082103001168,JBBL,Beni Securities Pvt.Ltd.,Trisul Securities & Invt. Ltd.,11,340.0,3740.0,2025-08-21 11:56:31.629578
2025-08-21,47839,2025082103001290,JBBL,Naasa Securities Co. Ltd.,Trisul Securities & Invt. Ltd.,50,340.0,17000.0,2025-08-21 12:01:49.839647
2025-08-21,47491,2025082103001336,JBBL,Imperial Securities Company Pvt. Ltd.,Naasa Securities Co. Ltd.,24,336.4,8073.6,2025-08-21 12:03:45.343680
2025-08-21,47150,2025082103001378,JBBL,Imperial Securities Company Pvt. Ltd.,Naasa Securities Co. Ltd.,24,336.4,8073.6,2025-08-21 12:05:35.185098
2025-08-21,47081,2025082103001384,JBBL,Beni Securities Pvt.Ltd.,Trisul Securities & Invt. Ltd.,10,340.0,3400.0,2025-08-21 12:05:58.970805
2025-08-21,47021,2025082103001395,JBBL,Beni Securities Pvt.Ltd.,Trisul Securities & Invt. Ltd.,10,340.0,3400.0,2025-08-21 12:06:21.035525
2025-08-21,46119,2025082103001546,JBBL,Midas Stock Broking Company Private Limited,Imperial Securities Company Pvt. Ltd.,1000,339.0,339000.0,2025-08-21 12:10:47.888741
2025-08-21,46100,2025082103001548,JBBL,Imperial Securities Company Pvt. Ltd.,Imperial Securities Company Pvt. Ltd.,352,337.3,118729.6,2025-08-21 12:10:55.064289
2025-08-21,46099,2025082103001549,JBBL,Opal Securities Investment (PVT) Ltd.,Imperial Securities Company Pvt. Ltd.,648,337.2,218505.6,2025-08-21 12:10:55.064408
2025-08-21,46080,2025082103001553,JBBL,Opal Securities Investment (PVT) Ltd.,Imperial Securities Company Pvt. Ltd.,852,337.2,287294.4,2025-08-21 12:11:03.129106
2025-08-21,46079,2025082103001554,JBBL,Creative Securities Pvt Ltd,Imperial Securities Company Pvt. Ltd.,148,336.5,49802.0,2025-08-21 12:11:03.129267
2025-08-21,46059,2025082103001561,JBBL,Creative Securities Pvt Ltd,Imperial Securities Company Pvt. Ltd.,852,336.5,286698.0,2025-08-21 12:11:12.217523
2025-08-21,46058,2025082103001562,JBBL,Agrawal Securities (PVT) Ltd.,Imperial Securities Company Pvt. Ltd.,100,336.1,33610.0,2025-08-21 12:11:12.217754
2025-08-21,46057,2025082103001563,JBBL,Shree Krishna Securities Ltd.,Imperial Securities Company Pvt. Ltd.,48,336.0,16128.0,2025-08-21 12:11:12.217915
2025-08-21,46037,2025082103001567,JBBL,Shree Krishna Securities Ltd.,Imperial Securities Company Pvt. Ltd.,452,336.0,151872.0,2025-08-21 12:11:20.272561
2025-08-21,46036,2025082103001568,JBBL,Online Securities Pvt. Ltd.,Imperial Securities Company Pvt. Ltd.,535,336.0,179760.0,2025-08-21 12:11:20.272689
2025-08-21,46035,2025082103001569,JBBL,Online Securities Pvt. Ltd.,Imperial Securities Company Pvt. Ltd.,13,336.0,4368.0,2025-08-21 12:11:20.272748
2025-08-21,45648,2025082103001603,JBBL,J.F. Securites (PVT) Ltd.,J.F. Securites (PVT) Ltd.,200,336.1,67220.0,2025-08-21 12:13:11.865202
2025-08-21,45647,2025082103001604,JBBL,Online Securities Pvt. Ltd.,J.F. Securites (PVT) Ltd.,287,336.0,96432.0,2025-08-21 12:13:11.865319
2025-08-21,45646,2025082103001605,JBBL,Midas Stock Broking Company Private Limited,J.F. Securites (PVT) Ltd.,113,336.0,37968.0,2025-08-21 12:13:11.865368
2025-08-21,45449,2025082103001616,JBBL,J.F. Securites (PVT) Ltd.,Dipshikha Dhitopatra Karobar Co. Pvt Ltd.,55,336.1,18485.5,2025-08-21 12:13:31.206123
2025-08-21,44922,2025082103001689,JBBL,J.F. Securites (PVT) Ltd.,Imperial Securities Company Pvt. Ltd.,245,336.1,82344.5,2025-08-21 12:16:22.224533
2025-08-21,44921,2025082103001690,JBBL,Midas Stock Broking Company Private Limited,Imperial Securities Company Pvt. Ltd.,755,335.3,253151.5,2025-08-21 12:16:22.224791
2025-08-21,44771,2025082103001703,JBBL,Beni Securities Pvt.Ltd.,Thrive Brokerage House Pvt. Ltd,10,339.0,3390.0,2025-08-21 12:17:04.640899
2025-08-21,44736,2025082103001705,JBBL,Online Securities Pvt. Ltd.,Imperial Securities Company Pvt. Ltd.,150,335.2,50280.0,2025-08-21 12:17:13.427835
2025-08-21,44735,2025082103001706,JBBL,Midas Stock Broking Company Private Limited,Imperial Securities Company Pvt. Ltd.,850,335.2,284920.0,2025-08-21 12:17:13.427960
2025-08-21,44707,2025082103001711,JBBL,Midas Stock Broking Company Private Limited,Imperial Securities Company Pvt. Ltd.,250,335.2,83800.0,2025-08-21 12:17:23.513821
2025-08-21,44706,2025082103001712,JBBL,Nepal Investment And Securities Trading Private Limited,Imperial Securities Company Pvt. Ltd.,111,335.1,37196.1,2025-08-21 12:17:23.513973
2025-08-21,44705,2025082103001713,JBBL,Aryatara Investment & Securities,Imperial Securities Company Pvt. Ltd.,100,335.1,33510.0,2025-08-21 12:17:23.514043
2025-08-21,44704,2025082103001714,JBBL,Kohinoor Investment & Securities Pvt. Ltd.,Imperial Securities Company Pvt. Ltd.,100,335.0,33500.0,2025-08-21 12:17:23.514109
2025-08-21,44703,2025082103001715,JBBL,KALASH STOCK MARKET PVT. LTD.,Imperial Securities Company Pvt. Ltd.,1000,335.0,335000.0,2025-08-21 12:17:23.514161
2025-08-21,44702,2025082103001716,JBBL,Naasa Securities Co. Ltd.,Imperial Securities Company Pvt. Ltd.,100,335.0,33500.0,2025-08-21 12:17:23.514209
2025-08-21,44701,2025082103001717,JBBL,Imperial Securities Company Pvt. Ltd.,Imperial Securities Company Pvt. Ltd.,40,335.0,13400.0,2025-08-21 12:17:23.514261
2025-08-21,44700,2025082103001718,JBBL,Primo Securities (PVT) Ltd.,Imperial Securities Company Pvt. Ltd.,299,335.0,100165.0,2025-08-21 12:17:23.514312
2025-08-21,44674,2025082103001725,JBBL,Primo Securities (PVT) Ltd.,Imperial Securities Company Pvt. Ltd.,401,335.0,134335.0,2025-08-21 12:17:32.599474
2025-08-21,44673,2025082103001726,JBBL,Kohinoor Investment & Securities Pvt. Ltd.,Imperial Securities Company Pvt. Ltd.,1599,335.0,535665.0,2025-08-21 12:17:32.599713
2025-08-21,43886,2025082103001847,JBBL,Investment Management Nepal Pvt. Ltd.,Trishakti Securities Public Limited,100,335.2,33520.0,2025-08-21 12:22:29.642299
2025-08-21,43885,2025082103001848,JBBL,Kohinoor Investment & Securities Pvt. Ltd.,Trishakti Securities Public Limited,90,335.1,30159.0,2025-08-21 12:22:29.642552
2025-08-21,43537,2025082103001908,JBBL,Kohinoor Investment & Securities Pvt. Ltd.,Nepal Investment And Securities Trading Private Limited,110,335.1,36861.0,2025-08-21 12:24:25.676064
2025-08-21,43536,2025082103001909,JBBL,Kohinoor Investment & Securities Pvt. Ltd.,Nepal Investment And Securities Trading Private Limited,390,335.0,130650.0,2025-08-21 12:24:25.676242
2025-08-21,42985,2025082103001996,JBBL,Kohinoor Investment & Securities Pvt. Ltd.,Trishakti Securities Public Limited,10,335.0,3350.0,2025-08-21 12:27:46.128992
2025-08-21,40951,2025082103002391,JBBL,Capital Max Securities Ltd,Naasa Securities Co. Ltd.,78,335.6,26176.8,2025-08-21 12:38:55.926034
2025-08-21,40950,2025082103002392,JBBL,Neev Securities Pvt. Ltd.,Naasa Securities Co. Ltd.,18,335.5,6039.0,2025-08-21 12:38:55.926199
2025-08-21,40723,2025082103002443,JBBL,Nepal Investment And Securities Trading Private Limited,SUN SECURITIES PVT LTD,34870,336.0,11716320.0,2025-08-21 12:40:06.171540
2025-08-21,40595,2025082103002459,JBBL,Oxford Securities Pvt. Ltd.,Aryatara Investment & Securities,21,336.1,7058.1,2025-08-21 12:40:36.864015
2025-08-21,40594,2025082103002460,JBBL,Oxford Securities Pvt. Ltd.,Dynamic Money Managers Securities Pvt. Ltd.,22,336.1,7394.2,2025-08-21 12:40:36.864178
2025-08-21,39661,2025082103002602,JBBL,Naasa Securities Co. Ltd.,Imperial Securities Company Pvt. Ltd.,15,337.0,5055.0,2025-08-21 12:44:12.505347
2025-08-21,38187,2025082103002816,JBBL,Midas Stock Broking Company Private Limited,Imperial Securities Company Pvt. Ltd.,985,337.0,331945.0,2025-08-21 12:49:53.692144
2025-08-21,38186,2025082103002817,JBBL,Midas Stock Broking Company Private Limited,Online Securities Pvt. Ltd.,15,337.0,5055.0,2025-08-21 12:49:53.692341
2025-08-21,37388,2025082103002878,JBBL,Neev Securities Pvt. Ltd.,Online Securities Pvt. Ltd.,55,337.0,18535.0,2025-08-21 12:51:24.668701
2025-08-21,37370,2025082103002885,JBBL,Neev Securities Pvt. Ltd.,Dipshikha Dhitopatra Karobar Co. Pvt Ltd.,45,337.0,15165.0,2025-08-21 12:51:35.905181
2025-08-21,34581,2025082103003332,JBBL,Sani Securities Company Ltd.,Imperial Securities Company Pvt. Ltd.,10,336.2,3362.0,2025-08-21 13:06:28.309759
2025-08-21,34580,2025082103003333,JBBL,Oxford Securities Pvt. Ltd.,Imperial Securities Company Pvt. Ltd.,57,336.1,19157.7,2025-08-21 13:06:28.310132
2025-08-21,34522,2025082103003339,JBBL,Neev Securities Pvt. Ltd.,Imperial Securities Company Pvt. Ltd.,82,335.5,27511.0,2025-08-21 13:06:42.447180
2025-08-21,34521,2025082103003340,JBBL,Oxford Securities Pvt. Ltd.,Imperial Securities Company Pvt. Ltd.,150,335.1,50265.0,2025-08-21 13:06:42.447490
2025-08-21,34520,2025082103003341,JBBL,Nepal Stock House (PVT) Ltd.,Imperial Securities Company Pvt. Ltd.,100,335.0,33500.0,2025-08-21 13:06:42.447691
2025-08-21,34519,2025082103003342,JBBL,Naasa Securities Co. Ltd.,Imperial Securities Company Pvt. Ltd.,200,335.0,67000.0,2025-08-21 13:06:42.447920
2025-08-21,34518,2025082103003343,JBBL,Kohinoor Investment & Securities Pvt. Ltd.,Imperial Securities Company Pvt. Ltd.,468,335.0,156780.0,2025-08-21 13:06:42.448172
2025-08-21,34502,2025082103003345,JBBL,Kohinoor Investment & Securities Pvt. Ltd.,Imperial Securities Company Pvt. Ltd.,32,335.0,10720.0,2025-08-21 13:06:49.512316
2025-08-21,34501,2025082103003346,JBBL,Midas Stock Broking Company Private Limited,Imperial Securities Company Pvt. Ltd.,968,335.0,324280.0,2025-08-21 13:06:49.512660
2025-08-21,33938,2025082103003436,JBBL,Oxford Securities Pvt. Ltd.,Dipshikha Dhitopatra Karobar Co. Pvt Ltd.,240,335.1,80424.0,2025-08-21 13:10:17.293253
2025-08-21,32433,2025082103003702,JBBL,Naasa Securities Co. Ltd.,Imperial Securities Company Pvt. Ltd.,10,336.0,3360.0,2025-08-21 13:20:03.000516
2025-08-21,31277,2025082103003943,JBBL,Oxford Securities Pvt. Ltd.,Imperial Securities Company Pvt. Ltd.,260,335.1,87126.0,2025-08-21 13:26:30.651308
2025-08-21,31276,2025082103003944,JBBL,Premier Securities Company Ltd.,Imperial Securities Company Pvt. Ltd.,100,335.1,33510.0,2025-08-21 13:26:30.651624
2025-08-21,31275,2025082103003945,JBBL,Midas Stock Broking Company Private Limited,Imperial Securities Company Pvt. Ltd.,32,335.0,10720.0,2025-08-21 13:26:30.651831
2025-08-21,31274,2025082103003946,JBBL,Trishakti Securities Public Limited,Imperial Securities Company Pvt. Ltd.,50,335.0,16750.0,2025-08-21 13:26:30.652059
2025-08-21,31273,2025082103003947,JBBL,Sweta Securities Private Limited,Imperial Securities Company Pvt. Ltd.,300,335.0,100500.0,2025-08-21 13:26:30.652277
2025-08-21,31272,2025082103003948,JBBL,Sani Securities Company Ltd.,Imperial Securities Company Pvt. Ltd.,258,335.0,86430.0,2025-08-21 13:26:30.652464
2025-08-21,30246,2025082103004184,JBBL,Sani Securities Company Ltd.,Online Securities Pvt. Ltd.,42,335.0,14070.0,2025-08-21 13:31:05.655661
2025-08-21,30245,2025082103004185,JBBL,Nepal Investment And Securities Trading Private Limited,Online Securities Pvt. Ltd.,112,334.3,37441.6,2025-08-21 13:31:05.655980
2025-08-21,30183,2025082103004200,JBBL,Nepal Investment And Securities Trading Private Limited,Bhrikuti Stock Broking Co. Pvt. Ltd.,200,334.3,66860.0,2025-08-21 13:31:31.131778
2025-08-21,29544,2025082103004300,JBBL,Pragyan Securities (PVT) Ltd.,Himalayan Brokerage Company Limited,200,335.0,67000.0,2025-08-21 13:34:06.141404
2025-08-21,28699,2025082103004418,JBBL,Nepal Investment And Securities Trading Private Limited,Imperial Securities Company Pvt. Ltd.,188,334.3,62848.4,2025-08-21 13:38:14.986644
2025-08-21,28698,2025082103004419,JBBL,ABC Securities Private Limited,Imperial Securities Company Pvt. Ltd.,100,334.0,33400.0,2025-08-21 13:38:14.986837
2025-08-21,28697,2025082103004420,JBBL,Thrive Brokerage House Pvt. Ltd,Imperial Securities Company Pvt. Ltd.,100,334.0,33400.0,2025-08-21 13:38:14.986912
2025-08-21,28696,2025082103004421,JBBL,Shree Krishna Securities Ltd.,Imperial Securities Company Pvt. Ltd.,30,334.0,10020.0,2025-08-21 13:38:14.987011
2025-08-21,28695,2025082103004422,JBBL,Siprabi Securities Pvt. Ltd.,Imperial Securities Company Pvt. Ltd.,50,333.5,16675.0,2025-08-21 13:38:14.987096
2025-08-21,28694,2025082103004423,JBBL,Sumeru Securities Pvt. Ltd.,Imperial Securities Company Pvt. Ltd.,532,333.2,177262.4,2025-08-21 13:38:14.987168
2025-08-21,28658,2025082103004427,JBBL,Sumeru Securities Pvt. Ltd.,Imperial Securities Company Pvt. Ltd.,468,333.2,155937.6,2025-08-21 13:38:29.107928
2025-08-21,28657,2025082103004428,JBBL,Vision Securities Pvt. Ltd,Imperial Securities Company Pvt. Ltd.,500,333.1,166550.0,2025-08-21 13:38:29.108143
2025-08-21,28656,2025082103004429,JBBL,Linch Stock Market Ltd.,Imperial Securities Company Pvt. Ltd.,32,333.1,10659.2,2025-08-21 13:38:29.108233
2025-08-21,28613,2025082103004434,JBBL,Linch Stock Market Ltd.,Imperial Securities Company Pvt. Ltd.,168,333.1,55960.8,2025-08-21 13:38:46.334773
2025-08-21,28612,2025082103004435,JBBL,Pragyan Securities (PVT) Ltd.,Imperial Securities Company Pvt. Ltd.,200,333.1,66620.0,2025-08-21 13:38:46.334959
2025-08-21,28611,2025082103004436,JBBL,Midas Stock Broking Company Private Limited,Imperial Securities Company Pvt. Ltd.,100,333.1,33310.0,2025-08-21 13:38:46.335051
2025-08-21,28610,2025082103004437,JBBL,Premier Securities Company Ltd.,Imperial Securities Company Pvt. Ltd.,500,333.0,166500.0,2025-08-21 13:38:46.335117
2025-08-21,28609,2025082103004438,JBBL,Naasa Securities Co. Ltd.,Imperial Securities Company Pvt. Ltd.,32,333.0,10656.0,2025-08-21 13:38:46.335180
2025-08-21,28568,2025082103004446,JBBL,Nepal Stock House (PVT) Ltd.,Sewa Securities Pvt. Ltd.,50,335.0,16750.0,2025-08-21 13:39:00.082315
2025-08-21,28540,2025082103004454,JBBL,Nepal Stock House (PVT) Ltd.,Imperial Securities Company Pvt. Ltd.,98,335.0,32830.0,2025-08-21 13:39:11.521981
2025-08-21,28539,2025082103004455,JBBL,Naasa Securities Co. Ltd.,Imperial Securities Company Pvt. Ltd.,18,333.0,5994.0,2025-08-21 13:39:11.522181
2025-08-21,28538,2025082103004456,JBBL,Malla & Malla Stock Broking Company Pvt. Limited,Imperial Securities Company Pvt. Ltd.,200,333.0,66600.0,2025-08-21 13:39:11.522275
2025-08-21,28537,2025082103004457,JBBL,Kohinoor Investment & Securities Pvt. Ltd.,Imperial Securities Company Pvt. Ltd.,100,333.0,33300.0,2025-08-21 13:39:11.522354
2025-08-21,28536,2025082103004458,JBBL,Malla & Malla Stock Broking Company Pvt. Limited,Imperial Securities Company Pvt. Ltd.,200,333.0,66600.0,2025-08-21 13:39:11.522414
2025-08-21,28535,2025082103004459,JBBL,Naasa Securities Co. Ltd.,Imperial Securities Company Pvt. Ltd.,10,333.0,3330.0,2025-08-21 13:39:11.522476
2025-08-21,28534,2025082103004460,JBBL,Online Securities Pvt. Ltd.,Imperial Securities Company Pvt. Ltd.,374,333.0,124542.0,2025-08-21 13:39:11.522553
2025-08-21,28509,2025082103004461,JBBL,Online Securities Pvt. Ltd.,Imperial Securities Company Pvt. Ltd.,1000,333.0,333000.0,2025-08-21 13:39:21.627637
2025-08-21,28462,2025082103004477,JBBL,Online Securities Pvt. Ltd.,Imperial Securities Company Pvt. Ltd.,626,333.0,208458.0,2025-08-21 13:39:37.153298
2025-08-21,28461,2025082103004478,JBBL,Nepal Stock House (PVT) Ltd.,Imperial Securities Company Pvt. Ltd.,250,333.0,83250.0,2025-08-21 13:39:37.153611
2025-08-21,28460,2025082103004479,JBBL,Vision Securities Pvt. Ltd,Imperial Securities Company Pvt. Ltd.,50,333.0,16650.0,2025-08-21 13:39:37.153794
2025-08-21,28459,2025082103004480,JBBL,Nepal Investment And Securities Trading Private Limited,Imperial Securities Company Pvt. Ltd.,74,333.0,24642.0,2025-08-21 13:39:37.153969
2025-08-21,27572,2025082103004670,JBBL,Oxford Securities Pvt. Ltd.,Nepal Stock House (PVT) Ltd.,100,333.2,33320.0,2025-08-21 13:44:22.219650
2025-08-21,27387,2025082103004694,JBBL,Vision Securities Pvt. Ltd,Nepal Stock House (PVT) Ltd.,50,333.2,16660.0,2025-08-21 13:45:10.608044
2025-08-21,27270,2025082103004700,JBBL,Nepal Stock House (PVT) Ltd.,Nepal Stock House (PVT) Ltd.,50,333.1,16655.0,2025-08-21 13:45:39.416527
2025-08-21,27122,2025082103004726,JBBL,Property Wiard Limited,Vision Securities Pvt. Ltd,18,333.2,5997.6,2025-08-21 13:46:36.077406
2025-08-21,26579,2025082103004834,JBBL,Property Wiard Limited,Aakashbhairab Securities Ltd.,12,333.3,3999.6,2025-08-21 13:49:27.110746
2025-08-21,26578,2025082103004835,JBBL,Cristal Kanchanjanga Securites Pvt. Ltd.,Aakashbhairab Securities Ltd.,600,333.3,199980.0,2025-08-21 13:49:27.111105
2025-08-21,26577,2025082103004836,JBBL,Trishakti Securities Public Limited,Aakashbhairab Securities Ltd.,100,333.2,33320.0,2025-08-21 13:49:27.111320
2025-08-21,26576,2025082103004837,JBBL,Nepal Stock House (PVT) Ltd.,Aakashbhairab Securities Ltd.,150,333.1,49965.0,2025-08-21 13:49:27.111550
2025-08-21,26575,2025082103004838,JBBL,Nepal Investment And Securities Trading Private Limited,Aakashbhairab Securities Ltd.,426,333.0,141858.0,2025-08-21 13:49:27.111740
2025-08-21,26574,2025082103004839,JBBL,Sani Securities Company Ltd.,Aakashbhairab Securities Ltd.,200,333.0,66600.0,2025-08-21 13:49:27.111938
2025-08-21,26573,2025082103004840,JBBL,Imperial Securities Company Pvt. Ltd.,Aakashbhairab Securities Ltd.,200,333.0,66600.0,2025-08-21 13:49:27.112144
2025-08-21,26572,2025082103004841,JBBL,Imperial Securities Company Pvt. Ltd.,Aakashbhairab Securities Ltd.,50,333.0,16650.0,2025-08-21 13:49:27.112330
2025-08-21,26440,2025082103004867,JBBL,Sewa Securities Pvt. Ltd.,Aakashbhairab Securities Ltd.,200,333.0,66600.0,2025-08-21 13:50:00.638658
2025-08-21,26362,2025082103004876,JBBL,Kohinoor Investment & Securities Pvt. Ltd.,Asian Securities Private Ltd.,1,335.0,335.0,2025-08-21 13:50:24.759878
2025-08-21,26160,2025082103004924,JBBL,Bhrikuti Stock Broking Co. Pvt. Ltd.,Imperial Securities Company Pvt. Ltd.,50,332.6,16630.0,2025-08-21 13:51:41.307752
2025-08-21,26159,2025082103004925,JBBL,Premier Securities Company Ltd.,Imperial Securities Company Pvt. Ltd.,50,332.5,16625.0,2025-08-21 13:51:41.308088
2025-08-21,26158,2025082103004926,JBBL,Imperial Securities Company Pvt. Ltd.,Imperial Securities Company Pvt. Ltd.,200,332.5,66500.0,2025-08-21 13:51:41.308296
2025-08-21,26157,2025082103004927,JBBL,Trishakti Securities Public Limited,Imperial Securities Company Pvt. Ltd.,300,332.4,99720.0,2025-08-21 13:51:41.308523
2025-08-21,26156,2025082103004928,JBBL,Kohinoor Investment & Securities Pvt. Ltd.,Imperial Securities Company Pvt. Ltd.,150,332.3,49845.0,2025-08-21 13:51:41.308780
2025-08-21,26155,2025082103004929,JBBL,Dipshikha Dhitopatra Karobar Co. Pvt Ltd.,Imperial Securities Company Pvt. Ltd.,50,332.3,16615.0,2025-08-21 13:51:41.309018
2025-08-21,26154,2025082103004930,JBBL,ABC Securities Private Limited,Imperial Securities Company Pvt. Ltd.,50,332.3,16615.0,2025-08-21 13:51:41.309311
2025-08-21,26153,2025082103004931,JBBL,Vision Securities Pvt. Ltd,Imperial Securities Company Pvt. Ltd.,150,332.3,49845.0,2025-08-21 13:51:41.309505
2025-08-21,26149,2025082103004932,JBBL,Dynamic Money Managers Securities Pvt. Ltd.,Aakashbhairab Securities Ltd.,62,333.0,20646.0,2025-08-21 13:51:41.985843
2025-08-21,26098,2025082103004938,JBBL,Vision Securities Pvt. Ltd,Imperial Securities Company Pvt. Ltd.,1000,332.3,332300.0,2025-08-21 13:51:57.494199
2025-08-21,26064,2025082103004945,JBBL,Vision Securities Pvt. Ltd,Imperial Securities Company Pvt. Ltd.,850,332.3,282455.0,2025-08-21 13:52:12.665154
2025-08-21,26063,2025082103004946,JBBL,Premier Securities Company Ltd.,Imperial Securities Company Pvt. Ltd.,150,332.3,49845.0,2025-08-21 13:52:12.665463
2025-08-21,26026,2025082103004955,JBBL,Premier Securities Company Ltd.,Imperial Securities Company Pvt. Ltd.,350,332.3,116305.0,2025-08-21 13:52:24.767507
2025-08-21,26025,2025082103004956,JBBL,Imperial Securities Company Pvt. Ltd.,Imperial Securities Company Pvt. Ltd.,10,332.2,3322.0,2025-08-21 13:52:24.767705
2025-08-21,26024,2025082103004957,JBBL,Imperial Securities Company Pvt. Ltd.,Imperial Securities Company Pvt. Ltd.,12,332.2,3986.4,2025-08-21 13:52:24.767808
2025-08-21,26023,2025082103004958,JBBL,Asian Securities Private Ltd.,Imperial Securities Company Pvt. Ltd.,50,332.2,16610.0,2025-08-21 13:52:24.767872
2025-08-21,26022,2025082103004959,JBBL,Sri Hari Securities Pvt. Ltd.,Imperial Securities Company Pvt. Ltd.,100,332.0,33200.0,2025-08-21 13:52:24.767936
2025-08-21,26021,2025082103004960,JBBL,Sani Securities Company Ltd.,Imperial Securities Company Pvt. Ltd.,300,332.0,99600.0,2025-08-21 13:52:24.768055
2025-08-21,26020,2025082103004961,JBBL,Capital Max Securities Ltd,Imperial Securities Company Pvt. Ltd.,50,332.0,16600.0,2025-08-21 13:52:24.768114
2025-08-21,26019,2025082103004962,JBBL,Online Securities Pvt. Ltd.,Imperial Securities Company Pvt. Ltd.,128,332.0,42496.0,2025-08-21 13:52:24.768174
2025-08-21,25978,2025082103004973,JBBL,Online Securities Pvt. Ltd.,Imperial Securities Company Pvt. Ltd.,72,332.0,23904.0,2025-08-21 13:52:36.997736
2025-08-21,25977,2025082103004974,JBBL,Sumeru Securities Pvt. Ltd.,Imperial Securities Company Pvt. Ltd.,928,332.0,308096.0,2025-08-21 13:52:36.998076
2025-08-21,25938,2025082103004986,JBBL,Oxford Securities Pvt. Ltd.,Imperial Securities Company Pvt. Ltd.,50,332.4,16620.0,2025-08-21 13:52:49.099527
2025-08-21,25937,2025082103004987,JBBL,Aakashbhairab Securities Ltd.,Imperial Securities Company Pvt. Ltd.,250,332.1,83025.0,2025-08-21 13:52:49.099817
2025-08-21,25936,2025082103004988,JBBL,Sumeru Securities Pvt. Ltd.,Imperial Securities Company Pvt. Ltd.,72,332.0,23904.0,2025-08-21 13:52:49.100039
2025-08-21,25935,2025082103004989,JBBL,Trisul Securities & Invt. Ltd.,Imperial Securities Company Pvt. Ltd.,450,332.0,149400.0,2025-08-21 13:52:49.100235
2025-08-21,25873,2025082103004996,JBBL,Imperial Securities Company Pvt. Ltd.,Imperial Securities Company Pvt. Ltd.,101,331.8,33511.8,2025-08-21 13:53:03.240974
2025-08-21,24951,2025082103005146,JBBL,Kalika Securities Pvt. Ltd.,Agrawal Securities (PVT) Ltd.,170,333.0,56610.0,2025-08-21 13:57:14.195953
2025-08-21,24950,2025082103005147,JBBL,Market Securities & Exchange (PVT) Ltd.,Agrawal Securities (PVT) Ltd.,100,333.0,33300.0,2025-08-21 13:57:14.196290
2025-08-21,24949,2025082103005148,JBBL,Naasa Securities Co. Ltd.,Agrawal Securities (PVT) Ltd.,100,332.0,33200.0,2025-08-21 13:57:14.196502
2025-08-21,24948,2025082103005149,JBBL,Property Wiard Limited,Agrawal Securities (PVT) Ltd.,10,331.9,3319.0,2025-08-21 13:57:14.196700
2025-08-21,24947,2025082103005150,JBBL,Oxford Securities Pvt. Ltd.,Agrawal Securities (PVT) Ltd.,50,331.9,16595.0,2025-08-21 13:57:14.196897
2025-08-21,24946,2025082103005151,JBBL,Imperial Securities Company Pvt. Ltd.,Agrawal Securities (PVT) Ltd.,50,331.8,16590.0,2025-08-21 13:57:14.197108
2025-08-21,24945,2025082103005152,JBBL,Imperial Securities Company Pvt. Ltd.,Agrawal Securities (PVT) Ltd.,20,331.4,6628.0,2025-08-21 13:57:14.197309
2025-08-21,24755,2025082103005181,JBBL,Dynamic Money Managers Securities Pvt. Ltd.,Asian Securities Private Ltd.,50,333.8,16690.0,2025-08-21 13:58:10.161467
2025-08-21,24583,2025082103005211,JBBL,Imperial Securities Company Pvt. Ltd.,Asian Securities Private Ltd.,30,333.9,10017.0,2025-08-21 13:58:59.778129
2025-08-21,24209,2025082103005264,JBBL,Dynamic Money Managers Securities Pvt. Ltd.,Asian Securities Private Ltd.,70,333.9,23373.0,2025-08-21 14:00:57.608185
2025-08-21,23870,2025082103005288,JBBL,Dynamic Money Managers Securities Pvt. Ltd.,Indira securities pvt. ltd,50,334.0,16700.0,2025-08-21 14:02:31.506088
2025-08-21,23869,2025082103005289,JBBL,Dynamic Money Managers Securities Pvt. Ltd.,Linch Stock Market Ltd.,22,334.0,7348.0,2025-08-21 14:02:31.506409
2025-08-21,22533,2025082103005502,JBBL,Thrive Brokerage House Pvt. Ltd,Aryatara Investment & Securities,300,332.5,99750.0,2025-08-21 14:08:55.934610
2025-08-21,22128,2025082103005579,JBBL,Thrive Brokerage House Pvt. Ltd,Capital Max Securities Ltd,95,332.5,31587.5,2025-08-21 14:10:38.351757
2025-08-21,21585,2025082103005693,JBBL,Agrawal Securities (PVT) Ltd.,Thrive Brokerage House Pvt. Ltd,90,332.6,29934.0,2025-08-21 14:12:45.631593
2025-08-21,21452,2025082103005703,JBBL,Trisul Securities & Invt. Ltd.,Imperial Securities Company Pvt. Ltd.,50,334.0,16700.0,2025-08-21 14:13:18.303902
2025-08-21,21041,2025082103005727,JBBL,Trisul Securities & Invt. Ltd.,Nepal Stock House (PVT) Ltd.,100,334.0,33400.0,2025-08-21 14:14:09.090694
2025-08-21,20317,2025082103005828,JBBL,Siprabi Securities Pvt. Ltd.,Asian Securities Private Ltd.,500,334.8,167400.0,2025-08-21 14:17:18.328929
2025-08-21,20316,2025082103005829,JBBL,Siprabi Securities Pvt. Ltd.,Asian Securities Private Ltd.,100,334.9,33490.0,2025-08-21 14:17:18.329133
2025-08-21,20315,2025082103005830,JBBL,Siprabi Securities Pvt. Ltd.,Kohinoor Investment & Securities Pvt. Ltd.,30,335.0,10050.0,2025-08-21 14:17:18.329241
2025-08-21,20314,2025082103005831,JBBL,Siprabi Securities Pvt. Ltd.,Premier Securities Company Ltd.,369,335.0,123615.0,2025-08-21 14:17:18.329321
2025-08-21,20246,2025082103005857,JBBL,Trisul Securities & Invt. Ltd.,Premier Securities Company Ltd.,50,335.0,16750.0,2025-08-21 14:17:37.457428
2025-08-21,20232,2025082103005862,JBBL,Linch Stock Market Ltd.,Premier Securities Company Ltd.,81,335.0,27135.0,2025-08-21 14:17:42.693884
2025-08-21,19500,2025082103005949,JBBL,Linch Stock Market Ltd.,Aryatara Investment & Securities,24,335.0,8040.0,2025-08-21 14:20:46.351924
2025-08-21,19286,2025082103005985,JBBL,Secured Securities Ltd.,Asian Securities Private Ltd.,50,334.1,16705.0,2025-08-21 14:21:47.428001
2025-08-21,18265,2025082103006141,JBBL,Midas Stock Broking Company Private Limited,Aryatara Investment & Securities,2,331.0,662.0,2025-08-21 14:26:01.257880
2025-08-21,18256,2025082103006142,JBBL,Secured Securities Ltd.,Aryatara Investment & Securities,50,334.1,16705.0,2025-08-21 14:26:04.358281
2025-08-21,17403,2025082103006287,JBBL,Dynamic Money Managers Securities Pvt. Ltd.,Aryatara Investment & Securities,50,334.1,16705.0,2025-08-21 14:29:48.804398
2025-08-21,17058,2025082103006345,JBBL,Trisul Securities & Invt. Ltd.,Naasa Securities Co. Ltd.,156,334.0,52104.0,2025-08-21 14:31:11.567751
2025-08-21,16825,2025082103006373,JBBL,Trisul Securities & Invt. Ltd.,Cristal Kanchanjanga Securites Pvt. Ltd.,225,334.0,75150.0,2025-08-21 14:32:08.903112
2025-08-21,16496,2025082103006421,JBBL,Dynamic Money Managers Securities Pvt. Ltd.,Sani Securities Company Ltd.,50,334.0,16700.0,2025-08-21 14:33:19.237198
2025-08-21,16495,2025082103006422,JBBL,Sumeru Securities Pvt. Ltd.,Sani Securities Company Ltd.,50,334.0,16700.0,2025-08-21 14:33:19.237390
2025-08-21,16494,2025082103006423,JBBL,Siprabi Securities Pvt. Ltd.,Sani Securities Company Ltd.,70,333.0,23310.0,2025-08-21 14:33:19.237480
2025-08-21,16173,2025082103006486,JBBL,Siprabi Securities Pvt. Ltd.,Beni Securities Pvt.Ltd.,106,333.0,35298.0,2025-08-21 14:34:13.652189
2025-08-21,16172,2025082103006487,JBBL,Trisul Securities & Invt. Ltd.,Beni Securities Pvt.Ltd.,119,333.0,39627.0,2025-08-21 14:34:13.652301
2025-08-21,16171,2025082103006488,JBBL,Imperial Securities Company Pvt. Ltd.,Beni Securities Pvt.Ltd.,30,332.7,9981.0,2025-08-21 14:34:13.652377
2025-08-21,16170,2025082103006489,JBBL,Premier Securities Company Ltd.,Beni Securities Pvt.Ltd.,100,332.7,33270.0,2025-08-21 14:34:13.652447
2025-08-21,16169,2025082103006490,JBBL,Agrawal Securities (PVT) Ltd.,Beni Securities Pvt.Ltd.,10,332.6,3326.0,2025-08-21 14:34:13.652515
2025-08-21,16168,2025082103006491,JBBL,Primo Securities (PVT) Ltd.,Beni Securities Pvt.Ltd.,100,332.6,33260.0,2025-08-21 14:34:13.652584
2025-08-21,16167,2025082103006492,JBBL,Thrive Brokerage House Pvt. Ltd,Beni Securities Pvt.Ltd.,605,332.5,201162.5,2025-08-21 14:34:13.652649
2025-08-21,16166,2025082103006493,JBBL,Agrawal Securities (PVT) Ltd.,Beni Securities Pvt.Ltd.,30,332.5,9975.0,2025-08-21 14:34:13.652741
2025-08-21,13944,2025082103006912,JBBL,Kohinoor Investment & Securities Pvt. Ltd.,Nepal Investment And Securities Trading Private Limited,10,332.8,3328.0,2025-08-21 14:39:56.832073
2025-08-21,13943,2025082103006913,JBBL,Ashutosh Brokerage & Securities (PVT) Ltd.,Nepal Investment And Securities Trading Private Limited,50,332.8,16640.0,2025-08-21 14:39:56.832117
2025-08-21,13942,2025082103006914,JBBL,Agrawal Securities (PVT) Ltd.,Nepal Investment And Securities Trading Private Limited,50,332.6,16630.0,2025-08-21 14:39:56.832144
2025-08-21,13941,2025082103006915,JBBL,Agrawal Securities (PVT) Ltd.,Nepal Investment And Securities Trading Private Limited,390,332.5,129675.0,2025-08-21 14:39:56.832173
2025-08-21,13177,2025082103007036,JBBL,Agrawal Securities (PVT) Ltd.,Asian Securities Private Ltd.,180,332.5,59850.0,2025-08-21 14:41:54.439138
2025-08-21,13176,2025082103007037,JBBL,Premier Securities Company Ltd.,Asian Securities Private Ltd.,100,332.5,33250.0,2025-08-21 14:41:54.439378
2025-08-21,13175,2025082103007038,JBBL,Ashutosh Brokerage & Securities (PVT) Ltd.,Asian Securities Private Ltd.,50,332.5,16625.0,2025-08-21 14:41:54.439476
2025-08-21,12648,2025082103007151,JBBL,Imperial Securities Company Pvt. Ltd.,Asian Securities Private Ltd.,50,332.5,16625.0,2025-08-21 14:42:43.173350
2025-08-21,12587,2025082103007170,JBBL,J.F. Securites (PVT) Ltd.,Asian Securities Private Ltd.,2000,332.5,665000.0,2025-08-21 14:42:58.829515
2025-08-21,12511,2025082103007193,JBBL,Secured Securities Ltd.,Sundhara Securities Limited,100,332.4,33240.0,2025-08-21 14:43:08.821785
2025-08-21,12510,2025082103007194,JBBL,Primo Securities (PVT) Ltd.,Sundhara Securities Limited,300,332.3,99690.0,2025-08-21 14:43:08.822180
2025-08-21,12509,2025082103007195,JBBL,Siprabi Securities Pvt. Ltd.,Sundhara Securities Limited,18,332.3,5981.4,2025-08-21 14:43:08.822408
2025-08-21,12508,2025082103007196,JBBL,Bhrikuti Stock Broking Co. Pvt. Ltd.,Sundhara Securities Limited,585,332.2,194337.0,2025-08-21 14:43:08.822644
2025-08-21,12300,2025082103007241,JBBL,Dynamic Money Managers Securities Pvt. Ltd.,Asian Securities Private Ltd.,120,332.5,39900.0,2025-08-21 14:43:38.603505
2025-08-21,12279,2025082103007248,JBBL,Sumeru Securities Pvt. Ltd.,Vision Securities Pvt. Ltd,12,332.5,3990.0,2025-08-21 14:43:42.671524
2025-08-21,12075,2025082103007279,JBBL,Sumeru Securities Pvt. Ltd.,Naasa Securities Co. Ltd.,188,332.5,62510.0,2025-08-21 14:44:01.413601
2025-08-21,12074,2025082103007280,JBBL,Sewa Securities Pvt. Ltd.,Naasa Securities Co. Ltd.,44,332.5,14630.0,2025-08-21 14:44:01.413968
2025-08-21,12073,2025082103007281,JBBL,Bhrikuti Stock Broking Co. Pvt. Ltd.,Naasa Securities Co. Ltd.,658,332.2,218587.6,2025-08-21 14:44:01.414241
2025-08-21,10783,2025082103007461,JBBL,Ashutosh Brokerage & Securities (PVT) Ltd.,Arun Securities (PVT) Ltd.,50,333.9,16695.0,2025-08-21 14:46:08.357400
2025-08-21,9270,2025082103007753,JBBL,Investment Management Nepal Pvt. Ltd.,Aryatara Investment & Securities,126,332.5,41895.0,2025-08-21 14:49:03.316712
2025-08-21,8144,2025082103008031,JBBL,Thrive Brokerage House Pvt. Ltd,Thrive Brokerage House Pvt. Ltd,1000,332.6,332600.0,2025-08-21 14:51:15.056203
2025-08-21,7033,2025082103008255,JBBL,Kohinoor Investment & Securities Pvt. Ltd.,Premier Securities Company Ltd.,100,333.0,33300.0,2025-08-21 14:53:19.823161
2025-08-21,6089,2025082103008437,JBBL,Premier Securities Company Ltd.,Aakashbhairab Securities Ltd.,50,333.1,16655.0,2025-08-21 14:54:45.756469
2025-08-21,6088,2025082103008438,JBBL,Imperial Securities Company Pvt. Ltd.,Aakashbhairab Securities Ltd.,10,333.0,3330.0,2025-08-21 14:54:45.756667
2025-08-21,6087,2025082103008439,JBBL,Midas Stock Broking Company Private Limited,Aakashbhairab Securities Ltd.,300,332.6,99780.0,2025-08-21 14:54:45.756750
2025-08-21,6086,2025082103008440,JBBL,Investment Management Nepal Pvt. Ltd.,Aakashbhairab Securities Ltd.,140,332.5,46550.0,2025-08-21 14:54:45.756851
2025-08-21,5725,2025082103008516,JBBL,Trisul Securities & Invt. Ltd.,Aryatara Investment & Securities,700,333.0,233100.0,2025-08-21 14:55:17.786247
2025-08-21,5435,2025082103008546,JBBL,Trisul Securities & Invt. Ltd.,Thrive Brokerage House Pvt. Ltd,300,333.0,99900.0,2025-08-21 14:55:41.933081
2025-08-21,5143,2025082103008604,JBBL,Trisul Securities & Invt. Ltd.,Thrive Brokerage House Pvt. Ltd,300,333.0,99900.0,2025-08-21 14:56:03.072771
2025-08-21,4816,2025082103008667,JBBL,Investment Management Nepal Pvt. Ltd.,Asian Securities Private Ltd.,234,332.5,77805.0,2025-08-21 14:56:27.782188
2025-08-21,4815,2025082103008668,JBBL,Bhrikuti Stock Broking Co. Pvt. Ltd.,Asian Securities Private Ltd.,50,332.5,16625.0,2025-08-21 14:56:27.782374
2025-08-21,4814,2025082103008669,JBBL,Sri Hari Securities Pvt. Ltd.,Asian Securities Private Ltd.,16,332.5,5320.0,2025-08-21 14:56:27.782459
2025-08-21,4734,2025082103008677,JBBL,South Asian Bulls Pvt. Ltd.,Thrive Brokerage House Pvt. Ltd,400,333.0,133200.0,2025-08-21 14:56:33.050149
2025-08-21,4509,2025082103008714,JBBL,South Asian Bulls Pvt. Ltd.,Premier Securities Company Ltd.,100,333.0,33300.0,2025-08-21 14:56:46.672291
2025-08-21,4261,2025082103008749,JBBL,Market Securities & Exchange (PVT) Ltd.,Aryatara Investment & Securities,50,333.0,16650.0,2025-08-21 14:57:03.959708
2025-08-21,4029,2025082103008780,JBBL,Kohinoor Investment & Securities Pvt. Ltd.,Midas Stock Broking Company Private Limited,59,332.3,19605.7,2025-08-21 14:57:16.464519
2025-08-21,3515,2025082103008879,JBBL,Kohinoor Investment & Securities Pvt. Ltd.,Himalayan Brokerage Company Limited,41,332.3,13624.3,2025-08-21 14:57:47.806127
2025-08-21,3514,2025082103008880,JBBL,Ashutosh Brokerage & Securities (PVT) Ltd.,Himalayan Brokerage Company Limited,50,332.3,16615.0,2025-08-21 14:57:47.806328
2025-08-21,3513,2025082103008881,JBBL,Dynamic Money Managers Securities Pvt. Ltd.,Himalayan Brokerage Company Limited,500,332.3,166150.0,2025-08-21 14:57:47.806426
2025-08-21,3512,2025082103008882,JBBL,Sweta Securities Private Limited,Himalayan Brokerage Company Limited,10,332.3,3323.0,2025-08-21 14:57:47.806520
2025-08-21,3511,2025082103008883,JBBL,Sundhara Securities Limited,Himalayan Brokerage Company Limited,20,332.3,6646.0,2025-08-21 14:57:47.806606
2025-08-21,3510,2025082103008884,JBBL,Bhrikuti Stock Broking Co. Pvt. Ltd.,Himalayan Brokerage Company Limited,279,332.2,92683.8,2025-08-21 14:57:47.806697
2025-08-21,3509,2025082103008885,JBBL,Imperial Securities Company Pvt. Ltd.,Himalayan Brokerage Company Limited,20,332.2,6644.0,2025-08-21 14:57:47.806775
2025-08-21,3508,2025082103008886,JBBL,Kumari Securities Private Limited,Himalayan Brokerage Company Limited,80,332.2,26576.0,2025-08-21 14:57:47.806860
2025-08-21,3505,2025082103008888,JBBL,Bhrikuti Stock Broking Co. Pvt. Ltd.,Oxford Securities Pvt. Ltd.,2,326.0,652.0,2025-08-21 14:57:47.930941
2025-08-21,3425,2025082103008905,JBBL,Oxford Securities Pvt. Ltd.,Aryatara Investment & Securities,198,332.5,65835.0,2025-08-21 14:57:53.540496
2025-08-21,3304,2025082103008932,JBBL,Investment Management Nepal Pvt. Ltd.,Aryatara Investment & Securities,252,332.5,83790.0,2025-08-21 14:57:59.920974
2025-08-21,3029,2025082103008999,JBBL,Investment Management Nepal Pvt. Ltd.,Himalayan Brokerage Company Limited,198,332.5,65835.0,2025-08-21 14:58:13.883953
2025-08-21,3028,2025082103009000,JBBL,Kumari Securities Private Limited,Himalayan Brokerage Company Limited,120,332.2,39864.0,2025-08-21 14:58:13.884157
2025-08-21,3027,2025082103009001,JBBL,Cristal Kanchanjanga Securites Pvt. Ltd.,Himalayan Brokerage Company Limited,482,332.2,160120.4,2025-08-21 14:58:13.884251
2025-08-21,2798,2025082103009046,JBBL,Nepal Stock House (PVT) Ltd.,Oxford Securities Pvt. Ltd.,50,333.0,16650.0,2025-08-21 14:58:26.983794
2025-08-21,2745,2025082103009054,JBBL,Cristal Kanchanjanga Securites Pvt. Ltd.,Oxford Securities Pvt. Ltd.,18,332.2,5979.6,2025-08-21 14:58:30.845331
2025-08-21,1899,2025082103009176,JBBL,Midas Stock Broking Company Private Limited,Oxford Securities Pvt. Ltd.,50,332.1,16605.0,2025-08-21 14:59:08.145631
2025-08-21,1890,2025082103009178,JBBL,Imperial Securities Company Pvt. Ltd.,Oxford Securities Pvt. Ltd.,100,332.2,33220.0,2025-08-21 14:59:08.900451
2025-08-21,1689,2025082103009205,JBBL,Agrawal Securities (PVT) Ltd.,Oxford Securities Pvt. Ltd.,282,332.2,93680.4,2025-08-21 14:59:16.116039
2025-08-21,1361,2025082103009284,JBBL,Agrawal Securities (PVT) Ltd.,Aryatara Investment & Securities,218,332.2,72419.6,2025-08-21 14:59:24.120850
2025-08-21,930,2025082103009362,JBBL,Imperial Securities Company Pvt. Ltd.,Aryatara Investment & Securities,82,332.2,27240.4,2025-08-21 14:59:35.681737
2025-08-21,608,2025082103009455,JBBL,Imperial Securities Company Pvt. Ltd.,Premier Securities Company Ltd.,18,332.2,5979.6,2025-08-21 14:59:43.490273
2025-08-21,607,2025082103009456,JBBL,Midas Stock Broking Company Private Limited,Premier Securities Company Ltd.,50,332.1,16605.0,2025-08-21 14:59:43.490626
2025-08-21,606,2025082103009457,JBBL,Sweta Securities Private Limited,Premier Securities Company Ltd.,132,332.0,43824.0,2025-08-21 14:59:43.490874
2025-08-21,568,2025082103009468,JBBL,Sweta Securities Private Limited,Premier Securities Company Ltd.,368,332.0,122176.0,2025-08-21 14:59:44.507949
2025-08-21,567,2025082103009469,JBBL,Siprabi Securities Pvt. Ltd.,Premier Securities Company Ltd.,50,332.0,16600.0,2025-08-21 14:59:44.508268
2025-08-21,566,2025082103009470,JBBL,Imperial Securities Company Pvt. Ltd.,Premier Securities Company Ltd.,200,332.0,66400.0,2025-08-21 14:59:44.508502
2025-08-21,565,2025082103009471,JBBL,Naasa Securities Co. Ltd.,Premier Securities Company Ltd.,182,332.0,60424.0,2025-08-21 14:59:44.508735
2025-08-21,468,2025082103009485,JBBL,Naasa Securities Co. Ltd.,Trishakti Securities Public Limited,818,332.0,271576.0,2025-08-21 14:59:47.688939
2025-08-21,467,2025082103009486,JBBL,Sani Securities Company Ltd.,Trishakti Securities Public Limited,1500,332.0,498000.0,2025-08-21 14:59:47.688979
2025-08-21,466,2025082103009487,JBBL,Sundhara Securities Limited,Trishakti Securities Public Limited,100,332.0,33200.0,2025-08-21 14:59:47.689007
2025-08-21,465,2025082103009488,JBBL,Midas Stock Broking Company Private Limited,Trishakti Securities Public Limited,1000,332.0,332000.0,2025-08-21 14:59:47.689057
2025-08-21,464,2025082103009489,JBBL,Sri Hari Securities Pvt. Ltd.,Trishakti Securities Public Limited,479,332.0,159028.0,2025-08-21 14:59:47.689087
2025-08-21,463,2025082103009490,JBBL,Bhrikuti Stock Broking Co. Pvt. Ltd.,Trishakti Securities Public Limited,50,332.0,16600.0,2025-08-21 14:59:47.689115
2025-08-21,462,2025082103009491,JBBL,Sagarmatha Securities Private Limited,Trishakti Securities Public Limited,50,332.0,16600.0,2025-08-21 14:59:47.689138
