Date,S.N.,Contract ID,Symbol,Buyer Broker,Seller Broker,volume,rate,amount,transaction_time
2025-08-21,56760,2025082104000025,UMHL,Kumari Securities Private Limited,Arun Securities (PVT) Ltd.,10,581.9,5819.0,2025-08-21 11:00:32.653660
2025-08-21,56746,2025082104000034,UMHL,Kumari Securities Private Limited,Online Securities Pvt. Ltd.,10,572.0,5720.0,2025-08-21 11:00:45.379934
2025-08-21,56745,2025082104000035,UMHL,Thrive Brokerage House Pvt. Ltd,Sumeru Securities Pvt. Ltd.,10,570.3,5703.0,2025-08-21 11:00:47.555076
2025-08-21,56205,2025082104000253,UMHL,Trishakti Securities Public Limited,Shree Krishna Securities Ltd.,10,574.9,5749.0,2025-08-21 11:06:30.843636
2025-08-21,56122,2025082104000281,UMHL,Aryatara Investment & Securities,Online Securities Pvt. Ltd.,10,570.8,5708.0,2025-08-21 11:07:38.571141
2025-08-21,55981,2025082104000324,UMHL,Aryatara Investment & Securities,Arun Securities (PVT) Ltd.,10,570.8,5708.0,2025-08-21 11:08:47.645460
2025-08-21,55980,2025082104000325,UMHL,Thrive Brokerage House Pvt. Ltd,Arun Securities (PVT) Ltd.,500,570.7,285350.0,2025-08-21 11:08:47.645679
2025-08-21,55979,2025082104000326,UMHL,Asian Securities Private Ltd.,Arun Securities (PVT) Ltd.,200,570.6,114120.0,2025-08-21 11:08:47.645819
2025-08-21,55978,2025082104000327,UMHL,Sipla Securities Private Limited,Arun Securities (PVT) Ltd.,100,570.5,57050.0,2025-08-21 11:08:47.645954
2025-08-21,55977,2025082104000328,UMHL,Thrive Brokerage House Pvt. Ltd,Arun Securities (PVT) Ltd.,390,570.3,222417.0,2025-08-21 11:08:47.646092
2025-08-21,55612,2025082104000446,UMHL,Thrive Brokerage House Pvt. Ltd,Malla & Malla Stock Broking Company Pvt. Limited,100,570.3,57030.0,2025-08-21 11:11:52.272032
2025-08-21,55611,2025082104000447,UMHL,Nabil Stock Dealer Ltd.,Malla & Malla Stock Broking Company Pvt. Limited,30,570.1,17103.0,2025-08-21 11:11:52.272254
2025-08-21,55610,2025082104000448,UMHL,Naasa Securities Co. Ltd.,Malla & Malla Stock Broking Company Pvt. Limited,350,570.1,199535.0,2025-08-21 11:11:52.272416
2025-08-21,55609,2025082104000449,UMHL,Capital Max Securities Ltd,Malla & Malla Stock Broking Company Pvt. Limited,1120,570.0,638400.0,2025-08-21 11:11:52.272555
2025-08-21,55375,2025082104000523,UMHL,Property Wiard Limited,Trishakti Securities Public Limited,100,570.2,57020.0,2025-08-21 11:14:00.147730
2025-08-21,55374,2025082104000524,UMHL,Premier Securities Company Ltd.,Trishakti Securities Public Limited,20,570.1,11402.0,2025-08-21 11:14:00.148000
2025-08-21,55373,2025082104000525,UMHL,Capital Max Securities Ltd,Trishakti Securities Public Limited,180,570.0,102600.0,2025-08-21 11:14:00.148201
2025-08-21,55310,2025082104000538,UMHL,Capital Max Securities Ltd,Aryatara Investment & Securities,270,570.0,153900.0,2025-08-21 11:14:25.916541
2025-08-21,55297,2025082104000540,UMHL,Capital Max Securities Ltd,Arun Securities (PVT) Ltd.,1430,570.0,815100.0,2025-08-21 11:14:32.392583
2025-08-21,55296,2025082104000541,UMHL,Sweta Securities Private Limited,Arun Securities (PVT) Ltd.,100,570.0,57000.0,2025-08-21 11:14:32.392698
2025-08-21,55295,2025082104000542,UMHL,Thrive Brokerage House Pvt. Ltd,Arun Securities (PVT) Ltd.,400,570.0,228000.0,2025-08-21 11:14:32.392750
2025-08-21,55294,2025082104000543,UMHL,Sagarmatha Securities Private Limited,Arun Securities (PVT) Ltd.,70,570.0,39900.0,2025-08-21 11:14:32.392815
2025-08-21,55207,2025082104000586,UMHL,Sagarmatha Securities Private Limited,Arun Securities (PVT) Ltd.,30,570.0,17100.0,2025-08-21 11:15:07.619272
2025-08-21,55206,2025082104000587,UMHL,Sundhara Securities Limited,Arun Securities (PVT) Ltd.,100,570.0,57000.0,2025-08-21 11:15:07.619573
2025-08-21,55205,2025082104000588,UMHL,Siprabi Securities Pvt. Ltd.,Arun Securities (PVT) Ltd.,50,570.0,28500.0,2025-08-21 11:15:07.619729
2025-08-21,55204,2025082104000589,UMHL,Capital Max Securities Ltd,Arun Securities (PVT) Ltd.,320,569.9,182368.0,2025-08-21 11:15:07.619892
2025-08-21,54957,2025082104000678,UMHL,Deevyaa Securities & Stock House Pvt. Ltd,Aryatara Investment & Securities,186,570.0,106020.0,2025-08-21 11:16:56.934355
2025-08-21,54904,2025082104000695,UMHL,Dakshinkali Investment & Securities Pvt. Ltd.,Aryatara Investment & Securities,314,570.0,178980.0,2025-08-21 11:17:18.582962
2025-08-21,54903,2025082104000696,UMHL,Dakshinkali Investment & Securities Pvt. Ltd.,Nagarik Stock Dealer ,300,570.0,171000.0,2025-08-21 11:17:18.583113
2025-08-21,54902,2025082104000697,UMHL,Dakshinkali Investment & Securities Pvt. Ltd.,Pragyan Securities (PVT) Ltd.,186,570.0,106020.0,2025-08-21 11:17:18.583174
2025-08-21,54856,2025082104000711,UMHL,Thrive Brokerage House Pvt. Ltd,Pragyan Securities (PVT) Ltd.,19,570.0,10830.0,2025-08-21 11:17:39.552955
2025-08-21,54814,2025082104000734,UMHL,Imperial Securities Company Pvt. Ltd.,Arun Securities (PVT) Ltd.,490,570.9,279741.0,2025-08-21 11:17:52.207241
2025-08-21,54722,2025082104000757,UMHL,Thrive Brokerage House Pvt. Ltd,Sewa Securities Pvt. Ltd.,100,571.0,57100.0,2025-08-21 11:18:30.763565
2025-08-21,54688,2025082104000766,UMHL,ABC Securities Private Limited,Sewa Securities Pvt. Ltd.,50,571.0,28550.0,2025-08-21 11:18:42.458855
2025-08-21,54672,2025082104000771,UMHL,Dakshinkali Investment & Securities Pvt. Ltd.,Trisul Securities & Invt. Ltd.,20,570.9,11418.0,2025-08-21 11:18:49.750655
2025-08-21,54645,2025082104000784,UMHL,Thrive Brokerage House Pvt. Ltd,Sewa Securities Pvt. Ltd.,100,571.0,57100.0,2025-08-21 11:19:03.903549
2025-08-21,54620,2025082104000788,UMHL,Sundhara Securities Limited,Sewa Securities Pvt. Ltd.,500,571.0,285500.0,2025-08-21 11:19:14.312366
2025-08-21,54617,2025082104000790,UMHL,Midas Stock Broking Company Private Limited,Sewa Securities Pvt. Ltd.,100,571.0,57100.0,2025-08-21 11:19:17.242631
2025-08-21,54585,2025082104000793,UMHL,Thrive Brokerage House Pvt. Ltd,Sewa Securities Pvt. Ltd.,150,571.0,85650.0,2025-08-21 11:19:36.007218
2025-08-21,54584,2025082104000794,UMHL,Thrive Brokerage House Pvt. Ltd,Trisul Securities & Invt. Ltd.,20,571.0,11420.0,2025-08-21 11:19:36.007361
2025-08-21,54398,2025082104000840,UMHL,Thrive Brokerage House Pvt. Ltd,Dynamic Money Managers Securities Pvt. Ltd.,11,571.0,6281.0,2025-08-21 11:20:51.204804
2025-08-21,54357,2025082104000845,UMHL,Dakshinkali Investment & Securities Pvt. Ltd.,Arun Securities (PVT) Ltd.,180,570.9,102762.0,2025-08-21 11:21:06.198709
2025-08-21,54265,2025082104000866,UMHL,Stoxkarts Securities Limited,Arun Securities (PVT) Ltd.,10,571.9,5719.0,2025-08-21 11:21:42.999017
2025-08-21,54246,2025082104000869,UMHL,Nagarik Stock Dealer ,Dynamic Money Managers Securities Pvt. Ltd.,500,570.1,285050.0,2025-08-21 11:21:53.094387
2025-08-21,54228,2025082104000876,UMHL,Stoxkarts Securities Limited,Arun Securities (PVT) Ltd.,50,571.9,28595.0,2025-08-21 11:22:04.045756
2025-08-21,53935,2025082104000945,UMHL,Naasa Securities Co. Ltd.,Dynamic Money Managers Securities Pvt. Ltd.,100,570.2,57020.0,2025-08-21 11:24:11.831197
2025-08-21,53934,2025082104000946,UMHL,SUN SECURITIES PVT LTD,Dynamic Money Managers Securities Pvt. Ltd.,75,570.1,42757.5,2025-08-21 11:24:11.831528
2025-08-21,53870,2025082104000959,UMHL,SUN SECURITIES PVT LTD,Sani Securities Company Ltd.,10,570.1,5701.0,2025-08-21 11:24:38.822551
2025-08-21,53517,2025082104001052,UMHL,Stoxkarts Securities Limited,Arun Securities (PVT) Ltd.,15,571.9,8578.5,2025-08-21 11:27:07.771568
2025-08-21,53496,2025082104001064,UMHL,SUN SECURITIES PVT LTD,South Asian Bulls Pvt. Ltd.,95,570.1,54159.5,2025-08-21 11:27:14.691576
2025-08-21,53495,2025082104001065,UMHL,Imperial Securities Company Pvt. Ltd.,South Asian Bulls Pvt. Ltd.,306,570.1,174450.6,2025-08-21 11:27:14.691664
2025-08-21,53494,2025082104001066,UMHL,Aryatara Investment & Securities,South Asian Bulls Pvt. Ltd.,200,570.1,114020.0,2025-08-21 11:27:14.691706
2025-08-21,53493,2025082104001067,UMHL,K.B.L. Securities Limited ,South Asian Bulls Pvt. Ltd.,500,570.0,285000.0,2025-08-21 11:27:14.691735
2025-08-21,53492,2025082104001068,UMHL,Siprabi Securities Pvt. Ltd.,South Asian Bulls Pvt. Ltd.,50,570.0,28500.0,2025-08-21 11:27:14.691758
2025-08-21,53491,2025082104001069,UMHL,Infinity Securities Limited,South Asian Bulls Pvt. Ltd.,500,570.0,285000.0,2025-08-21 11:27:14.691782
2025-08-21,53490,2025082104001070,UMHL,Nabil Stock Dealer Ltd.,South Asian Bulls Pvt. Ltd.,20,570.0,11400.0,2025-08-21 11:27:14.691820
2025-08-21,53489,2025082104001071,UMHL,Trisul Securities & Invt. Ltd.,South Asian Bulls Pvt. Ltd.,100,570.0,57000.0,2025-08-21 11:27:14.691839
2025-08-21,53488,2025082104001072,UMHL,Thrive Brokerage House Pvt. Ltd,South Asian Bulls Pvt. Ltd.,200,570.0,114000.0,2025-08-21 11:27:14.691861
2025-08-21,53487,2025082104001073,UMHL,Neev Securities Pvt. Ltd.,South Asian Bulls Pvt. Ltd.,400,570.0,228000.0,2025-08-21 11:27:14.691885
2025-08-21,53486,2025082104001074,UMHL,R.B.B. Securities Company Ltd,South Asian Bulls Pvt. Ltd.,1000,570.0,570000.0,2025-08-21 11:27:14.691909
2025-08-21,53485,2025082104001075,UMHL,Capital Max Securities Ltd,South Asian Bulls Pvt. Ltd.,919,570.0,523830.0,2025-08-21 11:27:14.691928
2025-08-21,53484,2025082104001076,UMHL,R.B.B. Securities Company Ltd,South Asian Bulls Pvt. Ltd.,1000,570.0,570000.0,2025-08-21 11:27:14.691946
2025-08-21,53483,2025082104001077,UMHL,K.B.L. Securities Limited ,South Asian Bulls Pvt. Ltd.,214,570.0,121980.0,2025-08-21 11:27:14.691963
2025-08-21,53482,2025082104001078,UMHL,Sewa Securities Pvt. Ltd.,South Asian Bulls Pvt. Ltd.,1000,570.0,570000.0,2025-08-21 11:27:14.691982
2025-08-21,53481,2025082104001079,UMHL,Kohinoor Investment & Securities Pvt. Ltd.,South Asian Bulls Pvt. Ltd.,100,570.0,57000.0,2025-08-21 11:27:14.692003
2025-08-21,53480,2025082104001080,UMHL,Capital Max Securities Ltd,South Asian Bulls Pvt. Ltd.,4680,569.9,2667132.0,2025-08-21 11:27:14.692024
2025-08-21,53479,2025082104001081,UMHL,Capital Max Securities Ltd,South Asian Bulls Pvt. Ltd.,10000,569.9,5699000.0,2025-08-21 11:27:14.692046
2025-08-21,53478,2025082104001082,UMHL,Capital Max Securities Ltd,South Asian Bulls Pvt. Ltd.,341,569.9,194335.9,2025-08-21 11:27:14.692064
2025-08-21,53435,2025082104001098,UMHL,Capital Max Securities Ltd,Malla & Malla Stock Broking Company Pvt. Limited,750,569.9,427425.0,2025-08-21 11:27:31.116893
2025-08-21,53317,2025082104001141,UMHL,Thrive Brokerage House Pvt. Ltd,Sagarmatha Securities Private Limited,300,570.0,171000.0,2025-08-21 11:28:11.661568
2025-08-21,53252,2025082104001164,UMHL,Market Securities & Exchange (PVT) Ltd.,Sagarmatha Securities Private Limited,120,570.0,68400.0,2025-08-21 11:28:38.421588
2025-08-21,53172,2025082104001198,UMHL,Property Wiard Limited,Arun Securities (PVT) Ltd.,625,572.9,358062.5,2025-08-21 11:29:06.063681
2025-08-21,53171,2025082104001199,UMHL,Property Wiard Limited,Dynamic Money Managers Securities Pvt. Ltd.,100,573.0,57300.0,2025-08-21 11:29:06.063753
2025-08-21,53170,2025082104001200,UMHL,Property Wiard Limited,Dipshikha Dhitopatra Karobar Co. Pvt Ltd.,210,573.0,120330.0,2025-08-21 11:29:06.063779
2025-08-21,53169,2025082104001201,UMHL,Property Wiard Limited,Bhrikuti Stock Broking Co. Pvt. Ltd.,65,574.0,37310.0,2025-08-21 11:29:06.063805
2025-08-21,52976,2025082104001248,UMHL,Naasa Securities Co. Ltd.,Online Securities Pvt. Ltd.,10,570.0,5700.0,2025-08-21 11:30:08.283360
2025-08-21,52887,2025082104001272,UMHL,Naasa Securities Co. Ltd.,Dynamic Money Managers Securities Pvt. Ltd.,90,570.0,51300.0,2025-08-21 11:30:32.713783
2025-08-21,52886,2025082104001273,UMHL,Market Securities & Exchange (PVT) Ltd.,Dynamic Money Managers Securities Pvt. Ltd.,110,570.0,62700.0,2025-08-21 11:30:32.713938
2025-08-21,52651,2025082104001353,UMHL,Stoxkarts Securities Limited,Arun Securities (PVT) Ltd.,100,573.9,57390.0,2025-08-21 11:31:54.453650
2025-08-21,52316,2025082104001441,UMHL,Kumari Securities Private Limited,Arun Securities (PVT) Ltd.,200,573.9,114780.0,2025-08-21 11:33:35.070517
2025-08-21,52166,2025082104001484,UMHL,Aryatara Investment & Securities,Online Securities Pvt. Ltd.,10,570.2,5702.0,2025-08-21 11:34:29.763948
2025-08-21,52065,2025082104001528,UMHL,Stoxkarts Securities Limited,Arun Securities (PVT) Ltd.,50,573.9,28695.0,2025-08-21 11:35:09.946392
2025-08-21,51924,2025082104001585,UMHL,ABC Securities Private Limited,Arun Securities (PVT) Ltd.,150,573.9,86085.0,2025-08-21 11:35:54.706334
2025-08-21,51923,2025082104001586,UMHL,ABC Securities Private Limited,Trisul Securities & Invt. Ltd.,150,573.9,86085.0,2025-08-21 11:35:54.706639
2025-08-21,51340,2025082104001816,UMHL,Imperial Securities Company Pvt. Ltd.,Arun Securities (PVT) Ltd.,100,572.0,57200.0,2025-08-21 11:39:46.101870
2025-08-21,51074,2025082104001914,UMHL,Imperial Securities Company Pvt. Ltd.,Arun Securities (PVT) Ltd.,60,571.6,34296.0,2025-08-21 11:41:33.530655
2025-08-21,51073,2025082104001915,UMHL,ABC Securities Private Limited,Arun Securities (PVT) Ltd.,100,571.5,57150.0,2025-08-21 11:41:33.531007
2025-08-21,50981,2025082104001946,UMHL,Capital Max Securities Ltd,Aryatara Investment & Securities,17,571.0,9707.0,2025-08-21 11:42:16.078272
2025-08-21,50929,2025082104001953,UMHL,Stoxkarts Securities Limited,Dipshikha Dhitopatra Karobar Co. Pvt Ltd.,30,572.0,17160.0,2025-08-21 11:42:36.970789
2025-08-21,50906,2025082104001955,UMHL,Stoxkarts Securities Limited,Dipshikha Dhitopatra Karobar Co. Pvt Ltd.,10,572.0,5720.0,2025-08-21 11:42:43.994514
2025-08-21,50905,2025082104001956,UMHL,Stoxkarts Securities Limited,Kohinoor Investment & Securities Pvt. Ltd.,10,573.8,5738.0,2025-08-21 11:42:43.994619
2025-08-21,50902,2025082104001959,UMHL,Capital Max Securities Ltd,Aryatara Investment & Securities,200,571.0,114200.0,2025-08-21 11:42:45.291369
2025-08-21,50810,2025082104001990,UMHL,Stoxkarts Securities Limited,Secured Securities Ltd.,30,573.8,17214.0,2025-08-21 11:43:16.074349
2025-08-21,50809,2025082104001991,UMHL,Stoxkarts Securities Limited,Trisul Securities & Invt. Ltd.,10,573.9,5739.0,2025-08-21 11:43:16.074468
2025-08-21,50641,2025082104002028,UMHL,Thrive Brokerage House Pvt. Ltd,Aryatara Investment & Securities,10,573.8,5738.0,2025-08-21 11:44:19.002204
2025-08-21,49968,2025082104002227,UMHL,Capital Max Securities Ltd,Arun Securities (PVT) Ltd.,400,572.0,228800.0,2025-08-21 11:48:52.274119
2025-08-21,49293,2025082104002359,UMHL,Property Wiard Limited,Trishakti Securities Public Limited,50,571.3,28565.0,2025-08-21 11:53:20.226563
2025-08-21,49212,2025082104002385,UMHL,Property Wiard Limited,Imperial Securities Company Pvt. Ltd.,10,571.3,5713.0,2025-08-21 11:53:40.579708
2025-08-21,49062,2025082104002415,UMHL,Stoxkarts Securities Limited,Trisul Securities & Invt. Ltd.,30,573.9,17217.0,2025-08-21 11:54:22.580981
2025-08-21,49042,2025082104002418,UMHL,Stoxkarts Securities Limited,Trisul Securities & Invt. Ltd.,10,573.9,5739.0,2025-08-21 11:54:32.607248
2025-08-21,48786,2025082104002494,UMHL,Sani Securities Company Ltd.,Arun Securities (PVT) Ltd.,100,573.0,57300.0,2025-08-21 11:56:11.734745
2025-08-21,48629,2025082104002545,UMHL,Imperial Securities Company Pvt. Ltd.,Capital Max Securities Ltd,100,573.9,57390.0,2025-08-21 11:57:24.667471
2025-08-21,48324,2025082104002652,UMHL,Kohinoor Investment & Securities Pvt. Ltd.,J.F. Securites (PVT) Ltd.,107,573.0,61311.0,2025-08-21 11:59:23.377881
2025-08-21,48287,2025082104002663,UMHL,Stoxkarts Securities Limited,Capital Max Securities Ltd,10,573.9,5739.0,2025-08-21 11:59:35.316033
2025-08-21,47900,2025082104002812,UMHL,Property Wiard Limited,J.F. Securites (PVT) Ltd.,406,572.7,232516.2,2025-08-21 12:01:34.614503
2025-08-21,47468,2025082104002906,UMHL,Thrive Brokerage House Pvt. Ltd,Stoxkarts Securities Limited,10,572.4,5724.0,2025-08-21 12:03:58.979456
2025-08-21,47467,2025082104002907,UMHL,Thrive Brokerage House Pvt. Ltd,Stoxkarts Securities Limited,10,572.3,5723.0,2025-08-21 12:03:58.979503
2025-08-21,47466,2025082104002908,UMHL,Thrive Brokerage House Pvt. Ltd,Stoxkarts Securities Limited,10,572.2,5722.0,2025-08-21 12:03:58.979536
2025-08-21,47465,2025082104002909,UMHL,Aryatara Investment & Securities,Stoxkarts Securities Limited,10,572.1,5721.0,2025-08-21 12:03:58.979567
2025-08-21,47464,2025082104002910,UMHL,SUN SECURITIES PVT LTD,Stoxkarts Securities Limited,10,572.0,5720.0,2025-08-21 12:03:58.979594
2025-08-21,47397,2025082104002940,UMHL,Stoxkarts Securities Limited,Arun Securities (PVT) Ltd.,10,573.8,5738.0,2025-08-21 12:04:19.704308
2025-08-21,47196,2025082104003023,UMHL,Capital Max Securities Ltd,Dynamic Money Managers Securities Pvt. Ltd.,200,572.5,114500.0,2025-08-21 12:05:18.647143
2025-08-21,47052,2025082104003063,UMHL,Capital Max Securities Ltd,Nepal Investment And Securities Trading Private Limited,40,572.5,22900.0,2025-08-21 12:06:12.254123
2025-08-21,46819,2025082104003130,UMHL,Dipshikha Dhitopatra Karobar Co. Pvt Ltd.,Arun Securities (PVT) Ltd.,200,573.8,114760.0,2025-08-21 12:07:25.802234
2025-08-21,46767,2025082104003155,UMHL,Capital Max Securities Ltd,Arun Securities (PVT) Ltd.,591,573.8,339115.8,2025-08-21 12:07:42.755816
2025-08-21,46766,2025082104003156,UMHL,Capital Max Securities Ltd,Sri Hari Securities Pvt. Ltd.,192,573.8,110169.6,2025-08-21 12:07:42.756225
2025-08-21,46508,2025082104003222,UMHL,Stoxkarts Securities Limited,Bhrikuti Stock Broking Co. Pvt. Ltd.,10,574.0,5740.0,2025-08-21 12:08:51.664528
2025-08-21,46327,2025082104003276,UMHL,Capital Max Securities Ltd,Midas Stock Broking Company Private Limited,200,573.0,114600.0,2025-08-21 12:09:48.635675
2025-08-21,46326,2025082104003277,UMHL,SUN SECURITIES PVT LTD,Midas Stock Broking Company Private Limited,200,573.0,114600.0,2025-08-21 12:09:48.635966
2025-08-21,46325,2025082104003278,UMHL,Naasa Securities Co. Ltd.,Midas Stock Broking Company Private Limited,13,573.0,7449.0,2025-08-21 12:09:48.636084
2025-08-21,46324,2025082104003279,UMHL,Sewa Securities Pvt. Ltd.,Midas Stock Broking Company Private Limited,360,572.7,206172.0,2025-08-21 12:09:48.636171
2025-08-21,46323,2025082104003280,UMHL,Capital Max Securities Ltd,Midas Stock Broking Company Private Limited,260,572.5,148850.0,2025-08-21 12:09:48.636258
2025-08-21,46322,2025082104003281,UMHL,J.F. Securites (PVT) Ltd.,Midas Stock Broking Company Private Limited,10,572.1,5721.0,2025-08-21 12:09:48.636362
2025-08-21,46321,2025082104003282,UMHL,SUN SECURITIES PVT LTD,Midas Stock Broking Company Private Limited,190,572.0,108680.0,2025-08-21 12:09:48.636449
2025-08-21,46320,2025082104003283,UMHL,Naasa Securities Co. Ltd.,Midas Stock Broking Company Private Limited,23,572.0,13156.0,2025-08-21 12:09:48.636533
2025-08-21,46319,2025082104003284,UMHL,Dakshinkali Investment & Securities Pvt. Ltd.,Midas Stock Broking Company Private Limited,40,572.0,22880.0,2025-08-21 12:09:48.636621
2025-08-21,46318,2025082104003285,UMHL,Miyo Securities Pvt Ltd,Midas Stock Broking Company Private Limited,50,572.0,28600.0,2025-08-21 12:09:48.636719
2025-08-21,46317,2025082104003286,UMHL,Thrive Brokerage House Pvt. Ltd,Midas Stock Broking Company Private Limited,10,571.2,5712.0,2025-08-21 12:09:48.636811
2025-08-21,46316,2025082104003287,UMHL,Thrive Brokerage House Pvt. Ltd,Midas Stock Broking Company Private Limited,10,571.1,5711.0,2025-08-21 12:09:48.636909
2025-08-21,46315,2025082104003288,UMHL,Thrive Brokerage House Pvt. Ltd,Midas Stock Broking Company Private Limited,300,570.5,171150.0,2025-08-21 12:09:48.636993
2025-08-21,46314,2025082104003289,UMHL,Vision Securities Pvt. Ltd,Midas Stock Broking Company Private Limited,250,570.3,142575.0,2025-08-21 12:09:48.637091
2025-08-21,46313,2025082104003290,UMHL,Shree Krishna Securities Ltd.,Midas Stock Broking Company Private Limited,284,570.3,161965.2,2025-08-21 12:09:48.637185
2025-08-21,46219,2025082104003304,UMHL,Stoxkarts Securities Limited,Arun Securities (PVT) Ltd.,50,573.9,28695.0,2025-08-21 12:10:23.878344
2025-08-21,46014,2025082104003344,UMHL,Nagarik Stock Dealer ,R.B.B. Securities Company Ltd,1000,572.0,572000.0,2025-08-21 12:11:28.552250
2025-08-21,46013,2025082104003345,UMHL,Nagarik Stock Dealer ,Arun Securities (PVT) Ltd.,200,573.9,114780.0,2025-08-21 12:11:28.552541
2025-08-21,45417,2025082104003436,UMHL,Trisul Securities & Invt. Ltd.,Aryatara Investment & Securities,30,573.8,17214.0,2025-08-21 12:13:36.360644
2025-08-21,45416,2025082104003437,UMHL,Trisul Securities & Invt. Ltd.,Arun Securities (PVT) Ltd.,10,573.9,5739.0,2025-08-21 12:13:36.360691
2025-08-21,45224,2025082104003476,UMHL,Global IME Securities Limited,Online Securities Pvt. Ltd.,10,570.3,5703.0,2025-08-21 12:14:33.361691
2025-08-21,44168,2025082104003750,UMHL,Property Wiard Limited,Linch Stock Market Ltd.,91,570.7,51933.7,2025-08-21 12:20:27.467279
2025-08-21,43817,2025082104003840,UMHL,Trisul Securities & Invt. Ltd.,Aryatara Investment & Securities,20,573.8,11476.0,2025-08-21 12:23:04.719780
2025-08-21,43816,2025082104003841,UMHL,Trisul Securities & Invt. Ltd.,Arun Securities (PVT) Ltd.,10,573.9,5739.0,2025-08-21 12:23:04.719830
2025-08-21,42217,2025082104004239,UMHL,Sundhara Securities Limited,Market Securities & Exchange (PVT) Ltd.,100,571.0,57100.0,2025-08-21 12:31:37.022205
2025-08-21,42216,2025082104004240,UMHL,ABC Securities Private Limited,Market Securities & Exchange (PVT) Ltd.,20,571.0,11420.0,2025-08-21 12:31:37.022623
2025-08-21,42215,2025082104004241,UMHL,Imperial Securities Company Pvt. Ltd.,Market Securities & Exchange (PVT) Ltd.,180,570.7,102726.0,2025-08-21 12:31:37.022876
2025-08-21,42122,2025082104004258,UMHL,Stoxkarts Securities Limited,Creative Securities Pvt Ltd,10,573.0,5730.0,2025-08-21 12:32:14.804529
2025-08-21,41655,2025082104004406,UMHL,Sanima Securities Limited,Capital Max Securities Ltd,60,571.0,34260.0,2025-08-21 12:35:03.075897
2025-08-21,41385,2025082104004454,UMHL,Sri Hari Securities Pvt. Ltd.,Creative Securities Pvt Ltd,130,573.0,74490.0,2025-08-21 12:36:34.708993
2025-08-21,41384,2025082104004455,UMHL,Sri Hari Securities Pvt. Ltd.,Market Securities & Exchange (PVT) Ltd.,370,573.0,212010.0,2025-08-21 12:36:34.709226
2025-08-21,39951,2025082104004857,UMHL,Sri Hari Securities Pvt. Ltd.,Agrawal Securities (PVT) Ltd.,103,570.7,58782.1,2025-08-21 12:42:56.149755
2025-08-21,39650,2025082104004918,UMHL,Sri Hari Securities Pvt. Ltd.,Nepal Stock House (PVT) Ltd.,24,570.7,13696.8,2025-08-21 12:44:14.300967
2025-08-21,39120,2025082104005079,UMHL,Sri Hari Securities Pvt. Ltd.,Secured Securities Ltd.,100,570.7,57070.0,2025-08-21 12:46:19.762281
2025-08-21,38415,2025082104005278,UMHL,Sri Hari Securities Pvt. Ltd.,Indira securities pvt. ltd,73,570.7,41661.1,2025-08-21 12:49:05.319118
2025-08-21,38414,2025082104005279,UMHL,Stoxkarts Securities Limited,Indira securities pvt. ltd,100,570.7,57070.0,2025-08-21 12:49:05.319196
2025-08-21,38413,2025082104005280,UMHL,Aryatara Investment & Securities,Indira securities pvt. ltd,20,570.6,11412.0,2025-08-21 12:49:05.319234
2025-08-21,38412,2025082104005281,UMHL,Trishakti Securities Public Limited,Indira securities pvt. ltd,307,570.6,175174.2,2025-08-21 12:49:05.319261
2025-08-21,38331,2025082104005295,UMHL,Trishakti Securities Public Limited,Indira securities pvt. ltd,93,570.6,53065.8,2025-08-21 12:49:27.383883
2025-08-21,38153,2025082104005407,UMHL,Sri Hari Securities Pvt. Ltd.,Property Wiard Limited,1000,570.6,570600.0,2025-08-21 12:50:03.309825
2025-08-21,38152,2025082104005408,UMHL,Imperial Securities Company Pvt. Ltd.,Property Wiard Limited,91,570.6,51924.6,2025-08-21 12:50:03.309895
2025-08-21,38080,2025082104005436,UMHL,Imperial Securities Company Pvt. Ltd.,Aryatara Investment & Securities,50,570.6,28530.0,2025-08-21 12:50:30.157525
2025-08-21,37394,2025082104005469,UMHL,MILKY WAY SHARE BROKER COMPANY LTD ,Stoxkarts Securities Limited,400,570.5,228200.0,2025-08-21 12:51:23.617490
2025-08-21,37335,2025082104005481,UMHL,MILKY WAY SHARE BROKER COMPANY LTD ,Sagarmatha Securities Private Limited,100,570.5,57050.0,2025-08-21 12:51:57.583150
2025-08-21,37113,2025082104005525,UMHL,MILKY WAY SHARE BROKER COMPANY LTD ,Naasa Securities Co. Ltd.,70,570.5,39935.0,2025-08-21 12:53:14.000713
2025-08-21,37087,2025082104005531,UMHL,Sumeru Securities Pvt. Ltd.,Bhrikuti Stock Broking Co. Pvt. Ltd.,90,571.9,51471.0,2025-08-21 12:53:23.718276
2025-08-21,36357,2025082104005676,UMHL,MILKY WAY SHARE BROKER COMPANY LTD ,Dipshikha Dhitopatra Karobar Co. Pvt Ltd.,50,570.5,28525.0,2025-08-21 12:56:31.071337
2025-08-21,35750,2025082104005810,UMHL,Thrive Brokerage House Pvt. Ltd,Dipshikha Dhitopatra Karobar Co. Pvt Ltd.,110,571.0,62810.0,2025-08-21 12:59:33.226534
2025-08-21,35662,2025082104005824,UMHL,MILKY WAY SHARE BROKER COMPANY LTD ,Vision Securities Pvt. Ltd,52,570.5,29666.0,2025-08-21 13:00:04.532376
2025-08-21,35158,2025082104005953,UMHL,Naasa Securities Co. Ltd.,Naasa Securities Co. Ltd.,10,570.6,5706.0,2025-08-21 13:02:42.650428
2025-08-21,34924,2025082104006007,UMHL,Midas Stock Broking Company Private Limited,Dipshikha Dhitopatra Karobar Co. Pvt Ltd.,313,571.0,178723.0,2025-08-21 13:04:19.212410
2025-08-21,34892,2025082104006020,UMHL,APPLE SECURITIES PRIVATE LIMITED,Aryatara Investment & Securities,19,570.6,10841.4,2025-08-21 13:04:26.013573
2025-08-21,34859,2025082104006026,UMHL,APPLE SECURITIES PRIVATE LIMITED,Imperial Securities Company Pvt. Ltd.,481,570.6,274458.6,2025-08-21 13:04:44.360676
2025-08-21,34858,2025082104006027,UMHL,Midas Stock Broking Company Private Limited,Imperial Securities Company Pvt. Ltd.,10,570.6,5706.0,2025-08-21 13:04:44.360917
2025-08-21,34857,2025082104006028,UMHL,Imperial Securities Company Pvt. Ltd.,Imperial Securities Company Pvt. Ltd.,9,570.6,5135.4,2025-08-21 13:04:44.361042
2025-08-21,34829,2025082104006033,UMHL,Imperial Securities Company Pvt. Ltd.,Aryatara Investment & Securities,10,570.6,5706.0,2025-08-21 13:05:02.398005
2025-08-21,34828,2025082104006034,UMHL,MILKY WAY SHARE BROKER COMPANY LTD ,Aryatara Investment & Securities,30,570.5,17115.0,2025-08-21 13:05:02.398106
2025-08-21,32796,2025082104006467,UMHL,Dipshikha Dhitopatra Karobar Co. Pvt Ltd.,Sani Securities Company Ltd.,50,571.0,28550.0,2025-08-21 13:17:45.214643
2025-08-21,32527,2025082104006531,UMHL,Dipshikha Dhitopatra Karobar Co. Pvt Ltd.,Sweta Securities Private Limited,80,571.0,45680.0,2025-08-21 13:19:42.590133
2025-08-21,32172,2025082104006624,UMHL,Nepal Investment And Securities Trading Private Limited,Bhrikuti Stock Broking Co. Pvt. Ltd.,156,571.5,89154.0,2025-08-21 13:21:29.083413
2025-08-21,31786,2025082104006733,UMHL,Nepal Investment And Securities Trading Private Limited,Oxford Securities Pvt. Ltd.,100,571.5,57150.0,2025-08-21 13:23:22.078868
2025-08-21,31531,2025082104006781,UMHL,Nepal Investment And Securities Trading Private Limited,Naasa Securities Co. Ltd.,50,572.0,28600.0,2025-08-21 13:24:46.526459
2025-08-21,31530,2025082104006782,UMHL,Nepal Investment And Securities Trading Private Limited,Sumeru Securities Pvt. Ltd.,194,572.0,110968.0,2025-08-21 13:24:46.526937
2025-08-21,31242,2025082104006851,UMHL,Premier Securities Company Ltd.,Sumeru Securities Pvt. Ltd.,200,572.0,114400.0,2025-08-21 13:26:45.751189
2025-08-21,31226,2025082104006855,UMHL,Arun Securities (PVT) Ltd.,Sumeru Securities Pvt. Ltd.,106,572.0,60632.0,2025-08-21 13:26:48.323021
2025-08-21,31225,2025082104006856,UMHL,Arun Securities (PVT) Ltd.,Imperial Securities Company Pvt. Ltd.,50,572.0,28600.0,2025-08-21 13:26:48.323263
2025-08-21,31224,2025082104006857,UMHL,Arun Securities (PVT) Ltd.,Investment Management Nepal Pvt. Ltd.,19,572.0,10868.0,2025-08-21 13:26:48.323373
2025-08-21,30413,2025082104007032,UMHL,Dipshikha Dhitopatra Karobar Co. Pvt Ltd.,Premier Securities Company Ltd.,10,571.0,5710.0,2025-08-21 13:30:23.813556
2025-08-21,29466,2025082104007297,UMHL,Dipshikha Dhitopatra Karobar Co. Pvt Ltd.,Online Securities Pvt. Ltd.,10,571.0,5710.0,2025-08-21 13:34:31.933662
2025-08-21,29465,2025082104007298,UMHL,MILKY WAY SHARE BROKER COMPANY LTD ,Online Securities Pvt. Ltd.,86,570.5,49063.0,2025-08-21 13:34:31.934160
2025-08-21,29177,2025082104007365,UMHL,Agrawal Securities (PVT) Ltd.,South Asian Bulls Pvt. Ltd.,290,571.5,165735.0,2025-08-21 13:35:47.326470
2025-08-21,29083,2025082104007404,UMHL,Agrawal Securities (PVT) Ltd.,Naasa Securities Co. Ltd.,100,571.5,57150.0,2025-08-21 13:36:19.928292
2025-08-21,28994,2025082104007418,UMHL,Agrawal Securities (PVT) Ltd.,Arun Securities (PVT) Ltd.,110,571.5,62865.0,2025-08-21 13:36:47.682035
2025-08-21,28993,2025082104007419,UMHL,SUN SECURITIES PVT LTD,Arun Securities (PVT) Ltd.,90,571.5,51435.0,2025-08-21 13:36:47.682351
2025-08-21,28800,2025082104007497,UMHL,Asian Securities Private Ltd.,Trisul Securities & Invt. Ltd.,800,571.9,457520.0,2025-08-21 13:37:46.679988
2025-08-21,28736,2025082104007511,UMHL,Asian Securities Private Ltd.,Trisul Securities & Invt. Ltd.,200,571.9,114380.0,2025-08-21 13:38:00.737357
2025-08-21,28663,2025082104007520,UMHL,SUN SECURITIES PVT LTD,Aryatara Investment & Securities,12,571.5,6858.0,2025-08-21 13:38:25.165639
2025-08-21,28556,2025082104007540,UMHL,SUN SECURITIES PVT LTD,Arun Securities (PVT) Ltd.,70,571.5,40005.0,2025-08-21 13:39:02.546456
2025-08-21,28328,2025082104007608,UMHL,Midas Stock Broking Company Private Limited,Oxford Securities Pvt. Ltd.,100,571.8,57180.0,2025-08-21 13:40:33.270606
2025-08-21,28302,2025082104007616,UMHL,MILKY WAY SHARE BROKER COMPANY LTD ,SUN SECURITIES PVT LTD,212,570.5,120946.0,2025-08-21 13:40:40.730891
2025-08-21,28301,2025082104007617,UMHL,Creative Securities Pvt Ltd,SUN SECURITIES PVT LTD,350,570.5,199675.0,2025-08-21 13:40:40.731169
2025-08-21,28300,2025082104007618,UMHL,Imperial Securities Company Pvt. Ltd.,SUN SECURITIES PVT LTD,300,570.5,171150.0,2025-08-21 13:40:40.731268
2025-08-21,28299,2025082104007619,UMHL,Bhrikuti Stock Broking Co. Pvt. Ltd.,SUN SECURITIES PVT LTD,100,570.2,57020.0,2025-08-21 13:40:40.731373
2025-08-21,28298,2025082104007620,UMHL,Dipshikha Dhitopatra Karobar Co. Pvt Ltd.,SUN SECURITIES PVT LTD,100,570.2,57020.0,2025-08-21 13:40:40.731472
2025-08-21,28297,2025082104007621,UMHL,Global IME Securities Limited,SUN SECURITIES PVT LTD,15,570.2,8553.0,2025-08-21 13:40:40.731596
2025-08-21,28296,2025082104007622,UMHL,Property Wiard Limited,SUN SECURITIES PVT LTD,100,570.2,57020.0,2025-08-21 13:40:40.731717
2025-08-21,28295,2025082104007623,UMHL,Property Wiard Limited,SUN SECURITIES PVT LTD,200,570.2,114040.0,2025-08-21 13:40:40.731848
2025-08-21,28294,2025082104007624,UMHL,Aryatara Investment & Securities,SUN SECURITIES PVT LTD,123,570.2,70134.6,2025-08-21 13:40:40.731974
2025-08-21,28165,2025082104007647,UMHL,Midas Stock Broking Company Private Limited,Trisul Securities & Invt. Ltd.,27,571.9,15441.3,2025-08-21 13:41:17.516965
2025-08-21,28085,2025082104007668,UMHL,Aryatara Investment & Securities,Stoxkarts Securities Limited,68,570.2,38773.6,2025-08-21 13:41:45.511137
2025-08-21,28076,2025082104007670,UMHL,Midas Stock Broking Company Private Limited,Trisul Securities & Invt. Ltd.,50,571.9,28595.0,2025-08-21 13:41:47.647761
2025-08-21,28065,2025082104007671,UMHL,Stoxkarts Securities Limited,Trisul Securities & Invt. Ltd.,13,571.9,7434.7,2025-08-21 13:41:53.530140
2025-08-21,28064,2025082104007672,UMHL,Stoxkarts Securities Limited,Investment Management Nepal Pvt. Ltd.,55,572.0,31460.0,2025-08-21 13:41:53.530243
2025-08-21,27754,2025082104007749,UMHL,Stoxkarts Securities Limited,Investment Management Nepal Pvt. Ltd.,10,572.0,5720.0,2025-08-21 13:43:16.722247
2025-08-21,27742,2025082104007754,UMHL,Capital Max Securities Ltd,Stoxkarts Securities Limited,10,570.1,5701.0,2025-08-21 13:43:21.737283
2025-08-21,27518,2025082104007797,UMHL,Capital Max Securities Ltd,Stoxkarts Securities Limited,113,570.1,64421.3,2025-08-21 13:44:34.905926
2025-08-21,27517,2025082104007798,UMHL,Midas Stock Broking Company Private Limited,Investment Management Nepal Pvt. Ltd.,16,572.0,9152.0,2025-08-21 13:44:35.684669
2025-08-21,27516,2025082104007799,UMHL,Midas Stock Broking Company Private Limited,Aryatara Investment & Securities,50,572.0,28600.0,2025-08-21 13:44:35.684998
2025-08-21,27515,2025082104007800,UMHL,Midas Stock Broking Company Private Limited,Sweta Securities Private Limited,100,572.0,57200.0,2025-08-21 13:44:35.685134
2025-08-21,27514,2025082104007801,UMHL,Midas Stock Broking Company Private Limited,Sani Securities Company Ltd.,500,572.0,286000.0,2025-08-21 13:44:35.685236
2025-08-21,27478,2025082104007810,UMHL,Midas Stock Broking Company Private Limited,Stoxkarts Securities Limited,15,572.0,8580.0,2025-08-21 13:44:48.937290
2025-08-21,27352,2025082104007839,UMHL,S.P.S.A. Securities Limited,Online Securities Pvt. Ltd.,234,572.5,133965.0,2025-08-21 13:45:17.077149
2025-08-21,27351,2025082104007840,UMHL,S.P.S.A. Securities Limited,SUN SECURITIES PVT LTD,966,572.9,553421.4,2025-08-21 13:45:17.077396
2025-08-21,26997,2025082104007911,UMHL,Dipshikha Dhitopatra Karobar Co. Pvt Ltd.,Dynamic Money Managers Securities Pvt. Ltd.,15,572.0,8580.0,2025-08-21 13:47:13.423518
2025-08-21,26941,2025082104007921,UMHL,Stoxkarts Securities Limited,Sani Securities Company Ltd.,123,572.8,70454.4,2025-08-21 13:47:40.400564
2025-08-21,26920,2025082104007923,UMHL,Capital Max Securities Ltd,Stoxkarts Securities Limited,10,570.1,5701.0,2025-08-21 13:47:44.410472
2025-08-21,26904,2025082104007925,UMHL,Midas Stock Broking Company Private Limited,Dynamic Money Managers Securities Pvt. Ltd.,500,572.5,286250.0,2025-08-21 13:47:49.435491
2025-08-21,26870,2025082104007930,UMHL,Trisul Securities & Invt. Ltd.,Dynamic Money Managers Securities Pvt. Ltd.,100,572.5,57250.0,2025-08-21 13:48:04.754142
2025-08-21,26869,2025082104007931,UMHL,Trisul Securities & Invt. Ltd.,Sani Securities Company Ltd.,377,572.8,215945.6,2025-08-21 13:48:04.754632
2025-08-21,26868,2025082104007932,UMHL,Trisul Securities & Invt. Ltd.,SUN SECURITIES PVT LTD,523,572.9,299626.7,2025-08-21 13:48:04.754929
2025-08-21,26860,2025082104007939,UMHL,Capital Max Securities Ltd,Stoxkarts Securities Limited,13,570.1,7411.3,2025-08-21 13:48:06.467341
2025-08-21,26798,2025082104007950,UMHL,Stoxkarts Securities Limited,SUN SECURITIES PVT LTD,36,572.9,20624.4,2025-08-21 13:48:26.527437
2025-08-21,26780,2025082104007955,UMHL,Capital Max Securities Ltd,Stoxkarts Securities Limited,10,570.1,5701.0,2025-08-21 13:48:30.538714
2025-08-21,26693,2025082104007970,UMHL,Capital Max Securities Ltd,Dynamic Money Managers Securities Pvt. Ltd.,85,570.1,48458.5,2025-08-21 13:49:02.528403
2025-08-21,26542,2025082104007986,UMHL,Capital Max Securities Ltd,Property Wiard Limited,59,570.1,33635.9,2025-08-21 13:49:37.598491
2025-08-21,26541,2025082104007987,UMHL,Kohinoor Investment & Securities Pvt. Ltd.,Property Wiard Limited,441,570.1,251414.1,2025-08-21 13:49:37.598742
2025-08-21,26347,2025082104008035,UMHL,ABC Securities Private Limited,Shree Krishna Securities Ltd.,200,571.0,114200.0,2025-08-21 13:50:29.895844
2025-08-21,26346,2025082104008036,UMHL,Kohinoor Investment & Securities Pvt. Ltd.,Shree Krishna Securities Ltd.,160,570.1,91216.0,2025-08-21 13:50:29.896146
2025-08-21,26245,2025082104008063,UMHL,Kohinoor Investment & Securities Pvt. Ltd.,Online Securities Pvt. Ltd.,250,570.1,142525.0,2025-08-21 13:51:10.994365
2025-08-21,25910,2025082104008125,UMHL,Kohinoor Investment & Securities Pvt. Ltd.,Sani Securities Company Ltd.,35,570.1,19953.5,2025-08-21 13:52:55.081460
2025-08-21,25410,2025082104008231,UMHL,Midas Stock Broking Company Private Limited,Malla & Malla Stock Broking Company Pvt. Limited,45,572.0,25740.0,2025-08-21 13:55:11.606293
2025-08-21,24033,2025082104008582,UMHL,Sri Hari Securities Pvt. Ltd.,Trishakti Securities Public Limited,100,571.9,57190.0,2025-08-21 14:01:49.989418
2025-08-21,23721,2025082104008670,UMHL,Infinity Securities Limited,Bhrikuti Stock Broking Co. Pvt. Ltd.,14,571.0,7994.0,2025-08-21 14:03:32.197468
2025-08-21,22789,2025082104008939,UMHL,Infinity Securities Limited,Trishakti Securities Public Limited,36,571.0,20556.0,2025-08-21 14:07:56.738614
2025-08-21,22788,2025082104008940,UMHL,J.F. Securites (PVT) Ltd.,Trishakti Securities Public Limited,64,571.0,36544.0,2025-08-21 14:07:56.739134
2025-08-21,22507,2025082104009015,UMHL,Property Wiard Limited,Malla & Malla Stock Broking Company Pvt. Limited,62,572.0,35464.0,2025-08-21 14:09:03.781166
2025-08-21,22506,2025082104009016,UMHL,Property Wiard Limited,Dipshikha Dhitopatra Karobar Co. Pvt Ltd.,300,572.0,171600.0,2025-08-21 14:09:03.781204
2025-08-21,22505,2025082104009017,UMHL,Property Wiard Limited,Sewa Securities Pvt. Ltd.,12,572.0,6864.0,2025-08-21 14:09:03.781231
2025-08-21,22504,2025082104009018,UMHL,Property Wiard Limited,Neev Securities Pvt. Ltd.,156,572.0,89232.0,2025-08-21 14:09:03.781257
2025-08-21,22480,2025082104009030,UMHL,J.F. Securites (PVT) Ltd.,Property Wiard Limited,30,571.0,17130.0,2025-08-21 14:09:08.801770
2025-08-21,21558,2025082104009278,UMHL,J.F. Securites (PVT) Ltd.,Kumari Securities Private Limited,106,571.0,60526.0,2025-08-21 14:12:50.749690
2025-08-21,21557,2025082104009279,UMHL,Naasa Securities Co. Ltd.,Kumari Securities Private Limited,169,571.0,96499.0,2025-08-21 14:12:50.749967
2025-08-21,21480,2025082104009292,UMHL,Naasa Securities Co. Ltd.,Kumari Securities Private Limited,58,571.0,33118.0,2025-08-21 14:13:11.254544
2025-08-21,19772,2025082104009647,UMHL,Cristal Kanchanjanga Securites Pvt. Ltd.,Dipshikha Dhitopatra Karobar Co. Pvt Ltd.,200,571.1,114220.0,2025-08-21 14:19:36.617918
2025-08-21,19727,2025082104009661,UMHL,Capital Max Securities Ltd,Vision Securities Pvt. Ltd,500,572.0,286000.0,2025-08-21 14:19:44.461400
2025-08-21,19726,2025082104009662,UMHL,Capital Max Securities Ltd,Aryatara Investment & Securities,500,572.0,286000.0,2025-08-21 14:19:44.461938
2025-08-21,19707,2025082104009663,UMHL,Cristal Kanchanjanga Securites Pvt. Ltd.,Stoxkarts Securities Limited,13,571.1,7424.3,2025-08-21 14:19:48.883221
2025-08-21,19602,2025082104009688,UMHL,Cristal Kanchanjanga Securites Pvt. Ltd.,Siprabi Securities Pvt. Ltd.,14,571.1,7995.4,2025-08-21 14:20:22.307979
2025-08-21,19601,2025082104009689,UMHL,Cristal Kanchanjanga Securites Pvt. Ltd.,Kohinoor Investment & Securities Pvt. Ltd.,300,571.1,171330.0,2025-08-21 14:20:22.349485
2025-08-21,18954,2025082104009856,UMHL,Stoxkarts Securities Limited,Aryatara Investment & Securities,20,572.0,11440.0,2025-08-21 14:23:27.380647
2025-08-21,18451,2025082104009959,UMHL,Trishakti Securities Public Limited,Aryatara Investment & Securities,110,572.0,62920.0,2025-08-21 14:25:26.785662
2025-08-21,18062,2025082104010059,UMHL,Sharepro Securities Private Limited,Aryatara Investment & Securities,170,572.0,97240.0,2025-08-21 14:27:08.061649
2025-08-21,18061,2025082104010060,UMHL,Sharepro Securities Private Limited,Imperial Securities Company Pvt. Ltd.,90,572.0,51480.0,2025-08-21 14:27:08.062175
2025-08-21,18060,2025082104010061,UMHL,Sharepro Securities Private Limited,Sumeru Securities Pvt. Ltd.,240,572.0,137280.0,2025-08-21 14:27:08.062510
2025-08-21,17950,2025082104010073,UMHL,Nepal Stock House (PVT) Ltd.,Sumeru Securities Pvt. Ltd.,50,572.0,28600.0,2025-08-21 14:27:31.076658
2025-08-21,17332,2025082104010201,UMHL,Infinity Securities Limited,Sumeru Securities Pvt. Ltd.,110,572.0,62920.0,2025-08-21 14:30:07.210668
2025-08-21,17331,2025082104010202,UMHL,Infinity Securities Limited,Dipshikha Dhitopatra Karobar Co. Pvt Ltd.,90,572.0,51480.0,2025-08-21 14:30:07.210951
2025-08-21,17239,2025082104010224,UMHL,Sri Hari Securities Pvt. Ltd.,Dipshikha Dhitopatra Karobar Co. Pvt Ltd.,47,572.0,26884.0,2025-08-21 14:30:31.485235
2025-08-21,17238,2025082104010225,UMHL,Sri Hari Securities Pvt. Ltd.,Nepal Stock House (PVT) Ltd.,153,572.0,87516.0,2025-08-21 14:30:31.485545
2025-08-21,17038,2025082104010295,UMHL,ABC Securities Private Limited,Nepal Stock House (PVT) Ltd.,17,571.2,9710.4,2025-08-21 14:31:15.503578
2025-08-21,16984,2025082104010325,UMHL,Kumari Securities Private Limited,Naasa Securities Co. Ltd.,50,572.0,28600.0,2025-08-21 14:31:28.231038
2025-08-21,16861,2025082104010373,UMHL,ABC Securities Private Limited,Sweta Securities Private Limited,14,571.2,7996.8,2025-08-21 14:31:58.051856
2025-08-21,15918,2025082104010547,UMHL,ABC Securities Private Limited,Deevyaa Securities & Stock House Pvt. Ltd,469,571.4,267986.6,2025-08-21 14:35:06.451929
2025-08-21,15917,2025082104010548,UMHL,Naasa Securities Co. Ltd.,Deevyaa Securities & Stock House Pvt. Ltd,850,571.4,485690.0,2025-08-21 14:35:06.452425
2025-08-21,15916,2025082104010549,UMHL,Naasa Securities Co. Ltd.,Deevyaa Securities & Stock House Pvt. Ltd,500,571.3,285650.0,2025-08-21 14:35:06.452744
2025-08-21,15915,2025082104010550,UMHL,Dipshikha Dhitopatra Karobar Co. Pvt Ltd.,Deevyaa Securities & Stock House Pvt. Ltd,800,571.3,457040.0,2025-08-21 14:35:06.453040
2025-08-21,15914,2025082104010551,UMHL,Dipshikha Dhitopatra Karobar Co. Pvt Ltd.,Deevyaa Securities & Stock House Pvt. Ltd,581,571.2,331867.2,2025-08-21 14:35:06.453360
2025-08-21,15910,2025082104010553,UMHL,Dipshikha Dhitopatra Karobar Co. Pvt Ltd.,Investment Management Nepal Pvt. Ltd.,24,571.2,13708.8,2025-08-21 14:35:08.303553
2025-08-21,14501,2025082104010904,UMHL,Naasa Securities Co. Ltd.,Sri Hari Securities Pvt. Ltd.,80,572.0,45760.0,2025-08-21 14:38:35.107353
2025-08-21,14451,2025082104010921,UMHL,Naasa Securities Co. Ltd.,Sani Securities Company Ltd.,220,572.0,125840.0,2025-08-21 14:38:43.454815
2025-08-21,14450,2025082104010922,UMHL,Dipshikha Dhitopatra Karobar Co. Pvt Ltd.,Sani Securities Company Ltd.,395,571.2,225624.0,2025-08-21 14:38:43.455120
2025-08-21,14449,2025082104010923,UMHL,Kumari Securities Private Limited,Sani Securities Company Ltd.,100,571.2,57120.0,2025-08-21 14:38:43.455308
2025-08-21,14448,2025082104010924,UMHL,Naasa Securities Co. Ltd.,Sani Securities Company Ltd.,850,571.2,485520.0,2025-08-21 14:38:43.455530
2025-08-21,14447,2025082104010925,UMHL,Cristal Kanchanjanga Securites Pvt. Ltd.,Sani Securities Company Ltd.,473,571.1,270130.3,2025-08-21 14:38:43.455706
2025-08-21,14446,2025082104010926,UMHL,Property Wiard Limited,Sani Securities Company Ltd.,200,571.1,114220.0,2025-08-21 14:38:43.455834
2025-08-21,14445,2025082104010927,UMHL,Naasa Securities Co. Ltd.,Sani Securities Company Ltd.,13,571.0,7423.0,2025-08-21 14:38:43.455970
2025-08-21,14444,2025082104010928,UMHL,Capital Max Securities Ltd,Sani Securities Company Ltd.,1924,571.0,1098604.0,2025-08-21 14:38:43.456116
2025-08-21,14262,2025082104011008,UMHL,Midas Stock Broking Company Private Limited,N.M.B. SECURITIES LIMITED,10,572.5,5725.0,2025-08-21 14:39:04.100062
2025-08-21,14204,2025082104011015,UMHL,Capital Max Securities Ltd,Stoxkarts Securities Limited,13,571.0,7423.0,2025-08-21 14:39:12.749021
2025-08-21,13892,2025082104011094,UMHL,Kohinoor Investment & Securities Pvt. Ltd.,N.M.B. SECURITIES LIMITED,65,572.3,37199.5,2025-08-21 14:40:06.435235
2025-08-21,13891,2025082104011095,UMHL,Kohinoor Investment & Securities Pvt. Ltd.,Arun Securities (PVT) Ltd.,49,572.4,28047.6,2025-08-21 14:40:06.435545
2025-08-21,13845,2025082104011102,UMHL,ABC Securities Private Limited,Arun Securities (PVT) Ltd.,50,572.4,28620.0,2025-08-21 14:40:17.387733
2025-08-21,13607,2025082104011158,UMHL,Vision Securities Pvt. Ltd,Arun Securities (PVT) Ltd.,300,572.4,171720.0,2025-08-21 14:40:57.105148
2025-08-21,12638,2025082104011433,UMHL,Linch Stock Market Ltd.,Kohinoor Investment & Securities Pvt. Ltd.,25,572.0,14300.0,2025-08-21 14:42:45.943102
2025-08-21,11993,2025082104011613,UMHL,Kumari Securities Private Limited,Vision Securities Pvt. Ltd,40,571.1,22844.0,2025-08-21 14:44:06.850545
2025-08-21,11992,2025082104011614,UMHL,Prabhu Stock Market Limited,Vision Securities Pvt. Ltd,60,571.1,34266.0,2025-08-21 14:44:06.851101
2025-08-21,11661,2025082104011701,UMHL,Midas Stock Broking Company Private Limited,Kohinoor Investment & Securities Pvt. Ltd.,15,572.0,8580.0,2025-08-21 14:44:46.932032
2025-08-21,11109,2025082104011928,UMHL,Sumeru Securities Pvt. Ltd.,Kohinoor Investment & Securities Pvt. Ltd.,100,572.0,57200.0,2025-08-21 14:45:30.281356
2025-08-21,11108,2025082104011929,UMHL,Sumeru Securities Pvt. Ltd.,Asian Securities Private Ltd.,100,572.0,57200.0,2025-08-21 14:45:30.281434
2025-08-21,11107,2025082104011930,UMHL,Sumeru Securities Pvt. Ltd.,Sumeru Securities Pvt. Ltd.,200,572.0,114400.0,2025-08-21 14:45:30.281457
2025-08-21,11106,2025082104011931,UMHL,Sumeru Securities Pvt. Ltd.,Trisul Securities & Invt. Ltd.,490,572.5,280525.0,2025-08-21 14:45:30.281484
2025-08-21,11105,2025082104011932,UMHL,Sumeru Securities Pvt. Ltd.,Market Securities & Exchange (PVT) Ltd.,25,572.5,14312.5,2025-08-21 14:45:30.281509
2025-08-21,11104,2025082104011933,UMHL,Sumeru Securities Pvt. Ltd.,Arun Securities (PVT) Ltd.,201,572.5,115072.5,2025-08-21 14:45:30.281531
2025-08-21,11103,2025082104011934,UMHL,Sumeru Securities Pvt. Ltd.,Citizens Share Broker Limited,100,572.5,57250.0,2025-08-21 14:45:30.281554
2025-08-21,11102,2025082104011935,UMHL,Sumeru Securities Pvt. Ltd.,Trishakti Securities Public Limited,1000,572.6,572600.0,2025-08-21 14:45:30.281577
2025-08-21,11101,2025082104011936,UMHL,Sumeru Securities Pvt. Ltd.,SUN SECURITIES PVT LTD,975,572.9,558577.5,2025-08-21 14:45:30.281635
2025-08-21,11100,2025082104011937,UMHL,Sumeru Securities Pvt. Ltd.,SUN SECURITIES PVT LTD,4997,572.9,2862781.3,2025-08-21 14:45:30.281660
2025-08-21,11099,2025082104011938,UMHL,Sumeru Securities Pvt. Ltd.,Market Securities & Exchange (PVT) Ltd.,630,573.0,360990.0,2025-08-21 14:45:30.281682
2025-08-21,11098,2025082104011939,UMHL,Sumeru Securities Pvt. Ltd.,Naasa Securities Co. Ltd.,10,573.0,5730.0,2025-08-21 14:45:30.281703
2025-08-21,11097,2025082104011940,UMHL,Sumeru Securities Pvt. Ltd.,Naasa Securities Co. Ltd.,50,573.0,28650.0,2025-08-21 14:45:30.281724
2025-08-21,11096,2025082104011941,UMHL,Sumeru Securities Pvt. Ltd.,Thrive Brokerage House Pvt. Ltd,118,573.0,67614.0,2025-08-21 14:45:30.281765
2025-08-21,11095,2025082104011942,UMHL,Sumeru Securities Pvt. Ltd.,Kumari Securities Private Limited,119,573.0,68187.0,2025-08-21 14:45:30.281785
2025-08-21,11094,2025082104011943,UMHL,Sumeru Securities Pvt. Ltd.,Premier Securities Company Ltd.,50,573.0,28650.0,2025-08-21 14:45:30.281808
2025-08-21,11093,2025082104011944,UMHL,Sumeru Securities Pvt. Ltd.,MILKY WAY SHARE BROKER COMPANY LTD ,155,573.0,88815.0,2025-08-21 14:45:30.281828
2025-08-21,11092,2025082104011945,UMHL,Sumeru Securities Pvt. Ltd.,Sani Securities Company Ltd.,10,573.0,5730.0,2025-08-21 14:45:30.281847
2025-08-21,11091,2025082104011946,UMHL,Sumeru Securities Pvt. Ltd.,Sri Hari Securities Pvt. Ltd.,670,573.9,384513.0,2025-08-21 14:45:30.281871
2025-08-21,10468,2025082104012110,UMHL,Sani Securities Company Ltd.,Arun Securities (PVT) Ltd.,300,573.8,172140.0,2025-08-21 14:46:46.801449
2025-08-21,10467,2025082104012111,UMHL,Sani Securities Company Ltd.,Sri Hari Securities Pvt. Ltd.,414,573.9,237594.6,2025-08-21 14:46:46.801930
2025-08-21,10466,2025082104012112,UMHL,Sani Securities Company Ltd.,Ashutosh Brokerage & Securities (PVT) Ltd.,86,573.9,49355.4,2025-08-21 14:46:46.802245
2025-08-21,10306,2025082104012141,UMHL,Sani Securities Company Ltd.,Arun Securities (PVT) Ltd.,200,573.8,114760.0,2025-08-21 14:47:04.119988
2025-08-21,9961,2025082104012208,UMHL,Sumeru Securities Pvt. Ltd.,Neev Securities Pvt. Ltd.,1060,573.0,607380.0,2025-08-21 14:47:54.043931
2025-08-21,9960,2025082104012209,UMHL,Sumeru Securities Pvt. Ltd.,Arun Securities (PVT) Ltd.,300,573.8,172140.0,2025-08-21 14:47:54.043969
2025-08-21,9959,2025082104012210,UMHL,Sumeru Securities Pvt. Ltd.,Ashutosh Brokerage & Securities (PVT) Ltd.,452,573.9,259402.8,2025-08-21 14:47:54.043990
2025-08-21,9958,2025082104012211,UMHL,Sumeru Securities Pvt. Ltd.,Capital Max Securities Ltd,85,574.0,48790.0,2025-08-21 14:47:54.044016
2025-08-21,9957,2025082104012212,UMHL,Sumeru Securities Pvt. Ltd.,Naasa Securities Co. Ltd.,40,574.0,22960.0,2025-08-21 14:47:54.044048
2025-08-21,9956,2025082104012213,UMHL,Sumeru Securities Pvt. Ltd.,Bhrikuti Stock Broking Co. Pvt. Ltd.,40,574.0,22960.0,2025-08-21 14:47:54.044071
2025-08-21,9955,2025082104012214,UMHL,Sumeru Securities Pvt. Ltd.,Aryatara Investment & Securities,500,574.5,287250.0,2025-08-21 14:47:54.044097
2025-08-21,9954,2025082104012215,UMHL,Sumeru Securities Pvt. Ltd.,Citizens Share Broker Limited,100,574.9,57490.0,2025-08-21 14:47:54.044120
2025-08-21,9953,2025082104012216,UMHL,Sumeru Securities Pvt. Ltd.,Siprabi Securities Pvt. Ltd.,800,575.0,460000.0,2025-08-21 14:47:54.044142
2025-08-21,9952,2025082104012217,UMHL,Sumeru Securities Pvt. Ltd.,Trisul Securities & Invt. Ltd.,20,575.0,11500.0,2025-08-21 14:47:54.044165
2025-08-21,9951,2025082104012218,UMHL,Sumeru Securities Pvt. Ltd.,Siprabi Securities Pvt. Ltd.,200,575.0,115000.0,2025-08-21 14:47:54.044190
2025-08-21,9950,2025082104012219,UMHL,Sumeru Securities Pvt. Ltd.,J.F. Securites (PVT) Ltd.,94,575.0,54050.0,2025-08-21 14:47:54.044211
2025-08-21,9949,2025082104012220,UMHL,Sumeru Securities Pvt. Ltd.,Midas Stock Broking Company Private Limited,1309,575.0,752675.0,2025-08-21 14:47:54.044233
2025-08-21,9179,2025082104012459,UMHL,ABC Securities Private Limited,Arun Securities (PVT) Ltd.,50,574.9,28745.0,2025-08-21 14:49:13.018069
2025-08-21,8270,2025082104012680,UMHL,Miyo Securities Pvt Ltd,Asian Securities Private Ltd.,300,572.3,171690.0,2025-08-21 14:50:58.611770
2025-08-21,8269,2025082104012681,UMHL,Imperial Securities Company Pvt. Ltd.,Asian Securities Private Ltd.,500,572.0,286000.0,2025-08-21 14:50:58.611878
2025-08-21,8268,2025082104012682,UMHL,Cristal Kanchanjanga Securites Pvt. Ltd.,Asian Securities Private Ltd.,20,571.7,11434.0,2025-08-21 14:50:58.611944
2025-08-21,8267,2025082104012683,UMHL,Cristal Kanchanjanga Securites Pvt. Ltd.,Asian Securities Private Ltd.,20,571.6,11432.0,2025-08-21 14:50:58.612012
2025-08-21,8266,2025082104012684,UMHL,Dipshikha Dhitopatra Karobar Co. Pvt Ltd.,Asian Securities Private Ltd.,160,571.6,91456.0,2025-08-21 14:50:58.612077
2025-08-21,8236,2025082104012691,UMHL,Sumeru Securities Pvt. Ltd.,Imperial Securities Company Pvt. Ltd.,15,574.7,8620.5,2025-08-21 14:51:03.955862
2025-08-21,8235,2025082104012692,UMHL,Sumeru Securities Pvt. Ltd.,Neev Securities Pvt. Ltd.,100,574.8,57480.0,2025-08-21 14:51:03.955937
2025-08-21,8234,2025082104012693,UMHL,Sumeru Securities Pvt. Ltd.,Arun Securities (PVT) Ltd.,500,574.9,287450.0,2025-08-21 14:51:03.955985
2025-08-21,8233,2025082104012694,UMHL,Sumeru Securities Pvt. Ltd.,K.B.L. Securities Limited ,1000,574.9,574900.0,2025-08-21 14:51:03.956010
2025-08-21,8232,2025082104012695,UMHL,Sumeru Securities Pvt. Ltd.,Midas Stock Broking Company Private Limited,691,575.0,397325.0,2025-08-21 14:51:03.956036
2025-08-21,8231,2025082104012696,UMHL,Sumeru Securities Pvt. Ltd.,Sri Hari Securities Pvt. Ltd.,100,575.0,57500.0,2025-08-21 14:51:03.956065
2025-08-21,8230,2025082104012697,UMHL,Sumeru Securities Pvt. Ltd.,Capital Max Securities Ltd,500,575.0,287500.0,2025-08-21 14:51:03.956097
2025-08-21,8229,2025082104012698,UMHL,Sumeru Securities Pvt. Ltd.,Asian Securities Private Ltd.,250,575.0,143750.0,2025-08-21 14:51:03.956123
2025-08-21,8228,2025082104012699,UMHL,Sumeru Securities Pvt. Ltd.,Imperial Securities Company Pvt. Ltd.,25,575.0,14375.0,2025-08-21 14:51:03.956147
2025-08-21,8227,2025082104012700,UMHL,Sumeru Securities Pvt. Ltd.,Sundhara Securities Limited,100,575.0,57500.0,2025-08-21 14:51:03.956173
2025-08-21,8226,2025082104012701,UMHL,Sumeru Securities Pvt. Ltd.,Kohinoor Investment & Securities Pvt. Ltd.,20,575.5,11510.0,2025-08-21 14:51:03.956199
2025-08-21,8225,2025082104012702,UMHL,Sumeru Securities Pvt. Ltd.,Sumeru Securities Pvt. Ltd.,70,576.0,40320.0,2025-08-21 14:51:03.956223
2025-08-21,8224,2025082104012703,UMHL,Sumeru Securities Pvt. Ltd.,Sewa Securities Pvt. Ltd.,129,576.0,74304.0,2025-08-21 14:51:03.956247
2025-08-21,7370,2025082104012939,UMHL,Cristal Kanchanjanga Securites Pvt. Ltd.,Arun Securities (PVT) Ltd.,350,575.9,201565.0,2025-08-21 14:52:44.371096
2025-08-21,7369,2025082104012940,UMHL,Cristal Kanchanjanga Securites Pvt. Ltd.,Sewa Securities Pvt. Ltd.,371,576.0,213696.0,2025-08-21 14:52:44.371181
2025-08-21,7368,2025082104012941,UMHL,Cristal Kanchanjanga Securites Pvt. Ltd.,Neev Securities Pvt. Ltd.,100,576.0,57600.0,2025-08-21 14:52:44.371251
2025-08-21,7367,2025082104012942,UMHL,Cristal Kanchanjanga Securites Pvt. Ltd.,Citizens Share Broker Limited,179,576.8,103247.2,2025-08-21 14:52:44.371357
2025-08-21,7153,2025082104013005,UMHL,Kohinoor Investment & Securities Pvt. Ltd.,Citizens Share Broker Limited,71,576.8,40952.8,2025-08-21 14:53:07.012866
2025-08-21,7152,2025082104013006,UMHL,Kohinoor Investment & Securities Pvt. Ltd.,Arun Securities (PVT) Ltd.,29,576.9,16730.1,2025-08-21 14:53:07.012970
2025-08-21,6737,2025082104013124,UMHL,Trisul Securities & Invt. Ltd.,Naasa Securities Co. Ltd.,60,577.0,34620.0,2025-08-21 14:53:43.166280
2025-08-21,6736,2025082104013125,UMHL,Trisul Securities & Invt. Ltd.,Arun Securities (PVT) Ltd.,10,577.7,5777.0,2025-08-21 14:53:43.166358
2025-08-21,6065,2025082104013310,UMHL,Thrive Brokerage House Pvt. Ltd,SUN SECURITIES PVT LTD,100,576.0,57600.0,2025-08-21 14:54:48.595174
2025-08-21,5797,2025082104013358,UMHL,Vision Securities Pvt. Ltd,Property Wiard Limited,25,573.1,14327.5,2025-08-21 14:55:10.595215
2025-08-21,5157,2025082104013529,UMHL,Midas Stock Broking Company Private Limited,Opal Securities Investment (PVT) Ltd.,23,575.0,13225.0,2025-08-21 14:56:01.748676
2025-08-21,5074,2025082104013563,UMHL,Online Securities Pvt. Ltd.,SUN SECURITIES PVT LTD,10,576.0,5760.0,2025-08-21 14:56:10.639737
2025-08-21,4500,2025082104013742,UMHL,Stoxkarts Securities Limited,SUN SECURITIES PVT LTD,390,576.0,224640.0,2025-08-21 14:56:47.533069
2025-08-21,4499,2025082104013743,UMHL,Stoxkarts Securities Limited,Naasa Securities Co. Ltd.,10,576.0,5760.0,2025-08-21 14:56:47.533120
2025-08-21,4498,2025082104013744,UMHL,Stoxkarts Securities Limited,SUN SECURITIES PVT LTD,300,577.0,173100.0,2025-08-21 14:56:47.533147
2025-08-21,4497,2025082104013745,UMHL,Stoxkarts Securities Limited,Arun Securities (PVT) Ltd.,100,577.7,57770.0,2025-08-21 14:56:47.533172
2025-08-21,4112,2025082104013863,UMHL,Naasa Securities Co. Ltd.,Arun Securities (PVT) Ltd.,850,577.7,491045.0,2025-08-21 14:57:09.214286
2025-08-21,3612,2025082104014008,UMHL,Naasa Securities Co. Ltd.,Arun Securities (PVT) Ltd.,511,577.7,295204.7,2025-08-21 14:57:41.685924
2025-08-21,3611,2025082104014009,UMHL,Naasa Securities Co. Ltd.,Shree Krishna Securities Ltd.,10,577.8,5778.0,2025-08-21 14:57:41.686174
2025-08-21,3610,2025082104014010,UMHL,Naasa Securities Co. Ltd.,Sewa Securities Pvt. Ltd.,329,577.8,190096.2,2025-08-21 14:57:41.686281
2025-08-21,2924,2025082104014208,UMHL,Naasa Securities Co. Ltd.,Malla & Malla Stock Broking Company Pvt. Limited,100,576.9,57690.0,2025-08-21 14:58:19.227618
2025-08-21,2234,2025082104014381,UMHL,Naasa Securities Co. Ltd.,Deevyaa Securities & Stock House Pvt. Ltd,50,577.7,28885.0,2025-08-21 14:58:55.978301
2025-08-21,2233,2025082104014382,UMHL,Naasa Securities Co. Ltd.,Sewa Securities Pvt. Ltd.,621,577.8,358813.8,2025-08-21 14:58:55.978530
2025-08-21,2178,2025082104014390,UMHL,Online Securities Pvt. Ltd.,Sri Hari Securities Pvt. Ltd.,10,577.7,5777.0,2025-08-21 14:58:57.805089
2025-08-21,2177,2025082104014391,UMHL,Deevyaa Securities & Stock House Pvt. Ltd,Sri Hari Securities Pvt. Ltd.,500,577.0,288500.0,2025-08-21 14:58:57.805349
2025-08-21,2176,2025082104014392,UMHL,Thrive Brokerage House Pvt. Ltd,Sri Hari Securities Pvt. Ltd.,10,576.0,5760.0,2025-08-21 14:58:57.805473
2025-08-21,2175,2025082104014393,UMHL,Dipshikha Dhitopatra Karobar Co. Pvt Ltd.,Sri Hari Securities Pvt. Ltd.,290,575.0,166750.0,2025-08-21 14:58:57.805599
2025-08-21,1760,2025082104014512,UMHL,Online Securities Pvt. Ltd.,Sewa Securities Pvt. Ltd.,10,577.8,5778.0,2025-08-21 14:59:12.850974
2025-08-21,1755,2025082104014514,UMHL,Kohinoor Investment & Securities Pvt. Ltd.,Sewa Securities Pvt. Ltd.,40,577.8,23112.0,2025-08-21 14:59:13.115631
2025-08-21,1754,2025082104014515,UMHL,Kohinoor Investment & Securities Pvt. Ltd.,Arun Securities (PVT) Ltd.,60,577.9,34674.0,2025-08-21 14:59:13.115683
2025-08-21,984,2025082104014737,UMHL,Naasa Securities Co. Ltd.,Blue Chip Securities Ltd,200,577.8,115560.0,2025-08-21 14:59:33.924138
2025-08-21,983,2025082104014738,UMHL,Naasa Securities Co. Ltd.,Arun Securities (PVT) Ltd.,650,577.9,375635.0,2025-08-21 14:59:33.924396
2025-08-21,84,2025082104015052,UMHL,Sani Securities Company Ltd.,Naasa Securities Co. Ltd.,40,576.0,23040.0,2025-08-21 14:59:58.415068
2025-08-21,83,2025082104015053,UMHL,Deevyaa Securities & Stock House Pvt. Ltd,Naasa Securities Co. Ltd.,600,576.0,345600.0,2025-08-21 14:59:58.415571
2025-08-21,82,2025082104015054,UMHL,Sani Securities Company Ltd.,Naasa Securities Co. Ltd.,960,575.1,552096.0,2025-08-21 14:59:58.415932
