Date,S.N.,Contract ID,Symbol,Buyer Broker,Seller Broker,volume,rate,amount,transaction_time
2025-08-21,56797,2025082104000016,UPCL,Naasa Securities Co. Ltd.,Sundhara Securities Limited,100,400.0,40000.0,2025-08-21 10:46:00.054856
2025-08-21,56759,2025082104000026,UPCL,Naasa Securities Co. Ltd.,Sundhara Securities Limited,100,398.5,39850.0,2025-08-21 11:00:33.666770
2025-08-21,56639,2025082104000066,UPCL,Premier Securities Company Ltd.,Sundhara Securities Limited,100,399.0,39900.0,2025-08-21 11:02:17.846489
2025-08-21,56638,2025082104000067,UPCL,Premier Securities Company Ltd.,Sundhara Securities Limited,200,399.1,79820.0,2025-08-21 11:02:17.846542
2025-08-21,56338,2025082104000182,UPCL,Hatemalo Financial Services Private Limited,Market Securities & Exchange (PVT) Ltd.,10,398.0,3980.0,2025-08-21 11:05:16.452356
2025-08-21,56337,2025082104000183,UPCL,Pragyan Securities (PVT) Ltd.,Market Securities & Exchange (PVT) Ltd.,490,397.0,194530.0,2025-08-21 11:05:16.452410
2025-08-21,56310,2025082104000196,UPCL,Pragyan Securities (PVT) Ltd.,Nepal Stock House (PVT) Ltd.,10,397.0,3970.0,2025-08-21 11:05:40.688255
2025-08-21,56125,2025082104000280,UPCL,Imperial Securities Company Pvt. Ltd.,Nepal Stock House (PVT) Ltd.,50,397.0,19850.0,2025-08-21 11:07:36.634504
2025-08-21,55455,2025082104000496,UPCL,Aryatara Investment & Securities,Linch Stock Market Ltd.,100,395.2,39520.0,2025-08-21 11:13:19.347368
2025-08-21,55454,2025082104000497,UPCL,K.B.L. Securities Limited ,Linch Stock Market Ltd.,991,395.2,391643.2,2025-08-21 11:13:19.347488
2025-08-21,54964,2025082104000673,UPCL,Sweta Securities Private Limited,Roadshow securities limited,50,395.2,19760.0,2025-08-21 11:16:53.992539
2025-08-21,54963,2025082104000674,UPCL,K.B.L. Securities Limited ,Roadshow securities limited,19,395.2,7508.8,2025-08-21 11:16:53.992583
2025-08-21,54962,2025082104000675,UPCL,Premier Securities Company Ltd.,Roadshow securities limited,431,395.1,170288.1,2025-08-21 11:16:53.992616
2025-08-21,54233,2025082104000874,UPCL,Sajilo Broker Limited,Imperial Securities Company Pvt. Ltd.,60,396.0,23760.0,2025-08-21 11:22:01.775279
2025-08-21,54229,2025082104000875,UPCL,Imperial Securities Company Pvt. Ltd.,Nepal Stock House (PVT) Ltd.,100,397.0,39700.0,2025-08-21 11:22:03.904585
2025-08-21,54094,2025082104000905,UPCL,Imperial Securities Company Pvt. Ltd.,Creative Securities Pvt Ltd,200,395.3,79060.0,2025-08-21 11:23:02.577246
2025-08-21,54058,2025082104000911,UPCL,Online Securities Pvt. Ltd.,Creative Securities Pvt Ltd,100,395.2,39520.0,2025-08-21 11:23:17.630864
2025-08-21,54043,2025082104000915,UPCL,N.M.B. SECURITIES LIMITED,Creative Securities Pvt Ltd,200,395.2,79040.0,2025-08-21 11:23:27.805348
2025-08-21,53981,2025082104000930,UPCL,Imperial Securities Company Pvt. Ltd.,Trishakti Securities Public Limited,200,395.2,79040.0,2025-08-21 11:23:48.961766
2025-08-21,53980,2025082104000931,UPCL,Premier Securities Company Ltd.,Trishakti Securities Public Limited,69,395.1,27261.9,2025-08-21 11:23:48.961995
2025-08-21,53979,2025082104000932,UPCL,Imperial Securities Company Pvt. Ltd.,Trishakti Securities Public Limited,31,395.1,12248.1,2025-08-21 11:23:48.962146
2025-08-21,53704,2025082104000998,UPCL,Oxford Securities Pvt. Ltd.,Aryatara Investment & Securities,120,396.0,47520.0,2025-08-21 11:25:42.154987
2025-08-21,53300,2025082104001145,UPCL,Oxford Securities Pvt. Ltd.,Sani Securities Company Ltd.,100,396.0,39600.0,2025-08-21 11:28:20.371497
2025-08-21,52790,2025082104001305,UPCL,Sani Securities Company Ltd.,Cristal Kanchanjanga Securites Pvt. Ltd.,100,396.1,39610.0,2025-08-21 11:31:08.599649
2025-08-21,52789,2025082104001306,UPCL,Oxford Securities Pvt. Ltd.,Cristal Kanchanjanga Securites Pvt. Ltd.,400,396.0,158400.0,2025-08-21 11:31:08.599833
2025-08-21,52658,2025082104001351,UPCL,Oxford Securities Pvt. Ltd.,Nepal Stock House (PVT) Ltd.,380,396.0,150480.0,2025-08-21 11:31:50.379210
2025-08-21,52440,2025082104001414,UPCL,Imperial Securities Company Pvt. Ltd.,Nagarik Stock Dealer ,200,395.1,79020.0,2025-08-21 11:33:08.050987
2025-08-21,52439,2025082104001415,UPCL,Online Securities Pvt. Ltd.,Nagarik Stock Dealer ,255,395.0,100725.0,2025-08-21 11:33:08.051031
2025-08-21,52438,2025082104001416,UPCL,Naasa Securities Co. Ltd.,Nagarik Stock Dealer ,200,395.0,79000.0,2025-08-21 11:33:08.051057
2025-08-21,52437,2025082104001417,UPCL,Sajilo Broker Limited,Nagarik Stock Dealer ,345,395.0,136275.0,2025-08-21 11:33:08.051086
2025-08-21,52337,2025082104001438,UPCL,Sajilo Broker Limited,Sani Securities Company Ltd.,95,395.0,37525.0,2025-08-21 11:33:27.065590
2025-08-21,52336,2025082104001439,UPCL,Opal Securities Investment (PVT) Ltd.,Sani Securities Company Ltd.,305,394.1,120200.5,2025-08-21 11:33:27.065731
2025-08-21,51101,2025082104001909,UPCL,Midas Stock Broking Company Private Limited,Naasa Securities Co. Ltd.,2,387.2,774.4,2025-08-21 11:41:24.312909
2025-08-21,50797,2025082104001994,UPCL,Sweta Securities Private Limited,Vision Securities Pvt. Ltd,200,395.0,79000.0,2025-08-21 11:43:23.878275
2025-08-21,50668,2025082104002023,UPCL,Online Securities Pvt. Ltd.,Aryatara Investment & Securities,108,394.4,42595.2,2025-08-21 11:44:07.884442
2025-08-21,50481,2025082104002091,UPCL,Vision Securities Pvt. Ltd,Sewa Securities Pvt. Ltd.,400,395.0,158000.0,2025-08-21 11:45:20.825516
2025-08-21,49787,2025082104002269,UPCL,Imperial Securities Company Pvt. Ltd.,Nepal Stock House (PVT) Ltd.,400,396.0,158400.0,2025-08-21 11:50:04.712402
2025-08-21,49764,2025082104002276,UPCL,Vision Securities Pvt. Ltd,Sewa Securities Pvt. Ltd.,200,395.0,79000.0,2025-08-21 11:50:17.214497
2025-08-21,49763,2025082104002277,UPCL,Vision Securities Pvt. Ltd,Sewa Securities Pvt. Ltd.,200,395.0,79000.0,2025-08-21 11:50:17.214654
2025-08-21,49207,2025082104002388,UPCL,Imperial Securities Company Pvt. Ltd.,Sani Securities Company Ltd.,10,395.0,3950.0,2025-08-21 11:53:44.944740
2025-08-21,49206,2025082104002389,UPCL,Malla & Malla Stock Broking Company Pvt. Limited,Sani Securities Company Ltd.,10,395.0,3950.0,2025-08-21 11:53:44.944868
2025-08-21,49205,2025082104002390,UPCL,Online Securities Pvt. Ltd.,Sani Securities Company Ltd.,42,394.6,16573.2,2025-08-21 11:53:44.944977
2025-08-21,49204,2025082104002391,UPCL,Vision Securities Pvt. Ltd,Sani Securities Company Ltd.,25,394.6,9865.0,2025-08-21 11:53:44.945083
2025-08-21,49203,2025082104002392,UPCL,Aryatara Investment & Securities,Sani Securities Company Ltd.,200,394.3,78860.0,2025-08-21 11:53:44.945173
2025-08-21,49202,2025082104002393,UPCL,Opal Securities Investment (PVT) Ltd.,Sani Securities Company Ltd.,145,394.1,57144.5,2025-08-21 11:53:44.945262
2025-08-21,49201,2025082104002394,UPCL,SHUBHAKAMANA SECURITIES PVT. LTD,Sani Securities Company Ltd.,87,394.1,34286.7,2025-08-21 11:53:44.945388
2025-08-21,48997,2025082104002425,UPCL,SHUBHAKAMANA SECURITIES PVT. LTD,Sewa Securities Pvt. Ltd.,2000,394.1,788200.0,2025-08-21 11:54:54.354493
2025-08-21,48921,2025082104002448,UPCL,SHUBHAKAMANA SECURITIES PVT. LTD,Sewa Securities Pvt. Ltd.,1000,394.1,394100.0,2025-08-21 11:55:22.475046
2025-08-21,48808,2025082104002491,UPCL,SHUBHAKAMANA SECURITIES PVT. LTD,Sewa Securities Pvt. Ltd.,400,394.1,157640.0,2025-08-21 11:56:02.666539
2025-08-21,48481,2025082104002604,UPCL,SHUBHAKAMANA SECURITIES PVT. LTD,Sewa Securities Pvt. Ltd.,13,394.1,5123.3,2025-08-21 11:58:28.275178
2025-08-21,48480,2025082104002605,UPCL,Vision Securities Pvt. Ltd,Sewa Securities Pvt. Ltd.,100,394.0,39400.0,2025-08-21 11:58:28.275348
2025-08-21,48479,2025082104002606,UPCL,ABC Securities Private Limited,Sewa Securities Pvt. Ltd.,237,394.0,93378.0,2025-08-21 11:58:28.275412
2025-08-21,48214,2025082104002685,UPCL,Sani Securities Company Ltd.,Sewa Securities Pvt. Ltd.,100,394.1,39410.0,2025-08-21 12:00:01.805081
2025-08-21,48213,2025082104002686,UPCL,ABC Securities Private Limited,Sewa Securities Pvt. Ltd.,263,394.0,103622.0,2025-08-21 12:00:01.805246
2025-08-21,48212,2025082104002687,UPCL,Linch Stock Market Ltd.,Sewa Securities Pvt. Ltd.,500,394.0,197000.0,2025-08-21 12:00:01.805321
2025-08-21,48211,2025082104002688,UPCL,Dakshinkali Investment & Securities Pvt. Ltd.,Sewa Securities Pvt. Ltd.,10,394.0,3940.0,2025-08-21 12:00:01.805382
2025-08-21,48210,2025082104002689,UPCL,Siprabi Securities Pvt. Ltd.,Sewa Securities Pvt. Ltd.,127,394.0,50038.0,2025-08-21 12:00:01.805454
2025-08-21,48122,2025082104002710,UPCL,Ashutosh Brokerage & Securities (PVT) Ltd.,Midas Stock Broking Company Private Limited,50,395.0,19750.0,2025-08-21 12:00:26.913419
2025-08-21,47832,2025082104002824,UPCL,Imperial Securities Company Pvt. Ltd.,Midas Stock Broking Company Private Limited,50,395.0,19750.0,2025-08-21 12:01:54.318280
2025-08-21,47790,2025082104002832,UPCL,Online Securities Pvt. Ltd.,Nepal Stock House (PVT) Ltd.,50,394.1,19705.0,2025-08-21 12:02:12.963434
2025-08-21,47789,2025082104002833,UPCL,Siprabi Securities Pvt. Ltd.,Nepal Stock House (PVT) Ltd.,10,394.0,3940.0,2025-08-21 12:02:12.963636
2025-08-21,47545,2025082104002882,UPCL,Siprabi Securities Pvt. Ltd.,Aryatara Investment & Securities,363,394.0,143022.0,2025-08-21 12:03:33.738478
2025-08-21,47544,2025082104002883,UPCL,Kohinoor Investment & Securities Pvt. Ltd.,Aryatara Investment & Securities,50,394.0,19700.0,2025-08-21 12:03:33.738657
2025-08-21,47543,2025082104002884,UPCL,J.F. Securites (PVT) Ltd.,Aryatara Investment & Securities,40,394.0,15760.0,2025-08-21 12:03:33.738834
2025-08-21,47542,2025082104002885,UPCL,Malla & Malla Stock Broking Company Pvt. Limited,Aryatara Investment & Securities,10,394.0,3940.0,2025-08-21 12:03:33.739007
2025-08-21,47541,2025082104002886,UPCL,Naasa Securities Co. Ltd.,Aryatara Investment & Securities,37,394.0,14578.0,2025-08-21 12:03:33.739174
2025-08-21,47395,2025082104002941,UPCL,Machhapuchchhre Securities Limited,Midas Stock Broking Company Private Limited,10,395.0,3950.0,2025-08-21 12:04:19.923016
2025-08-21,47236,2025082104003011,UPCL,Imperial Securities Company Pvt. Ltd.,Midas Stock Broking Company Private Limited,90,395.0,35550.0,2025-08-21 12:05:01.969488
2025-08-21,47201,2025082104003020,UPCL,Sweta Securities Private Limited,Trishakti Securities Public Limited,54,397.0,21438.0,2025-08-21 12:05:17.010390
2025-08-21,46964,2025082104003093,UPCL,Roadshow securities limited,Thrive Brokerage House Pvt. Ltd,100,397.9,39790.0,2025-08-21 12:06:41.251499
2025-08-21,46963,2025082104003094,UPCL,Roadshow securities limited,Sunrise Securities Limited,1000,398.0,398000.0,2025-08-21 12:06:41.251598
2025-08-21,46962,2025082104003095,UPCL,Roadshow securities limited,Shree Krishna Securities Ltd.,100,398.0,39800.0,2025-08-21 12:06:41.251650
2025-08-21,46961,2025082104003096,UPCL,Roadshow securities limited,Premier Securities Company Ltd.,200,398.0,79600.0,2025-08-21 12:06:41.251673
2025-08-21,46434,2025082104003242,UPCL,Sewa Securities Pvt. Ltd.,Premier Securities Company Ltd.,50,398.0,19900.0,2025-08-21 12:09:16.925497
2025-08-21,46433,2025082104003243,UPCL,Sewa Securities Pvt. Ltd.,Sunrise Securities Limited,100,398.0,39800.0,2025-08-21 12:09:16.925654
2025-08-21,46264,2025082104003297,UPCL,Imperial Securities Company Pvt. Ltd.,Midas Stock Broking Company Private Limited,210,395.0,82950.0,2025-08-21 12:10:13.722631
2025-08-21,46263,2025082104003298,UPCL,Cristal Kanchanjanga Securites Pvt. Ltd.,Midas Stock Broking Company Private Limited,375,395.0,148125.0,2025-08-21 12:10:13.722990
2025-08-21,46262,2025082104003299,UPCL,Opal Securities Investment (PVT) Ltd.,Midas Stock Broking Company Private Limited,1415,394.1,557651.5,2025-08-21 12:10:13.723190
2025-08-21,45917,2025082104003355,UPCL,Roadshow securities limited,Sunrise Securities Limited,50,398.0,19900.0,2025-08-21 12:11:57.017187
2025-08-21,44055,2025082104003786,UPCL,Roadshow securities limited,Sewa Securities Pvt. Ltd.,100,396.8,39680.0,2025-08-21 12:21:17.695098
2025-08-21,44022,2025082104003796,UPCL,Online Securities Pvt. Ltd.,Sewa Securities Pvt. Ltd.,10,396.1,3961.0,2025-08-21 12:21:31.764759
2025-08-21,44021,2025082104003797,UPCL,Hatemalo Financial Services Private Limited,Sewa Securities Pvt. Ltd.,90,396.0,35640.0,2025-08-21 12:21:31.764953
2025-08-21,43764,2025082104003859,UPCL,Dynamic Money Managers Securities Pvt. Ltd.,Cristal Kanchanjanga Securites Pvt. Ltd.,100,397.8,39780.0,2025-08-21 12:23:14.877185
2025-08-21,43763,2025082104003860,UPCL,Dynamic Money Managers Securities Pvt. Ltd.,Sweta Securities Private Limited,200,397.9,79580.0,2025-08-21 12:23:14.877422
2025-08-21,43762,2025082104003861,UPCL,Dynamic Money Managers Securities Pvt. Ltd.,Global IME Securities Limited,300,397.9,119370.0,2025-08-21 12:23:14.877490
2025-08-21,43421,2025082104003950,UPCL,Hatemalo Financial Services Private Limited,Sajilo Broker Limited,10,396.0,3960.0,2025-08-21 12:25:11.265273
2025-08-21,43420,2025082104003951,UPCL,Sani Securities Company Ltd.,Sajilo Broker Limited,290,395.3,114637.0,2025-08-21 12:25:11.265337
2025-08-21,43391,2025082104003961,UPCL,Asian Securities Private Ltd.,Global IME Securities Limited,700,397.9,278530.0,2025-08-21 12:25:22.308651
2025-08-21,42692,2025082104004104,UPCL,Sani Securities Company Ltd.,Imperial Securities Company Pvt. Ltd.,21,395.3,8301.3,2025-08-21 12:29:13.200209
2025-08-21,42550,2025082104004139,UPCL,Sani Securities Company Ltd.,Sani Securities Company Ltd.,164,395.3,64829.2,2025-08-21 12:29:48.522845
2025-08-21,42549,2025082104004140,UPCL,Sri Hari Securities Pvt. Ltd.,Sani Securities Company Ltd.,836,395.2,330387.2,2025-08-21 12:29:48.523104
2025-08-21,41293,2025082104004480,UPCL,Online Securities Pvt. Ltd.,INDEX SECURITIES LIMITED,100,395.3,39530.0,2025-08-21 12:37:06.758853
2025-08-21,41292,2025082104004481,UPCL,Kohinoor Investment & Securities Pvt. Ltd.,INDEX SECURITIES LIMITED,250,395.3,98825.0,2025-08-21 12:37:06.759074
2025-08-21,41291,2025082104004482,UPCL,Sri Hari Securities Pvt. Ltd.,INDEX SECURITIES LIMITED,164,395.2,64812.8,2025-08-21 12:37:06.759183
2025-08-21,41290,2025082104004483,UPCL,Nepal Stock House (PVT) Ltd.,INDEX SECURITIES LIMITED,10,395.0,3950.0,2025-08-21 12:37:06.759282
2025-08-21,41289,2025082104004484,UPCL,Capital Max Securities Ltd,INDEX SECURITIES LIMITED,10,395.0,3950.0,2025-08-21 12:37:06.759390
2025-08-21,40477,2025082104004700,UPCL,Deevyaa Securities & Stock House Pvt. Ltd,INDEX SECURITIES LIMITED,50,395.0,19750.0,2025-08-21 12:41:07.985740
2025-08-21,40475,2025082104004701,UPCL,Naasa Securities Co. Ltd.,INDEX SECURITIES LIMITED,257,395.0,101515.0,2025-08-21 12:41:08.345592
2025-08-21,40237,2025082104004771,UPCL,Vision Securities Pvt. Ltd,Trishakti Securities Public Limited,100,394.6,39460.0,2025-08-21 12:42:00.110506
2025-08-21,40236,2025082104004772,UPCL,Sweta Securities Private Limited,Trishakti Securities Public Limited,15,394.5,5917.5,2025-08-21 12:42:00.110726
2025-08-21,40235,2025082104004773,UPCL,Sweta Securities Private Limited,Trishakti Securities Public Limited,25,394.4,9860.0,2025-08-21 12:42:00.110811
2025-08-21,40234,2025082104004774,UPCL,Aryatara Investment & Securities,Trishakti Securities Public Limited,300,394.3,118290.0,2025-08-21 12:42:00.110883
2025-08-21,40233,2025082104004775,UPCL,Primo Securities (PVT) Ltd.,Trishakti Securities Public Limited,1000,394.3,394300.0,2025-08-21 12:42:00.110964
2025-08-21,40232,2025082104004776,UPCL,Investment Management Nepal Pvt. Ltd.,Trishakti Securities Public Limited,60,394.2,23652.0,2025-08-21 12:42:00.111036
2025-08-21,40028,2025082104004833,UPCL,Investment Management Nepal Pvt. Ltd.,Roadshow securities limited,40,394.2,15768.0,2025-08-21 12:42:38.578756
2025-08-21,40027,2025082104004834,UPCL,Bhrikuti Stock Broking Co. Pvt. Ltd.,Roadshow securities limited,100,394.2,39420.0,2025-08-21 12:42:38.578858
2025-08-21,40026,2025082104004835,UPCL,Kumari Securities Private Limited,Roadshow securities limited,600,394.2,236520.0,2025-08-21 12:42:38.578946
2025-08-21,40025,2025082104004836,UPCL,Sundhara Securities Limited,Roadshow securities limited,50,394.2,19710.0,2025-08-21 12:42:38.579017
2025-08-21,40024,2025082104004837,UPCL,Opal Securities Investment (PVT) Ltd.,Roadshow securities limited,1210,394.1,476861.0,2025-08-21 12:42:38.579093
2025-08-21,39967,2025082104004852,UPCL,Opal Securities Investment (PVT) Ltd.,Asian Securities Private Ltd.,375,394.1,147787.5,2025-08-21 12:42:52.607006
2025-08-21,39966,2025082104004853,UPCL,Indira securities pvt. ltd,Asian Securities Private Ltd.,125,394.1,49262.5,2025-08-21 12:42:52.607384
2025-08-21,39787,2025082104004877,UPCL,Indira securities pvt. ltd,INDEX SECURITIES LIMITED,75,394.1,29557.5,2025-08-21 12:43:43.816761
2025-08-21,39786,2025082104004878,UPCL,Naasa Securities Co. Ltd.,INDEX SECURITIES LIMITED,13,394.0,5122.0,2025-08-21 12:43:43.817006
2025-08-21,39785,2025082104004879,UPCL,Thrive Brokerage House Pvt. Ltd,INDEX SECURITIES LIMITED,71,394.0,27974.0,2025-08-21 12:43:43.817084
2025-08-21,38686,2025082104005212,UPCL,Thrive Brokerage House Pvt. Ltd,Midas Stock Broking Company Private Limited,29,394.0,11426.0,2025-08-21 12:47:36.111502
2025-08-21,38685,2025082104005213,UPCL,Thrive Brokerage House Pvt. Ltd,Midas Stock Broking Company Private Limited,100,394.0,39400.0,2025-08-21 12:47:36.111718
2025-08-21,38684,2025082104005214,UPCL,Naasa Securities Co. Ltd.,Midas Stock Broking Company Private Limited,71,394.0,27974.0,2025-08-21 12:47:36.111789
2025-08-21,37044,2025082104005540,UPCL,Naasa Securities Co. Ltd.,Kalika Securities Pvt. Ltd.,15,394.0,5910.0,2025-08-21 12:53:33.674441
2025-08-21,37007,2025082104005550,UPCL,Naasa Securities Co. Ltd.,Imperial Securities Company Pvt. Ltd.,14,394.0,5516.0,2025-08-21 12:53:44.490158
2025-08-21,37006,2025082104005551,UPCL,Secured Securities Ltd.,Imperial Securities Company Pvt. Ltd.,20,394.0,7880.0,2025-08-21 12:53:44.490379
2025-08-21,36991,2025082104005559,UPCL,Online Securities Pvt. Ltd.,Imperial Securities Company Pvt. Ltd.,16,394.0,6304.0,2025-08-21 12:53:54.123949
2025-08-21,36990,2025082104005560,UPCL,Online Securities Pvt. Ltd.,Kalika Securities Pvt. Ltd.,10,394.0,3940.0,2025-08-21 12:53:54.124307
2025-08-21,35605,2025082104005851,UPCL,Online Securities Pvt. Ltd.,Trishakti Securities Public Limited,974,394.0,383756.0,2025-08-21 13:00:23.980200
2025-08-21,35604,2025082104005852,UPCL,Vision Securities Pvt. Ltd,Trishakti Securities Public Limited,100,394.0,39400.0,2025-08-21 13:00:23.980632
2025-08-21,35603,2025082104005853,UPCL,Hatemalo Financial Services Private Limited,Trishakti Securities Public Limited,10,394.0,3940.0,2025-08-21 13:00:23.980879
2025-08-21,35602,2025082104005854,UPCL,Imperial Securities Company Pvt. Ltd.,Trishakti Securities Public Limited,100,394.0,39400.0,2025-08-21 13:00:23.981104
2025-08-21,35562,2025082104005864,UPCL,Sweta Securities Private Limited,Sumeru Securities Pvt. Ltd.,50,393.4,19670.0,2025-08-21 13:00:40.488034
2025-08-21,35561,2025082104005865,UPCL,Market Securities & Exchange (PVT) Ltd.,Sumeru Securities Pvt. Ltd.,650,393.4,255710.0,2025-08-21 13:00:40.488112
2025-08-21,34759,2025082104006046,UPCL,Market Securities & Exchange (PVT) Ltd.,Shree Krishna Securities Ltd.,35,393.5,13772.5,2025-08-21 13:05:30.131771
2025-08-21,33760,2025082104006258,UPCL,Trishakti Securities Public Limited,Citizens Share Broker Limited,4,386.2,1544.8,2025-08-21 13:11:20.324221
2025-08-21,33251,2025082104006364,UPCL,Capital Hub P. Ltd,Dakshinkali Investment & Securities Pvt. Ltd.,46,394.8,18160.8,2025-08-21 13:14:19.953702
2025-08-21,33213,2025082104006372,UPCL,Shree Krishna Securities Ltd.,Dakshinkali Investment & Securities Pvt. Ltd.,500,394.8,197400.0,2025-08-21 13:14:39.008714
2025-08-21,32953,2025082104006435,UPCL,Sweta Securities Private Limited,Trishakti Securities Public Limited,16,394.1,6305.6,2025-08-21 13:16:28.934465
2025-08-21,32522,2025082104006533,UPCL,Sweta Securities Private Limited,Sharepro Securities Private Limited,34,394.1,13399.4,2025-08-21 13:19:44.333121
2025-08-21,32521,2025082104006534,UPCL,ABC Securities Private Limited,Sharepro Securities Private Limited,252,394.0,99288.0,2025-08-21 13:19:44.333382
2025-08-21,32520,2025082104006535,UPCL,J.F. Securites (PVT) Ltd.,Sharepro Securities Private Limited,150,393.6,59040.0,2025-08-21 13:19:44.333477
2025-08-21,32519,2025082104006536,UPCL,Market Securities & Exchange (PVT) Ltd.,Sharepro Securities Private Limited,64,393.5,25184.0,2025-08-21 13:19:44.333570
2025-08-21,32392,2025082104006570,UPCL,Market Securities & Exchange (PVT) Ltd.,Premier Securities Company Ltd.,315,393.5,123952.5,2025-08-21 13:20:17.980096
2025-08-21,32391,2025082104006571,UPCL,Market Securities & Exchange (PVT) Ltd.,Premier Securities Company Ltd.,185,393.4,72779.0,2025-08-21 13:20:17.980569
2025-08-21,32322,2025082104006580,UPCL,Market Securities & Exchange (PVT) Ltd.,Dakshinkali Investment & Securities Pvt. Ltd.,165,393.4,64911.0,2025-08-21 13:20:41.181966
2025-08-21,32321,2025082104006581,UPCL,Primo Securities (PVT) Ltd.,Dakshinkali Investment & Securities Pvt. Ltd.,200,393.4,78680.0,2025-08-21 13:20:41.182013
2025-08-21,32320,2025082104006582,UPCL,Nepal Stock House (PVT) Ltd.,Dakshinkali Investment & Securities Pvt. Ltd.,150,393.3,58995.0,2025-08-21 13:20:41.182041
2025-08-21,32319,2025082104006583,UPCL,Sweta Securities Private Limited,Dakshinkali Investment & Securities Pvt. Ltd.,13,393.2,5111.6,2025-08-21 13:20:41.182065
2025-08-21,32318,2025082104006584,UPCL,Naasa Securities Co. Ltd.,Dakshinkali Investment & Securities Pvt. Ltd.,10,393.1,3931.0,2025-08-21 13:20:41.182104
2025-08-21,32317,2025082104006585,UPCL,Roadshow securities limited,Dakshinkali Investment & Securities Pvt. Ltd.,500,393.1,196550.0,2025-08-21 13:20:41.182127
2025-08-21,32316,2025082104006586,UPCL,Trisul Securities & Invt. Ltd.,Dakshinkali Investment & Securities Pvt. Ltd.,300,393.1,117930.0,2025-08-21 13:20:41.182153
2025-08-21,32315,2025082104006587,UPCL,Sumeru Securities Pvt. Ltd.,Dakshinkali Investment & Securities Pvt. Ltd.,50,393.0,19650.0,2025-08-21 13:20:41.182173
2025-08-21,32314,2025082104006588,UPCL,Sundhara Securities Limited,Dakshinkali Investment & Securities Pvt. Ltd.,200,393.0,78600.0,2025-08-21 13:20:41.182197
2025-08-21,32313,2025082104006589,UPCL,Creative Securities Pvt Ltd,Dakshinkali Investment & Securities Pvt. Ltd.,50,393.0,19650.0,2025-08-21 13:20:41.182222
2025-08-21,32312,2025082104006590,UPCL,Creative Securities Pvt Ltd,Dakshinkali Investment & Securities Pvt. Ltd.,100,393.0,39300.0,2025-08-21 13:20:41.182246
2025-08-21,32311,2025082104006591,UPCL,Opal Securities Investment (PVT) Ltd.,Dakshinkali Investment & Securities Pvt. Ltd.,770,393.0,302610.0,2025-08-21 13:20:41.182271
2025-08-21,32310,2025082104006592,UPCL,Deevyaa Securities & Stock House Pvt. Ltd,Dakshinkali Investment & Securities Pvt. Ltd.,200,393.0,78600.0,2025-08-21 13:20:41.182296
2025-08-21,32309,2025082104006593,UPCL,Oxford Securities Pvt. Ltd.,Dakshinkali Investment & Securities Pvt. Ltd.,300,392.2,117660.0,2025-08-21 13:20:41.182327
2025-08-21,32308,2025082104006594,UPCL,Primo Securities (PVT) Ltd.,Dakshinkali Investment & Securities Pvt. Ltd.,250,392.1,98025.0,2025-08-21 13:20:41.182352
2025-08-21,32307,2025082104006595,UPCL,Sumeru Securities Pvt. Ltd.,Dakshinkali Investment & Securities Pvt. Ltd.,50,392.0,19600.0,2025-08-21 13:20:41.182379
2025-08-21,32306,2025082104006596,UPCL,Sweta Securities Private Limited,Dakshinkali Investment & Securities Pvt. Ltd.,753,392.0,295176.0,2025-08-21 13:20:41.182405
2025-08-21,31760,2025082104006739,UPCL,Sharepro Securities Private Limited,Creative Securities Pvt Ltd,54,392.1,21173.4,2025-08-21 13:23:40.742828
2025-08-21,31529,2025082104006783,UPCL,Siprabi Securities Pvt. Ltd.,Trishakti Securities Public Limited,20,392.2,7844.0,2025-08-21 13:24:47.543854
2025-08-21,31528,2025082104006784,UPCL,Sharepro Securities Private Limited,Trishakti Securities Public Limited,446,392.1,174876.6,2025-08-21 13:24:47.544263
2025-08-21,31527,2025082104006785,UPCL,Sweta Securities Private Limited,Trishakti Securities Public Limited,247,392.0,96824.0,2025-08-21 13:24:47.544560
2025-08-21,31526,2025082104006786,UPCL,Premier Securities Company Ltd.,Trishakti Securities Public Limited,500,392.0,196000.0,2025-08-21 13:24:47.544772
2025-08-21,31525,2025082104006787,UPCL,Vision Securities Pvt. Ltd,Trishakti Securities Public Limited,50,392.0,19600.0,2025-08-21 13:24:47.545000
2025-08-21,31524,2025082104006788,UPCL,Opal Securities Investment (PVT) Ltd.,Trishakti Securities Public Limited,4737,392.0,1856904.0,2025-08-21 13:24:47.545219
2025-08-21,30359,2025082104007057,UPCL,Ashutosh Brokerage & Securities (PVT) Ltd.,Premier Securities Company Ltd.,10,392.5,3925.0,2025-08-21 13:30:36.871173
2025-08-21,30297,2025082104007066,UPCL,Ashutosh Brokerage & Securities (PVT) Ltd.,Trisul Securities & Invt. Ltd.,10,392.4,3924.0,2025-08-21 13:30:56.396179
2025-08-21,30296,2025082104007067,UPCL,Ashutosh Brokerage & Securities (PVT) Ltd.,Trisul Securities & Invt. Ltd.,10,392.3,3923.0,2025-08-21 13:30:56.396418
2025-08-21,30295,2025082104007068,UPCL,Sweta Securities Private Limited,Trisul Securities & Invt. Ltd.,20,392.2,7844.0,2025-08-21 13:30:56.396501
2025-08-21,30294,2025082104007069,UPCL,Ashutosh Brokerage & Securities (PVT) Ltd.,Trisul Securities & Invt. Ltd.,960,392.1,376416.0,2025-08-21 13:30:56.396583
2025-08-21,29626,2025082104007256,UPCL,Property Wiard Limited,Sani Securities Company Ltd.,13,392.4,5101.2,2025-08-21 13:33:53.010639
2025-08-21,29525,2025082104007270,UPCL,Ashutosh Brokerage & Securities (PVT) Ltd.,Agrawal Securities (PVT) Ltd.,40,392.1,15684.0,2025-08-21 13:34:13.446776
2025-08-21,29489,2025082104007290,UPCL,Opal Securities Investment (PVT) Ltd.,Agrawal Securities (PVT) Ltd.,48,392.0,18816.0,2025-08-21 13:34:26.540970
2025-08-21,29436,2025082104007306,UPCL,Opal Securities Investment (PVT) Ltd.,SHUBHAKAMANA SECURITIES PVT. LTD,215,392.0,84280.0,2025-08-21 13:34:40.034703
2025-08-21,29435,2025082104007307,UPCL,Naasa Securities Co. Ltd.,SHUBHAKAMANA SECURITIES PVT. LTD,50,392.0,19600.0,2025-08-21 13:34:40.034919
2025-08-21,29434,2025082104007308,UPCL,Sunrise Securities Limited,SHUBHAKAMANA SECURITIES PVT. LTD,235,392.0,92120.0,2025-08-21 13:34:40.035004
2025-08-21,29416,2025082104007309,UPCL,Sunrise Securities Limited,Agrawal Securities (PVT) Ltd.,10,392.0,3920.0,2025-08-21 13:34:42.657774
2025-08-21,29378,2025082104007318,UPCL,Sweta Securities Private Limited,Sani Securities Company Ltd.,200,392.4,78480.0,2025-08-21 13:34:54.870263
2025-08-21,29349,2025082104007322,UPCL,Sunrise Securities Limited,BHOLE GANESH SECURITIES LTD,200,392.0,78400.0,2025-08-21 13:35:00.239791
2025-08-21,29181,2025082104007364,UPCL,Trisul Securities & Invt. Ltd.,Sri Hari Securities Pvt. Ltd.,50,392.2,19610.0,2025-08-21 13:35:46.915299
2025-08-21,29004,2025082104007416,UPCL,Sunrise Securities Limited,Vision Securities Pvt. Ltd,10,392.0,3920.0,2025-08-21 13:36:42.806166
2025-08-21,28974,2025082104007423,UPCL,Sunrise Securities Limited,Sani Securities Company Ltd.,545,392.0,213640.0,2025-08-21 13:36:59.458147
2025-08-21,28973,2025082104007424,UPCL,Trishakti Securities Public Limited,Sani Securities Company Ltd.,50,392.0,19600.0,2025-08-21 13:36:59.458404
2025-08-21,28466,2025082104007573,UPCL,Sweta Securities Private Limited,Investment Management Nepal Pvt. Ltd.,100,391.4,39140.0,2025-08-21 13:39:34.567146
2025-08-21,28465,2025082104007574,UPCL,Sweta Securities Private Limited,Investment Management Nepal Pvt. Ltd.,35,391.3,13695.5,2025-08-21 13:39:34.567424
2025-08-21,28391,2025082104007583,UPCL,Sani Securities Company Ltd.,Sani Securities Company Ltd.,100,392.0,39200.0,2025-08-21 13:40:06.024397
2025-08-21,28315,2025082104007612,UPCL,Imperial Securities Company Pvt. Ltd.,Sani Securities Company Ltd.,19,392.0,7448.0,2025-08-21 13:40:35.979299
2025-08-21,28198,2025082104007637,UPCL,Opal Securities Investment (PVT) Ltd.,Sani Securities Company Ltd.,1933,392.0,757736.0,2025-08-21 13:41:06.025824
2025-08-21,28163,2025082104007648,UPCL,Sweta Securities Private Limited,Siprabi Securities Pvt. Ltd.,11,391.3,4304.3,2025-08-21 13:41:18.459133
2025-08-21,27935,2025082104007699,UPCL,Imperial Securities Company Pvt. Ltd.,Online Securities Pvt. Ltd.,100,392.0,39200.0,2025-08-21 13:42:34.168421
2025-08-21,27934,2025082104007700,UPCL,Sweta Securities Private Limited,Online Securities Pvt. Ltd.,54,391.3,21130.2,2025-08-21 13:42:34.168583
2025-08-21,27933,2025082104007701,UPCL,Vision Securities Pvt. Ltd,Online Securities Pvt. Ltd.,46,391.2,17995.2,2025-08-21 13:42:34.168614
2025-08-21,25023,2025082104008317,UPCL,Imperial Securities Company Pvt. Ltd.,Naasa Securities Co. Ltd.,200,394.0,78800.0,2025-08-21 13:56:54.014637
2025-08-21,25022,2025082104008318,UPCL,Imperial Securities Company Pvt. Ltd.,Dakshinkali Investment & Securities Pvt. Ltd.,100,394.0,39400.0,2025-08-21 13:56:54.015057
2025-08-21,25021,2025082104008319,UPCL,Imperial Securities Company Pvt. Ltd.,K.B.L. Securities Limited ,100,394.0,39400.0,2025-08-21 13:56:54.015342
2025-08-21,24824,2025082104008368,UPCL,Hatemalo Financial Services Private Limited,Imperial Securities Company Pvt. Ltd.,100,393.0,39300.0,2025-08-21 13:57:49.803795
2025-08-21,24823,2025082104008369,UPCL,K.B.L. Securities Limited ,Imperial Securities Company Pvt. Ltd.,30,392.0,11760.0,2025-08-21 13:57:49.804251
2025-08-21,24822,2025082104008370,UPCL,K.B.L. Securities Limited ,Imperial Securities Company Pvt. Ltd.,670,391.7,262439.0,2025-08-21 13:57:49.804564
2025-08-21,23834,2025082104008648,UPCL,Trisul Securities & Invt. Ltd.,Sagarmatha Securities Private Limited,90,392.1,35289.0,2025-08-21 14:02:47.055135
2025-08-21,23833,2025082104008649,UPCL,Sweta Securities Private Limited,Sagarmatha Securities Private Limited,50,392.1,19605.0,2025-08-21 14:02:47.055231
2025-08-21,23832,2025082104008650,UPCL,Sweta Securities Private Limited,Sagarmatha Securities Private Limited,50,392.1,19605.0,2025-08-21 14:02:47.055336
2025-08-21,23831,2025082104008651,UPCL,Kumari Securities Private Limited,Sagarmatha Securities Private Limited,10,392.0,3920.0,2025-08-21 14:02:47.055447
2025-08-21,23082,2025082104008811,UPCL,Sweta Securities Private Limited,Dakshinkali Investment & Securities Pvt. Ltd.,20,392.3,7846.0,2025-08-21 14:06:47.982259
2025-08-21,23081,2025082104008812,UPCL,Sweta Securities Private Limited,Dakshinkali Investment & Securities Pvt. Ltd.,50,392.1,19605.0,2025-08-21 14:06:47.982832
2025-08-21,23080,2025082104008813,UPCL,Kumari Securities Private Limited,Dakshinkali Investment & Securities Pvt. Ltd.,290,392.0,113680.0,2025-08-21 14:06:47.983220
2025-08-21,23079,2025082104008814,UPCL,Premier Securities Company Ltd.,Dakshinkali Investment & Securities Pvt. Ltd.,100,392.0,39200.0,2025-08-21 14:06:47.983573
2025-08-21,23078,2025082104008815,UPCL,Nagarik Stock Dealer ,Dakshinkali Investment & Securities Pvt. Ltd.,200,392.0,78400.0,2025-08-21 14:06:47.983966
2025-08-21,23077,2025082104008816,UPCL,ABC Securities Private Limited,Dakshinkali Investment & Securities Pvt. Ltd.,20,392.0,7840.0,2025-08-21 14:06:47.984380
2025-08-21,23076,2025082104008817,UPCL,Online Securities Pvt. Ltd.,Dakshinkali Investment & Securities Pvt. Ltd.,100,392.0,39200.0,2025-08-21 14:06:47.984801
2025-08-21,23075,2025082104008818,UPCL,K.B.L. Securities Limited ,Dakshinkali Investment & Securities Pvt. Ltd.,330,391.7,129261.0,2025-08-21 14:06:47.985179
2025-08-21,23074,2025082104008819,UPCL,Sweta Securities Private Limited,Dakshinkali Investment & Securities Pvt. Ltd.,100,391.6,39160.0,2025-08-21 14:06:47.985617
2025-08-21,23073,2025082104008820,UPCL,Naasa Securities Co. Ltd.,Dakshinkali Investment & Securities Pvt. Ltd.,27,391.6,10573.2,2025-08-21 14:06:47.985982
2025-08-21,23072,2025082104008821,UPCL,Ashutosh Brokerage & Securities (PVT) Ltd.,Dakshinkali Investment & Securities Pvt. Ltd.,160,391.5,62640.0,2025-08-21 14:06:47.986367
2025-08-21,23071,2025082104008822,UPCL,Aryatara Investment & Securities,Dakshinkali Investment & Securities Pvt. Ltd.,300,391.4,117420.0,2025-08-21 14:06:47.986701
2025-08-21,23070,2025082104008823,UPCL,Online Securities Pvt. Ltd.,Dakshinkali Investment & Securities Pvt. Ltd.,150,391.3,58695.0,2025-08-21 14:06:47.987030
2025-08-21,23069,2025082104008824,UPCL,Vision Securities Pvt. Ltd,Dakshinkali Investment & Securities Pvt. Ltd.,54,391.2,21124.8,2025-08-21 14:06:47.987358
2025-08-21,23068,2025082104008825,UPCL,Naasa Securities Co. Ltd.,Dakshinkali Investment & Securities Pvt. Ltd.,200,391.0,78200.0,2025-08-21 14:06:47.987724
2025-08-21,23067,2025082104008826,UPCL,Agrawal Securities (PVT) Ltd.,Dakshinkali Investment & Securities Pvt. Ltd.,500,391.0,195500.0,2025-08-21 14:06:47.988027
2025-08-21,23066,2025082104008827,UPCL,Sunrise Securities Limited,Dakshinkali Investment & Securities Pvt. Ltd.,200,391.0,78200.0,2025-08-21 14:06:47.988350
2025-08-21,23065,2025082104008828,UPCL,Trisul Securities & Invt. Ltd.,Dakshinkali Investment & Securities Pvt. Ltd.,100,391.0,39100.0,2025-08-21 14:06:47.988671
2025-08-21,23064,2025082104008829,UPCL,Dipshikha Dhitopatra Karobar Co. Pvt Ltd.,Dakshinkali Investment & Securities Pvt. Ltd.,50,391.0,19550.0,2025-08-21 14:06:47.989052
2025-08-21,23063,2025082104008830,UPCL,Oxford Securities Pvt. Ltd.,Dakshinkali Investment & Securities Pvt. Ltd.,100,391.0,39100.0,2025-08-21 14:06:47.989418
2025-08-21,23062,2025082104008831,UPCL,Ashutosh Brokerage & Securities (PVT) Ltd.,Dakshinkali Investment & Securities Pvt. Ltd.,500,391.0,195500.0,2025-08-21 14:06:47.989695
2025-08-21,23061,2025082104008832,UPCL,Sweta Securities Private Limited,Dakshinkali Investment & Securities Pvt. Ltd.,100,390.8,39080.0,2025-08-21 14:06:47.989964
2025-08-21,23060,2025082104008833,UPCL,Sumeru Securities Pvt. Ltd.,Dakshinkali Investment & Securities Pvt. Ltd.,50,390.6,19530.0,2025-08-21 14:06:47.990237
2025-08-21,23059,2025082104008834,UPCL,Agrawal Securities (PVT) Ltd.,Dakshinkali Investment & Securities Pvt. Ltd.,100,390.4,39040.0,2025-08-21 14:06:47.990541
2025-08-21,23058,2025082104008835,UPCL,N.M.B. SECURITIES LIMITED,Dakshinkali Investment & Securities Pvt. Ltd.,2500,390.3,975750.0,2025-08-21 14:06:47.990898
2025-08-21,23057,2025082104008836,UPCL,Online Securities Pvt. Ltd.,Dakshinkali Investment & Securities Pvt. Ltd.,350,390.3,136605.0,2025-08-21 14:06:47.991227
2025-08-21,23056,2025082104008837,UPCL,Naasa Securities Co. Ltd.,Dakshinkali Investment & Securities Pvt. Ltd.,110,390.1,42911.0,2025-08-21 14:06:47.991560
2025-08-21,23055,2025082104008838,UPCL,Trisul Securities & Invt. Ltd.,Dakshinkali Investment & Securities Pvt. Ltd.,190,390.1,74119.0,2025-08-21 14:06:47.991826
2025-08-21,23054,2025082104008839,UPCL,Trisul Securities & Invt. Ltd.,Dakshinkali Investment & Securities Pvt. Ltd.,500,390.1,195050.0,2025-08-21 14:06:47.992077
2025-08-21,23053,2025082104008840,UPCL,K.B.L. Securities Limited ,Dakshinkali Investment & Securities Pvt. Ltd.,2000,390.0,780000.0,2025-08-21 14:06:47.992338
2025-08-21,23052,2025082104008841,UPCL,Pragyan Securities (PVT) Ltd.,Dakshinkali Investment & Securities Pvt. Ltd.,500,390.0,195000.0,2025-08-21 14:06:47.992588
2025-08-21,23051,2025082104008842,UPCL,Nepal Investment And Securities Trading Private Limited,Dakshinkali Investment & Securities Pvt. Ltd.,49,390.0,19110.0,2025-08-21 14:06:47.992844
2025-08-21,22901,2025082104008883,UPCL,Investment Management Nepal Pvt. Ltd.,Dakshinkali Investment & Securities Pvt. Ltd.,500,390.0,195000.0,2025-08-21 14:07:27.321522
2025-08-21,22900,2025082104008884,UPCL,Kohinoor Investment & Securities Pvt. Ltd.,Dakshinkali Investment & Securities Pvt. Ltd.,1500,390.0,585000.0,2025-08-21 14:07:27.321790
2025-08-21,22899,2025082104008885,UPCL,Dynamic Money Managers Securities Pvt. Ltd.,Dakshinkali Investment & Securities Pvt. Ltd.,50,390.0,19500.0,2025-08-21 14:07:27.321890
2025-08-21,22898,2025082104008886,UPCL,Dynamic Money Managers Securities Pvt. Ltd.,Dakshinkali Investment & Securities Pvt. Ltd.,1000,390.0,390000.0,2025-08-21 14:07:27.321982
2025-08-21,22897,2025082104008887,UPCL,Imperial Securities Company Pvt. Ltd.,Dakshinkali Investment & Securities Pvt. Ltd.,300,390.0,117000.0,2025-08-21 14:07:27.322066
2025-08-21,22896,2025082104008888,UPCL,Sri Hari Securities Pvt. Ltd.,Dakshinkali Investment & Securities Pvt. Ltd.,30,390.0,11700.0,2025-08-21 14:07:27.322150
2025-08-21,22895,2025082104008889,UPCL,Sani Securities Company Ltd.,Dakshinkali Investment & Securities Pvt. Ltd.,100,390.0,39000.0,2025-08-21 14:07:27.322233
2025-08-21,22894,2025082104008890,UPCL,Aryatara Investment & Securities,Dakshinkali Investment & Securities Pvt. Ltd.,200,390.0,78000.0,2025-08-21 14:07:27.322338
2025-08-21,22893,2025082104008891,UPCL,Kohinoor Investment & Securities Pvt. Ltd.,Dakshinkali Investment & Securities Pvt. Ltd.,500,390.0,195000.0,2025-08-21 14:07:27.322458
2025-08-21,22892,2025082104008892,UPCL,Creative Securities Pvt Ltd,Dakshinkali Investment & Securities Pvt. Ltd.,20,390.0,7800.0,2025-08-21 14:07:27.322561
2025-08-21,22891,2025082104008893,UPCL,South Asian Bulls Pvt. Ltd.,Dakshinkali Investment & Securities Pvt. Ltd.,10,390.0,3900.0,2025-08-21 14:07:27.322654
2025-08-21,22890,2025082104008894,UPCL,Thrive Brokerage House Pvt. Ltd,Dakshinkali Investment & Securities Pvt. Ltd.,200,390.0,78000.0,2025-08-21 14:07:27.322733
2025-08-21,22889,2025082104008895,UPCL,Imperial Securities Company Pvt. Ltd.,Dakshinkali Investment & Securities Pvt. Ltd.,100,390.0,39000.0,2025-08-21 14:07:27.322811
2025-08-21,22888,2025082104008896,UPCL,Kohinoor Investment & Securities Pvt. Ltd.,Dakshinkali Investment & Securities Pvt. Ltd.,1000,390.0,390000.0,2025-08-21 14:07:27.322889
2025-08-21,22887,2025082104008897,UPCL,Imperial Securities Company Pvt. Ltd.,Dakshinkali Investment & Securities Pvt. Ltd.,20,390.0,7800.0,2025-08-21 14:07:27.322973
2025-08-21,22886,2025082104008898,UPCL,Naasa Securities Co. Ltd.,Dakshinkali Investment & Securities Pvt. Ltd.,100,390.0,39000.0,2025-08-21 14:07:27.323078
2025-08-21,22885,2025082104008899,UPCL,Vision Securities Pvt. Ltd,Dakshinkali Investment & Securities Pvt. Ltd.,2000,390.0,780000.0,2025-08-21 14:07:27.323160
2025-08-21,22884,2025082104008900,UPCL,Linch Stock Market Ltd.,Dakshinkali Investment & Securities Pvt. Ltd.,700,390.0,273000.0,2025-08-21 14:07:27.323238
2025-08-21,22883,2025082104008901,UPCL,Dakshinkali Investment & Securities Pvt. Ltd.,Dakshinkali Investment & Securities Pvt. Ltd.,500,390.0,195000.0,2025-08-21 14:07:27.323319
2025-08-21,22882,2025082104008902,UPCL,Deevyaa Securities & Stock House Pvt. Ltd,Dakshinkali Investment & Securities Pvt. Ltd.,300,390.0,117000.0,2025-08-21 14:07:27.323436
2025-08-21,22881,2025082104008903,UPCL,Opal Securities Investment (PVT) Ltd.,Dakshinkali Investment & Securities Pvt. Ltd.,100,390.0,39000.0,2025-08-21 14:07:27.323515
2025-08-21,22880,2025082104008904,UPCL,Online Securities Pvt. Ltd.,Dakshinkali Investment & Securities Pvt. Ltd.,300,390.0,117000.0,2025-08-21 14:07:27.323591
2025-08-21,22879,2025082104008905,UPCL,Imperial Securities Company Pvt. Ltd.,Dakshinkali Investment & Securities Pvt. Ltd.,10,390.0,3900.0,2025-08-21 14:07:27.323678
2025-08-21,22878,2025082104008906,UPCL,Dipshikha Dhitopatra Karobar Co. Pvt Ltd.,Dakshinkali Investment & Securities Pvt. Ltd.,460,390.0,179400.0,2025-08-21 14:07:27.323753
2025-08-21,22795,2025082104008937,UPCL,Dipshikha Dhitopatra Karobar Co. Pvt Ltd.,Elite Stock House Limited,540,390.0,210600.0,2025-08-21 14:07:54.645409
2025-08-21,22794,2025082104008938,UPCL,Primo Securities (PVT) Ltd.,Elite Stock House Limited,200,390.0,78000.0,2025-08-21 14:07:54.645804
2025-08-21,22681,2025082104008966,UPCL,Imperial Securities Company Pvt. Ltd.,Elite Stock House Limited,30,389.1,11673.0,2025-08-21 14:08:19.730754
2025-08-21,22680,2025082104008967,UPCL,Kohinoor Investment & Securities Pvt. Ltd.,Elite Stock House Limited,50,389.0,19450.0,2025-08-21 14:08:19.730978
2025-08-21,22679,2025082104008968,UPCL,Dipshikha Dhitopatra Karobar Co. Pvt Ltd.,Elite Stock House Limited,100,389.0,38900.0,2025-08-21 14:08:19.731056
2025-08-21,22678,2025082104008969,UPCL,Premier Securities Company Ltd.,Elite Stock House Limited,100,389.0,38900.0,2025-08-21 14:08:19.731136
2025-08-21,22677,2025082104008970,UPCL,ABC Securities Private Limited,Elite Stock House Limited,50,389.0,19450.0,2025-08-21 14:08:19.731212
2025-08-21,22676,2025082104008971,UPCL,Primo Securities (PVT) Ltd.,Elite Stock House Limited,29,389.0,11281.0,2025-08-21 14:08:19.731286
2025-08-21,20272,2025082104009539,UPCL,Hatemalo Financial Services Private Limited,Sharepro Securities Private Limited,10,393.0,3930.0,2025-08-21 14:17:32.875698
2025-08-21,19108,2025082104009814,UPCL,Imperial Securities Company Pvt. Ltd.,Siprabi Securities Pvt. Ltd.,54,391.1,21119.4,2025-08-21 14:22:35.410182
2025-08-21,19084,2025082104009819,UPCL,Vision Securities Pvt. Ltd,Sharepro Securities Private Limited,100,393.0,39300.0,2025-08-21 14:22:46.639852
2025-08-21,18969,2025082104009852,UPCL,Vision Securities Pvt. Ltd,Sharepro Securities Private Limited,40,393.0,15720.0,2025-08-21 14:23:18.903478
2025-08-21,18761,2025082104009874,UPCL,Vision Securities Pvt. Ltd,Thrive Brokerage House Pvt. Ltd,20,393.5,7870.0,2025-08-21 14:23:54.168846
2025-08-21,18114,2025082104010043,UPCL,Elite Stock House Limited,Naasa Securities Co. Ltd.,250,393.0,98250.0,2025-08-21 14:26:49.743244
2025-08-21,18103,2025082104010051,UPCL,Vision Securities Pvt. Ltd,Capital Max Securities Ltd,100,391.3,39130.0,2025-08-21 14:26:54.165091
2025-08-21,18102,2025082104010052,UPCL,Imperial Securities Company Pvt. Ltd.,Capital Max Securities Ltd,10,391.3,3913.0,2025-08-21 14:26:54.165523
2025-08-21,18101,2025082104010053,UPCL,Siprabi Securities Pvt. Ltd.,Capital Max Securities Ltd,500,391.2,195600.0,2025-08-21 14:26:54.165800
2025-08-21,17784,2025082104010096,UPCL,Imperial Securities Company Pvt. Ltd.,Dipshikha Dhitopatra Karobar Co. Pvt Ltd.,86,391.1,33634.6,2025-08-21 14:28:13.858988
2025-08-21,17783,2025082104010097,UPCL,Premier Securities Company Ltd.,Dipshikha Dhitopatra Karobar Co. Pvt Ltd.,10,391.1,3911.0,2025-08-21 14:28:13.859261
2025-08-21,17782,2025082104010098,UPCL,Dipshikha Dhitopatra Karobar Co. Pvt Ltd.,Dipshikha Dhitopatra Karobar Co. Pvt Ltd.,50,391.0,19550.0,2025-08-21 14:28:13.859385
2025-08-21,17781,2025082104010099,UPCL,Imperial Securities Company Pvt. Ltd.,Dipshikha Dhitopatra Karobar Co. Pvt Ltd.,15,391.0,5865.0,2025-08-21 14:28:13.859475
2025-08-21,17780,2025082104010100,UPCL,Shree Krishna Securities Ltd.,Dipshikha Dhitopatra Karobar Co. Pvt Ltd.,20,391.0,7820.0,2025-08-21 14:28:13.859563
2025-08-21,17482,2025082104010178,UPCL,Ashutosh Brokerage & Securities (PVT) Ltd.,Nabil Stock Dealer Ltd.,100,390.3,39030.0,2025-08-21 14:29:29.037260
2025-08-21,17481,2025082104010179,UPCL,Dakshinkali Investment & Securities Pvt. Ltd.,Nabil Stock Dealer Ltd.,300,390.2,117060.0,2025-08-21 14:29:29.037500
2025-08-21,17480,2025082104010180,UPCL,Opal Securities Investment (PVT) Ltd.,Nabil Stock Dealer Ltd.,2000,390.1,780200.0,2025-08-21 14:29:29.037598
2025-08-21,17479,2025082104010181,UPCL,Kalika Securities Pvt. Ltd.,Nabil Stock Dealer Ltd.,1000,390.0,390000.0,2025-08-21 14:29:29.037688
2025-08-21,17478,2025082104010182,UPCL,Vision Securities Pvt. Ltd,Nabil Stock Dealer Ltd.,50,390.0,19500.0,2025-08-21 14:29:29.037775
2025-08-21,17477,2025082104010183,UPCL,Naasa Securities Co. Ltd.,Nabil Stock Dealer Ltd.,10,390.0,3900.0,2025-08-21 14:29:29.037859
2025-08-21,17476,2025082104010184,UPCL,Capital Max Securities Ltd,Nabil Stock Dealer Ltd.,400,390.0,156000.0,2025-08-21 14:29:29.037951
2025-08-21,17475,2025082104010185,UPCL,Primo Securities (PVT) Ltd.,Nabil Stock Dealer Ltd.,200,390.0,78000.0,2025-08-21 14:29:29.038039
2025-08-21,17474,2025082104010186,UPCL,Opal Securities Investment (PVT) Ltd.,Nabil Stock Dealer Ltd.,280,390.0,109200.0,2025-08-21 14:29:29.038124
2025-08-21,17473,2025082104010187,UPCL,Dynamic Money Managers Securities Pvt. Ltd.,Nabil Stock Dealer Ltd.,50,390.0,19500.0,2025-08-21 14:29:29.038209
2025-08-21,16936,2025082104010351,UPCL,Sweta Securities Private Limited,Naasa Securities Co. Ltd.,30,390.1,11703.0,2025-08-21 14:31:39.604746
2025-08-21,16935,2025082104010352,UPCL,K.B.L. Securities Limited ,Naasa Securities Co. Ltd.,111,390.0,43290.0,2025-08-21 14:31:39.605023
2025-08-21,16687,2025082104010412,UPCL,K.B.L. Securities Limited ,Aryatara Investment & Securities,189,390.0,73710.0,2025-08-21 14:32:36.160957
2025-08-21,16686,2025082104010413,UPCL,Dynamic Money Managers Securities Pvt. Ltd.,Aryatara Investment & Securities,100,390.0,39000.0,2025-08-21 14:32:36.161196
2025-08-21,16612,2025082104010424,UPCL,Dipshikha Dhitopatra Karobar Co. Pvt Ltd.,Aryatara Investment & Securities,11,390.0,4290.0,2025-08-21 14:32:50.836529
2025-08-21,16445,2025082104010444,UPCL,Premier Securities Company Ltd.,Dipshikha Dhitopatra Karobar Co. Pvt Ltd.,100,390.0,39000.0,2025-08-21 14:33:25.950060
2025-08-21,16343,2025082104010463,UPCL,Property Wiard Limited,Primo Securities (PVT) Ltd.,10,389.9,3899.0,2025-08-21 14:33:46.193211
2025-08-21,16342,2025082104010464,UPCL,Kohinoor Investment & Securities Pvt. Ltd.,Primo Securities (PVT) Ltd.,23,389.9,8967.7,2025-08-21 14:33:46.193657
2025-08-21,16341,2025082104010465,UPCL,Naasa Securities Co. Ltd.,Primo Securities (PVT) Ltd.,10,389.6,3896.0,2025-08-21 14:33:46.193941
2025-08-21,16340,2025082104010466,UPCL,Sweta Securities Private Limited,Primo Securities (PVT) Ltd.,100,389.6,38960.0,2025-08-21 14:33:46.194253
2025-08-21,16339,2025082104010467,UPCL,Sumeru Securities Pvt. Ltd.,Primo Securities (PVT) Ltd.,50,389.5,19475.0,2025-08-21 14:33:46.194574
2025-08-21,16338,2025082104010468,UPCL,Sharepro Securities Private Limited,Primo Securities (PVT) Ltd.,100,389.5,38950.0,2025-08-21 14:33:46.194882
2025-08-21,16337,2025082104010469,UPCL,Dakshinkali Investment & Securities Pvt. Ltd.,Primo Securities (PVT) Ltd.,300,389.3,116790.0,2025-08-21 14:33:46.195167
2025-08-21,16336,2025082104010470,UPCL,Ashutosh Brokerage & Securities (PVT) Ltd.,Primo Securities (PVT) Ltd.,407,389.2,158404.4,2025-08-21 14:33:46.195469
2025-08-21,15990,2025082104010538,UPCL,Bhrikuti Stock Broking Co. Pvt. Ltd.,Siprabi Securities Pvt. Ltd.,54,389.3,21022.2,2025-08-21 14:34:50.140817
2025-08-21,15862,2025082104010559,UPCL,Bhrikuti Stock Broking Co. Pvt. Ltd.,Aryatara Investment & Securities,46,389.3,17907.8,2025-08-21 14:35:20.665033
2025-08-21,15861,2025082104010560,UPCL,Ashutosh Brokerage & Securities (PVT) Ltd.,Aryatara Investment & Securities,93,389.2,36195.6,2025-08-21 14:35:20.665272
2025-08-21,15860,2025082104010561,UPCL,Primo Securities (PVT) Ltd.,Aryatara Investment & Securities,471,389.0,183219.0,2025-08-21 14:35:20.665375
2025-08-21,15859,2025082104010562,UPCL,Online Securities Pvt. Ltd.,Aryatara Investment & Securities,100,389.0,38900.0,2025-08-21 14:35:20.665465
2025-08-21,15858,2025082104010563,UPCL,Premier Securities Company Ltd.,Aryatara Investment & Securities,100,389.0,38900.0,2025-08-21 14:35:20.665552
2025-08-21,15857,2025082104010564,UPCL,Malla & Malla Stock Broking Company Pvt. Limited,Aryatara Investment & Securities,60,389.0,23340.0,2025-08-21 14:35:20.665639
2025-08-21,15650,2025082104010602,UPCL,Sweta Securities Private Limited,Aryatara Investment & Securities,100,389.0,38900.0,2025-08-21 14:35:56.061445
2025-08-21,15318,2025082104010689,UPCL,K.B.L. Securities Limited ,Aryatara Investment & Securities,20,389.0,7780.0,2025-08-21 14:36:35.444520
2025-08-21,15273,2025082104010704,UPCL,Dipshikha Dhitopatra Karobar Co. Pvt Ltd.,Aakashbhairab Securities Ltd.,150,388.7,58305.0,2025-08-21 14:36:43.159698
2025-08-21,15246,2025082104010707,UPCL,Kalika Securities Pvt. Ltd.,Aryatara Investment & Securities,10,389.0,3890.0,2025-08-21 14:36:51.590474
2025-08-21,15245,2025082104010708,UPCL,Kalika Securities Pvt. Ltd.,Dipshikha Dhitopatra Karobar Co. Pvt Ltd.,10,390.0,3900.0,2025-08-21 14:36:51.590765
2025-08-21,15222,2025082104010712,UPCL,Imperial Securities Company Pvt. Ltd.,Aakashbhairab Securities Ltd.,250,388.4,97100.0,2025-08-21 14:36:55.192053
2025-08-21,15105,2025082104010754,UPCL,Sweta Securities Private Limited,Aakashbhairab Securities Ltd.,10,388.5,3885.0,2025-08-21 14:37:13.243659
2025-08-21,15051,2025082104010771,UPCL,Dipshikha Dhitopatra Karobar Co. Pvt Ltd.,Aakashbhairab Securities Ltd.,500,388.4,194200.0,2025-08-21 14:37:23.264736
2025-08-21,15016,2025082104010777,UPCL,Dipshikha Dhitopatra Karobar Co. Pvt Ltd.,Aakashbhairab Securities Ltd.,130,389.0,50570.0,2025-08-21 14:37:33.291738
2025-08-21,14587,2025082104010872,UPCL,Sani Securities Company Ltd.,Sani Securities Company Ltd.,50,388.5,19425.0,2025-08-21 14:38:22.164004
2025-08-21,14586,2025082104010873,UPCL,Sweta Securities Private Limited,Sani Securities Company Ltd.,100,388.3,38830.0,2025-08-21 14:38:22.164252
2025-08-21,14585,2025082104010874,UPCL,Aryatara Investment & Securities,Sani Securities Company Ltd.,10,388.3,3883.0,2025-08-21 14:38:22.164380
2025-08-21,14584,2025082104010875,UPCL,Sumeru Securities Pvt. Ltd.,Sani Securities Company Ltd.,50,388.2,19410.0,2025-08-21 14:38:22.164474
2025-08-21,14583,2025082104010876,UPCL,Asian Securities Private Ltd.,Sani Securities Company Ltd.,20,388.2,7764.0,2025-08-21 14:38:22.164571
2025-08-21,14582,2025082104010877,UPCL,Sweta Securities Private Limited,Sani Securities Company Ltd.,100,388.2,38820.0,2025-08-21 14:38:22.164670
2025-08-21,14581,2025082104010878,UPCL,Shree Krishna Securities Ltd.,Sani Securities Company Ltd.,200,388.1,77620.0,2025-08-21 14:38:22.164779
2025-08-21,14580,2025082104010879,UPCL,N.M.B. SECURITIES LIMITED,Sani Securities Company Ltd.,2500,388.0,970000.0,2025-08-21 14:38:22.164893
2025-08-21,14579,2025082104010880,UPCL,Naasa Securities Co. Ltd.,Sani Securities Company Ltd.,100,388.0,38800.0,2025-08-21 14:38:22.165007
2025-08-21,14578,2025082104010881,UPCL,Secured Securities Ltd.,Sani Securities Company Ltd.,70,388.0,27160.0,2025-08-21 14:38:22.165122
2025-08-21,14427,2025082104010932,UPCL,Vision Securities Pvt. Ltd,Dipshikha Dhitopatra Karobar Co. Pvt Ltd.,20,390.0,7800.0,2025-08-21 14:38:45.057351
2025-08-21,13560,2025082104011171,UPCL,Roadshow securities limited,Nepal Investment And Securities Trading Private Limited,3,395.0,1185.0,2025-08-21 14:41:01.134156
2025-08-21,13518,2025082104011176,UPCL,Sajilo Broker Limited,Sajilo Broker Limited,1000,389.1,389100.0,2025-08-21 14:41:09.781621
2025-08-21,13396,2025082104011218,UPCL,Sajilo Broker Limited,Sajilo Broker Limited,1000,389.1,389100.0,2025-08-21 14:41:24.830978
2025-08-21,13216,2025082104011276,UPCL,Nepal Investment And Securities Trading Private Limited,Nepal Investment And Securities Trading Private Limited,1,390.0,390.0,2025-08-21 14:41:48.337259
2025-08-21,11764,2025082104011671,UPCL,Shree Krishna Securities Ltd.,Swarna Laxmi Securities Pvt. Ltd.,83,389.5,32328.5,2025-08-21 14:44:35.311139
2025-08-21,11763,2025082104011672,UPCL,Shree Krishna Securities Ltd.,Aryatara Investment & Securities,1000,390.0,390000.0,2025-08-21 14:44:35.311374
2025-08-21,11762,2025082104011673,UPCL,Shree Krishna Securities Ltd.,Aryatara Investment & Securities,1000,390.0,390000.0,2025-08-21 14:44:35.311465
2025-08-21,11761,2025082104011674,UPCL,Shree Krishna Securities Ltd.,Aryatara Investment & Securities,410,390.0,159900.0,2025-08-21 14:44:35.311554
2025-08-21,11760,2025082104011675,UPCL,Shree Krishna Securities Ltd.,Kumari Securities Private Limited,1125,390.0,438750.0,2025-08-21 14:44:35.311642
2025-08-21,11564,2025082104011726,UPCL,Shree Krishna Securities Ltd.,Imperial Securities Company Pvt. Ltd.,50,390.0,19500.0,2025-08-21 14:44:53.789030
2025-08-21,10277,2025082104012149,UPCL,Shree Krishna Securities Ltd.,Online Securities Pvt. Ltd.,90,390.0,35100.0,2025-08-21 14:47:10.978281
2025-08-21,8850,2025082104012542,UPCL,Shree Krishna Securities Ltd.,Naasa Securities Co. Ltd.,200,390.0,78000.0,2025-08-21 14:49:52.413706
2025-08-21,8684,2025082104012592,UPCL,Premier Securities Company Ltd.,Thrive Brokerage House Pvt. Ltd,500,390.2,195100.0,2025-08-21 14:50:12.656173
2025-08-21,8377,2025082104012655,UPCL,Shree Krishna Securities Ltd.,Nepal Stock House (PVT) Ltd.,42,390.0,16380.0,2025-08-21 14:50:42.825293
2025-08-21,8376,2025082104012656,UPCL,Sweta Securities Private Limited,Nepal Stock House (PVT) Ltd.,50,390.0,19500.0,2025-08-21 14:50:42.825778
2025-08-21,8375,2025082104012657,UPCL,Nabil Stock Dealer Ltd.,Nepal Stock House (PVT) Ltd.,200,390.0,78000.0,2025-08-21 14:50:42.826054
2025-08-21,8187,2025082104012711,UPCL,Elite Stock House Limited,ABC Securities Private Limited,10,389.0,3890.0,2025-08-21 14:51:10.666177
2025-08-21,8008,2025082104012767,UPCL,ABC Securities Private Limited,Nepal Stock House (PVT) Ltd.,100,390.0,39000.0,2025-08-21 14:51:27.914520
2025-08-21,7976,2025082104012774,UPCL,Elite Stock House Limited,Nabil Stock Dealer Ltd.,390,389.0,151710.0,2025-08-21 14:51:31.149092
2025-08-21,7975,2025082104012775,UPCL,Sunrise Securities Limited,Nabil Stock Dealer Ltd.,50,389.0,19450.0,2025-08-21 14:51:31.149591
2025-08-21,7974,2025082104012776,UPCL,Hatemalo Financial Services Private Limited,Nabil Stock Dealer Ltd.,100,389.0,38900.0,2025-08-21 14:51:31.149873
2025-08-21,7973,2025082104012777,UPCL,Sani Securities Company Ltd.,Nabil Stock Dealer Ltd.,200,389.0,77800.0,2025-08-21 14:51:31.150132
2025-08-21,7972,2025082104012778,UPCL,Deevyaa Securities & Stock House Pvt. Ltd,Nabil Stock Dealer Ltd.,500,389.0,194500.0,2025-08-21 14:51:31.150416
2025-08-21,7971,2025082104012779,UPCL,Siprabi Securities Pvt. Ltd.,Nabil Stock Dealer Ltd.,500,389.0,194500.0,2025-08-21 14:51:31.150676
2025-08-21,7806,2025082104012829,UPCL,Bhrikuti Stock Broking Co. Pvt. Ltd.,Nepal Stock House (PVT) Ltd.,400,390.0,156000.0,2025-08-21 14:51:53.491299
2025-08-21,7746,2025082104012853,UPCL,Aryatara Investment & Securities,Imperial Securities Company Pvt. Ltd.,100,389.0,38900.0,2025-08-21 14:52:03.386815
2025-08-21,7745,2025082104012854,UPCL,Aryatara Investment & Securities,Nepal Stock House (PVT) Ltd.,100,390.0,39000.0,2025-08-21 14:52:03.387037
2025-08-21,7501,2025082104012910,UPCL,Aryatara Investment & Securities,Aryatara Investment & Securities,200,389.9,77980.0,2025-08-21 14:52:29.712895
2025-08-21,7366,2025082104012943,UPCL,Dipshikha Dhitopatra Karobar Co. Pvt Ltd.,Sharepro Securities Private Limited,50,389.0,19450.0,2025-08-21 14:52:44.386837
2025-08-21,6983,2025082104013052,UPCL,Aryatara Investment & Securities,Aryatara Investment & Securities,100,389.9,38990.0,2025-08-21 14:53:25.427582
2025-08-21,6912,2025082104013064,UPCL,Secured Securities Ltd.,Aryatara Investment & Securities,100,389.9,38990.0,2025-08-21 14:53:30.103331
2025-08-21,6499,2025082104013199,UPCL,South Asian Bulls Pvt. Ltd.,Thrive Brokerage House Pvt. Ltd,500,389.2,194600.0,2025-08-21 14:54:05.332735
2025-08-21,5181,2025082104013523,UPCL,Kumari Securities Private Limited,Vision Securities Pvt. Ltd,200,389.9,77980.0,2025-08-21 14:56:00.222092
2025-08-21,4932,2025082104013597,UPCL,Vision Securities Pvt. Ltd,Vision Securities Pvt. Ltd,125,389.9,48737.5,2025-08-21 14:56:21.246215
2025-08-21,4861,2025082104013607,UPCL,Creative Securities Pvt Ltd,Nepal Stock House (PVT) Ltd.,500,390.0,195000.0,2025-08-21 14:56:25.594108
2025-08-21,4813,2025082104013612,UPCL,Vision Securities Pvt. Ltd,Nabil Stock Dealer Ltd.,175,389.9,68232.5,2025-08-21 14:56:27.954679
2025-08-21,4812,2025082104013613,UPCL,Sani Securities Company Ltd.,Nabil Stock Dealer Ltd.,83,389.5,32328.5,2025-08-21 14:56:27.954914
2025-08-21,4811,2025082104013614,UPCL,Dipshikha Dhitopatra Karobar Co. Pvt Ltd.,Nabil Stock Dealer Ltd.,50,389.1,19455.0,2025-08-21 14:56:27.955017
2025-08-21,4810,2025082104013615,UPCL,Trisul Securities & Invt. Ltd.,Nabil Stock Dealer Ltd.,100,389.1,38910.0,2025-08-21 14:56:27.955130
2025-08-21,4809,2025082104013616,UPCL,Dipshikha Dhitopatra Karobar Co. Pvt Ltd.,Nabil Stock Dealer Ltd.,50,389.0,19450.0,2025-08-21 14:56:27.955256
2025-08-21,4808,2025082104013617,UPCL,Sunrise Securities Limited,Nabil Stock Dealer Ltd.,20,389.0,7780.0,2025-08-21 14:56:27.955407
2025-08-21,4807,2025082104013618,UPCL,Aryatara Investment & Securities,Nabil Stock Dealer Ltd.,500,389.0,194500.0,2025-08-21 14:56:27.955513
2025-08-21,4806,2025082104013619,UPCL,Imperial Securities Company Pvt. Ltd.,Nabil Stock Dealer Ltd.,200,389.0,77800.0,2025-08-21 14:56:27.955607
2025-08-21,4805,2025082104013620,UPCL,Naasa Securities Co. Ltd.,Nabil Stock Dealer Ltd.,83,389.0,32287.0,2025-08-21 14:56:27.955703
2025-08-21,3859,2025082104013938,UPCL,Naasa Securities Co. Ltd.,Nagarik Stock Dealer ,17,389.0,6613.0,2025-08-21 14:57:27.380908
2025-08-21,3858,2025082104013939,UPCL,Agrawal Securities (PVT) Ltd.,Nagarik Stock Dealer ,100,389.0,38900.0,2025-08-21 14:57:27.381169
2025-08-21,3857,2025082104013940,UPCL,Market Securities & Exchange (PVT) Ltd.,Nagarik Stock Dealer ,100,388.9,38890.0,2025-08-21 14:57:27.381268
2025-08-21,3856,2025082104013941,UPCL,Sweta Securities Private Limited,Nagarik Stock Dealer ,163,388.8,63374.4,2025-08-21 14:57:27.381371
2025-08-21,3309,2025082104014091,UPCL,Neev Securities Pvt. Ltd.,Aryatara Investment & Securities,500,389.0,194500.0,2025-08-21 14:57:59.782812
2025-08-21,3284,2025082104014098,UPCL,J.F. Securites (PVT) Ltd.,Aryatara Investment & Securities,50,389.0,19450.0,2025-08-21 14:58:01.559433
2025-08-21,2907,2025082104014212,UPCL,Sweta Securities Private Limited,Deevyaa Securities & Stock House Pvt. Ltd,15,388.8,5832.0,2025-08-21 14:58:20.442600
2025-08-21,2264,2025082104014373,UPCL,Imperial Securities Company Pvt. Ltd.,Aryatara Investment & Securities,50,389.0,19450.0,2025-08-21 14:58:54.254322
2025-08-21,2238,2025082104014378,UPCL,Capital Hub P. Ltd,Aryatara Investment & Securities,420,389.0,163380.0,2025-08-21 14:58:55.815457
2025-08-21,2237,2025082104014379,UPCL,Capital Hub P. Ltd,Aryatara Investment & Securities,54,389.0,21006.0,2025-08-21 14:58:55.815692
2025-08-21,2236,2025082104014380,UPCL,Capital Hub P. Ltd,Kohinoor Investment & Securities Pvt. Ltd.,1526,389.0,593614.0,2025-08-21 14:58:55.815801
2025-08-21,2027,2025082104014423,UPCL,Nagarik Stock Dealer ,Trishakti Securities Public Limited,170,388.9,66113.0,2025-08-21 14:59:03.144009
2025-08-21,2010,2025082104014430,UPCL,Dynamic Money Managers Securities Pvt. Ltd.,Trishakti Securities Public Limited,30,388.9,11667.0,2025-08-21 14:59:03.882242
2025-08-21,2009,2025082104014431,UPCL,Dynamic Money Managers Securities Pvt. Ltd.,Kohinoor Investment & Securities Pvt. Ltd.,120,389.0,46680.0,2025-08-21 14:59:03.882717
2025-08-21,2006,2025082104014432,UPCL,Midas Stock Broking Company Private Limited,Kohinoor Investment & Securities Pvt. Ltd.,500,389.0,194500.0,2025-08-21 14:59:04.108502
2025-08-21,1986,2025082104014442,UPCL,Aryatara Investment & Securities,Kohinoor Investment & Securities Pvt. Ltd.,200,389.0,77800.0,2025-08-21 14:59:04.690636
2025-08-21,1498,2025082104014571,UPCL,Dipshikha Dhitopatra Karobar Co. Pvt Ltd.,Kohinoor Investment & Securities Pvt. Ltd.,200,389.0,77800.0,2025-08-21 14:59:20.916929
2025-08-21,1453,2025082104014583,UPCL,Agrawal Securities (PVT) Ltd.,Kohinoor Investment & Securities Pvt. Ltd.,500,389.0,194500.0,2025-08-21 14:59:22.256684
2025-08-21,1360,2025082104014628,UPCL,Aryatara Investment & Securities,Kohinoor Investment & Securities Pvt. Ltd.,10,389.0,3890.0,2025-08-21 14:59:24.126382
2025-08-21,986,2025082104014735,UPCL,Sweta Securities Private Limited,Secured Securities Ltd.,22,388.8,8553.6,2025-08-21 14:59:33.901447
2025-08-21,985,2025082104014736,UPCL,Asian Securities Private Ltd.,Secured Securities Ltd.,40,388.8,15552.0,2025-08-21 14:59:33.901675
2025-08-21,965,2025082104014745,UPCL,Online Securities Pvt. Ltd.,Secured Securities Ltd.,19,388.8,7387.2,2025-08-21 14:59:34.793504
2025-08-21,964,2025082104014746,UPCL,Online Securities Pvt. Ltd.,Nepal Stock House (PVT) Ltd.,23,388.9,8944.7,2025-08-21 14:59:34.793734
2025-08-21,948,2025082104014752,UPCL,Linch Stock Market Ltd.,Nepal Stock House (PVT) Ltd.,77,388.9,29945.3,2025-08-21 14:59:35.092962
2025-08-21,947,2025082104014753,UPCL,Linch Stock Market Ltd.,Kohinoor Investment & Securities Pvt. Ltd.,23,389.0,8947.0,2025-08-21 14:59:35.093237
2025-08-21,888,2025082104014769,UPCL,Sani Securities Company Ltd.,Kohinoor Investment & Securities Pvt. Ltd.,100,389.0,38900.0,2025-08-21 14:59:37.680580
2025-08-21,873,2025082104014777,UPCL,Investment Management Nepal Pvt. Ltd.,Kohinoor Investment & Securities Pvt. Ltd.,200,389.0,77800.0,2025-08-21 14:59:38.506833
2025-08-21,836,2025082104014786,UPCL,Sweta Securities Private Limited,Thrive Brokerage House Pvt. Ltd,100,388.7,38870.0,2025-08-21 14:59:39.387854
2025-08-21,835,2025082104014787,UPCL,K.B.L. Securities Limited ,Thrive Brokerage House Pvt. Ltd,200,388.5,77700.0,2025-08-21 14:59:39.387904
2025-08-21,834,2025082104014788,UPCL,Siprabi Securities Pvt. Ltd.,Thrive Brokerage House Pvt. Ltd,250,388.5,97125.0,2025-08-21 14:59:39.387958
2025-08-21,833,2025082104014789,UPCL,SHUBHAKAMANA SECURITIES PVT. LTD,Thrive Brokerage House Pvt. Ltd,650,388.2,252330.0,2025-08-21 14:59:39.387988
2025-08-21,376,2025082104014966,UPCL,Premier Securities Company Ltd.,Vision Securities Pvt. Ltd,30,388.7,11661.0,2025-08-21 14:59:50.647075
2025-08-21,375,2025082104014967,UPCL,Premier Securities Company Ltd.,Kohinoor Investment & Securities Pvt. Ltd.,70,389.0,27230.0,2025-08-21 14:59:50.647295
2025-08-21,366,2025082104014971,UPCL,SHUBHAKAMANA SECURITIES PVT. LTD,Market Securities & Exchange (PVT) Ltd.,330,388.2,128106.0,2025-08-21 14:59:51.060793
2025-08-21,51,2025082104015061,UPCL,Trishakti Securities Public Limited,Kohinoor Investment & Securities Pvt. Ltd.,100,389.0,38900.0,2025-08-21 14:59:58.813402
