Date,S.N.,Contract ID,Symbol,Buyer Broker,Seller Broker,quantity,rate,amount,transaction_time
2025-08-13,69617,2025081304000077,GHL,Aryatara Investment & Securities,S.P.S.A. Securities Limited,40,246.0,9840.0,2025-08-13 11:02:16.952998
2025-08-13,69322,2025081304000121,GHL,Sani Securities Company Ltd.,S.P.S.A. Securities Limited,10,246.0,2460.0,2025-08-13 11:04:25.863642
2025-08-13,69172,2025081304000159,GHL,Imperial Securities Company Pvt. Ltd.,Sundhara Securities Limited,50,243.4,12170.0,2025-08-13 11:05:30.520131
2025-08-13,69086,2025081304000178,GHL,Sani Securities Company Ltd.,Bhrikuti Stock Broking Co. Pvt. Ltd.,20,246.0,4920.0,2025-08-13 11:05:55.626456
2025-08-13,68829,2025081304000233,GHL,Vision Securities Pvt. Ltd,Aryatara Investment & Securities,10,243.4,2434.0,2025-08-13 11:07:33.913293
2025-08-13,68425,2025081304000302,GHL,Capital Max Securities Ltd,Bhrikuti Stock Broking Co. Pvt. Ltd.,16,246.0,3936.0,2025-08-13 11:09:31.806350
2025-08-13,67980,2025081304000399,GHL,Market Securities & Exchange (PVT) Ltd.,Sundhara Securities Limited,50,244.0,12200.0,2025-08-13 11:11:47.322086
2025-08-13,67979,2025081304000400,GHL,Market Securities & Exchange (PVT) Ltd.,Siprabi Securities Pvt. Ltd.,10,244.0,2440.0,2025-08-13 11:11:47.322265
2025-08-13,67824,2025081304000434,GHL,Capital Max Securities Ltd,Bhrikuti Stock Broking Co. Pvt. Ltd.,20,246.0,4920.0,2025-08-13 11:12:20.460210
2025-08-13,67517,2025081304000541,GHL,Vision Securities Pvt. Ltd,Bhrikuti Stock Broking Co. Pvt. Ltd.,500,245.0,122500.0,2025-08-13 11:13:46.003194
2025-08-13,67516,2025081304000542,GHL,Vision Securities Pvt. Ltd,Opal Securities Investment (PVT) Ltd.,40,246.0,9840.0,2025-08-13 11:13:46.003400
2025-08-13,67515,2025081304000543,GHL,Vision Securities Pvt. Ltd,Sharepro Securities Private Limited,20,246.0,4920.0,2025-08-13 11:13:46.003527
2025-08-13,67514,2025081304000544,GHL,Vision Securities Pvt. Ltd,Trishakti Securities Public Limited,440,246.0,108240.0,2025-08-13 11:13:46.003649
2025-08-13,65483,2025081304001106,GHL,Thrive Brokerage House Pvt. Ltd,Cristal Kanchanjanga Securites Pvt. Ltd.,222,244.0,54168.0,2025-08-13 11:22:24.907044
2025-08-13,65482,2025081304001107,GHL,S.P.S.A. Securities Limited,Cristal Kanchanjanga Securites Pvt. Ltd.,500,244.0,122000.0,2025-08-13 11:22:24.907153
2025-08-13,65481,2025081304001108,GHL,Nepal Stock House (PVT) Ltd.,Cristal Kanchanjanga Securites Pvt. Ltd.,580,244.0,141520.0,2025-08-13 11:22:24.907205
2025-08-13,65480,2025081304001109,GHL,Siprabi Securities Pvt. Ltd.,Cristal Kanchanjanga Securites Pvt. Ltd.,125,244.0,30500.0,2025-08-13 11:22:24.907248
2025-08-13,65479,2025081304001110,GHL,Ashutosh Brokerage & Securities (PVT) Ltd.,Cristal Kanchanjanga Securites Pvt. Ltd.,73,243.7,17790.1,2025-08-13 11:22:24.907295
2025-08-13,65355,2025081304001130,GHL,Ashutosh Brokerage & Securities (PVT) Ltd.,Secured Securities Ltd.,600,243.7,146220.0,2025-08-13 11:22:40.170141
2025-08-13,65257,2025081304001148,GHL,Ashutosh Brokerage & Securities (PVT) Ltd.,ABC Securities Private Limited,327,243.7,79689.9,2025-08-13 11:22:58.043678
2025-08-13,65256,2025081304001149,GHL,Oxford Securities Pvt. Ltd.,ABC Securities Private Limited,173,243.3,42090.9,2025-08-13 11:22:58.043743
2025-08-13,65017,2025081304001216,GHL,Oxford Securities Pvt. Ltd.,Trisul Securities & Invt. Ltd.,110,243.3,26763.0,2025-08-13 11:23:49.487775
2025-08-13,62289,2025081304001887,GHL,Oxford Securities Pvt. Ltd.,Sani Securities Company Ltd.,1600,243.3,389280.0,2025-08-13 11:33:51.425605
2025-08-13,62244,2025081304001896,GHL,Online Securities Pvt. Ltd.,Opal Securities Investment (PVT) Ltd.,10,243.0,2430.0,2025-08-13 11:34:04.868078
2025-08-13,62243,2025081304001897,GHL,Ashutosh Brokerage & Securities (PVT) Ltd.,Opal Securities Investment (PVT) Ltd.,100,242.4,24240.0,2025-08-13 11:34:04.868345
2025-08-13,62242,2025081304001898,GHL,Oxford Securities Pvt. Ltd.,Opal Securities Investment (PVT) Ltd.,40,242.3,9692.0,2025-08-13 11:34:04.868501
2025-08-13,61798,2025081304002020,GHL,Linch Stock Market Ltd.,Sumeru Securities Pvt. Ltd.,15,242.1,3631.5,2025-08-13 11:35:49.282309
2025-08-13,61797,2025081304002021,GHL,Asian Securities Private Ltd.,Sumeru Securities Pvt. Ltd.,185,242.1,44788.5,2025-08-13 11:35:49.282459
2025-08-13,61030,2025081304002192,GHL,Thrive Brokerage House Pvt. Ltd,Sumeru Securities Pvt. Ltd.,12,242.3,2907.6,2025-08-13 11:38:59.963419
2025-08-13,60735,2025081304002269,GHL,Thrive Brokerage House Pvt. Ltd,Infinity Securities Limited,99,242.3,23987.7,2025-08-13 11:40:03.322078
2025-08-13,60734,2025081304002270,GHL,Vision Securities Pvt. Ltd,Infinity Securities Limited,500,242.3,121150.0,2025-08-13 11:40:03.322336
2025-08-13,60733,2025081304002271,GHL,Ashutosh Brokerage & Securities (PVT) Ltd.,Infinity Securities Limited,401,242.2,97122.2,2025-08-13 11:40:03.322501
2025-08-13,59551,2025081304002601,GHL,Neev Securities Pvt. Ltd.,Market Securities & Exchange (PVT) Ltd.,90,243.0,21870.0,2025-08-13 11:44:22.065239
2025-08-13,59248,2025081304002697,GHL,Neev Securities Pvt. Ltd.,Miyo Securities Pvt Ltd,100,243.0,24300.0,2025-08-13 11:45:27.897615
2025-08-13,59187,2025081304002725,GHL,Neev Securities Pvt. Ltd.,Himalayan Brokerage Company Limited,110,243.0,26730.0,2025-08-13 11:45:40.679814
2025-08-13,59122,2025081304002739,GHL,Aryatara Investment & Securities,Himalayan Brokerage Company Limited,100,243.0,24300.0,2025-08-13 11:45:56.427211
2025-08-13,59056,2025081304002751,GHL,Nabil Stock Dealer Ltd.,Himalayan Brokerage Company Limited,1110,243.0,269730.0,2025-08-13 11:46:14.902166
2025-08-13,58851,2025081304002789,GHL,J.F. Securites (PVT) Ltd.,Sumeru Securities Pvt. Ltd.,200,243.5,48700.0,2025-08-13 11:47:07.522980
2025-08-13,58428,2025081304002887,GHL,Agrawal Securities (PVT) Ltd.,Market Securities & Exchange (PVT) Ltd.,90,243.5,21915.0,2025-08-13 11:49:01.561855
2025-08-13,56312,2025081304003422,GHL,Dynamic Money Managers Securities Pvt. Ltd.,Nepal Stock House (PVT) Ltd.,18,244.0,4392.0,2025-08-13 11:57:52.748501
2025-08-13,56088,2025081304003460,GHL,Creative Securities Pvt Ltd,Nepal Stock House (PVT) Ltd.,200,244.0,48800.0,2025-08-13 11:58:46.208836
2025-08-13,55955,2025081304003482,GHL,Aryatara Investment & Securities,Nepal Stock House (PVT) Ltd.,300,244.0,73200.0,2025-08-13 11:59:18.663829
2025-08-13,55682,2025081304003519,GHL,Creative Securities Pvt Ltd,Nepal Stock House (PVT) Ltd.,82,244.0,20008.0,2025-08-13 12:00:22.780788
2025-08-13,54156,2025081304003854,GHL,Kalika Securities Pvt. Ltd.,Bhrikuti Stock Broking Co. Pvt. Ltd.,15,244.8,3672.0,2025-08-13 12:06:17.761862
2025-08-13,53503,2025081304004004,GHL,Deevyaa Securities & Stock House Pvt. Ltd,Bhrikuti Stock Broking Co. Pvt. Ltd.,20,244.8,4896.0,2025-08-13 12:08:55.943448
2025-08-13,53470,2025081304004017,GHL,Asian Securities Private Ltd.,Sajilo Broker Limited,30,244.1,7323.0,2025-08-13 12:09:04.457058
2025-08-13,52871,2025081304004145,GHL,Asian Securities Private Ltd.,Kumari Securities Private Limited,40,244.1,9764.0,2025-08-13 12:11:43.306573
2025-08-13,52870,2025081304004146,GHL,Aryatara Investment & Securities,Kumari Securities Private Limited,40,244.1,9764.0,2025-08-13 12:11:43.306974
2025-08-13,52577,2025081304004224,GHL,Creative Securities Pvt Ltd,Kohinoor Investment & Securities Pvt. Ltd.,10,244.0,2440.0,2025-08-13 12:13:01.574892
2025-08-13,51958,2025081304004348,GHL,Aryatara Investment & Securities,Bhrikuti Stock Broking Co. Pvt. Ltd.,15,244.8,3672.0,2025-08-13 12:15:28.225084
2025-08-13,51472,2025081304004473,GHL,Creative Securities Pvt Ltd,Online Securities Pvt. Ltd.,90,244.0,21960.0,2025-08-13 12:17:44.296160
2025-08-13,51067,2025081304004595,GHL,Agrawal Securities (PVT) Ltd.,Bhrikuti Stock Broking Co. Pvt. Ltd.,450,244.8,110160.0,2025-08-13 12:19:18.554382
2025-08-13,51066,2025081304004596,GHL,Agrawal Securities (PVT) Ltd.,Linch Stock Market Ltd.,100,245.0,24500.0,2025-08-13 12:19:18.554567
2025-08-13,51065,2025081304004597,GHL,Agrawal Securities (PVT) Ltd.,Vision Securities Pvt. Ltd,500,245.0,122500.0,2025-08-13 12:19:18.554655
2025-08-13,51064,2025081304004598,GHL,Agrawal Securities (PVT) Ltd.,Shree Krishna Securities Ltd.,350,245.0,85750.0,2025-08-13 12:19:18.554725
2025-08-13,49908,2025081304004854,GHL,Naasa Securities Co. Ltd.,Shree Krishna Securities Ltd.,99,245.0,24255.0,2025-08-13 12:24:38.310368
2025-08-13,49620,2025081304004913,GHL,Naasa Securities Co. Ltd.,Vision Securities Pvt. Ltd,51,245.0,12495.0,2025-08-13 12:25:43.568399
2025-08-13,47310,2025081304005452,GHL,Secured Securities Ltd.,Vision Securities Pvt. Ltd,410,245.0,100450.0,2025-08-13 12:35:59.563249
2025-08-13,46293,2025081304005642,GHL,Opal Securities Investment (PVT) Ltd.,Vision Securities Pvt. Ltd,500,245.0,122500.0,2025-08-13 12:40:05.087250
2025-08-13,44806,2025081304005902,GHL,Capital Max Securities Ltd,Bhrikuti Stock Broking Co. Pvt. Ltd.,30,244.1,7323.0,2025-08-13 12:45:30.990078
2025-08-13,44365,2025081304005998,GHL,Naasa Securities Co. Ltd.,Dynamic Money Managers Securities Pvt. Ltd.,90,244.5,22005.0,2025-08-13 12:47:19.367966
2025-08-13,44275,2025081304006010,GHL,Naasa Securities Co. Ltd.,Vision Securities Pvt. Ltd,21,245.0,5145.0,2025-08-13 12:47:44.111518
2025-08-13,43722,2025081304006167,GHL,Nabil Stock Dealer Ltd.,Vision Securities Pvt. Ltd,18,245.0,4410.0,2025-08-13 12:49:57.875486
2025-08-13,43721,2025081304006168,GHL,Nabil Stock Dealer Ltd.,Siprabi Securities Pvt. Ltd.,30,245.0,7350.0,2025-08-13 12:49:57.875585
2025-08-13,43720,2025081304006169,GHL,Nabil Stock Dealer Ltd.,Deevyaa Securities & Stock House Pvt. Ltd,1000,245.0,245000.0,2025-08-13 12:49:57.875612
2025-08-13,43719,2025081304006170,GHL,Nabil Stock Dealer Ltd.,Dipshikha Dhitopatra Karobar Co. Pvt Ltd.,50,245.0,12250.0,2025-08-13 12:49:57.875636
2025-08-13,43718,2025081304006171,GHL,Nabil Stock Dealer Ltd.,Asian Securities Private Ltd.,12,245.0,2940.0,2025-08-13 12:49:57.875662
2025-08-13,42732,2025081304006376,GHL,Naasa Securities Co. Ltd.,Asian Securities Private Ltd.,68,245.0,16660.0,2025-08-13 12:53:08.465737
2025-08-13,42731,2025081304006377,GHL,Naasa Securities Co. Ltd.,Naasa Securities Co. Ltd.,64,245.0,15680.0,2025-08-13 12:53:08.465998
2025-08-13,42730,2025081304006378,GHL,Naasa Securities Co. Ltd.,Sweta Securities Private Limited,18,245.0,4410.0,2025-08-13 12:53:08.466080
2025-08-13,42472,2025081304006424,GHL,Vision Securities Pvt. Ltd,Sweta Securities Private Limited,15,245.0,3675.0,2025-08-13 12:54:05.096901
2025-08-13,41438,2025081304006629,GHL,Oxford Securities Pvt. Ltd.,Sweta Securities Private Limited,167,245.0,40915.0,2025-08-13 12:58:44.003101
2025-08-13,40460,2025081304006787,GHL,Oxford Securities Pvt. Ltd.,Asian Securities Private Ltd.,33,245.0,8085.0,2025-08-13 13:02:35.186834
2025-08-13,40459,2025081304006788,GHL,Dipshikha Dhitopatra Karobar Co. Pvt Ltd.,Asian Securities Private Ltd.,200,245.0,49000.0,2025-08-13 13:02:35.187045
2025-08-13,40378,2025081304006809,GHL,Imperial Securities Company Pvt. Ltd.,South Asian Bulls Pvt. Ltd.,480,244.6,117408.0,2025-08-13 13:02:46.765551
2025-08-13,40053,2025081304006893,GHL,Primo Securities (PVT) Ltd.,Sani Securities Company Ltd.,72,244.9,17632.8,2025-08-13 13:03:30.078600
2025-08-13,39550,2025081304007037,GHL,Imperial Securities Company Pvt. Ltd.,J.F. Securites (PVT) Ltd.,20,244.6,4892.0,2025-08-13 13:05:02.373898
2025-08-13,39549,2025081304007038,GHL,Sewa Securities Pvt. Ltd.,J.F. Securites (PVT) Ltd.,400,244.5,97800.0,2025-08-13 13:05:02.374335
2025-08-13,39548,2025081304007039,GHL,Vision Securities Pvt. Ltd,J.F. Securites (PVT) Ltd.,100,244.3,24430.0,2025-08-13 13:05:02.374585
2025-08-13,39547,2025081304007040,GHL,INDEX SECURITIES LIMITED,J.F. Securites (PVT) Ltd.,1000,244.2,244200.0,2025-08-13 13:05:02.374819
2025-08-13,39546,2025081304007041,GHL,Capital Max Securities Ltd,J.F. Securites (PVT) Ltd.,470,244.1,114727.0,2025-08-13 13:05:02.375038
2025-08-13,39545,2025081304007042,GHL,Aryatara Investment & Securities,J.F. Securites (PVT) Ltd.,1000,244.1,244100.0,2025-08-13 13:05:02.375274
2025-08-13,39544,2025081304007043,GHL,Creative Securities Pvt Ltd,J.F. Securites (PVT) Ltd.,18,244.0,4392.0,2025-08-13 13:05:02.375518
2025-08-13,39543,2025081304007044,GHL,Sani Securities Company Ltd.,J.F. Securites (PVT) Ltd.,100,244.0,24400.0,2025-08-13 13:05:02.375743
2025-08-13,39542,2025081304007045,GHL,Imperial Securities Company Pvt. Ltd.,J.F. Securites (PVT) Ltd.,10,244.0,2440.0,2025-08-13 13:05:02.375958
2025-08-13,39541,2025081304007046,GHL,Premier Securities Company Ltd.,J.F. Securites (PVT) Ltd.,100,244.0,24400.0,2025-08-13 13:05:02.376180
2025-08-13,39540,2025081304007047,GHL,Hatemalo Financial Services Private Limited,J.F. Securites (PVT) Ltd.,200,244.0,48800.0,2025-08-13 13:05:02.376416
2025-08-13,39539,2025081304007048,GHL,Nepal Stock House (PVT) Ltd.,J.F. Securites (PVT) Ltd.,50,244.0,12200.0,2025-08-13 13:05:02.376644
2025-08-13,39538,2025081304007049,GHL,J.F. Securites (PVT) Ltd.,J.F. Securites (PVT) Ltd.,10,244.0,2440.0,2025-08-13 13:05:02.376867
2025-08-13,39023,2025081304007237,GHL,Online Securities Pvt. Ltd.,Sani Securities Company Ltd.,65,243.8,15847.0,2025-08-13 13:06:51.451759
2025-08-13,39022,2025081304007238,GHL,Secured Securities Ltd.,Sani Securities Company Ltd.,457,243.7,111370.9,2025-08-13 13:06:51.451999
2025-08-13,38601,2025081304007378,GHL,Aryatara Investment & Securities,J.F. Securites (PVT) Ltd.,4000,244.0,976000.0,2025-08-13 13:08:01.017542
2025-08-13,38499,2025081304007410,GHL,Online Securities Pvt. Ltd.,J.F. Securites (PVT) Ltd.,100,244.0,24400.0,2025-08-13 13:08:28.742062
2025-08-13,38495,2025081304007411,GHL,Nabil Stock Dealer Ltd.,J.F. Securites (PVT) Ltd.,7422,244.0,1810968.0,2025-08-13 13:08:30.258137
2025-08-13,37129,2025081304007770,GHL,Nabil Stock Dealer Ltd.,Sagarmatha Securities Private Limited,78,244.0,19032.0,2025-08-13 13:14:18.458713
2025-08-13,36948,2025081304007795,GHL,Deevyaa Securities & Stock House Pvt. Ltd,Imperial Securities Company Pvt. Ltd.,9,241.0,2169.0,2025-08-13 13:15:09.864957
2025-08-13,36590,2025081304007882,GHL,Secured Securities Ltd.,Sagarmatha Securities Private Limited,12,243.7,2924.4,2025-08-13 13:17:02.151538
2025-08-13,35868,2025081304008047,GHL,South Asian Bulls Pvt. Ltd.,Nepal Stock House (PVT) Ltd.,20,243.8,4876.0,2025-08-13 13:20:18.885272
2025-08-13,35694,2025081304008084,GHL,Nabil Stock Dealer Ltd.,Naasa Securities Co. Ltd.,180,244.0,43920.0,2025-08-13 13:21:25.177936
2025-08-13,34988,2025081304008193,GHL,Naasa Securities Co. Ltd.,Naasa Securities Co. Ltd.,10,244.0,2440.0,2025-08-13 13:24:51.621372
2025-08-13,34315,2025081304008304,GHL,Nabil Stock Dealer Ltd.,Dipshikha Dhitopatra Karobar Co. Pvt Ltd.,20,244.0,4880.0,2025-08-13 13:27:56.172724
2025-08-13,33751,2025081304008427,GHL,Nabil Stock Dealer Ltd.,Naasa Securities Co. Ltd.,50,244.0,12200.0,2025-08-13 13:30:48.224829
2025-08-13,32786,2025081304008645,GHL,Nabil Stock Dealer Ltd.,Trisul Securities & Invt. Ltd.,30,244.0,7320.0,2025-08-13 13:36:03.542357
2025-08-13,32785,2025081304008646,GHL,Sharepro Securities Private Limited,Trisul Securities & Invt. Ltd.,470,243.9,114633.0,2025-08-13 13:36:03.542806
2025-08-13,31634,2025081304008858,GHL,Kohinoor Investment & Securities Pvt. Ltd.,Secured Securities Ltd.,50,244.0,12200.0,2025-08-13 13:42:11.883502
2025-08-13,30953,2025081304008992,GHL,Sani Securities Company Ltd.,Imperial Securities Company Pvt. Ltd.,70,244.8,17136.0,2025-08-13 13:45:32.117912
2025-08-13,30826,2025081304009019,GHL,Sani Securities Company Ltd.,Infinity Securities Limited,103,244.9,25224.7,2025-08-13 13:46:11.430268
2025-08-13,30488,2025081304009080,GHL,Trishakti Securities Public Limited,Infinity Securities Limited,37,244.9,9061.3,2025-08-13 13:48:01.872788
2025-08-13,30369,2025081304009103,GHL,South Asian Bulls Pvt. Ltd.,Infinity Securities Limited,780,244.9,191022.0,2025-08-13 13:48:27.805562
2025-08-13,30065,2025081304009148,GHL,South Asian Bulls Pvt. Ltd.,Infinity Securities Limited,20,244.9,4898.0,2025-08-13 13:50:01.195217
2025-08-13,29557,2025081304009224,GHL,Online Securities Pvt. Ltd.,Pragyan Securities (PVT) Ltd.,204,244.7,49918.8,2025-08-13 13:52:16.496961
2025-08-13,29556,2025081304009225,GHL,Naasa Securities Co. Ltd.,Pragyan Securities (PVT) Ltd.,290,244.0,70760.0,2025-08-13 13:52:16.497425
2025-08-13,29238,2025081304009299,GHL,Malla & Malla Stock Broking Company Pvt. Limited,Pragyan Securities (PVT) Ltd.,96,244.0,23424.0,2025-08-13 13:53:15.806462
2025-08-13,28453,2025081304009510,GHL,Imperial Securities Company Pvt. Ltd.,Infinity Securities Limited,460,244.9,112654.0,2025-08-13 13:56:30.629506
2025-08-13,28452,2025081304009511,GHL,Imperial Securities Company Pvt. Ltd.,Asian Securities Private Ltd.,40,245.0,9800.0,2025-08-13 13:56:30.629583
2025-08-13,27626,2025081304009662,GHL,Online Securities Pvt. Ltd.,Aryatara Investment & Securities,140,244.0,34160.0,2025-08-13 13:59:28.933407
2025-08-13,26929,2025081304009813,GHL,Online Securities Pvt. Ltd.,Aryatara Investment & Securities,500,244.0,122000.0,2025-08-13 14:02:13.690644
2025-08-13,25924,2025081304009997,GHL,Online Securities Pvt. Ltd.,Imperial Securities Company Pvt. Ltd.,200,244.0,48800.0,2025-08-13 14:05:36.503496
2025-08-13,25501,2025081304010148,GHL,Online Securities Pvt. Ltd.,S.P.S.A. Securities Limited,17,244.0,4148.0,2025-08-13 14:06:48.388551
2025-08-13,25351,2025081304010156,GHL,Online Securities Pvt. Ltd.,Miyo Securities Pvt Ltd,143,244.0,34892.0,2025-08-13 14:07:00.986456
2025-08-13,25350,2025081304010157,GHL,Dipshikha Dhitopatra Karobar Co. Pvt Ltd.,Miyo Securities Pvt Ltd,20,244.0,4880.0,2025-08-13 14:07:00.986685
2025-08-13,22970,2025081304010602,GHL,Sharepro Securities Private Limited,Agrawal Securities (PVT) Ltd.,30,243.9,7317.0,2025-08-13 14:13:07.240457
2025-08-13,22969,2025081304010603,GHL,Trisul Securities & Invt. Ltd.,Agrawal Securities (PVT) Ltd.,20,243.9,4878.0,2025-08-13 14:13:07.240733
2025-08-13,22262,2025081304010791,GHL,Trisul Securities & Invt. Ltd.,Naasa Securities Co. Ltd.,20,243.9,4878.0,2025-08-13 14:15:21.862299
2025-08-13,22261,2025081304010792,GHL,Secured Securities Ltd.,Naasa Securities Co. Ltd.,420,243.7,102354.0,2025-08-13 14:15:21.862786
2025-08-13,22088,2025081304010852,GHL,Secured Securities Ltd.,Property Wiard Limited,60,243.7,14622.0,2025-08-13 14:15:48.486657
2025-08-13,21848,2025081304010887,GHL,Secured Securities Ltd.,Nabil Stock Dealer Ltd.,51,243.7,12428.7,2025-08-13 14:16:30.197237
2025-08-13,21847,2025081304010888,GHL,Sani Securities Company Ltd.,Nabil Stock Dealer Ltd.,280,243.7,68236.0,2025-08-13 14:16:30.197698
2025-08-13,21846,2025081304010889,GHL,Vision Securities Pvt. Ltd,Nabil Stock Dealer Ltd.,50,243.6,12180.0,2025-08-13 14:16:30.197978
2025-08-13,21845,2025081304010890,GHL,Primo Securities (PVT) Ltd.,Nabil Stock Dealer Ltd.,500,243.5,121750.0,2025-08-13 14:16:30.198259
2025-08-13,21844,2025081304010891,GHL,Primo Securities (PVT) Ltd.,Nabil Stock Dealer Ltd.,220,243.5,53570.0,2025-08-13 14:16:30.198549
2025-08-13,21843,2025081304010892,GHL,Garima Securities Limited,Nabil Stock Dealer Ltd.,20,243.1,4862.0,2025-08-13 14:16:30.198816
2025-08-13,21842,2025081304010893,GHL,Secured Securities Ltd.,Nabil Stock Dealer Ltd.,500,243.0,121500.0,2025-08-13 14:16:30.199084
2025-08-13,21841,2025081304010894,GHL,Vision Securities Pvt. Ltd,Nabil Stock Dealer Ltd.,1000,243.0,243000.0,2025-08-13 14:16:30.199347
2025-08-13,21840,2025081304010895,GHL,Online Securities Pvt. Ltd.,Nabil Stock Dealer Ltd.,50,243.0,12150.0,2025-08-13 14:16:30.199619
2025-08-13,21839,2025081304010896,GHL,Siprabi Securities Pvt. Ltd.,Nabil Stock Dealer Ltd.,360,243.0,87480.0,2025-08-13 14:16:30.199884
2025-08-13,21838,2025081304010897,GHL,Dynamic Money Managers Securities Pvt. Ltd.,Nabil Stock Dealer Ltd.,2000,243.0,486000.0,2025-08-13 14:16:30.200155
2025-08-13,21837,2025081304010898,GHL,Aryatara Investment & Securities,Nabil Stock Dealer Ltd.,50,243.0,12150.0,2025-08-13 14:16:30.200435
2025-08-13,21836,2025081304010899,GHL,Trishakti Securities Public Limited,Nabil Stock Dealer Ltd.,100,243.0,24300.0,2025-08-13 14:16:30.200698
2025-08-13,21835,2025081304010900,GHL,Online Securities Pvt. Ltd.,Nabil Stock Dealer Ltd.,1000,243.0,243000.0,2025-08-13 14:16:30.200945
2025-08-13,21834,2025081304010901,GHL,Online Securities Pvt. Ltd.,Nabil Stock Dealer Ltd.,500,243.0,121500.0,2025-08-13 14:16:30.201194
2025-08-13,21833,2025081304010902,GHL,Imperial Securities Company Pvt. Ltd.,Nabil Stock Dealer Ltd.,200,243.0,48600.0,2025-08-13 14:16:30.201455
2025-08-13,21832,2025081304010903,GHL,Sundhara Securities Limited,Nabil Stock Dealer Ltd.,100,243.0,24300.0,2025-08-13 14:16:30.201705
2025-08-13,21626,2025081304010934,GHL,Oxford Securities Pvt. Ltd.,Creative Securities Pvt Ltd,30,242.7,7281.0,2025-08-13 14:17:03.845131
2025-08-13,21601,2025081304010941,GHL,Vision Securities Pvt. Ltd,Nabil Stock Dealer Ltd.,19,243.0,4617.0,2025-08-13 14:17:09.370080
2025-08-13,21600,2025081304010942,GHL,Vision Securities Pvt. Ltd,Miyo Securities Pvt Ltd,31,244.0,7564.0,2025-08-13 14:17:09.370334
2025-08-13,20764,2025081304011150,GHL,Oxford Securities Pvt. Ltd.,Naasa Securities Co. Ltd.,10,242.7,2427.0,2025-08-13 14:19:21.367824
2025-08-13,20389,2025081304011225,GHL,Oxford Securities Pvt. Ltd.,Sundhara Securities Limited,20,242.7,4854.0,2025-08-13 14:20:37.567297
2025-08-13,20016,2025081304011296,GHL,Oxford Securities Pvt. Ltd.,Naasa Securities Co. Ltd.,100,242.6,24260.0,2025-08-13 14:21:44.368054
2025-08-13,20015,2025081304011297,GHL,Malla & Malla Stock Broking Company Pvt. Limited,Naasa Securities Co. Ltd.,700,242.5,169750.0,2025-08-13 14:21:44.368350
2025-08-13,20014,2025081304011298,GHL,Aakashbhairab Securities Ltd.,Naasa Securities Co. Ltd.,100,242.5,24250.0,2025-08-13 14:21:44.368442
2025-08-13,20013,2025081304011299,GHL,Trisul Securities & Invt. Ltd.,Naasa Securities Co. Ltd.,100,242.4,24240.0,2025-08-13 14:21:44.368530
2025-08-13,19781,2025081304011333,GHL,Trisul Securities & Invt. Ltd.,Naasa Securities Co. Ltd.,50,242.4,12120.0,2025-08-13 14:22:25.449885
2025-08-13,19709,2025081304011354,GHL,Trisul Securities & Invt. Ltd.,Naasa Securities Co. Ltd.,50,242.4,12120.0,2025-08-13 14:22:45.004392
2025-08-13,19382,2025081304011427,GHL,Sri Hari Securities Pvt. Ltd.,Sundhara Securities Limited,10,242.6,2426.0,2025-08-13 14:23:55.540215
2025-08-13,19246,2025081304011438,GHL,Aryatara Investment & Securities,Naasa Securities Co. Ltd.,15,242.7,3640.5,2025-08-13 14:24:15.852068
2025-08-13,18370,2025081304011665,GHL,Sanima Securities Limited,Nepal Investment And Securities Trading Private Limited,100,243.8,24380.0,2025-08-13 14:27:26.668130
2025-08-13,17783,2025081304011775,GHL,Oxford Securities Pvt. Ltd.,Sri Hari Securities Pvt. Ltd.,10,243.3,2433.0,2025-08-13 14:29:02.337454
2025-08-13,17782,2025081304011776,GHL,Primo Securities (PVT) Ltd.,Sri Hari Securities Pvt. Ltd.,280,242.8,67984.0,2025-08-13 14:29:02.337710
2025-08-13,17781,2025081304011777,GHL,Aryatara Investment & Securities,Sri Hari Securities Pvt. Ltd.,10,242.7,2427.0,2025-08-13 14:29:02.337808
2025-08-13,17600,2025081304011841,GHL,Aryatara Investment & Securities,Sani Securities Company Ltd.,100,242.7,24270.0,2025-08-13 14:29:29.502264
2025-08-13,17093,2025081304011919,GHL,Online Securities Pvt. Ltd.,Trishakti Securities Public Limited,200,242.8,48560.0,2025-08-13 14:31:13.507408
2025-08-13,17092,2025081304011920,GHL,Aryatara Investment & Securities,Trishakti Securities Public Limited,875,242.7,212362.5,2025-08-13 14:31:13.507539
2025-08-13,17091,2025081304011921,GHL,Naasa Securities Co. Ltd.,Trishakti Securities Public Limited,290,242.7,70383.0,2025-08-13 14:31:13.507620
2025-08-13,17090,2025081304011922,GHL,Sri Hari Securities Pvt. Ltd.,Trishakti Securities Public Limited,635,242.6,154051.0,2025-08-13 14:31:13.507688
2025-08-13,16713,2025081304012011,GHL,Sumeru Securities Pvt. Ltd.,Naasa Securities Co. Ltd.,200,243.0,48600.0,2025-08-13 14:32:35.768233
2025-08-13,16286,2025081304012118,GHL,Sri Hari Securities Pvt. Ltd.,Asian Securities Private Ltd.,2355,242.6,571323.0,2025-08-13 14:34:00.599856
2025-08-13,16285,2025081304012119,GHL,Online Securities Pvt. Ltd.,Asian Securities Private Ltd.,1393,242.5,337802.5,2025-08-13 14:34:00.599961
2025-08-13,16131,2025081304012142,GHL,Online Securities Pvt. Ltd.,Imperial Securities Company Pvt. Ltd.,200,242.5,48500.0,2025-08-13 14:34:27.904512
2025-08-13,16012,2025081304012178,GHL,J.F. Securites (PVT) Ltd.,Naasa Securities Co. Ltd.,35,242.8,8498.0,2025-08-13 14:34:50.744235
2025-08-13,15942,2025081304012205,GHL,Online Securities Pvt. Ltd.,Thrive Brokerage House Pvt. Ltd,2200,242.5,533500.0,2025-08-13 14:35:07.757672
2025-08-13,15478,2025081304012277,GHL,Sweta Securities Private Limited,Nepal Stock House (PVT) Ltd.,412,242.6,99951.2,2025-08-13 14:36:02.762722
2025-08-13,15427,2025081304012285,GHL,Sundhara Securities Limited,Nepal Stock House (PVT) Ltd.,150,242.6,36390.0,2025-08-13 14:36:12.230447
2025-08-13,14776,2025081304012429,GHL,Online Securities Pvt. Ltd.,Agrawal Securities (PVT) Ltd.,1000,242.5,242500.0,2025-08-13 14:37:33.396572
2025-08-13,14774,2025081304012430,GHL,Online Securities Pvt. Ltd.,Vision Securities Pvt. Ltd,300,242.5,72750.0,2025-08-13 14:37:33.800389
2025-08-13,14219,2025081304012514,GHL,South Asian Bulls Pvt. Ltd.,Nepal Stock House (PVT) Ltd.,38,242.6,9218.8,2025-08-13 14:38:47.268351
2025-08-13,14218,2025081304012515,GHL,South Asian Bulls Pvt. Ltd.,Premier Securities Company Ltd.,42,242.6,10189.2,2025-08-13 14:38:47.268643
2025-08-13,14217,2025081304012516,GHL,Online Securities Pvt. Ltd.,Secured Securities Ltd.,100,242.5,24250.0,2025-08-13 14:38:47.972839
2025-08-13,14064,2025081304012542,GHL,Online Securities Pvt. Ltd.,Naasa Securities Co. Ltd.,460,242.5,111550.0,2025-08-13 14:39:04.253537
2025-08-13,13978,2025081304012569,GHL,Online Securities Pvt. Ltd.,Naasa Securities Co. Ltd.,2000,242.5,485000.0,2025-08-13 14:39:19.323846
2025-08-13,13895,2025081304012580,GHL,Online Securities Pvt. Ltd.,Naasa Securities Co. Ltd.,2000,242.5,485000.0,2025-08-13 14:39:32.331756
2025-08-13,13789,2025081304012610,GHL,Online Securities Pvt. Ltd.,Naasa Securities Co. Ltd.,347,242.5,84147.5,2025-08-13 14:39:44.580543
2025-08-13,13788,2025081304012611,GHL,Kohinoor Investment & Securities Pvt. Ltd.,Naasa Securities Co. Ltd.,1000,242.5,242500.0,2025-08-13 14:39:44.580975
2025-08-13,13765,2025081304012616,GHL,Trisul Securities & Invt. Ltd.,Sani Securities Company Ltd.,50,242.4,12120.0,2025-08-13 14:39:49.830262
2025-08-13,13764,2025081304012617,GHL,Garima Securities Limited,Sani Securities Company Ltd.,30,242.4,7272.0,2025-08-13 14:39:49.830551
2025-08-13,13763,2025081304012618,GHL,Primo Securities (PVT) Ltd.,Sani Securities Company Ltd.,222,242.4,53812.8,2025-08-13 14:39:49.830648
2025-08-13,13762,2025081304012619,GHL,Agrawal Securities (PVT) Ltd.,Sani Securities Company Ltd.,298,242.3,72205.4,2025-08-13 14:39:49.830749
2025-08-13,13684,2025081304012629,GHL,Trishakti Securities Public Limited,Naasa Securities Co. Ltd.,300,242.5,72750.0,2025-08-13 14:40:02.031448
2025-08-13,13391,2025081304012700,GHL,Agrawal Securities (PVT) Ltd.,Aryatara Investment & Securities,10,242.3,2423.0,2025-08-13 14:40:34.538280
2025-08-13,13201,2025081304012749,GHL,Agrawal Securities (PVT) Ltd.,Sundhara Securities Limited,100,242.3,24230.0,2025-08-13 14:41:05.570689
2025-08-13,13131,2025081304012759,GHL,Agrawal Securities (PVT) Ltd.,Vision Securities Pvt. Ltd,10,242.3,2423.0,2025-08-13 14:41:13.861008
2025-08-13,13124,2025081304012762,GHL,Agrawal Securities (PVT) Ltd.,Linch Stock Market Ltd.,60,242.3,14538.0,2025-08-13 14:41:15.296654
2025-08-13,12598,2025081304012873,GHL,Agrawal Securities (PVT) Ltd.,Naasa Securities Co. Ltd.,353,242.3,85531.9,2025-08-13 14:42:23.443934
2025-08-13,12504,2025081304012893,GHL,Agrawal Securities (PVT) Ltd.,Naasa Securities Co. Ltd.,1169,242.3,283248.7,2025-08-13 14:42:34.678791
2025-08-13,12503,2025081304012894,GHL,Ashutosh Brokerage & Securities (PVT) Ltd.,Naasa Securities Co. Ltd.,599,242.2,145077.8,2025-08-13 14:42:34.679021
2025-08-13,12502,2025081304012895,GHL,Asian Securities Private Ltd.,Naasa Securities Co. Ltd.,32,242.1,7747.2,2025-08-13 14:42:34.679120
2025-08-13,11758,2025081304013127,GHL,Agrawal Securities (PVT) Ltd.,Kohinoor Investment & Securities Pvt. Ltd.,1000,242.3,242300.0,2025-08-13 14:43:53.172076
2025-08-13,10447,2025081304013535,GHL,Midas Stock Broking Company Private Limited,S.P.S.A. Securities Limited,60,242.3,14538.0,2025-08-13 14:45:46.621999
2025-08-13,10199,2025081304013617,GHL,Midas Stock Broking Company Private Limited,Sani Securities Company Ltd.,90,242.3,21807.0,2025-08-13 14:46:08.253733
2025-08-13,10198,2025081304013618,GHL,Nepal Stock House (PVT) Ltd.,Sani Securities Company Ltd.,50,242.2,12110.0,2025-08-13 14:46:08.254185
2025-08-13,10197,2025081304013619,GHL,Asian Securities Private Ltd.,Sani Securities Company Ltd.,125,242.1,30262.5,2025-08-13 14:46:08.254492
2025-08-13,10018,2025081304013666,GHL,Asian Securities Private Ltd.,Imperial Securities Company Pvt. Ltd.,350,242.1,84735.0,2025-08-13 14:46:25.895343
2025-08-13,9383,2025081304013886,GHL,Dakshinkali Investment & Securities Pvt. Ltd.,Nepal Investment And Securities Trading Private Limited,300,242.2,72660.0,2025-08-13 14:47:36.591452
2025-08-13,9382,2025081304013887,GHL,Asian Securities Private Ltd.,Nepal Investment And Securities Trading Private Limited,308,242.1,74566.8,2025-08-13 14:47:36.591912
2025-08-13,9381,2025081304013888,GHL,Sumeru Securities Pvt. Ltd.,Nepal Investment And Securities Trading Private Limited,100,242.1,24210.0,2025-08-13 14:47:36.592185
2025-08-13,9380,2025081304013889,GHL,Dynamic Money Managers Securities Pvt. Ltd.,Nepal Investment And Securities Trading Private Limited,192,242.1,46483.2,2025-08-13 14:47:36.592489
2025-08-13,8870,2025081304014009,GHL,Dynamic Money Managers Securities Pvt. Ltd.,Asian Securities Private Ltd.,308,242.1,74566.8,2025-08-13 14:48:35.820103
2025-08-13,8869,2025081304014010,GHL,Vision Securities Pvt. Ltd,Asian Securities Private Ltd.,362,242.1,87640.2,2025-08-13 14:48:35.820369
2025-08-13,8360,2025081304014084,GHL,Investment Management Nepal Pvt. Ltd.,Linch Stock Market Ltd.,40,242.2,9688.0,2025-08-13 14:49:04.911188
2025-08-13,7750,2025081304014233,GHL,Trishakti Securities Public Limited,Siprabi Securities Pvt. Ltd.,150,242.5,36375.0,2025-08-13 14:50:14.132670
2025-08-13,7749,2025081304014234,GHL,Trishakti Securities Public Limited,Naasa Securities Co. Ltd.,100,242.8,24280.0,2025-08-13 14:50:14.132699
2025-08-13,7748,2025081304014235,GHL,Trishakti Securities Public Limited,Market Securities & Exchange (PVT) Ltd.,750,242.9,182175.0,2025-08-13 14:50:14.132726
2025-08-13,7695,2025081304014242,GHL,Online Securities Pvt. Ltd.,Sumeru Securities Pvt. Ltd.,190,242.3,46037.0,2025-08-13 14:50:20.190947
2025-08-13,7538,2025081304014292,GHL,Online Securities Pvt. Ltd.,Sumeru Securities Pvt. Ltd.,100,242.3,24230.0,2025-08-13 14:50:41.312874
2025-08-13,7036,2025081304014379,GHL,Malla & Malla Stock Broking Company Pvt. Limited,Premier Securities Company Ltd.,4,244.0,976.0,2025-08-13 14:51:28.260683
2025-08-13,6737,2025081304014464,GHL,Online Securities Pvt. Ltd.,Sri Hari Securities Pvt. Ltd.,500,242.5,121250.0,2025-08-13 14:51:58.579918
2025-08-13,5832,2025081304014663,GHL,Vision Securities Pvt. Ltd,Market Securities & Exchange (PVT) Ltd.,55,242.9,13359.5,2025-08-13 14:53:27.159948
2025-08-13,5548,2025081304014724,GHL,Vision Securities Pvt. Ltd,N.M.B. SECURITIES LIMITED,100,242.8,24280.0,2025-08-13 14:54:00.630551
2025-08-13,5547,2025081304014725,GHL,Vision Securities Pvt. Ltd,Market Securities & Exchange (PVT) Ltd.,195,242.9,47365.5,2025-08-13 14:54:00.630779
2025-08-13,5298,2025081304014787,GHL,Hatemalo Financial Services Private Limited,Aryatara Investment & Securities,100,243.0,24300.0,2025-08-13 14:54:22.955661
2025-08-13,4844,2025081304014873,GHL,Hatemalo Financial Services Private Limited,KALASH STOCK MARKET PVT. LTD.,900,243.0,218700.0,2025-08-13 14:55:05.735746
2025-08-13,4843,2025081304014874,GHL,Vision Securities Pvt. Ltd,KALASH STOCK MARKET PVT. LTD.,100,243.0,24300.0,2025-08-13 14:55:05.736008
2025-08-13,4477,2025081304014992,GHL,Vision Securities Pvt. Ltd,Nepal Investment And Securities Trading Private Limited,210,243.0,51030.0,2025-08-13 14:55:35.830596
2025-08-13,4327,2025081304015026,GHL,Online Securities Pvt. Ltd.,Nepal Investment And Securities Trading Private Limited,400,243.8,97520.0,2025-08-13 14:55:51.808023
2025-08-13,4095,2025081304015065,GHL,Vision Securities Pvt. Ltd,Kalika Securities Pvt. Ltd.,33,243.0,8019.0,2025-08-13 14:56:09.094538
2025-08-13,4094,2025081304015066,GHL,Aryatara Investment & Securities,Kalika Securities Pvt. Ltd.,67,243.0,16281.0,2025-08-13 14:56:09.094847
2025-08-13,3360,2025081304015242,GHL,Nepal Stock House (PVT) Ltd.,Naasa Securities Co. Ltd.,100,243.1,24310.0,2025-08-13 14:57:15.618305
2025-08-13,2591,2025081304015490,GHL,Nepal Stock House (PVT) Ltd.,Sumeru Securities Pvt. Ltd.,100,243.1,24310.0,2025-08-13 14:58:11.892206
2025-08-13,2129,2025081304015591,GHL,Nepal Investment And Securities Trading Private Limited,Online Securities Pvt. Ltd.,127,243.4,30911.8,2025-08-13 14:58:41.949161
2025-08-13,2127,2025081304015592,GHL,Secured Securities Ltd.,Online Securities Pvt. Ltd.,173,243.3,42090.9,2025-08-13 14:58:41.949472
2025-08-13,2067,2025081304015605,GHL,Secured Securities Ltd.,Malla & Malla Stock Broking Company Pvt. Limited,127,243.3,30899.1,2025-08-13 14:58:45.405769
2025-08-13,2066,2025081304015606,GHL,Nepal Stock House (PVT) Ltd.,Malla & Malla Stock Broking Company Pvt. Limited,300,243.1,72930.0,2025-08-13 14:58:45.406214
2025-08-13,2065,2025081304015607,GHL,Siprabi Securities Pvt. Ltd.,Malla & Malla Stock Broking Company Pvt. Limited,40,243.1,9724.0,2025-08-13 14:58:45.406527
2025-08-13,2064,2025081304015608,GHL,Aryatara Investment & Securities,Malla & Malla Stock Broking Company Pvt. Limited,433,243.0,105219.0,2025-08-13 14:58:45.406812
2025-08-13,2063,2025081304015609,GHL,Trishakti Securities Public Limited,Malla & Malla Stock Broking Company Pvt. Limited,100,243.0,24300.0,2025-08-13 14:58:45.407089
2025-08-13,1869,2025081304015662,GHL,Dipshikha Dhitopatra Karobar Co. Pvt Ltd.,Nabil Stock Dealer Ltd.,100,243.5,24350.0,2025-08-13 14:58:57.691460
2025-08-13,1771,2025081304015680,GHL,Sipla Securities Private Limited,Miyo Securities Pvt Ltd,56,243.2,13619.2,2025-08-13 14:59:03.453839
2025-08-13,1380,2025081304015809,GHL,Sipla Securities Private Limited,Agrawal Securities (PVT) Ltd.,244,243.2,59340.8,2025-08-13 14:59:19.856410
2025-08-13,1379,2025081304015810,GHL,Imperial Securities Company Pvt. Ltd.,Agrawal Securities (PVT) Ltd.,40,243.2,9728.0,2025-08-13 14:59:19.856620
2025-08-13,1378,2025081304015811,GHL,Trishakti Securities Public Limited,Agrawal Securities (PVT) Ltd.,316,243.0,76788.0,2025-08-13 14:59:19.856715
2025-08-13,1300,2025081304015823,GHL,Trishakti Securities Public Limited,Naasa Securities Co. Ltd.,84,243.0,20412.0,2025-08-13 14:59:22.744601
2025-08-13,1299,2025081304015824,GHL,Vision Securities Pvt. Ltd,Naasa Securities Co. Ltd.,16,243.0,3888.0,2025-08-13 14:59:22.744809
2025-08-13,639,2025081304015950,GHL,Cristal Kanchanjanga Securites Pvt. Ltd.,Sumeru Securities Pvt. Ltd.,200,243.5,48700.0,2025-08-13 14:59:42.664512
2025-08-13,638,2025081304015951,GHL,Trishakti Securities Public Limited,Sumeru Securities Pvt. Ltd.,200,243.2,48640.0,2025-08-13 14:59:42.664925
2025-08-13,637,2025081304015952,GHL,Thrive Brokerage House Pvt. Ltd,Sumeru Securities Pvt. Ltd.,100,243.2,24320.0,2025-08-13 14:59:42.665192
2025-08-13,157,2025081304016053,GHL,Dipshikha Dhitopatra Karobar Co. Pvt Ltd.,Nabil Stock Dealer Ltd.,100,243.5,24350.0,2025-08-13 14:59:57.373669
2025-08-13,156,2025081304016054,GHL,Primo Securities (PVT) Ltd.,Nabil Stock Dealer Ltd.,110,243.1,26741.0,2025-08-13 14:59:57.373731
2025-08-13,155,2025081304016055,GHL,Vision Securities Pvt. Ltd,Nabil Stock Dealer Ltd.,44,243.0,10692.0,2025-08-13 14:59:57.373757
2025-08-13,154,2025081304016056,GHL,Siprabi Securities Pvt. Ltd.,Nabil Stock Dealer Ltd.,50,243.0,12150.0,2025-08-13 14:59:57.373783
2025-08-13,153,2025081304016057,GHL,Online Securities Pvt. Ltd.,Nabil Stock Dealer Ltd.,500,242.5,121250.0,2025-08-13 14:59:57.373814
2025-08-13,152,2025081304016058,GHL,Online Securities Pvt. Ltd.,Nabil Stock Dealer Ltd.,2000,242.5,485000.0,2025-08-13 14:59:57.373839
2025-08-13,151,2025081304016059,GHL,Sewa Securities Pvt. Ltd.,Nabil Stock Dealer Ltd.,96,242.5,23280.0,2025-08-13 14:59:57.373863
