Date,S.N.,Contract ID,Symbol,Buyer Broker,Seller Broker,quantity,rate,amount,transaction_time
2025-08-13,69674,2025081301000207,KBL,Kohinoor Investment & Securities Pvt. Ltd.,Cristal Kanchanjanga Securites Pvt. Ltd.,1000,208.4,208400.0,2025-08-13 11:01:59.400520
2025-08-13,69608,2025081301000228,KBL,Market Securities & Exchange (PVT) Ltd.,Agrawal Securities (PVT) Ltd.,300,210.0,63000.0,2025-08-13 11:02:25.936739
2025-08-13,69446,2025081301000314,KBL,Premier Securities Company Ltd.,Agrawal Securities (PVT) Ltd.,100,210.0,21000.0,2025-08-13 11:03:26.939402
2025-08-13,69120,2025081301000417,KBL,Agrawal Securities (PVT) Ltd.,Trishakti Securities Public Limited,50,208.4,10420.0,2025-08-13 11:05:46.675749
2025-08-13,69013,2025081301000450,KBL,Trisul Securities & Invt. Ltd.,Sweta Securities Private Limited,2500,208.6,521500.0,2025-08-13 11:06:19.541206
2025-08-13,69012,2025081301000451,KBL,Agrawal Securities (PVT) Ltd.,Sweta Securities Private Limited,50,208.4,10420.0,2025-08-13 11:06:19.541263
2025-08-13,69011,2025081301000452,KBL,Nepal Investment And Securities Trading Private Limited,Sweta Securities Private Limited,500,208.4,104200.0,2025-08-13 11:06:19.541290
2025-08-13,69010,2025081301000453,KBL,Property Wiard Limited,Sweta Securities Private Limited,100,208.3,20830.0,2025-08-13 11:06:19.541315
2025-08-13,69009,2025081301000454,KBL,Opal Securities Investment (PVT) Ltd.,Sweta Securities Private Limited,80,208.3,16664.0,2025-08-13 11:06:19.541340
2025-08-13,69008,2025081301000455,KBL,Sweta Securities Private Limited,Sweta Securities Private Limited,500,208.3,104150.0,2025-08-13 11:06:19.541393
2025-08-13,69007,2025081301000456,KBL,Property Wiard Limited,Sweta Securities Private Limited,100,208.2,20820.0,2025-08-13 11:06:19.541416
2025-08-13,69006,2025081301000457,KBL,Property Wiard Limited,Sweta Securities Private Limited,100,208.1,20810.0,2025-08-13 11:06:19.541452
2025-08-13,69005,2025081301000458,KBL,Property Wiard Limited,Sweta Securities Private Limited,100,208.0,20800.0,2025-08-13 11:06:19.541474
2025-08-13,69004,2025081301000459,KBL,Trisul Securities & Invt. Ltd.,Sweta Securities Private Limited,1470,208.0,305760.0,2025-08-13 11:06:19.541496
2025-08-13,68826,2025081301000510,KBL,Agrawal Securities (PVT) Ltd.,Sri Hari Securities Pvt. Ltd.,74,209.0,15466.0,2025-08-13 11:07:34.282588
2025-08-13,68798,2025081301000520,KBL,Trisul Securities & Invt. Ltd.,Agrawal Securities (PVT) Ltd.,530,208.0,110240.0,2025-08-13 11:07:45.385718
2025-08-13,68797,2025081301000521,KBL,K.B.L. Securities Limited ,Agrawal Securities (PVT) Ltd.,70,208.0,14560.0,2025-08-13 11:07:45.385923
2025-08-13,68751,2025081301000534,KBL,K.B.L. Securities Limited ,Agrawal Securities (PVT) Ltd.,230,208.0,47840.0,2025-08-13 11:07:59.620132
2025-08-13,68750,2025081301000535,KBL,Trishakti Securities Public Limited,Agrawal Securities (PVT) Ltd.,200,208.0,41600.0,2025-08-13 11:07:59.620267
2025-08-13,68749,2025081301000536,KBL,Premier Securities Company Ltd.,Agrawal Securities (PVT) Ltd.,200,208.0,41600.0,2025-08-13 11:07:59.620325
2025-08-13,68748,2025081301000537,KBL,K.B.L. Securities Limited ,Agrawal Securities (PVT) Ltd.,100,208.0,20800.0,2025-08-13 11:07:59.620371
2025-08-13,68747,2025081301000538,KBL,Thrive Brokerage House Pvt. Ltd,Agrawal Securities (PVT) Ltd.,50,208.0,10400.0,2025-08-13 11:07:59.620415
2025-08-13,68624,2025081301000580,KBL,Online Securities Pvt. Ltd.,Cristal Kanchanjanga Securites Pvt. Ltd.,961,208.0,199888.0,2025-08-13 11:08:34.607173
2025-08-13,68528,2025081301000622,KBL,Vision Securities Pvt. Ltd,Kumari Securities Private Limited,80,208.0,16640.0,2025-08-13 11:08:55.302688
2025-08-13,68500,2025081301000637,KBL,Linch Stock Market Ltd.,Kumari Securities Private Limited,20,208.0,4160.0,2025-08-13 11:09:02.909821
2025-08-13,68419,2025081301000668,KBL,Linch Stock Market Ltd.,Linch Stock Market Ltd.,10,208.0,2080.0,2025-08-13 11:09:34.039683
2025-08-13,68386,2025081301000686,KBL,Property Wiard Limited,Linch Stock Market Ltd.,100,208.0,20800.0,2025-08-13 11:09:40.523865
2025-08-13,68315,2025081301000698,KBL,Citizens Share Broker Limited,Linch Stock Market Ltd.,57,208.0,11856.0,2025-08-13 11:10:06.020740
2025-08-13,68081,2025081301000775,KBL,Online Securities Pvt. Ltd.,Sani Securities Company Ltd.,200,208.1,41620.0,2025-08-13 11:11:18.917111
2025-08-13,68080,2025081301000776,KBL,Citizens Share Broker Limited,Sani Securities Company Ltd.,600,208.0,124800.0,2025-08-13 11:11:18.917424
2025-08-13,67989,2025081301000809,KBL,Kohinoor Investment & Securities Pvt. Ltd.,Asian Securities Private Ltd.,11,209.0,2299.0,2025-08-13 11:11:43.751862
2025-08-13,67745,2025081301000903,KBL,Cristal Kanchanjanga Securites Pvt. Ltd.,Asian Securities Private Ltd.,100,209.0,20900.0,2025-08-13 11:12:44.046587
2025-08-13,67370,2025081301000960,KBL,Cristal Kanchanjanga Securites Pvt. Ltd.,Asian Securities Private Ltd.,100,209.0,20900.0,2025-08-13 11:14:30.544276
2025-08-13,67347,2025081301000963,KBL,Sundhara Securities Limited,Asian Securities Private Ltd.,250,209.0,52250.0,2025-08-13 11:14:34.109153
2025-08-13,66927,2025081301001086,KBL,Vision Securities Pvt. Ltd,Asian Securities Private Ltd.,50,209.0,10450.0,2025-08-13 11:16:41.563600
2025-08-13,66750,2025081301001145,KBL,Dipshikha Dhitopatra Karobar Co. Pvt Ltd.,Asian Securities Private Ltd.,500,209.0,104500.0,2025-08-13 11:17:18.754204
2025-08-13,66630,2025081301001182,KBL,Kohinoor Investment & Securities Pvt. Ltd.,Asian Securities Private Ltd.,13,209.0,2717.0,2025-08-13 11:17:56.666699
2025-08-13,66530,2025081301001209,KBL,Aryatara Investment & Securities,Asian Securities Private Ltd.,100,209.0,20900.0,2025-08-13 11:18:28.324090
2025-08-13,66143,2025081301001330,KBL,Kohinoor Investment & Securities Pvt. Ltd.,Asian Securities Private Ltd.,500,209.0,104500.0,2025-08-13 11:20:00.273350
2025-08-13,66126,2025081301001338,KBL,Dakshinkali Investment & Securities Pvt. Ltd.,Asian Securities Private Ltd.,100,209.0,20900.0,2025-08-13 11:20:05.683673
2025-08-13,66073,2025081301001346,KBL,Vision Securities Pvt. Ltd,Asian Securities Private Ltd.,500,209.0,104500.0,2025-08-13 11:20:16.994347
2025-08-13,66010,2025081301001363,KBL,Vision Securities Pvt. Ltd,Aryatara Investment & Securities,100,208.9,20890.0,2025-08-13 11:20:35.126928
2025-08-13,66009,2025081301001364,KBL,Vision Securities Pvt. Ltd,Asian Securities Private Ltd.,20,209.0,4180.0,2025-08-13 11:20:35.127300
2025-08-13,65721,2025081301001422,KBL,Naasa Securities Co. Ltd.,Sri Hari Securities Pvt. Ltd.,300,208.6,62580.0,2025-08-13 11:21:31.407750
2025-08-13,65720,2025081301001423,KBL,Dynamic Money Managers Securities Pvt. Ltd.,Sri Hari Securities Pvt. Ltd.,250,208.6,52150.0,2025-08-13 11:21:31.407940
2025-08-13,65719,2025081301001424,KBL,Imperial Securities Company Pvt. Ltd.,Sri Hari Securities Pvt. Ltd.,100,208.5,20850.0,2025-08-13 11:21:31.408034
2025-08-13,65718,2025081301001425,KBL,Vision Securities Pvt. Ltd,Sri Hari Securities Pvt. Ltd.,1850,208.5,385725.0,2025-08-13 11:21:31.408118
2025-08-13,65357,2025081301001521,KBL,Vision Securities Pvt. Ltd,Linch Stock Market Ltd.,540,208.5,112590.0,2025-08-13 11:22:39.959988
2025-08-13,65356,2025081301001522,KBL,Online Securities Pvt. Ltd.,Linch Stock Market Ltd.,20,208.5,4170.0,2025-08-13 11:22:39.960425
2025-08-13,65194,2025081301001570,KBL,Sani Securities Company Ltd.,Asian Securities Private Ltd.,1442,209.0,301378.0,2025-08-13 11:23:11.246518
2025-08-13,65145,2025081301001577,KBL,Sri Hari Securities Pvt. Ltd.,Asian Securities Private Ltd.,25,209.0,5225.0,2025-08-13 11:23:21.922478
2025-08-13,64989,2025081301001621,KBL,Online Securities Pvt. Ltd.,Imperial Securities Company Pvt. Ltd.,80,208.5,16680.0,2025-08-13 11:23:57.382102
2025-08-13,64988,2025081301001622,KBL,Sundhara Securities Limited,Imperial Securities Company Pvt. Ltd.,18,208.2,3747.6,2025-08-13 11:23:57.382290
2025-08-13,64987,2025081301001623,KBL,Online Securities Pvt. Ltd.,Imperial Securities Company Pvt. Ltd.,50,208.1,10405.0,2025-08-13 11:23:57.382377
2025-08-13,64986,2025081301001624,KBL,Cristal Kanchanjanga Securites Pvt. Ltd.,Imperial Securities Company Pvt. Ltd.,100,208.1,20810.0,2025-08-13 11:23:57.382463
2025-08-13,64985,2025081301001625,KBL,Vision Securities Pvt. Ltd,Imperial Securities Company Pvt. Ltd.,50,208.1,10405.0,2025-08-13 11:23:57.382547
2025-08-13,64984,2025081301001626,KBL,Imperial Securities Company Pvt. Ltd.,Imperial Securities Company Pvt. Ltd.,50,208.1,10405.0,2025-08-13 11:23:57.382628
2025-08-13,64983,2025081301001627,KBL,Sani Securities Company Ltd.,Imperial Securities Company Pvt. Ltd.,400,208.1,83240.0,2025-08-13 11:23:57.382710
2025-08-13,64982,2025081301001628,KBL,Citizens Share Broker Limited,Imperial Securities Company Pvt. Ltd.,1352,208.0,281216.0,2025-08-13 11:23:57.382791
2025-08-13,64981,2025081301001629,KBL,Sri Hari Securities Pvt. Ltd.,Imperial Securities Company Pvt. Ltd.,200,208.0,41600.0,2025-08-13 11:23:57.382873
2025-08-13,64980,2025081301001630,KBL,Sumeru Securities Pvt. Ltd.,Imperial Securities Company Pvt. Ltd.,157,208.0,32656.0,2025-08-13 11:23:57.382958
2025-08-13,64549,2025081301001757,KBL,Machhapuchchhre Securities Limited,Asian Securities Private Ltd.,10,209.0,2090.0,2025-08-13 11:25:51.708135
2025-08-13,64495,2025081301001766,KBL,Naasa Securities Co. Ltd.,Sani Securities Company Ltd.,10,208.2,2082.0,2025-08-13 11:26:06.442182
2025-08-13,64494,2025081301001767,KBL,Siprabi Securities Pvt. Ltd.,Sani Securities Company Ltd.,20,208.1,4162.0,2025-08-13 11:26:06.442371
2025-08-13,64479,2025081301001769,KBL,Siprabi Securities Pvt. Ltd.,Miyo Securities Pvt Ltd,80,208.1,16648.0,2025-08-13 11:26:10.480317
2025-08-13,64478,2025081301001770,KBL,Online Securities Pvt. Ltd.,Miyo Securities Pvt Ltd,25,208.1,5202.5,2025-08-13 11:26:10.480528
2025-08-13,64477,2025081301001771,KBL,Sumeru Securities Pvt. Ltd.,Miyo Securities Pvt Ltd,143,208.0,29744.0,2025-08-13 11:26:10.480625
2025-08-13,64476,2025081301001772,KBL,ABC Securities Private Limited,Miyo Securities Pvt Ltd,119,208.0,24752.0,2025-08-13 11:26:10.480714
2025-08-13,64475,2025081301001773,KBL,Property Wiard Limited,Miyo Securities Pvt Ltd,100,208.0,20800.0,2025-08-13 11:26:10.480801
2025-08-13,64474,2025081301001774,KBL,Nepal Investment And Securities Trading Private Limited,Miyo Securities Pvt Ltd,100,208.0,20800.0,2025-08-13 11:26:10.480917
2025-08-13,64473,2025081301001775,KBL,Hatemalo Financial Services Private Limited,Miyo Securities Pvt Ltd,300,208.0,62400.0,2025-08-13 11:26:10.481020
2025-08-13,64472,2025081301001776,KBL,Naasa Securities Co. Ltd.,Miyo Securities Pvt Ltd,993,208.0,206544.0,2025-08-13 11:26:10.481116
2025-08-13,64471,2025081301001777,KBL,Kalika Securities Pvt. Ltd.,Miyo Securities Pvt Ltd,80,208.0,16640.0,2025-08-13 11:26:10.481201
2025-08-13,64470,2025081301001778,KBL,Opal Securities Investment (PVT) Ltd.,Miyo Securities Pvt Ltd,395,208.0,82160.0,2025-08-13 11:26:10.481285
2025-08-13,64257,2025081301001853,KBL,Machhapuchchhre Securities Limited,Asian Securities Private Ltd.,10,209.0,2090.0,2025-08-13 11:27:04.910458
2025-08-13,63585,2025081301002046,KBL,Vision Securities Pvt. Ltd,Sundhara Securities Limited,50,208.5,10425.0,2025-08-13 11:29:50.318933
2025-08-13,63395,2025081301002117,KBL,Opal Securities Investment (PVT) Ltd.,Imperial Securities Company Pvt. Ltd.,40,208.0,8320.0,2025-08-13 11:30:28.586700
2025-08-13,63226,2025081301002162,KBL,Kohinoor Investment & Securities Pvt. Ltd.,Sundhara Securities Limited,11,208.5,2293.5,2025-08-13 11:30:47.945307
2025-08-13,62793,2025081301002216,KBL,Aryatara Investment & Securities,Capital Max Securities Ltd,100,208.1,20810.0,2025-08-13 11:32:18.645908
2025-08-13,62792,2025081301002217,KBL,Opal Securities Investment (PVT) Ltd.,Capital Max Securities Ltd,65,208.0,13520.0,2025-08-13 11:32:18.646401
2025-08-13,62791,2025081301002218,KBL,Sundhara Securities Limited,Capital Max Securities Ltd,10,208.0,2080.0,2025-08-13 11:32:18.646720
2025-08-13,62790,2025081301002219,KBL,Vision Securities Pvt. Ltd,Capital Max Securities Ltd,15,208.0,3120.0,2025-08-13 11:32:18.647035
2025-08-13,62789,2025081301002220,KBL,Online Securities Pvt. Ltd.,Capital Max Securities Ltd,50,208.0,10400.0,2025-08-13 11:32:18.647313
2025-08-13,62765,2025081301002225,KBL,Creative Securities Pvt Ltd,Capital Max Securities Ltd,500,208.0,104000.0,2025-08-13 11:32:23.065601
2025-08-13,62499,2025081301002284,KBL,Midas Stock Broking Company Private Limited,Capital Max Securities Ltd,100,208.0,20800.0,2025-08-13 11:33:11.480580
2025-08-13,62303,2025081301002329,KBL,Property Wiard Limited,Sani Securities Company Ltd.,100,207.9,20790.0,2025-08-13 11:33:47.393716
2025-08-13,62302,2025081301002330,KBL,Property Wiard Limited,Sani Securities Company Ltd.,100,207.9,20790.0,2025-08-13 11:33:47.393989
2025-08-13,62201,2025081301002354,KBL,Property Wiard Limited,Opal Securities Investment (PVT) Ltd.,100,207.8,20780.0,2025-08-13 11:34:12.966396
2025-08-13,62200,2025081301002355,KBL,Property Wiard Limited,Opal Securities Investment (PVT) Ltd.,100,207.8,20780.0,2025-08-13 11:34:12.966509
2025-08-13,62199,2025081301002356,KBL,Property Wiard Limited,Opal Securities Investment (PVT) Ltd.,100,207.7,20770.0,2025-08-13 11:34:12.966588
2025-08-13,62198,2025081301002357,KBL,Property Wiard Limited,Opal Securities Investment (PVT) Ltd.,100,207.7,20770.0,2025-08-13 11:34:12.966660
2025-08-13,62197,2025081301002358,KBL,Property Wiard Limited,Opal Securities Investment (PVT) Ltd.,100,207.6,20760.0,2025-08-13 11:34:12.966732
2025-08-13,61992,2025081301002407,KBL,Property Wiard Limited,Imperial Securities Company Pvt. Ltd.,100,207.6,20760.0,2025-08-13 11:35:04.997249
2025-08-13,61991,2025081301002408,KBL,Property Wiard Limited,Imperial Securities Company Pvt. Ltd.,100,207.5,20750.0,2025-08-13 11:35:04.997517
2025-08-13,61990,2025081301002409,KBL,Indira securities pvt. ltd,Imperial Securities Company Pvt. Ltd.,200,207.5,41500.0,2025-08-13 11:35:04.997628
2025-08-13,61805,2025081301002474,KBL,Sweta Securities Private Limited,Sundhara Securities Limited,200,207.6,41520.0,2025-08-13 11:35:48.326620
2025-08-13,61804,2025081301002475,KBL,Indira securities pvt. ltd,Sundhara Securities Limited,739,207.5,153342.5,2025-08-13 11:35:48.326860
2025-08-13,61672,2025081301002529,KBL,Online Securities Pvt. Ltd.,Sani Securities Company Ltd.,25,207.6,5190.0,2025-08-13 11:36:21.376741
2025-08-13,61671,2025081301002530,KBL,Indira securities pvt. ltd,Sani Securities Company Ltd.,61,207.5,12657.5,2025-08-13 11:36:21.377301
2025-08-13,61670,2025081301002531,KBL,Agrawal Securities (PVT) Ltd.,Sani Securities Company Ltd.,300,207.5,62250.0,2025-08-13 11:36:21.377928
2025-08-13,61669,2025081301002532,KBL,Property Wiard Limited,Sani Securities Company Ltd.,100,207.5,20750.0,2025-08-13 11:36:21.378454
2025-08-13,61544,2025081301002577,KBL,Trishakti Securities Public Limited,Sani Securities Company Ltd.,55,207.5,11412.5,2025-08-13 11:36:51.282095
2025-08-13,61439,2025081301002593,KBL,Property Wiard Limited,Primo Securities (PVT) Ltd.,100,207.4,20740.0,2025-08-13 11:37:13.763037
2025-08-13,61438,2025081301002594,KBL,Property Wiard Limited,Primo Securities (PVT) Ltd.,100,207.3,20730.0,2025-08-13 11:37:13.763281
2025-08-13,61437,2025081301002595,KBL,Property Wiard Limited,Primo Securities (PVT) Ltd.,100,207.2,20720.0,2025-08-13 11:37:13.763387
2025-08-13,61436,2025081301002596,KBL,Property Wiard Limited,Primo Securities (PVT) Ltd.,100,207.2,20720.0,2025-08-13 11:37:13.763488
2025-08-13,61435,2025081301002597,KBL,Property Wiard Limited,Primo Securities (PVT) Ltd.,100,207.1,20710.0,2025-08-13 11:37:13.763589
2025-08-13,61434,2025081301002598,KBL,Nagarik Stock Dealer ,Primo Securities (PVT) Ltd.,709,207.1,146833.9,2025-08-13 11:37:13.763684
2025-08-13,61433,2025081301002599,KBL,Kalika Securities Pvt. Ltd.,Sani Securities Company Ltd.,150,207.5,31125.0,2025-08-13 11:37:14.116120
2025-08-13,61279,2025081301002635,KBL,Opal Securities Investment (PVT) Ltd.,Imperial Securities Company Pvt. Ltd.,20,207.3,4146.0,2025-08-13 11:37:57.478433
2025-08-13,61278,2025081301002636,KBL,Nagarik Stock Dealer ,Imperial Securities Company Pvt. Ltd.,80,207.1,16568.0,2025-08-13 11:37:57.478884
2025-08-13,61210,2025081301002647,KBL,Nagarik Stock Dealer ,Imperial Securities Company Pvt. Ltd.,100,207.1,20710.0,2025-08-13 11:38:13.690337
2025-08-13,60984,2025081301002695,KBL,Kohinoor Investment & Securities Pvt. Ltd.,Capital Max Securities Ltd,11,208.0,2288.0,2025-08-13 11:39:07.240640
2025-08-13,60800,2025081301002751,KBL,Premier Securities Company Ltd.,Capital Max Securities Ltd,400,208.0,83200.0,2025-08-13 11:39:47.861888
2025-08-13,60773,2025081301002754,KBL,Hatemalo Financial Services Private Limited,Linch Stock Market Ltd.,400,207.5,83000.0,2025-08-13 11:39:52.707220
2025-08-13,60573,2025081301002791,KBL,Arun Securities (PVT) Ltd.,Capital Max Securities Ltd,160,208.0,33280.0,2025-08-13 11:40:42.705699
2025-08-13,60523,2025081301002805,KBL,Hatemalo Financial Services Private Limited,Infinity Securities Limited,1600,207.5,332000.0,2025-08-13 11:40:56.508388
2025-08-13,60522,2025081301002806,KBL,Online Securities Pvt. Ltd.,Infinity Securities Limited,25,207.2,5180.0,2025-08-13 11:40:56.508861
2025-08-13,60521,2025081301002807,KBL,Nagarik Stock Dealer ,Infinity Securities Limited,375,207.1,77662.5,2025-08-13 11:40:56.509207
2025-08-13,60228,2025081301002870,KBL,Aryatara Investment & Securities,Investment Management Nepal Pvt. Ltd.,435,207.5,90262.5,2025-08-13 11:42:04.315431
2025-08-13,60227,2025081301002871,KBL,Aryatara Investment & Securities,Capital Max Securities Ltd,65,208.0,13520.0,2025-08-13 11:42:04.315706
2025-08-13,60152,2025081301002883,KBL,Naasa Securities Co. Ltd.,Capital Max Securities Ltd,24,208.0,4992.0,2025-08-13 11:42:21.083064
2025-08-13,60151,2025081301002884,KBL,Naasa Securities Co. Ltd.,Capital Max Securities Ltd,26,208.0,5408.0,2025-08-13 11:42:21.083323
2025-08-13,59278,2025081301003061,KBL,Sani Securities Company Ltd.,Capital Max Securities Ltd,74,208.0,15392.0,2025-08-13 11:45:21.498487
2025-08-13,59277,2025081301003062,KBL,Sani Securities Company Ltd.,Aryatara Investment & Securities,56,208.0,11648.0,2025-08-13 11:45:21.498722
2025-08-13,58970,2025081301003121,KBL,Opal Securities Investment (PVT) Ltd.,Aryatara Investment & Securities,50,208.0,10400.0,2025-08-13 11:46:38.548365
2025-08-13,58560,2025081301003245,KBL,Vision Securities Pvt. Ltd,Aryatara Investment & Securities,94,208.0,19552.0,2025-08-13 11:48:13.564500
2025-08-13,58559,2025081301003246,KBL,Vision Securities Pvt. Ltd,Cristal Kanchanjanga Securites Pvt. Ltd.,200,208.0,41600.0,2025-08-13 11:48:13.565055
2025-08-13,58558,2025081301003247,KBL,Vision Securities Pvt. Ltd,Aryatara Investment & Securities,206,208.0,42848.0,2025-08-13 11:48:13.565434
2025-08-13,58526,2025081301003256,KBL,Kohinoor Investment & Securities Pvt. Ltd.,Aryatara Investment & Securities,11,208.0,2288.0,2025-08-13 11:48:24.600247
2025-08-13,58485,2025081301003268,KBL,Citizens Share Broker Limited,Aryatara Investment & Securities,83,208.0,17264.0,2025-08-13 11:48:44.289172
2025-08-13,58484,2025081301003269,KBL,Citizens Share Broker Limited,Roadshow securities limited,200,208.0,41600.0,2025-08-13 11:48:44.289715
2025-08-13,58238,2025081301003308,KBL,Citizens Share Broker Limited,Naasa Securities Co. Ltd.,10,208.0,2080.0,2025-08-13 11:49:56.106740
2025-08-13,58184,2025081301003322,KBL,Machhapuchchhre Securities Limited,Sundhara Securities Limited,10,208.4,2084.0,2025-08-13 11:50:07.819201
2025-08-13,58183,2025081301003323,KBL,Naasa Securities Co. Ltd.,Sundhara Securities Limited,19,208.4,3959.6,2025-08-13 11:50:08.142373
2025-08-13,57948,2025081301003358,KBL,Shree Krishna Securities Ltd.,Sundhara Securities Limited,871,208.4,181516.4,2025-08-13 11:51:03.764252
2025-08-13,57947,2025081301003359,KBL,Shree Krishna Securities Ltd.,Sumeru Securities Pvt. Ltd.,250,208.5,52125.0,2025-08-13 11:51:03.764868
2025-08-13,57946,2025081301003360,KBL,Shree Krishna Securities Ltd.,Trishakti Securities Public Limited,37,208.5,7714.5,2025-08-13 11:51:03.765490
2025-08-13,57783,2025081301003409,KBL,Imperial Securities Company Pvt. Ltd.,Sundhara Securities Limited,1,204.9,204.9,2025-08-13 11:51:31.777084
2025-08-13,57563,2025081301003472,KBL,ABC Securities Private Limited,Trishakti Securities Public Limited,250,208.5,52125.0,2025-08-13 11:52:43.370740
2025-08-13,57515,2025081301003484,KBL,Kumari Securities Private Limited,Trishakti Securities Public Limited,500,208.5,104250.0,2025-08-13 11:52:54.815648
2025-08-13,56615,2025081301003652,KBL,Nepal Investment And Securities Trading Private Limited,Sani Securities Company Ltd.,181,208.4,37720.4,2025-08-13 11:56:34.660303
2025-08-13,56339,2025081301003720,KBL,Agrawal Securities (PVT) Ltd.,Trishakti Securities Public Limited,100,208.5,20850.0,2025-08-13 11:57:46.637847
2025-08-13,56335,2025081301003721,KBL,Naasa Securities Co. Ltd.,Trishakti Securities Public Limited,113,208.5,23560.5,2025-08-13 11:57:47.312998
2025-08-13,56334,2025081301003722,KBL,Naasa Securities Co. Ltd.,Creative Securities Pvt Ltd,87,208.5,18139.5,2025-08-13 11:57:47.313756
2025-08-13,56205,2025081301003749,KBL,Naasa Securities Co. Ltd.,Creative Securities Pvt Ltd,13,208.5,2710.5,2025-08-13 11:58:14.564558
2025-08-13,56204,2025081301003750,KBL,Naasa Securities Co. Ltd.,Premier Securities Company Ltd.,87,208.5,18139.5,2025-08-13 11:58:14.564889
2025-08-13,56096,2025081301003771,KBL,Online Securities Pvt. Ltd.,Premier Securities Company Ltd.,69,208.5,14386.5,2025-08-13 11:58:45.700500
2025-08-13,55933,2025081301003806,KBL,Sani Securities Company Ltd.,Sani Securities Company Ltd.,20,208.7,4174.0,2025-08-13 11:59:23.722670
2025-08-13,55889,2025081301003812,KBL,Sani Securities Company Ltd.,Sani Securities Company Ltd.,100,208.7,20870.0,2025-08-13 11:59:30.785296
2025-08-13,55569,2025081301003889,KBL,Online Securities Pvt. Ltd.,Secured Securities Ltd.,95,208.5,19807.5,2025-08-13 12:00:33.726199
2025-08-13,55452,2025081301003930,KBL,Online Securities Pvt. Ltd.,Himalayan Securities Limited,23,208.5,4795.5,2025-08-13 12:01:11.410608
2025-08-13,55366,2025081301003943,KBL,Nepal Investment And Securities Trading Private Limited,Sani Securities Company Ltd.,319,208.7,66575.3,2025-08-13 12:01:32.070529
2025-08-13,55258,2025081301003961,KBL,Ashutosh Brokerage & Securities (PVT) Ltd.,Sani Securities Company Ltd.,315,208.7,65740.5,2025-08-13 12:02:04.700570
2025-08-13,55257,2025081301003962,KBL,Ashutosh Brokerage & Securities (PVT) Ltd.,Bhrikuti Stock Broking Co. Pvt. Ltd.,235,208.7,49044.5,2025-08-13 12:02:04.700854
2025-08-13,54993,2025081301004007,KBL,Indira securities pvt. ltd,Bhrikuti Stock Broking Co. Pvt. Ltd.,265,208.7,55305.5,2025-08-13 12:03:01.268337
2025-08-13,54992,2025081301004008,KBL,Indira securities pvt. ltd,Aryatara Investment & Securities,1200,208.7,250440.0,2025-08-13 12:03:01.268645
2025-08-13,54768,2025081301004051,KBL,Indira securities pvt. ltd,Deevyaa Securities & Stock House Pvt. Ltd,2000,208.9,417800.0,2025-08-13 12:03:50.409224
2025-08-13,54709,2025081301004068,KBL,Agrawal Securities (PVT) Ltd.,Asian Securities Private Ltd.,50,209.0,10450.0,2025-08-13 12:04:08.001459
2025-08-13,54682,2025081301004073,KBL,APPLE SECURITIES PRIVATE LIMITED,Asian Securities Private Ltd.,1219,209.0,254771.0,2025-08-13 12:04:13.515109
2025-08-13,54681,2025081301004074,KBL,APPLE SECURITIES PRIVATE LIMITED,Secured Securities Ltd.,100,209.0,20900.0,2025-08-13 12:04:13.515422
2025-08-13,54680,2025081301004075,KBL,APPLE SECURITIES PRIVATE LIMITED,Trishakti Securities Public Limited,681,209.0,142329.0,2025-08-13 12:04:13.515570
2025-08-13,54520,2025081301004107,KBL,Linch Stock Market Ltd.,Trishakti Securities Public Limited,319,209.0,66671.0,2025-08-13 12:04:49.578241
2025-08-13,54519,2025081301004108,KBL,Linch Stock Market Ltd.,Vision Securities Pvt. Ltd,300,209.0,62700.0,2025-08-13 12:04:49.578542
2025-08-13,54518,2025081301004109,KBL,Linch Stock Market Ltd.,Premier Securities Company Ltd.,200,209.0,41800.0,2025-08-13 12:04:49.578691
2025-08-13,54517,2025081301004110,KBL,Linch Stock Market Ltd.,Sumeru Securities Pvt. Ltd.,181,209.0,37829.0,2025-08-13 12:04:49.578839
2025-08-13,54496,2025081301004115,KBL,Indira securities pvt. ltd,Sumeru Securities Pvt. Ltd.,4819,209.0,1007171.0,2025-08-13 12:04:54.577971
2025-08-13,54495,2025081301004116,KBL,Indira securities pvt. ltd,Infinity Securities Limited,789,209.0,164901.0,2025-08-13 12:04:54.578277
2025-08-13,54494,2025081301004117,KBL,Indira securities pvt. ltd,Dakshinkali Investment & Securities Pvt. Ltd.,5330,209.0,1113970.0,2025-08-13 12:04:54.578430
2025-08-13,54493,2025081301004118,KBL,Indira securities pvt. ltd,Ashutosh Brokerage & Securities (PVT) Ltd.,530,209.0,110770.0,2025-08-13 12:04:54.578578
2025-08-13,54492,2025081301004119,KBL,Indira securities pvt. ltd,Cristal Kanchanjanga Securites Pvt. Ltd.,300,209.0,62700.0,2025-08-13 12:04:54.578723
2025-08-13,54417,2025081301004136,KBL,Machhapuchchhre Securities Limited,Trishakti Securities Public Limited,10,209.9,2099.0,2025-08-13 12:05:16.929611
2025-08-13,54331,2025081301004154,KBL,Sani Securities Company Ltd.,Trishakti Securities Public Limited,990,209.9,207801.0,2025-08-13 12:05:36.586455
2025-08-13,54330,2025081301004155,KBL,Sani Securities Company Ltd.,Cristal Kanchanjanga Securites Pvt. Ltd.,1510,210.0,317100.0,2025-08-13 12:05:36.586750
2025-08-13,54271,2025081301004168,KBL,Online Securities Pvt. Ltd.,Cristal Kanchanjanga Securites Pvt. Ltd.,100,210.0,21000.0,2025-08-13 12:05:54.051958
2025-08-13,54241,2025081301004174,KBL,Indira securities pvt. ltd,Cristal Kanchanjanga Securites Pvt. Ltd.,390,210.0,81900.0,2025-08-13 12:06:01.830453
2025-08-13,54240,2025081301004175,KBL,Indira securities pvt. ltd,Creative Securities Pvt Ltd,1272,210.0,267120.0,2025-08-13 12:06:01.831089
2025-08-13,54239,2025081301004176,KBL,Indira securities pvt. ltd,Bhrikuti Stock Broking Co. Pvt. Ltd.,33,210.0,6930.0,2025-08-13 12:06:01.831554
2025-08-13,54238,2025081301004177,KBL,Indira securities pvt. ltd,Midas Stock Broking Company Private Limited,500,210.0,105000.0,2025-08-13 12:06:01.832005
2025-08-13,54237,2025081301004178,KBL,Indira securities pvt. ltd,Dipshikha Dhitopatra Karobar Co. Pvt Ltd.,1512,210.0,317520.0,2025-08-13 12:06:01.832458
2025-08-13,54236,2025081301004179,KBL,Indira securities pvt. ltd,Naasa Securities Co. Ltd.,250,210.0,52500.0,2025-08-13 12:06:01.832904
2025-08-13,54235,2025081301004180,KBL,Indira securities pvt. ltd,Miyo Securities Pvt Ltd,70,210.0,14700.0,2025-08-13 12:06:01.833364
2025-08-13,54234,2025081301004181,KBL,Indira securities pvt. ltd,Kumari Securities Private Limited,200,210.0,42000.0,2025-08-13 12:06:01.833803
2025-08-13,54233,2025081301004182,KBL,Indira securities pvt. ltd,ABC Securities Private Limited,773,210.0,162330.0,2025-08-13 12:06:01.834254
2025-08-13,53840,2025081301004306,KBL,Sani Securities Company Ltd.,ABC Securities Private Limited,200,210.0,42000.0,2025-08-13 12:07:36.253904
2025-08-13,53749,2025081301004319,KBL,Asian Securities Private Ltd.,Dakshinkali Investment & Securities Pvt. Ltd.,500,209.0,104500.0,2025-08-13 12:07:54.097834
2025-08-13,53409,2025081301004391,KBL,Machhapuchchhre Securities Limited,ABC Securities Private Limited,10,210.0,2100.0,2025-08-13 12:09:18.487378
2025-08-13,53331,2025081301004408,KBL,Vision Securities Pvt. Ltd,ABC Securities Private Limited,10,210.0,2100.0,2025-08-13 12:09:41.266237
2025-08-13,53324,2025081301004411,KBL,Asian Securities Private Ltd.,Dynamic Money Managers Securities Pvt. Ltd.,500,209.0,104500.0,2025-08-13 12:09:44.231101
2025-08-13,53323,2025081301004412,KBL,Sani Securities Company Ltd.,Dynamic Money Managers Securities Pvt. Ltd.,20,209.0,4180.0,2025-08-13 12:09:44.231935
2025-08-13,53322,2025081301004413,KBL,Linch Stock Market Ltd.,Dynamic Money Managers Securities Pvt. Ltd.,350,209.0,73150.0,2025-08-13 12:09:44.232608
2025-08-13,53321,2025081301004414,KBL,Sweta Securities Private Limited,Dynamic Money Managers Securities Pvt. Ltd.,100,209.0,20900.0,2025-08-13 12:09:44.233259
2025-08-13,53320,2025081301004415,KBL,Naasa Securities Co. Ltd.,Dynamic Money Managers Securities Pvt. Ltd.,260,209.0,54340.0,2025-08-13 12:09:44.233874
2025-08-13,53319,2025081301004416,KBL,Secured Securities Ltd.,Dynamic Money Managers Securities Pvt. Ltd.,14770,208.9,3085453.0,2025-08-13 12:09:44.234532
2025-08-13,53175,2025081301004450,KBL,Kohinoor Investment & Securities Pvt. Ltd.,Creative Securities Pvt Ltd,11,210.0,2310.0,2025-08-13 12:10:21.884694
2025-08-13,53131,2025081301004460,KBL,Secured Securities Ltd.,Trisul Securities & Invt. Ltd.,48,208.9,10027.2,2025-08-13 12:10:38.991175
2025-08-13,53130,2025081301004461,KBL,Naasa Securities Co. Ltd.,Trisul Securities & Invt. Ltd.,10,208.9,2089.0,2025-08-13 12:10:38.991507
2025-08-13,53129,2025081301004462,KBL,SUN SECURITIES PVT LTD,Trisul Securities & Invt. Ltd.,100,208.9,20890.0,2025-08-13 12:10:38.991655
2025-08-13,53128,2025081301004463,KBL,Online Securities Pvt. Ltd.,Trisul Securities & Invt. Ltd.,10,208.8,2088.0,2025-08-13 12:10:38.991798
2025-08-13,53127,2025081301004464,KBL,Trisul Securities & Invt. Ltd.,Trisul Securities & Invt. Ltd.,219,208.7,45705.3,2025-08-13 12:10:38.991943
2025-08-13,52901,2025081301004538,KBL,Secured Securities Ltd.,Creative Securities Pvt Ltd,89,210.0,18690.0,2025-08-13 12:11:38.708001
2025-08-13,52900,2025081301004539,KBL,Secured Securities Ltd.,Kohinoor Investment & Securities Pvt. Ltd.,56,210.0,11760.0,2025-08-13 12:11:38.708631
2025-08-13,52885,2025081301004546,KBL,Trisul Securities & Invt. Ltd.,Aryatara Investment & Securities,100,208.7,20870.0,2025-08-13 12:11:42.569908
2025-08-13,52803,2025081301004565,KBL,Machhapuchchhre Securities Limited,Kohinoor Investment & Securities Pvt. Ltd.,10,210.0,2100.0,2025-08-13 12:12:06.869499
2025-08-13,52653,2025081301004593,KBL,Vision Securities Pvt. Ltd,Online Securities Pvt. Ltd.,225,209.9,47227.5,2025-08-13 12:12:45.015839
2025-08-13,52652,2025081301004594,KBL,Vision Securities Pvt. Ltd,Kohinoor Investment & Securities Pvt. Ltd.,534,210.0,112140.0,2025-08-13 12:12:45.016473
2025-08-13,52651,2025081301004595,KBL,Vision Securities Pvt. Ltd,Kohinoor Investment & Securities Pvt. Ltd.,200,210.0,42000.0,2025-08-13 12:12:45.016915
2025-08-13,52650,2025081301004596,KBL,Vision Securities Pvt. Ltd,Aryatara Investment & Securities,41,210.0,8610.0,2025-08-13 12:12:45.017366
2025-08-13,52335,2025081301004634,KBL,Naasa Securities Co. Ltd.,Aryatara Investment & Securities,50,210.0,10500.0,2025-08-13 12:13:50.228304
2025-08-13,52259,2025081301004655,KBL,Imperial Securities Company Pvt. Ltd.,Aryatara Investment & Securities,45,210.0,9450.0,2025-08-13 12:14:02.678365
2025-08-13,52183,2025081301004666,KBL,Secured Securities Ltd.,Aryatara Investment & Securities,364,210.0,76440.0,2025-08-13 12:14:24.985068
2025-08-13,52182,2025081301004667,KBL,Secured Securities Ltd.,Aryatara Investment & Securities,500,210.5,105250.0,2025-08-13 12:14:24.985371
2025-08-13,52148,2025081301004675,KBL,Secured Securities Ltd.,Sumeru Securities Pvt. Ltd.,136,210.5,28628.0,2025-08-13 12:14:36.865951
2025-08-13,52079,2025081301004692,KBL,Nepal Stock House (PVT) Ltd.,Linch Stock Market Ltd.,100,209.0,20900.0,2025-08-13 12:14:54.647054
2025-08-13,52056,2025081301004703,KBL,Online Securities Pvt. Ltd.,Opal Securities Investment (PVT) Ltd.,10,208.8,2088.0,2025-08-13 12:15:03.031955
2025-08-13,52055,2025081301004704,KBL,Aryatara Investment & Securities,Opal Securities Investment (PVT) Ltd.,50,208.8,10440.0,2025-08-13 12:15:03.032007
2025-08-13,52054,2025081301004705,KBL,Linch Stock Market Ltd.,Opal Securities Investment (PVT) Ltd.,10,208.8,2088.0,2025-08-13 12:15:03.032046
2025-08-13,52053,2025081301004706,KBL,Trisul Securities & Invt. Ltd.,Opal Securities Investment (PVT) Ltd.,134,208.7,27965.8,2025-08-13 12:15:03.032074
2025-08-13,51989,2025081301004718,KBL,Trisul Securities & Invt. Ltd.,Online Securities Pvt. Ltd.,40,208.7,8348.0,2025-08-13 12:15:17.445574
2025-08-13,51976,2025081301004720,KBL,Machhapuchchhre Securities Limited,Linch Stock Market Ltd.,10,209.0,2090.0,2025-08-13 12:15:20.351250
2025-08-13,51536,2025081301004813,KBL,Naasa Securities Co. Ltd.,Linch Stock Market Ltd.,62,209.0,12958.0,2025-08-13 12:17:18.528146
2025-08-13,51476,2025081301004817,KBL,Trisul Securities & Invt. Ltd.,Kohinoor Investment & Securities Pvt. Ltd.,10,208.7,2087.0,2025-08-13 12:17:42.896073
2025-08-13,51453,2025081301004822,KBL,Agrawal Securities (PVT) Ltd.,Linch Stock Market Ltd.,140,209.0,29260.0,2025-08-13 12:17:54.825913
2025-08-13,51426,2025081301004826,KBL,Aryatara Investment & Securities,Linch Stock Market Ltd.,20,209.0,4180.0,2025-08-13 12:18:01.646296
2025-08-13,51249,2025081301004851,KBL,Naasa Securities Co. Ltd.,Linch Stock Market Ltd.,110,209.0,22990.0,2025-08-13 12:18:45.648085
2025-08-13,51087,2025081301004889,KBL,Deevyaa Securities & Stock House Pvt. Ltd,Linch Stock Market Ltd.,60,209.0,12540.0,2025-08-13 12:19:13.929688
2025-08-13,50882,2025081301004948,KBL,Trishakti Securities Public Limited,Linch Stock Market Ltd.,500,209.0,104500.0,2025-08-13 12:20:13.546864
2025-08-13,50847,2025081301004951,KBL,Siprabi Securities Pvt. Ltd.,Infinity Securities Limited,100,208.8,20880.0,2025-08-13 12:20:19.431318
2025-08-13,50846,2025081301004952,KBL,Trisul Securities & Invt. Ltd.,Infinity Securities Limited,497,208.7,103723.9,2025-08-13 12:20:19.431638
2025-08-13,50845,2025081301004953,KBL,Nepal Stock House (PVT) Ltd.,Infinity Securities Limited,500,208.7,104350.0,2025-08-13 12:20:19.431806
2025-08-13,50844,2025081301004954,KBL,Online Securities Pvt. Ltd.,Infinity Securities Limited,48,208.5,10008.0,2025-08-13 12:20:19.431967
2025-08-13,50843,2025081301004955,KBL,Ashutosh Brokerage & Securities (PVT) Ltd.,Infinity Securities Limited,100,208.5,20850.0,2025-08-13 12:20:19.432136
2025-08-13,50842,2025081301004956,KBL,Siprabi Securities Pvt. Ltd.,Infinity Securities Limited,100,208.5,20850.0,2025-08-13 12:20:19.432295
2025-08-13,50841,2025081301004957,KBL,Dipshikha Dhitopatra Karobar Co. Pvt Ltd.,Infinity Securities Limited,100,208.5,20850.0,2025-08-13 12:20:19.432457
2025-08-13,50840,2025081301004958,KBL,Trishakti Securities Public Limited,Infinity Securities Limited,55,208.5,11467.5,2025-08-13 12:20:19.432616
2025-08-13,50802,2025081301004977,KBL,Sundhara Securities Limited,Linch Stock Market Ltd.,35,209.0,7315.0,2025-08-13 12:20:30.264843
2025-08-13,50764,2025081301004994,KBL,Market Securities & Exchange (PVT) Ltd.,Linch Stock Market Ltd.,38,209.0,7942.0,2025-08-13 12:20:44.341462
2025-08-13,50234,2025081301005101,KBL,Sani Securities Company Ltd.,Linch Stock Market Ltd.,15,209.0,3135.0,2025-08-13 12:23:13.063290
2025-08-13,50227,2025081301005102,KBL,Midas Stock Broking Company Private Limited,Linch Stock Market Ltd.,50,209.0,10450.0,2025-08-13 12:23:14.386319
2025-08-13,50216,2025081301005108,KBL,Trishakti Securities Public Limited,Opal Securities Investment (PVT) Ltd.,100,208.5,20850.0,2025-08-13 12:23:19.310085
2025-08-13,49954,2025081301005148,KBL,Imperial Securities Company Pvt. Ltd.,Linch Stock Market Ltd.,150,209.0,31350.0,2025-08-13 12:24:22.978637
2025-08-13,49915,2025081301005156,KBL,Sumeru Securities Pvt. Ltd.,Linch Stock Market Ltd.,100,209.0,20900.0,2025-08-13 12:24:36.101108
2025-08-13,49786,2025081301005181,KBL,Online Securities Pvt. Ltd.,Linch Stock Market Ltd.,110,209.0,22990.0,2025-08-13 12:25:14.302089
2025-08-13,49785,2025081301005182,KBL,Online Securities Pvt. Ltd.,Linch Stock Market Ltd.,90,209.0,18810.0,2025-08-13 12:25:14.302440
2025-08-13,49469,2025081301005233,KBL,Trishakti Securities Public Limited,Prabhu Stock Market Limited,345,208.5,71932.5,2025-08-13 12:26:27.161697
2025-08-13,49424,2025081301005243,KBL,Naasa Securities Co. Ltd.,Prabhu Stock Market Limited,655,208.2,136371.0,2025-08-13 12:26:41.201752
2025-08-13,49204,2025081301005285,KBL,Machhapuchchhre Securities Limited,Linch Stock Market Ltd.,10,209.0,2090.0,2025-08-13 12:27:44.061814
2025-08-13,49099,2025081301005304,KBL,Cristal Kanchanjanga Securites Pvt. Ltd.,Asian Securities Private Ltd.,200,208.3,41660.0,2025-08-13 12:28:16.008754
2025-08-13,49098,2025081301005305,KBL,Naasa Securities Co. Ltd.,Asian Securities Private Ltd.,145,208.2,30189.0,2025-08-13 12:28:16.009122
2025-08-13,48949,2025081301005353,KBL,Naasa Securities Co. Ltd.,Linch Stock Market Ltd.,31,209.0,6479.0,2025-08-13 12:29:01.312640
2025-08-13,48794,2025081301005377,KBL,Aryatara Investment & Securities,Sani Securities Company Ltd.,10,208.5,2085.0,2025-08-13 12:29:39.482280
2025-08-13,48519,2025081301005452,KBL,Aryatara Investment & Securities,K.B.L. Securities Limited ,220,208.5,45870.0,2025-08-13 12:31:02.414506
2025-08-13,48441,2025081301005466,KBL,Machhapuchchhre Securities Limited,Linch Stock Market Ltd.,10,209.0,2090.0,2025-08-13 12:31:26.565634
2025-08-13,48404,2025081301005481,KBL,Imperial Securities Company Pvt. Ltd.,Linch Stock Market Ltd.,200,209.0,41800.0,2025-08-13 12:31:37.988892
2025-08-13,48300,2025081301005513,KBL,Sumeru Securities Pvt. Ltd.,Linch Stock Market Ltd.,100,209.0,20900.0,2025-08-13 12:32:06.221920
2025-08-13,48258,2025081301005519,KBL,Property Wiard Limited,Investment Management Nepal Pvt. Ltd.,300,208.6,62580.0,2025-08-13 12:32:14.970858
2025-08-13,48180,2025081301005537,KBL,Property Wiard Limited,J.F. Securites (PVT) Ltd.,37,208.6,7718.2,2025-08-13 12:32:35.605677
2025-08-13,48123,2025081301005546,KBL,Machhapuchchhre Securities Limited,Linch Stock Market Ltd.,10,209.0,2090.0,2025-08-13 12:32:52.772214
2025-08-13,47708,2025081301005632,KBL,Sweta Securities Private Limited,Linch Stock Market Ltd.,29,209.0,6061.0,2025-08-13 12:34:11.889378
2025-08-13,47513,2025081301005659,KBL,Online Securities Pvt. Ltd.,Citizens Share Broker Limited,25,208.7,5217.5,2025-08-13 12:34:52.292037
2025-08-13,47512,2025081301005660,KBL,Property Wiard Limited,Citizens Share Broker Limited,463,208.6,96581.8,2025-08-13 12:34:52.292146
2025-08-13,47511,2025081301005661,KBL,Aryatara Investment & Securities,Citizens Share Broker Limited,12,208.5,2502.0,2025-08-13 12:34:52.292199
2025-08-13,47470,2025081301005672,KBL,Kohinoor Investment & Securities Pvt. Ltd.,Linch Stock Market Ltd.,11,209.0,2299.0,2025-08-13 12:35:06.240702
2025-08-13,47387,2025081301005691,KBL,Naasa Securities Co. Ltd.,Linch Stock Market Ltd.,45,209.0,9405.0,2025-08-13 12:35:43.018172
2025-08-13,47058,2025081301005770,KBL,Aryatara Investment & Securities,Linch Stock Market Ltd.,42,209.0,8778.0,2025-08-13 12:36:59.491978
2025-08-13,46871,2025081301005813,KBL,Agrawal Securities (PVT) Ltd.,Linch Stock Market Ltd.,30,209.0,6270.0,2025-08-13 12:38:01.303770
2025-08-13,46524,2025081301005882,KBL,Aryatara Investment & Securities,Siprabi Securities Pvt. Ltd.,25,208.5,5212.5,2025-08-13 12:39:38.531583
2025-08-13,46181,2025081301005948,KBL,Machhapuchchhre Securities Limited,Linch Stock Market Ltd.,10,209.0,2090.0,2025-08-13 12:40:28.829733
2025-08-13,46044,2025081301005958,KBL,Sweta Securities Private Limited,Linch Stock Market Ltd.,24,209.0,5016.0,2025-08-13 12:40:51.084765
2025-08-13,45965,2025081301005975,KBL,Imperial Securities Company Pvt. Ltd.,Linch Stock Market Ltd.,350,209.0,73150.0,2025-08-13 12:41:17.196261
2025-08-13,45614,2025081301006036,KBL,Aryatara Investment & Securities,Sri Hari Securities Pvt. Ltd.,223,208.5,46495.5,2025-08-13 12:42:40.013290
2025-08-13,45295,2025081301006079,KBL,Machhapuchchhre Securities Limited,Shree Krishna Securities Ltd.,10,209.0,2090.0,2025-08-13 12:43:34.233359
2025-08-13,44986,2025081301006135,KBL,Naasa Securities Co. Ltd.,Capital Max Securities Ltd,45,208.9,9400.5,2025-08-13 12:44:54.207303
2025-08-13,44969,2025081301006141,KBL,Kohinoor Investment & Securities Pvt. Ltd.,Capital Max Securities Ltd,230,208.9,48047.0,2025-08-13 12:44:57.821125
2025-08-13,44593,2025081301006245,KBL,Vision Securities Pvt. Ltd,Capital Max Securities Ltd,500,208.9,104450.0,2025-08-13 12:46:21.428521
2025-08-13,44406,2025081301006276,KBL,South Asian Bulls Pvt. Ltd.,Capital Max Securities Ltd,50,208.9,10445.0,2025-08-13 12:47:10.695114
2025-08-13,44169,2025081301006320,KBL,Aryatara Investment & Securities,Asian Securities Private Ltd.,10,208.5,2085.0,2025-08-13 12:48:07.763981
2025-08-13,44168,2025081301006321,KBL,Naasa Securities Co. Ltd.,Asian Securities Private Ltd.,490,208.5,102165.0,2025-08-13 12:48:07.764878
2025-08-13,44167,2025081301006322,KBL,Bhrikuti Stock Broking Co. Pvt. Ltd.,Asian Securities Private Ltd.,20,208.5,4170.0,2025-08-13 12:48:07.765540
2025-08-13,44098,2025081301006336,KBL,Sani Securities Company Ltd.,Asian Securities Private Ltd.,21,208.5,4378.5,2025-08-13 12:48:23.065061
2025-08-13,43980,2025081301006365,KBL,Vision Securities Pvt. Ltd,Asian Securities Private Ltd.,459,208.5,95701.5,2025-08-13 12:48:54.615428
2025-08-13,43945,2025081301006366,KBL,Sri Hari Securities Pvt. Ltd.,Capital Max Securities Ltd,1175,208.9,245457.5,2025-08-13 12:49:02.570480
2025-08-13,43944,2025081301006367,KBL,Sri Hari Securities Pvt. Ltd.,Shree Krishna Securities Ltd.,825,209.0,172425.0,2025-08-13 12:49:02.570875
2025-08-13,43874,2025081301006382,KBL,Bhrikuti Stock Broking Co. Pvt. Ltd.,Shree Krishna Securities Ltd.,473,209.0,98857.0,2025-08-13 12:49:25.321791
2025-08-13,43816,2025081301006391,KBL,Vision Securities Pvt. Ltd,Shree Krishna Securities Ltd.,492,209.0,102828.0,2025-08-13 12:49:36.875467
2025-08-13,43815,2025081301006392,KBL,Vision Securities Pvt. Ltd,Creative Securities Pvt Ltd,80,209.0,16720.0,2025-08-13 12:49:36.875925
2025-08-13,43814,2025081301006393,KBL,Vision Securities Pvt. Ltd,Sumeru Securities Pvt. Ltd.,1428,209.0,298452.0,2025-08-13 12:49:36.876249
2025-08-13,43425,2025081301006489,KBL,Vision Securities Pvt. Ltd,Nepal Stock House (PVT) Ltd.,200,208.6,41720.0,2025-08-13 12:50:59.173510
2025-08-13,43305,2025081301006531,KBL,Vision Securities Pvt. Ltd,Sumeru Securities Pvt. Ltd.,1500,209.0,313500.0,2025-08-13 12:51:29.867312
2025-08-13,43009,2025081301006590,KBL,Vision Securities Pvt. Ltd,Sumeru Securities Pvt. Ltd.,400,209.0,83600.0,2025-08-13 12:52:24.229537
2025-08-13,42996,2025081301006591,KBL,Indira securities pvt. ltd,Sumeru Securities Pvt. Ltd.,1672,209.0,349448.0,2025-08-13 12:52:26.294212
2025-08-13,42995,2025081301006592,KBL,Indira securities pvt. ltd,Aryatara Investment & Securities,200,209.0,41800.0,2025-08-13 12:52:26.294615
2025-08-13,42837,2025081301006647,KBL,Indira securities pvt. ltd,South Asian Bulls Pvt. Ltd.,128,209.0,26752.0,2025-08-13 12:52:52.978784
2025-08-13,42407,2025081301006727,KBL,Vision Securities Pvt. Ltd,South Asian Bulls Pvt. Ltd.,50,209.0,10450.0,2025-08-13 12:54:16.165444
2025-08-13,42316,2025081301006754,KBL,Capital Max Securities Ltd,South Asian Bulls Pvt. Ltd.,20,209.0,4180.0,2025-08-13 12:54:41.986089
2025-08-13,42202,2025081301006769,KBL,Aryatara Investment & Securities,South Asian Bulls Pvt. Ltd.,202,209.0,42218.0,2025-08-13 12:55:10.118634
2025-08-13,42201,2025081301006770,KBL,Aryatara Investment & Securities,Thrive Brokerage House Pvt. Ltd,240,209.0,50160.0,2025-08-13 12:55:10.119556
2025-08-13,42200,2025081301006771,KBL,Aryatara Investment & Securities,Premier Securities Company Ltd.,10,209.0,2090.0,2025-08-13 12:55:10.120256
2025-08-13,41991,2025081301006801,KBL,Machhapuchchhre Securities Limited,Creative Securities Pvt Ltd,10,209.2,2092.0,2025-08-13 12:56:02.651553
2025-08-13,41378,2025081301006953,KBL,Aryatara Investment & Securities,Dipshikha Dhitopatra Karobar Co. Pvt Ltd.,11,209.0,2299.0,2025-08-13 12:59:07.136573
2025-08-13,41247,2025081301007012,KBL,Aryatara Investment & Securities,Vision Securities Pvt. Ltd,200,209.0,41800.0,2025-08-13 12:59:38.166076
2025-08-13,41229,2025081301007015,KBL,Linch Stock Market Ltd.,Creative Securities Pvt Ltd,123,209.2,25731.6,2025-08-13 12:59:45.123431
2025-08-13,41061,2025081301007092,KBL,Aryatara Investment & Securities,Agrawal Securities (PVT) Ltd.,337,209.0,70433.0,2025-08-13 13:00:19.994648
2025-08-13,41060,2025081301007093,KBL,J.F. Securites (PVT) Ltd.,Agrawal Securities (PVT) Ltd.,10,209.0,2090.0,2025-08-13 13:00:19.995619
2025-08-13,41059,2025081301007094,KBL,Naasa Securities Co. Ltd.,Agrawal Securities (PVT) Ltd.,60,209.0,12540.0,2025-08-13 13:00:19.996315
2025-08-13,41058,2025081301007095,KBL,Naasa Securities Co. Ltd.,Agrawal Securities (PVT) Ltd.,25,209.0,5225.0,2025-08-13 13:00:19.997204
2025-08-13,40681,2025081301007164,KBL,Swarna Laxmi Securities Pvt. Ltd.,Capital Max Securities Ltd,235,209.0,49115.0,2025-08-13 13:01:56.394146
2025-08-13,40680,2025081301007165,KBL,Aryatara Investment & Securities,Capital Max Securities Ltd,500,209.0,104500.0,2025-08-13 13:01:56.394879
2025-08-13,40624,2025081301007184,KBL,Bhrikuti Stock Broking Co. Pvt. Ltd.,Capital Max Securities Ltd,20,209.0,4180.0,2025-08-13 13:02:03.755728
2025-08-13,40535,2025081301007204,KBL,Bhrikuti Stock Broking Co. Pvt. Ltd.,Capital Max Securities Ltd,10,209.0,2090.0,2025-08-13 13:02:23.850068
2025-08-13,39914,2025081301007349,KBL,J.F. Securites (PVT) Ltd.,Capital Max Securities Ltd,10,209.0,2090.0,2025-08-13 13:03:54.876318
2025-08-13,39885,2025081301007352,KBL,Ashutosh Brokerage & Securities (PVT) Ltd.,Capital Max Securities Ltd,300,209.0,62700.0,2025-08-13 13:03:59.481903
2025-08-13,39185,2025081301007494,KBL,Online Securities Pvt. Ltd.,Neev Securities Pvt. Ltd.,25,208.6,5215.0,2025-08-13 13:06:15.732346
2025-08-13,39184,2025081301007495,KBL,Naasa Securities Co. Ltd.,Neev Securities Pvt. Ltd.,200,208.5,41700.0,2025-08-13 13:06:15.732800
2025-08-13,39183,2025081301007496,KBL,Naasa Securities Co. Ltd.,Neev Securities Pvt. Ltd.,410,208.5,85485.0,2025-08-13 13:06:15.733045
2025-08-13,39182,2025081301007497,KBL,Midas Stock Broking Company Private Limited,Neev Securities Pvt. Ltd.,15,208.5,3127.5,2025-08-13 13:06:15.733275
2025-08-13,39181,2025081301007498,KBL,Sani Securities Company Ltd.,Neev Securities Pvt. Ltd.,50,208.5,10425.0,2025-08-13 13:06:15.733501
2025-08-13,39180,2025081301007499,KBL,Cristal Kanchanjanga Securites Pvt. Ltd.,Neev Securities Pvt. Ltd.,210,208.5,43785.0,2025-08-13 13:06:15.733732
2025-08-13,38744,2025081301007569,KBL,Nabil Stock Dealer Ltd.,Deevyaa Securities & Stock House Pvt. Ltd,10,208.6,2086.0,2025-08-13 13:07:36.051077
2025-08-13,38743,2025081301007570,KBL,Linch Stock Market Ltd.,Deevyaa Securities & Stock House Pvt. Ltd,46,208.6,9595.6,2025-08-13 13:07:36.052126
2025-08-13,38742,2025081301007571,KBL,Cristal Kanchanjanga Securites Pvt. Ltd.,Deevyaa Securities & Stock House Pvt. Ltd,40,208.5,8340.0,2025-08-13 13:07:36.053205
2025-08-13,38741,2025081301007572,KBL,Sani Securities Company Ltd.,Deevyaa Securities & Stock House Pvt. Ltd,100,208.5,20850.0,2025-08-13 13:07:36.054132
2025-08-13,38740,2025081301007573,KBL,Linch Stock Market Ltd.,Deevyaa Securities & Stock House Pvt. Ltd,110,208.5,22935.0,2025-08-13 13:07:36.055117
2025-08-13,38639,2025081301007600,KBL,Linch Stock Market Ltd.,Linch Stock Market Ltd.,125,208.5,26062.5,2025-08-13 13:07:55.424276
2025-08-13,38294,2025081301007648,KBL,Linch Stock Market Ltd.,Opal Securities Investment (PVT) Ltd.,100,208.5,20850.0,2025-08-13 13:09:20.839975
2025-08-13,37953,2025081301007711,KBL,Linch Stock Market Ltd.,Imperial Securities Company Pvt. Ltd.,100,208.5,20850.0,2025-08-13 13:10:25.722771
2025-08-13,37871,2025081301007720,KBL,Linch Stock Market Ltd.,Imperial Securities Company Pvt. Ltd.,100,208.5,20850.0,2025-08-13 13:10:41.937313
2025-08-13,37839,2025081301007734,KBL,Siprabi Securities Pvt. Ltd.,Capital Max Securities Ltd,80,209.0,16720.0,2025-08-13 13:10:45.931346
2025-08-13,37772,2025081301007739,KBL,Linch Stock Market Ltd.,ABC Securities Private Limited,50,208.5,10425.0,2025-08-13 13:11:02.167099
2025-08-13,37623,2025081301007775,KBL,Naasa Securities Co. Ltd.,Capital Max Securities Ltd,34,209.0,7106.0,2025-08-13 13:11:56.070139
2025-08-13,37447,2025081301007809,KBL,Naasa Securities Co. Ltd.,Capital Max Securities Ltd,19,209.0,3971.0,2025-08-13 13:12:48.029493
2025-08-13,37370,2025081301007841,KBL,Linch Stock Market Ltd.,Trishakti Securities Public Limited,150,208.5,31275.0,2025-08-13 13:13:13.356598
2025-08-13,37369,2025081301007842,KBL,Thrive Brokerage House Pvt. Ltd,Trishakti Securities Public Limited,200,208.2,41640.0,2025-08-13 13:13:13.357100
2025-08-13,37368,2025081301007843,KBL,Trishakti Securities Public Limited,Trishakti Securities Public Limited,10,208.2,2082.0,2025-08-13 13:13:13.357368
2025-08-13,37367,2025081301007844,KBL,Investment Management Nepal Pvt. Ltd.,Trishakti Securities Public Limited,56,208.2,11659.2,2025-08-13 13:13:13.357640
2025-08-13,37366,2025081301007845,KBL,Online Securities Pvt. Ltd.,Trishakti Securities Public Limited,25,208.2,5205.0,2025-08-13 13:13:13.357923
2025-08-13,37365,2025081301007846,KBL,Global IME Securities Limited,Trishakti Securities Public Limited,50,208.1,10405.0,2025-08-13 13:13:13.358204
2025-08-13,37364,2025081301007847,KBL,Aryatara Investment & Securities,Trishakti Securities Public Limited,200,208.1,41620.0,2025-08-13 13:13:13.358480
2025-08-13,37363,2025081301007848,KBL,Trishakti Securities Public Limited,Trishakti Securities Public Limited,35,208.1,7283.5,2025-08-13 13:13:13.358790
2025-08-13,37362,2025081301007849,KBL,Creative Securities Pvt Ltd,Trishakti Securities Public Limited,250,208.1,52025.0,2025-08-13 13:13:13.359074
2025-08-13,37361,2025081301007850,KBL,Naasa Securities Co. Ltd.,Trishakti Securities Public Limited,315,208.1,65551.5,2025-08-13 13:13:13.359372
2025-08-13,37360,2025081301007851,KBL,Indira securities pvt. ltd,Trishakti Securities Public Limited,1000,208.1,208100.0,2025-08-13 13:13:13.359635
2025-08-13,37359,2025081301007852,KBL,Sani Securities Company Ltd.,Trishakti Securities Public Limited,25,208.1,5202.5,2025-08-13 13:13:13.359939
2025-08-13,37358,2025081301007853,KBL,Aryatara Investment & Securities,Trishakti Securities Public Limited,200,208.0,41600.0,2025-08-13 13:13:13.360216
2025-08-13,37357,2025081301007854,KBL,Linch Stock Market Ltd.,Trishakti Securities Public Limited,234,208.0,48672.0,2025-08-13 13:13:13.360489
2025-08-13,37126,2025081301007918,KBL,Machhapuchchhre Securities Limited,Capital Max Securities Ltd,10,209.0,2090.0,2025-08-13 13:14:19.203578
2025-08-13,36867,2025081301008000,KBL,Linch Stock Market Ltd.,Nepal Stock House (PVT) Ltd.,100,208.0,20800.0,2025-08-13 13:15:32.863309
2025-08-13,36657,2025081301008077,KBL,Machhapuchchhre Securities Limited,Capital Max Securities Ltd,10,209.0,2090.0,2025-08-13 13:16:40.520478
2025-08-13,36560,2025081301008106,KBL,Midas Stock Broking Company Private Limited,Imperial Securities Company Pvt. Ltd.,100,208.1,20810.0,2025-08-13 13:17:15.289322
2025-08-13,36468,2025081301008117,KBL,Machhapuchchhre Securities Limited,Capital Max Securities Ltd,10,209.0,2090.0,2025-08-13 13:17:35.650030
2025-08-13,35811,2025081301008307,KBL,Nepal Stock House (PVT) Ltd.,Capital Max Securities Ltd,70,209.0,14630.0,2025-08-13 13:20:46.192388
2025-08-13,35711,2025081301008338,KBL,Agrawal Securities (PVT) Ltd.,Capital Max Securities Ltd,50,209.0,10450.0,2025-08-13 13:21:18.646048
2025-08-13,35178,2025081301008505,KBL,Shree Krishna Securities Ltd.,Online Securities Pvt. Ltd.,20,208.5,4170.0,2025-08-13 13:23:50.035850
2025-08-13,35177,2025081301008506,KBL,Shree Krishna Securities Ltd.,Capital Max Securities Ltd,142,209.0,29678.0,2025-08-13 13:23:50.036393
2025-08-13,35176,2025081301008507,KBL,Shree Krishna Securities Ltd.,Naasa Securities Co. Ltd.,700,209.0,146300.0,2025-08-13 13:23:50.036745
2025-08-13,35175,2025081301008508,KBL,Shree Krishna Securities Ltd.,Nepal Stock House (PVT) Ltd.,212,209.0,44308.0,2025-08-13 13:23:50.037237
2025-08-13,35098,2025081301008522,KBL,Premier Securities Company Ltd.,Creative Securities Pvt Ltd,155,209.2,32426.0,2025-08-13 13:24:14.189279
2025-08-13,34933,2025081301008599,KBL,Shree Krishna Securities Ltd.,Naasa Securities Co. Ltd.,56,209.0,11704.0,2025-08-13 13:24:57.128369
2025-08-13,34375,2025081301008788,KBL,Shree Krishna Securities Ltd.,Nepal Investment And Securities Trading Private Limited,870,209.0,181830.0,2025-08-13 13:27:48.078574
2025-08-13,34374,2025081301008789,KBL,Investment Management Nepal Pvt. Ltd.,Nepal Investment And Securities Trading Private Limited,400,209.0,83600.0,2025-08-13 13:27:48.079895
2025-08-13,34373,2025081301008790,KBL,Linch Stock Market Ltd.,Nepal Investment And Securities Trading Private Limited,100,209.0,20900.0,2025-08-13 13:27:48.081013
2025-08-13,34372,2025081301008791,KBL,Deevyaa Securities & Stock House Pvt. Ltd,Nepal Investment And Securities Trading Private Limited,90,208.2,18738.0,2025-08-13 13:27:48.082245
2025-08-13,34371,2025081301008792,KBL,Midas Stock Broking Company Private Limited,Nepal Investment And Securities Trading Private Limited,100,208.1,20810.0,2025-08-13 13:27:48.083475
2025-08-13,34370,2025081301008793,KBL,Deevyaa Securities & Stock House Pvt. Ltd,Nepal Investment And Securities Trading Private Limited,40,208.1,8324.0,2025-08-13 13:27:48.084642
2025-08-13,34226,2025081301008802,KBL,Machhapuchchhre Securities Limited,Creative Securities Pvt Ltd,10,209.2,2092.0,2025-08-13 13:28:19.249656
2025-08-13,34020,2025081301008849,KBL,Machhapuchchhre Securities Limited,Trishakti Securities Public Limited,10,209.5,2095.0,2025-08-13 13:29:25.403347
2025-08-13,33642,2025081301008944,KBL,Swarna Laxmi Securities Pvt. Ltd.,Trishakti Securities Public Limited,990,209.5,207405.0,2025-08-13 13:31:09.361333
2025-08-13,33641,2025081301008945,KBL,Swarna Laxmi Securities Pvt. Ltd.,Trishakti Securities Public Limited,1000,209.5,209500.0,2025-08-13 13:31:09.361799
2025-08-13,33398,2025081301008991,KBL,Swarna Laxmi Securities Pvt. Ltd.,Nepal Investment And Securities Trading Private Limited,10,209.5,2095.0,2025-08-13 13:32:42.604447
2025-08-13,33397,2025081301008992,KBL,Dakshinkali Investment & Securities Pvt. Ltd.,Nepal Investment And Securities Trading Private Limited,990,209.0,206910.0,2025-08-13 13:32:42.604973
2025-08-13,33145,2025081301009049,KBL,Machhapuchchhre Securities Limited,Nepal Investment And Securities Trading Private Limited,10,209.7,2097.0,2025-08-13 13:33:59.044895
2025-08-13,32842,2025081301009109,KBL,Dakshinkali Investment & Securities Pvt. Ltd.,Nepal Investment And Securities Trading Private Limited,10,209.0,2090.0,2025-08-13 13:35:43.457930
2025-08-13,32841,2025081301009110,KBL,Naasa Securities Co. Ltd.,Nepal Investment And Securities Trading Private Limited,10,209.0,2090.0,2025-08-13 13:35:43.458988
2025-08-13,32840,2025081301009111,KBL,Aryatara Investment & Securities,Nepal Investment And Securities Trading Private Limited,20,209.0,4180.0,2025-08-13 13:35:43.459834
2025-08-13,32434,2025081301009172,KBL,ABC Securities Private Limited,Nepal Investment And Securities Trading Private Limited,500,209.0,104500.0,2025-08-13 13:37:55.450744
2025-08-13,32267,2025081301009235,KBL,ABC Securities Private Limited,Naasa Securities Co. Ltd.,17,208.3,3541.1,2025-08-13 13:38:59.272876
2025-08-13,32204,2025081301009244,KBL,Machhapuchchhre Securities Limited,Nepal Investment And Securities Trading Private Limited,10,209.0,2090.0,2025-08-13 13:39:31.800159
2025-08-13,32179,2025081301009248,KBL,Vision Securities Pvt. Ltd,Nepal Investment And Securities Trading Private Limited,440,209.0,91960.0,2025-08-13 13:39:41.783584
2025-08-13,32178,2025081301009249,KBL,Vision Securities Pvt. Ltd,Ashutosh Brokerage & Securities (PVT) Ltd.,560,209.4,117264.0,2025-08-13 13:39:41.784657
2025-08-13,32147,2025081301009255,KBL,Imperial Securities Company Pvt. Ltd.,Shree Krishna Securities Ltd.,100,208.4,20840.0,2025-08-13 13:39:52.474042
2025-08-13,32146,2025081301009256,KBL,Sani Securities Company Ltd.,Shree Krishna Securities Ltd.,100,208.4,20840.0,2025-08-13 13:39:52.474538
2025-08-13,31908,2025081301009345,KBL,Vision Securities Pvt. Ltd,Ashutosh Brokerage & Securities (PVT) Ltd.,18,209.4,3769.2,2025-08-13 13:40:59.300706
2025-08-13,31907,2025081301009346,KBL,Vision Securities Pvt. Ltd,Naasa Securities Co. Ltd.,300,209.5,62850.0,2025-08-13 13:40:59.301224
2025-08-13,31906,2025081301009347,KBL,Vision Securities Pvt. Ltd,Sri Hari Securities Pvt. Ltd.,682,209.6,142947.2,2025-08-13 13:40:59.301519
2025-08-13,31433,2025081301009438,KBL,ABC Securities Private Limited,Midas Stock Broking Company Private Limited,300,209.0,62700.0,2025-08-13 13:43:09.756316
2025-08-13,31375,2025081301009448,KBL,ABC Securities Private Limited,Sweta Securities Private Limited,200,209.0,41800.0,2025-08-13 13:43:27.438396
2025-08-13,31304,2025081301009462,KBL,ABC Securities Private Limited,Ashutosh Brokerage & Securities (PVT) Ltd.,430,209.0,89870.0,2025-08-13 13:43:48.016079
2025-08-13,31221,2025081301009492,KBL,ABC Securities Private Limited,Midas Stock Broking Company Private Limited,200,209.0,41800.0,2025-08-13 13:44:11.004575
2025-08-13,31164,2025081301009502,KBL,ABC Securities Private Limited,Nepal Investment And Securities Trading Private Limited,1153,209.0,240977.0,2025-08-13 13:44:33.059201
2025-08-13,31163,2025081301009503,KBL,Dipshikha Dhitopatra Karobar Co. Pvt Ltd.,Nepal Investment And Securities Trading Private Limited,330,209.0,68970.0,2025-08-13 13:44:33.059784
2025-08-13,31162,2025081301009504,KBL,Sani Securities Company Ltd.,Nepal Investment And Securities Trading Private Limited,20,209.0,4180.0,2025-08-13 13:44:33.060204
2025-08-13,31161,2025081301009505,KBL,Online Securities Pvt. Ltd.,Nepal Investment And Securities Trading Private Limited,1997,209.0,417373.0,2025-08-13 13:44:33.060550
2025-08-13,31160,2025081301009506,KBL,Online Securities Pvt. Ltd.,Sewa Securities Pvt. Ltd.,3,209.0,627.0,2025-08-13 13:44:33.060673
2025-08-13,31144,2025081301009508,KBL,Online Securities Pvt. Ltd.,Agrawal Securities (PVT) Ltd.,1703,209.0,355927.0,2025-08-13 13:44:36.624679
2025-08-13,31124,2025081301009511,KBL,Machhapuchchhre Securities Limited,Neev Securities Pvt. Ltd.,10,209.5,2095.0,2025-08-13 13:44:46.619504
2025-08-13,30771,2025081301009578,KBL,Online Securities Pvt. Ltd.,Online Securities Pvt. Ltd.,1000,209.2,209200.0,2025-08-13 13:46:25.552897
2025-08-13,30516,2025081301009638,KBL,Online Securities Pvt. Ltd.,Kalika Securities Pvt. Ltd.,228,209.1,47674.8,2025-08-13 13:47:51.208898
2025-08-13,30468,2025081301009649,KBL,Online Securities Pvt. Ltd.,Nepal Stock House (PVT) Ltd.,29,209.1,6063.9,2025-08-13 13:48:06.314099
2025-08-13,30347,2025081301009673,KBL,Machhapuchchhre Securities Limited,Sweta Securities Private Limited,10,209.5,2095.0,2025-08-13 13:48:30.171445
2025-08-13,30092,2025081301009745,KBL,Online Securities Pvt. Ltd.,Sweta Securities Private Limited,40,209.5,8380.0,2025-08-13 13:49:57.019386
2025-08-13,29744,2025081301009801,KBL,Linch Stock Market Ltd.,Sweta Securities Private Limited,50,209.5,10475.0,2025-08-13 13:51:32.297646
2025-08-13,29743,2025081301009802,KBL,Linch Stock Market Ltd.,Naasa Securities Co. Ltd.,250,209.5,52375.0,2025-08-13 13:51:32.298225
2025-08-13,29739,2025081301009805,KBL,Sani Securities Company Ltd.,Shree Krishna Securities Ltd.,80,209.0,16720.0,2025-08-13 13:51:33.674481
2025-08-13,29738,2025081301009806,KBL,Sewa Securities Pvt. Ltd.,Shree Krishna Securities Ltd.,11,209.0,2299.0,2025-08-13 13:51:33.675674
2025-08-13,29540,2025081301009874,KBL,ABC Securities Private Limited,Shree Krishna Securities Ltd.,43,208.8,8978.4,2025-08-13 13:52:22.861692
2025-08-13,29539,2025081301009875,KBL,Secured Securities Ltd.,Shree Krishna Securities Ltd.,50,208.5,10425.0,2025-08-13 13:52:22.862810
2025-08-13,29538,2025081301009876,KBL,Hatemalo Financial Services Private Limited,Shree Krishna Securities Ltd.,316,208.4,65854.4,2025-08-13 13:52:22.863689
2025-08-13,29194,2025081301009993,KBL,Machhapuchchhre Securities Limited,Aryatara Investment & Securities,10,209.0,2090.0,2025-08-13 13:53:27.971369
2025-08-13,28630,2025081301010107,KBL,Linch Stock Market Ltd.,Opal Securities Investment (PVT) Ltd.,145,208.8,30276.0,2025-08-13 13:55:56.782178
2025-08-13,28464,2025081301010119,KBL,Hatemalo Financial Services Private Limited,Kohinoor Investment & Securities Pvt. Ltd.,900,208.4,187560.0,2025-08-13 13:56:29.813308
2025-08-13,28378,2025081301010137,KBL,Hatemalo Financial Services Private Limited,Ashutosh Brokerage & Securities (PVT) Ltd.,64,208.4,13337.6,2025-08-13 13:56:47.354723
2025-08-13,28377,2025081301010138,KBL,Vision Securities Pvt. Ltd,Ashutosh Brokerage & Securities (PVT) Ltd.,100,208.2,20820.0,2025-08-13 13:56:47.355895
2025-08-13,28376,2025081301010139,KBL,Deevyaa Securities & Stock House Pvt. Ltd,Ashutosh Brokerage & Securities (PVT) Ltd.,336,208.1,69921.6,2025-08-13 13:56:47.356809
2025-08-13,28301,2025081301010147,KBL,Deevyaa Securities & Stock House Pvt. Ltd,Kohinoor Investment & Securities Pvt. Ltd.,14,208.1,2913.4,2025-08-13 13:57:07.001920
2025-08-13,28300,2025081301010148,KBL,Imperial Securities Company Pvt. Ltd.,Kohinoor Investment & Securities Pvt. Ltd.,50,208.1,10405.0,2025-08-13 13:57:07.002483
2025-08-13,28299,2025081301010149,KBL,Neev Securities Pvt. Ltd.,Kohinoor Investment & Securities Pvt. Ltd.,200,208.1,41620.0,2025-08-13 13:57:07.002772
2025-08-13,28298,2025081301010150,KBL,South Asian Bulls Pvt. Ltd.,Kohinoor Investment & Securities Pvt. Ltd.,50,208.1,10405.0,2025-08-13 13:57:07.003063
2025-08-13,28297,2025081301010151,KBL,Linch Stock Market Ltd.,Kohinoor Investment & Securities Pvt. Ltd.,666,208.0,138528.0,2025-08-13 13:57:07.003353
2025-08-13,28296,2025081301010152,KBL,Kohinoor Investment & Securities Pvt. Ltd.,Kohinoor Investment & Securities Pvt. Ltd.,200,208.0,41600.0,2025-08-13 13:57:07.003639
2025-08-13,28295,2025081301010153,KBL,Dipshikha Dhitopatra Karobar Co. Pvt Ltd.,Kohinoor Investment & Securities Pvt. Ltd.,50,208.0,10400.0,2025-08-13 13:57:07.003921
2025-08-13,28294,2025081301010154,KBL,Online Securities Pvt. Ltd.,Kohinoor Investment & Securities Pvt. Ltd.,200,208.0,41600.0,2025-08-13 13:57:07.004204
2025-08-13,28293,2025081301010155,KBL,Siprabi Securities Pvt. Ltd.,Kohinoor Investment & Securities Pvt. Ltd.,480,208.0,99840.0,2025-08-13 13:57:07.004485
2025-08-13,28292,2025081301010156,KBL,Linch Stock Market Ltd.,Kohinoor Investment & Securities Pvt. Ltd.,500,208.0,104000.0,2025-08-13 13:57:07.004782
2025-08-13,28291,2025081301010157,KBL,Neev Securities Pvt. Ltd.,Kohinoor Investment & Securities Pvt. Ltd.,50,208.0,10400.0,2025-08-13 13:57:07.005065
2025-08-13,28290,2025081301010158,KBL,Deevyaa Securities & Stock House Pvt. Ltd,Kohinoor Investment & Securities Pvt. Ltd.,500,208.0,104000.0,2025-08-13 13:57:07.005358
2025-08-13,28289,2025081301010159,KBL,Sweta Securities Private Limited,Kohinoor Investment & Securities Pvt. Ltd.,100,208.0,20800.0,2025-08-13 13:57:07.005634
2025-08-13,28288,2025081301010160,KBL,Sri Hari Securities Pvt. Ltd.,Kohinoor Investment & Securities Pvt. Ltd.,501,208.0,104208.0,2025-08-13 13:57:07.005910
2025-08-13,28287,2025081301010161,KBL,Linch Stock Market Ltd.,Kohinoor Investment & Securities Pvt. Ltd.,479,208.0,99632.0,2025-08-13 13:57:07.006189
2025-08-13,28286,2025081301010162,KBL,Dipshikha Dhitopatra Karobar Co. Pvt Ltd.,Kohinoor Investment & Securities Pvt. Ltd.,500,208.0,104000.0,2025-08-13 13:57:07.006464
2025-08-13,28285,2025081301010163,KBL,Siprabi Securities Pvt. Ltd.,Kohinoor Investment & Securities Pvt. Ltd.,10,208.0,2080.0,2025-08-13 13:57:07.006739
2025-08-13,28284,2025081301010164,KBL,Sundhara Securities Limited,Kohinoor Investment & Securities Pvt. Ltd.,330,208.0,68640.0,2025-08-13 13:57:07.007043
2025-08-13,28283,2025081301010165,KBL,Naasa Securities Co. Ltd.,Kohinoor Investment & Securities Pvt. Ltd.,20,208.0,4160.0,2025-08-13 13:57:07.007314
2025-08-13,28282,2025081301010166,KBL,Dipshikha Dhitopatra Karobar Co. Pvt Ltd.,Kohinoor Investment & Securities Pvt. Ltd.,100,208.0,20800.0,2025-08-13 13:57:07.007586
2025-08-13,28246,2025081301010172,KBL,Machhapuchchhre Securities Limited,Opal Securities Investment (PVT) Ltd.,10,208.8,2088.0,2025-08-13 13:57:10.501619
2025-08-13,27906,2025081301010252,KBL,Online Securities Pvt. Ltd.,Vision Securities Pvt. Ltd,50,208.0,10400.0,2025-08-13 13:58:18.898801
2025-08-13,27883,2025081301010258,KBL,Online Securities Pvt. Ltd.,Imperial Securities Company Pvt. Ltd.,350,208.0,72800.0,2025-08-13 13:58:27.963258
2025-08-13,27882,2025081301010259,KBL,Shree Krishna Securities Ltd.,Imperial Securities Company Pvt. Ltd.,500,208.0,104000.0,2025-08-13 13:58:27.963761
2025-08-13,27881,2025081301010260,KBL,Neev Securities Pvt. Ltd.,Imperial Securities Company Pvt. Ltd.,3850,208.0,800800.0,2025-08-13 13:58:27.964082
2025-08-13,27880,2025081301010261,KBL,Agrawal Securities (PVT) Ltd.,Imperial Securities Company Pvt. Ltd.,2500,208.0,520000.0,2025-08-13 13:58:27.964390
2025-08-13,27879,2025081301010262,KBL,Arun Securities (PVT) Ltd.,Imperial Securities Company Pvt. Ltd.,1000,208.0,208000.0,2025-08-13 13:58:27.964695
2025-08-13,27878,2025081301010263,KBL,Agrawal Securities (PVT) Ltd.,Imperial Securities Company Pvt. Ltd.,2500,208.0,520000.0,2025-08-13 13:58:27.965009
2025-08-13,27877,2025081301010264,KBL,Aryatara Investment & Securities,Imperial Securities Company Pvt. Ltd.,1000,208.0,208000.0,2025-08-13 13:58:27.965328
2025-08-13,27876,2025081301010265,KBL,Naasa Securities Co. Ltd.,Imperial Securities Company Pvt. Ltd.,960,208.0,199680.0,2025-08-13 13:58:27.965649
2025-08-13,27875,2025081301010266,KBL,Sani Securities Company Ltd.,Imperial Securities Company Pvt. Ltd.,100,208.0,20800.0,2025-08-13 13:58:27.965967
2025-08-13,27874,2025081301010267,KBL,Cristal Kanchanjanga Securites Pvt. Ltd.,Imperial Securities Company Pvt. Ltd.,1000,208.0,208000.0,2025-08-13 13:58:27.966273
2025-08-13,27873,2025081301010268,KBL,Cristal Kanchanjanga Securites Pvt. Ltd.,Imperial Securities Company Pvt. Ltd.,50,208.0,10400.0,2025-08-13 13:58:27.966549
2025-08-13,27872,2025081301010269,KBL,SUN SECURITIES PVT LTD,Imperial Securities Company Pvt. Ltd.,1190,208.0,247520.0,2025-08-13 13:58:27.966850
2025-08-13,27848,2025081301010276,KBL,Machhapuchchhre Securities Limited,Opal Securities Investment (PVT) Ltd.,10,208.8,2088.0,2025-08-13 13:58:35.687264
2025-08-13,27836,2025081301010277,KBL,SUN SECURITIES PVT LTD,Vision Securities Pvt. Ltd,70,208.0,14560.0,2025-08-13 13:58:39.034574
2025-08-13,27786,2025081301010282,KBL,SUN SECURITIES PVT LTD,Pragyan Securities (PVT) Ltd.,740,208.0,153920.0,2025-08-13 13:58:50.724983
2025-08-13,27785,2025081301010283,KBL,Sumeru Securities Pvt. Ltd.,Pragyan Securities (PVT) Ltd.,250,208.0,52000.0,2025-08-13 13:58:50.725517
2025-08-13,27784,2025081301010284,KBL,Capital Max Securities Ltd,Pragyan Securities (PVT) Ltd.,100,208.0,20800.0,2025-08-13 13:58:50.725813
2025-08-13,27783,2025081301010285,KBL,Imperial Securities Company Pvt. Ltd.,Pragyan Securities (PVT) Ltd.,475,208.0,98800.0,2025-08-13 13:58:50.726127
2025-08-13,27782,2025081301010286,KBL,Sundhara Securities Limited,Pragyan Securities (PVT) Ltd.,500,208.0,104000.0,2025-08-13 13:58:50.726414
2025-08-13,27781,2025081301010287,KBL,Dynamic Money Managers Securities Pvt. Ltd.,Pragyan Securities (PVT) Ltd.,760,208.0,158080.0,2025-08-13 13:58:50.726709
2025-08-13,27780,2025081301010288,KBL,Trisul Securities & Invt. Ltd.,Pragyan Securities (PVT) Ltd.,100,208.0,20800.0,2025-08-13 13:58:50.726991
2025-08-13,27779,2025081301010289,KBL,Agrawal Securities (PVT) Ltd.,Pragyan Securities (PVT) Ltd.,75,208.0,15600.0,2025-08-13 13:58:50.727303
2025-08-13,27676,2025081301010301,KBL,Aryatara Investment & Securities,Midas Stock Broking Company Private Limited,500,208.1,104050.0,2025-08-13 13:59:18.739892
2025-08-13,27468,2025081301010340,KBL,Agrawal Securities (PVT) Ltd.,Aryatara Investment & Securities,25,208.0,5200.0,2025-08-13 14:00:18.415604
2025-08-13,27467,2025081301010341,KBL,Agrawal Securities (PVT) Ltd.,Aryatara Investment & Securities,150,208.0,31200.0,2025-08-13 14:00:18.416686
2025-08-13,27466,2025081301010342,KBL,Secured Securities Ltd.,Aryatara Investment & Securities,74,208.0,15392.0,2025-08-13 14:00:18.417485
2025-08-13,27465,2025081301010343,KBL,Sani Securities Company Ltd.,Aryatara Investment & Securities,14,208.0,2912.0,2025-08-13 14:00:18.418296
2025-08-13,27464,2025081301010344,KBL,Naasa Securities Co. Ltd.,Aryatara Investment & Securities,23,208.0,4784.0,2025-08-13 14:00:18.419101
2025-08-13,27463,2025081301010345,KBL,Dynamic Money Managers Securities Pvt. Ltd.,Aryatara Investment & Securities,14,208.0,2912.0,2025-08-13 14:00:18.419896
2025-08-13,27440,2025081301010348,KBL,Malla & Malla Stock Broking Company Pvt. Limited,J.F. Securites (PVT) Ltd.,7,203.9,1427.3,2025-08-13 14:00:24.458553
2025-08-13,27302,2025081301010374,KBL,Trishakti Securities Public Limited,Midas Stock Broking Company Private Limited,100,208.1,20810.0,2025-08-13 14:00:50.383538
2025-08-13,27243,2025081301010393,KBL,Malla & Malla Stock Broking Company Pvt. Limited,Naasa Securities Co. Ltd.,5,205.1,1025.5,2025-08-13 14:01:06.637680
2025-08-13,27229,2025081301010407,KBL,Machhapuchchhre Securities Limited,Opal Securities Investment (PVT) Ltd.,10,208.8,2088.0,2025-08-13 14:01:07.046790
2025-08-13,27022,2025081301010452,KBL,Trishakti Securities Public Limited,Opal Securities Investment (PVT) Ltd.,815,208.1,169601.5,2025-08-13 14:01:49.382061
2025-08-13,26868,2025081301010482,KBL,Trishakti Securities Public Limited,Opal Securities Investment (PVT) Ltd.,1000,208.1,208100.0,2025-08-13 14:02:27.537248
2025-08-13,26724,2025081301010534,KBL,Machhapuchchhre Securities Limited,Vision Securities Pvt. Ltd,10,208.8,2088.0,2025-08-13 14:03:01.329119
2025-08-13,26400,2025081301010576,KBL,Imperial Securities Company Pvt. Ltd.,Kohinoor Investment & Securities Pvt. Ltd.,200,208.2,41640.0,2025-08-13 14:04:28.298999
2025-08-13,26399,2025081301010577,KBL,Trishakti Securities Public Limited,Kohinoor Investment & Securities Pvt. Ltd.,2800,208.1,582680.0,2025-08-13 14:04:28.300155
2025-08-13,26329,2025081301010597,KBL,Primo Securities (PVT) Ltd.,Aakashbhairab Securities Ltd.,50,208.5,10425.0,2025-08-13 14:04:37.878457
2025-08-13,25519,2025081301010688,KBL,Trisul Securities & Invt. Ltd.,Vision Securities Pvt. Ltd,31,208.5,6463.5,2025-08-13 14:06:40.658591
2025-08-13,24142,2025081301010860,KBL,Agrawal Securities (PVT) Ltd.,Vision Securities Pvt. Ltd,50,208.5,10425.0,2025-08-13 14:09:37.732240
2025-08-13,24074,2025081301010892,KBL,Malla & Malla Stock Broking Company Pvt. Limited,Kohinoor Investment & Securities Pvt. Ltd.,8,204.4,1635.2,2025-08-13 14:09:54.250528
2025-08-13,23571,2025081301010996,KBL,Vision Securities Pvt. Ltd,Vision Securities Pvt. Ltd,50,208.5,10425.0,2025-08-13 14:11:23.750381
2025-08-13,23285,2025081301011067,KBL,Bhrikuti Stock Broking Co. Pvt. Ltd.,Himalayan Brokerage Company Limited,10,208.4,2084.0,2025-08-13 14:12:20.451432
2025-08-13,23079,2025081301011092,KBL,Dynamic Money Managers Securities Pvt. Ltd.,Himalayan Brokerage Company Limited,100,208.4,20840.0,2025-08-13 14:12:45.561136
2025-08-13,22647,2025081301011194,KBL,Online Securities Pvt. Ltd.,Imperial Securities Company Pvt. Ltd.,25,208.2,5205.0,2025-08-13 14:14:20.173699
2025-08-13,22646,2025081301011195,KBL,Trishakti Securities Public Limited,Imperial Securities Company Pvt. Ltd.,285,208.1,59308.5,2025-08-13 14:14:20.174320
2025-08-13,22645,2025081301011196,KBL,Dynamic Money Managers Securities Pvt. Ltd.,Imperial Securities Company Pvt. Ltd.,186,208.0,38688.0,2025-08-13 14:14:20.174623
2025-08-13,22644,2025081301011197,KBL,Siprabi Securities Pvt. Ltd.,Imperial Securities Company Pvt. Ltd.,100,208.0,20800.0,2025-08-13 14:14:20.174907
2025-08-13,22643,2025081301011198,KBL,Sani Securities Company Ltd.,Imperial Securities Company Pvt. Ltd.,15,208.0,3120.0,2025-08-13 14:14:20.175199
2025-08-13,22642,2025081301011199,KBL,Capital Max Securities Ltd,Imperial Securities Company Pvt. Ltd.,100,208.0,20800.0,2025-08-13 14:14:20.175484
2025-08-13,22641,2025081301011200,KBL,Linch Stock Market Ltd.,Imperial Securities Company Pvt. Ltd.,100,208.0,20800.0,2025-08-13 14:14:20.175762
2025-08-13,22640,2025081301011201,KBL,Online Securities Pvt. Ltd.,Imperial Securities Company Pvt. Ltd.,12,208.0,2496.0,2025-08-13 14:14:20.176048
2025-08-13,22068,2025081301011305,KBL,Property Wiard Limited,Trishakti Securities Public Limited,100,207.9,20790.0,2025-08-13 14:15:51.740516
2025-08-13,22046,2025081301011307,KBL,Property Wiard Limited,Naasa Securities Co. Ltd.,100,207.8,20780.0,2025-08-13 14:15:55.586859
2025-08-13,22045,2025081301011308,KBL,Sweta Securities Private Limited,Naasa Securities Co. Ltd.,240,207.7,49848.0,2025-08-13 14:15:55.588020
2025-08-13,21824,2025081301011368,KBL,Sweta Securities Private Limited,Naasa Securities Co. Ltd.,120,207.7,24924.0,2025-08-13 14:16:32.796755
2025-08-13,20968,2025081301011503,KBL,Oxford Securities Pvt. Ltd.,Trishakti Securities Public Limited,650,207.9,135135.0,2025-08-13 14:18:38.594204
2025-08-13,20967,2025081301011504,KBL,Oxford Securities Pvt. Ltd.,Asian Securities Private Ltd.,50,207.9,10395.0,2025-08-13 14:18:38.594716
2025-08-13,20822,2025081301011538,KBL,Kalika Securities Pvt. Ltd.,Asian Securities Private Ltd.,100,207.9,20790.0,2025-08-13 14:19:07.743183
2025-08-13,20585,2025081301011580,KBL,Opal Securities Investment (PVT) Ltd.,Asian Securities Private Ltd.,15,207.9,3118.5,2025-08-13 14:19:55.952750
2025-08-13,20427,2025081301011622,KBL,Naasa Securities Co. Ltd.,Asian Securities Private Ltd.,44,207.9,9147.6,2025-08-13 14:20:26.621056
2025-08-13,20229,2025081301011662,KBL,Sweta Securities Private Limited,Sri Hari Securities Pvt. Ltd.,140,207.7,29078.0,2025-08-13 14:21:02.967408
2025-08-13,20228,2025081301011663,KBL,Property Wiard Limited,Sri Hari Securities Pvt. Ltd.,100,207.7,20770.0,2025-08-13 14:21:02.968492
2025-08-13,20227,2025081301011664,KBL,Naasa Securities Co. Ltd.,Sri Hari Securities Pvt. Ltd.,42,207.7,8723.4,2025-08-13 14:21:02.969371
2025-08-13,20226,2025081301011665,KBL,Citizens Share Broker Limited,Sri Hari Securities Pvt. Ltd.,10,207.7,2077.0,2025-08-13 14:21:02.970240
2025-08-13,20225,2025081301011666,KBL,Citizens Share Broker Limited,Sri Hari Securities Pvt. Ltd.,90,207.7,18693.0,2025-08-13 14:21:02.971103
2025-08-13,20224,2025081301011667,KBL,Property Wiard Limited,Sri Hari Securities Pvt. Ltd.,100,207.6,20760.0,2025-08-13 14:21:02.971957
2025-08-13,20223,2025081301011668,KBL,Kohinoor Investment & Securities Pvt. Ltd.,Sri Hari Securities Pvt. Ltd.,200,207.6,41520.0,2025-08-13 14:21:02.972811
2025-08-13,20222,2025081301011669,KBL,Dakshinkali Investment & Securities Pvt. Ltd.,Sri Hari Securities Pvt. Ltd.,318,207.5,65985.0,2025-08-13 14:21:02.973679
2025-08-13,20218,2025081301011670,KBL,Dakshinkali Investment & Securities Pvt. Ltd.,Aryatara Investment & Securities,618,207.5,128235.0,2025-08-13 14:21:04.600163
2025-08-13,20045,2025081301011711,KBL,Deevyaa Securities & Stock House Pvt. Ltd,Asian Securities Private Ltd.,20,207.9,4158.0,2025-08-13 14:21:38.328566
2025-08-13,20017,2025081301011717,KBL,Trisul Securities & Invt. Ltd.,Asian Securities Private Ltd.,771,207.9,160290.9,2025-08-13 14:21:44.041945
2025-08-13,19918,2025081301011724,KBL,Trisul Securities & Invt. Ltd.,Midas Stock Broking Company Private Limited,229,207.9,47609.1,2025-08-13 14:22:01.147361
2025-08-13,19917,2025081301011725,KBL,Linch Stock Market Ltd.,Midas Stock Broking Company Private Limited,70,207.9,14553.0,2025-08-13 14:22:01.148955
2025-08-13,19916,2025081301011726,KBL,Dakshinkali Investment & Securities Pvt. Ltd.,Midas Stock Broking Company Private Limited,64,207.5,13280.0,2025-08-13 14:22:01.150308
2025-08-13,19915,2025081301011727,KBL,Property Wiard Limited,Midas Stock Broking Company Private Limited,100,207.5,20750.0,2025-08-13 14:22:01.151590
2025-08-13,19914,2025081301011728,KBL,Sani Securities Company Ltd.,Midas Stock Broking Company Private Limited,100,207.5,20750.0,2025-08-13 14:22:01.152897
2025-08-13,19913,2025081301011729,KBL,Secured Securities Ltd.,Midas Stock Broking Company Private Limited,447,207.5,92752.5,2025-08-13 14:22:01.154245
2025-08-13,19787,2025081301011753,KBL,Secured Securities Ltd.,Midas Stock Broking Company Private Limited,553,207.5,114747.5,2025-08-13 14:22:24.281189
2025-08-13,19786,2025081301011754,KBL,Shree Krishna Securities Ltd.,Midas Stock Broking Company Private Limited,90,207.5,18675.0,2025-08-13 14:22:24.281731
2025-08-13,19785,2025081301011755,KBL,Thrive Brokerage House Pvt. Ltd,Midas Stock Broking Company Private Limited,37,207.5,7677.5,2025-08-13 14:22:24.282037
2025-08-13,19599,2025081301011815,KBL,Property Wiard Limited,Naasa Securities Co. Ltd.,100,207.4,20740.0,2025-08-13 14:23:05.592055
2025-08-13,19560,2025081301011826,KBL,Malla & Malla Stock Broking Company Pvt. Limited,Naasa Securities Co. Ltd.,70,207.4,14518.0,2025-08-13 14:23:18.053926
2025-08-13,19546,2025081301011831,KBL,Property Wiard Limited,Midas Stock Broking Company Private Limited,100,207.3,20730.0,2025-08-13 14:23:22.279899
2025-08-13,19448,2025081301011848,KBL,Neev Securities Pvt. Ltd.,Agrawal Securities (PVT) Ltd.,240,207.5,49800.0,2025-08-13 14:23:37.090447
2025-08-13,19346,2025081301011878,KBL,Neev Securities Pvt. Ltd.,Imperial Securities Company Pvt. Ltd.,1060,207.5,219950.0,2025-08-13 14:24:02.467687
2025-08-13,19345,2025081301011879,KBL,Property Wiard Limited,Imperial Securities Company Pvt. Ltd.,100,207.2,20720.0,2025-08-13 14:24:02.468995
2025-08-13,19344,2025081301011880,KBL,Sani Securities Company Ltd.,Imperial Securities Company Pvt. Ltd.,25,207.1,5177.5,2025-08-13 14:24:02.470097
2025-08-13,19343,2025081301011881,KBL,Cristal Kanchanjanga Securites Pvt. Ltd.,Imperial Securities Company Pvt. Ltd.,20,207.1,4142.0,2025-08-13 14:24:02.471204
2025-08-13,19342,2025081301011882,KBL,Property Wiard Limited,Imperial Securities Company Pvt. Ltd.,100,207.1,20710.0,2025-08-13 14:24:02.472166
2025-08-13,19341,2025081301011883,KBL,Vision Securities Pvt. Ltd,Imperial Securities Company Pvt. Ltd.,300,207.1,62130.0,2025-08-13 14:24:02.473181
2025-08-13,19340,2025081301011884,KBL,Hatemalo Financial Services Private Limited,Imperial Securities Company Pvt. Ltd.,10,207.0,2070.0,2025-08-13 14:24:02.474268
2025-08-13,19339,2025081301011885,KBL,Citizens Share Broker Limited,Imperial Securities Company Pvt. Ltd.,100,207.0,20700.0,2025-08-13 14:24:02.475236
2025-08-13,19338,2025081301011886,KBL,Aryatara Investment & Securities,Imperial Securities Company Pvt. Ltd.,500,207.0,103500.0,2025-08-13 14:24:02.476255
2025-08-13,19337,2025081301011887,KBL,Sri Hari Securities Pvt. Ltd.,Imperial Securities Company Pvt. Ltd.,10,207.0,2070.0,2025-08-13 14:24:02.477244
2025-08-13,19336,2025081301011888,KBL,Property Wiard Limited,Imperial Securities Company Pvt. Ltd.,100,207.0,20700.0,2025-08-13 14:24:02.478318
2025-08-13,19335,2025081301011889,KBL,Sani Securities Company Ltd.,Imperial Securities Company Pvt. Ltd.,241,207.0,49887.0,2025-08-13 14:24:02.479323
2025-08-13,19334,2025081301011890,KBL,Thrive Brokerage House Pvt. Ltd,Imperial Securities Company Pvt. Ltd.,20,207.0,4140.0,2025-08-13 14:24:02.480300
2025-08-13,19333,2025081301011891,KBL,Creative Securities Pvt Ltd,Imperial Securities Company Pvt. Ltd.,1000,207.0,207000.0,2025-08-13 14:24:02.480840
2025-08-13,19332,2025081301011892,KBL,Kohinoor Investment & Securities Pvt. Ltd.,Imperial Securities Company Pvt. Ltd.,15,207.0,3105.0,2025-08-13 14:24:02.481185
2025-08-13,19331,2025081301011893,KBL,Aryatara Investment & Securities,Imperial Securities Company Pvt. Ltd.,500,207.0,103500.0,2025-08-13 14:24:02.481519
2025-08-13,19330,2025081301011894,KBL,Asian Securities Private Ltd.,Imperial Securities Company Pvt. Ltd.,100,207.0,20700.0,2025-08-13 14:24:02.481933
2025-08-13,19329,2025081301011895,KBL,Opal Securities Investment (PVT) Ltd.,Imperial Securities Company Pvt. Ltd.,500,207.0,103500.0,2025-08-13 14:24:02.482280
2025-08-13,19328,2025081301011896,KBL,Naasa Securities Co. Ltd.,Imperial Securities Company Pvt. Ltd.,50,207.0,10350.0,2025-08-13 14:24:02.482641
2025-08-13,19327,2025081301011897,KBL,Sri Hari Securities Pvt. Ltd.,Imperial Securities Company Pvt. Ltd.,198,207.0,40986.0,2025-08-13 14:24:02.482997
2025-08-13,19326,2025081301011898,KBL,Asian Securities Private Ltd.,Imperial Securities Company Pvt. Ltd.,100,207.0,20700.0,2025-08-13 14:24:02.483334
2025-08-13,19325,2025081301011899,KBL,Infinity Securities Limited,Imperial Securities Company Pvt. Ltd.,3000,207.0,621000.0,2025-08-13 14:24:02.483637
2025-08-13,19324,2025081301011900,KBL,Trishakti Securities Public Limited,Imperial Securities Company Pvt. Ltd.,100,207.0,20700.0,2025-08-13 14:24:02.483976
2025-08-13,19323,2025081301011901,KBL,Hatemalo Financial Services Private Limited,Imperial Securities Company Pvt. Ltd.,500,207.0,103500.0,2025-08-13 14:24:02.484321
2025-08-13,19322,2025081301011902,KBL,Nepal Investment And Securities Trading Private Limited,Imperial Securities Company Pvt. Ltd.,50,207.0,10350.0,2025-08-13 14:24:02.484648
2025-08-13,19321,2025081301011903,KBL,Elite Stock House Limited,Imperial Securities Company Pvt. Ltd.,500,207.0,103500.0,2025-08-13 14:24:02.484999
2025-08-13,19320,2025081301011904,KBL,Sweta Securities Private Limited,Imperial Securities Company Pvt. Ltd.,1000,207.0,207000.0,2025-08-13 14:24:02.485350
2025-08-13,19319,2025081301011905,KBL,Vision Securities Pvt. Ltd,Imperial Securities Company Pvt. Ltd.,200,207.0,41400.0,2025-08-13 14:24:02.485670
2025-08-13,19318,2025081301011906,KBL,ABC Securities Private Limited,Imperial Securities Company Pvt. Ltd.,500,207.0,103500.0,2025-08-13 14:24:02.486009
2025-08-13,19317,2025081301011907,KBL,Nepal Stock House (PVT) Ltd.,Imperial Securities Company Pvt. Ltd.,20,207.0,4140.0,2025-08-13 14:24:02.486342
2025-08-13,19316,2025081301011908,KBL,Aryatara Investment & Securities,Imperial Securities Company Pvt. Ltd.,10,207.0,2070.0,2025-08-13 14:24:02.486649
2025-08-13,19315,2025081301011909,KBL,Trishakti Securities Public Limited,Imperial Securities Company Pvt. Ltd.,450,207.0,93150.0,2025-08-13 14:24:02.486945
2025-08-13,19314,2025081301011910,KBL,Primo Securities (PVT) Ltd.,Imperial Securities Company Pvt. Ltd.,200,207.0,41400.0,2025-08-13 14:24:02.487293
2025-08-13,19313,2025081301011911,KBL,ABC Securities Private Limited,Imperial Securities Company Pvt. Ltd.,300,207.0,62100.0,2025-08-13 14:24:02.487613
2025-08-13,19312,2025081301011912,KBL,Trishakti Securities Public Limited,Imperial Securities Company Pvt. Ltd.,40,207.0,8280.0,2025-08-13 14:24:02.487927
2025-08-13,19311,2025081301011913,KBL,Arun Securities (PVT) Ltd.,Imperial Securities Company Pvt. Ltd.,110,207.0,22770.0,2025-08-13 14:24:02.488269
2025-08-13,19310,2025081301011914,KBL,Aryatara Investment & Securities,Imperial Securities Company Pvt. Ltd.,15,207.0,3105.0,2025-08-13 14:24:02.488568
2025-08-13,19309,2025081301011915,KBL,Imperial Securities Company Pvt. Ltd.,Imperial Securities Company Pvt. Ltd.,65,207.0,13455.0,2025-08-13 14:24:02.488888
2025-08-13,19308,2025081301011916,KBL,Sewa Securities Pvt. Ltd.,Imperial Securities Company Pvt. Ltd.,700,207.0,144900.0,2025-08-13 14:24:02.489230
2025-08-13,19307,2025081301011917,KBL,Kohinoor Investment & Securities Pvt. Ltd.,Imperial Securities Company Pvt. Ltd.,100,207.0,20700.0,2025-08-13 14:24:02.489555
2025-08-13,19306,2025081301011918,KBL,Agrawal Securities (PVT) Ltd.,Imperial Securities Company Pvt. Ltd.,1000,207.0,207000.0,2025-08-13 14:24:02.489857
2025-08-13,19305,2025081301011919,KBL,Imperial Securities Company Pvt. Ltd.,Imperial Securities Company Pvt. Ltd.,80,207.0,16560.0,2025-08-13 14:24:02.490194
2025-08-13,19304,2025081301011920,KBL,Ashutosh Brokerage & Securities (PVT) Ltd.,Imperial Securities Company Pvt. Ltd.,1000,207.0,207000.0,2025-08-13 14:24:02.490516
2025-08-13,19303,2025081301011921,KBL,BHOLE GANESH SECURITIES LTD,Imperial Securities Company Pvt. Ltd.,11,207.0,2277.0,2025-08-13 14:24:02.490820
2025-08-13,19191,2025081301011942,KBL,Dipshikha Dhitopatra Karobar Co. Pvt Ltd.,Dynamic Money Managers Securities Pvt. Ltd.,9,207.0,1863.0,2025-08-13 14:24:26.698643
2025-08-13,19001,2025081301011977,KBL,Machhapuchchhre Securities Limited,Imperial Securities Company Pvt. Ltd.,10,208.0,2080.0,2025-08-13 14:25:10.658669
2025-08-13,18985,2025081301011980,KBL,BHOLE GANESH SECURITIES LTD,Imperial Securities Company Pvt. Ltd.,89,207.0,18423.0,2025-08-13 14:25:17.586462
2025-08-13,18984,2025081301011981,KBL,Primo Securities (PVT) Ltd.,Imperial Securities Company Pvt. Ltd.,677,207.0,140139.0,2025-08-13 14:25:17.587522
2025-08-13,18983,2025081301011982,KBL,Market Securities & Exchange (PVT) Ltd.,Imperial Securities Company Pvt. Ltd.,200,207.0,41400.0,2025-08-13 14:25:17.588322
2025-08-13,18982,2025081301011983,KBL,Sundhara Securities Limited,Imperial Securities Company Pvt. Ltd.,225,207.0,46575.0,2025-08-13 14:25:17.589170
2025-08-13,18981,2025081301011984,KBL,INDEX SECURITIES LIMITED,Imperial Securities Company Pvt. Ltd.,100,207.0,20700.0,2025-08-13 14:25:17.590068
2025-08-13,18980,2025081301011985,KBL,Naasa Securities Co. Ltd.,Imperial Securities Company Pvt. Ltd.,40,207.0,8280.0,2025-08-13 14:25:17.590957
2025-08-13,18979,2025081301011986,KBL,Imperial Securities Company Pvt. Ltd.,Imperial Securities Company Pvt. Ltd.,200,207.0,41400.0,2025-08-13 14:25:17.591494
2025-08-13,18978,2025081301011987,KBL,Dipshikha Dhitopatra Karobar Co. Pvt Ltd.,Imperial Securities Company Pvt. Ltd.,1000,207.0,207000.0,2025-08-13 14:25:17.591776
2025-08-13,18977,2025081301011988,KBL,Shree Krishna Securities Ltd.,Imperial Securities Company Pvt. Ltd.,10,207.0,2070.0,2025-08-13 14:25:17.592060
2025-08-13,18976,2025081301011989,KBL,Dipshikha Dhitopatra Karobar Co. Pvt Ltd.,Imperial Securities Company Pvt. Ltd.,170,207.0,35190.0,2025-08-13 14:25:17.592327
2025-08-13,18975,2025081301011990,KBL,Oxford Securities Pvt. Ltd.,Imperial Securities Company Pvt. Ltd.,50,207.0,10350.0,2025-08-13 14:25:17.592600
2025-08-13,18974,2025081301011991,KBL,Premier Securities Company Ltd.,Imperial Securities Company Pvt. Ltd.,497,207.0,102879.0,2025-08-13 14:25:17.592874
2025-08-13,18973,2025081301011992,KBL,Online Securities Pvt. Ltd.,Imperial Securities Company Pvt. Ltd.,50,207.0,10350.0,2025-08-13 14:25:17.593169
2025-08-13,18817,2025081301012029,KBL,Trisul Securities & Invt. Ltd.,Imperial Securities Company Pvt. Ltd.,50,206.8,10340.0,2025-08-13 14:25:54.042604
2025-08-13,18816,2025081301012030,KBL,ABC Securities Private Limited,Imperial Securities Company Pvt. Ltd.,300,206.5,61950.0,2025-08-13 14:25:54.043661
2025-08-13,18815,2025081301012031,KBL,Blue Chip Securities Ltd,Imperial Securities Company Pvt. Ltd.,100,206.4,20640.0,2025-08-13 14:25:54.044471
2025-08-13,18814,2025081301012032,KBL,Online Securities Pvt. Ltd.,Imperial Securities Company Pvt. Ltd.,150,206.3,30945.0,2025-08-13 14:25:54.045258
2025-08-13,18813,2025081301012033,KBL,Sumeru Securities Pvt. Ltd.,Imperial Securities Company Pvt. Ltd.,500,206.1,103050.0,2025-08-13 14:25:54.046073
2025-08-13,18812,2025081301012034,KBL,J.F. Securites (PVT) Ltd.,Imperial Securities Company Pvt. Ltd.,100,206.1,20610.0,2025-08-13 14:25:54.046887
2025-08-13,18811,2025081301012035,KBL,Capital Max Securities Ltd,Imperial Securities Company Pvt. Ltd.,1000,206.0,206000.0,2025-08-13 14:25:54.047692
2025-08-13,18810,2025081301012036,KBL,Aryatara Investment & Securities,Imperial Securities Company Pvt. Ltd.,50,206.0,10300.0,2025-08-13 14:25:54.048514
2025-08-13,18809,2025081301012037,KBL,Online Securities Pvt. Ltd.,Imperial Securities Company Pvt. Ltd.,20,206.0,4120.0,2025-08-13 14:25:54.049295
2025-08-13,18808,2025081301012038,KBL,J.F. Securites (PVT) Ltd.,Imperial Securities Company Pvt. Ltd.,200,206.0,41200.0,2025-08-13 14:25:54.050076
2025-08-13,18807,2025081301012039,KBL,Kohinoor Investment & Securities Pvt. Ltd.,Imperial Securities Company Pvt. Ltd.,10,206.0,2060.0,2025-08-13 14:25:54.050846
2025-08-13,18806,2025081301012040,KBL,Aakashbhairab Securities Ltd.,Imperial Securities Company Pvt. Ltd.,1000,206.0,206000.0,2025-08-13 14:25:54.051617
2025-08-13,18805,2025081301012041,KBL,Deevyaa Securities & Stock House Pvt. Ltd,Imperial Securities Company Pvt. Ltd.,100,206.0,20600.0,2025-08-13 14:25:54.052241
2025-08-13,18804,2025081301012042,KBL,Sri Hari Securities Pvt. Ltd.,Imperial Securities Company Pvt. Ltd.,72,206.0,14832.0,2025-08-13 14:25:54.052498
2025-08-13,17640,2025081301012250,KBL,Machhapuchchhre Securities Limited,Online Securities Pvt. Ltd.,10,207.5,2075.0,2025-08-13 14:29:26.274266
2025-08-13,17139,2025081301012393,KBL,Sweta Securities Private Limited,Naasa Securities Co. Ltd.,50,206.6,10330.0,2025-08-13 14:30:58.500284
2025-08-13,16903,2025081301012450,KBL,Kohinoor Investment & Securities Pvt. Ltd.,Online Securities Pvt. Ltd.,10,207.5,2075.0,2025-08-13 14:31:49.198230
2025-08-13,16278,2025081301012558,KBL,Dipshikha Dhitopatra Karobar Co. Pvt Ltd.,Imperial Securities Company Pvt. Ltd.,10,206.7,2067.0,2025-08-13 14:34:04.662631
2025-08-13,16277,2025081301012559,KBL,Sweta Securities Private Limited,Imperial Securities Company Pvt. Ltd.,450,206.6,92970.0,2025-08-13 14:34:04.663182
2025-08-13,16276,2025081301012560,KBL,ABC Securities Private Limited,Imperial Securities Company Pvt. Ltd.,150,206.5,30975.0,2025-08-13 14:34:04.663534
2025-08-13,16275,2025081301012561,KBL,Naasa Securities Co. Ltd.,Imperial Securities Company Pvt. Ltd.,200,206.5,41300.0,2025-08-13 14:34:04.663878
2025-08-13,16274,2025081301012562,KBL,Trishakti Securities Public Limited,Imperial Securities Company Pvt. Ltd.,900,206.3,185670.0,2025-08-13 14:34:04.664195
2025-08-13,16273,2025081301012563,KBL,Dipshikha Dhitopatra Karobar Co. Pvt Ltd.,Imperial Securities Company Pvt. Ltd.,250,206.2,51550.0,2025-08-13 14:34:04.664515
2025-08-13,16272,2025081301012564,KBL,Vision Securities Pvt. Ltd,Imperial Securities Company Pvt. Ltd.,40,206.2,8248.0,2025-08-13 14:34:04.664869
2025-08-13,16169,2025081301012610,KBL,Kohinoor Investment & Securities Pvt. Ltd.,Online Securities Pvt. Ltd.,10,207.5,2075.0,2025-08-13 14:34:20.132131
2025-08-13,16165,2025081301012613,KBL,Vision Securities Pvt. Ltd,Naasa Securities Co. Ltd.,90,206.2,18558.0,2025-08-13 14:34:21.115009
2025-08-13,15811,2025081301012684,KBL,Sani Securities Company Ltd.,Online Securities Pvt. Ltd.,10,207.5,2075.0,2025-08-13 14:35:19.165992
2025-08-13,15455,2025081301012736,KBL,J.F. Securites (PVT) Ltd.,INDEX SECURITIES LIMITED,25,207.0,5175.0,2025-08-13 14:36:08.370199
2025-08-13,15080,2025081301012811,KBL,Ashutosh Brokerage & Securities (PVT) Ltd.,Cristal Kanchanjanga Securites Pvt. Ltd.,100,206.5,20650.0,2025-08-13 14:36:57.518458
2025-08-13,15079,2025081301012812,KBL,Kumari Securities Private Limited,Cristal Kanchanjanga Securites Pvt. Ltd.,100,206.3,20630.0,2025-08-13 14:36:57.519536
2025-08-13,15078,2025081301012813,KBL,Vision Securities Pvt. Ltd,Cristal Kanchanjanga Securites Pvt. Ltd.,70,206.2,14434.0,2025-08-13 14:36:57.520396
2025-08-13,15077,2025081301012814,KBL,INDEX SECURITIES LIMITED,Cristal Kanchanjanga Securites Pvt. Ltd.,1000,206.2,206200.0,2025-08-13 14:36:57.521233
2025-08-13,15076,2025081301012815,KBL,INDEX SECURITIES LIMITED,Cristal Kanchanjanga Securites Pvt. Ltd.,200,206.2,41240.0,2025-08-13 14:36:57.522119
2025-08-13,15075,2025081301012816,KBL,Kohinoor Investment & Securities Pvt. Ltd.,Cristal Kanchanjanga Securites Pvt. Ltd.,800,206.1,164880.0,2025-08-13 14:36:57.522973
2025-08-13,15074,2025081301012817,KBL,Sewa Securities Pvt. Ltd.,Cristal Kanchanjanga Securites Pvt. Ltd.,1000,206.1,206100.0,2025-08-13 14:36:57.523813
2025-08-13,15073,2025081301012818,KBL,Naasa Securities Co. Ltd.,Cristal Kanchanjanga Securites Pvt. Ltd.,76,206.1,15663.6,2025-08-13 14:36:57.524657
2025-08-13,15072,2025081301012819,KBL,Malla & Malla Stock Broking Company Pvt. Limited,Cristal Kanchanjanga Securites Pvt. Ltd.,1654,206.1,340889.4,2025-08-13 14:36:57.525491
2025-08-13,14878,2025081301012868,KBL,Malla & Malla Stock Broking Company Pvt. Limited,Vision Securities Pvt. Ltd,62,206.1,12778.2,2025-08-13 14:37:24.702861
2025-08-13,14877,2025081301012869,KBL,Sri Hari Securities Pvt. Ltd.,Vision Securities Pvt. Ltd,128,206.0,26368.0,2025-08-13 14:37:24.704054
2025-08-13,14876,2025081301012870,KBL,ABC Securities Private Limited,Vision Securities Pvt. Ltd,200,206.0,41200.0,2025-08-13 14:37:24.704977
2025-08-13,14875,2025081301012871,KBL,Agrawal Securities (PVT) Ltd.,Vision Securities Pvt. Ltd,100,206.0,20600.0,2025-08-13 14:37:24.705991
2025-08-13,14874,2025081301012872,KBL,Naasa Securities Co. Ltd.,Vision Securities Pvt. Ltd,50,206.0,10300.0,2025-08-13 14:37:24.706954
2025-08-13,14873,2025081301012873,KBL,Sweta Securities Private Limited,Vision Securities Pvt. Ltd,500,206.0,103000.0,2025-08-13 14:37:24.707949
2025-08-13,14872,2025081301012874,KBL,Kohinoor Investment & Securities Pvt. Ltd.,Vision Securities Pvt. Ltd,240,206.0,49440.0,2025-08-13 14:37:24.708884
2025-08-13,14871,2025081301012875,KBL,Midas Stock Broking Company Private Limited,Vision Securities Pvt. Ltd,300,206.0,61800.0,2025-08-13 14:37:24.709866
2025-08-13,14870,2025081301012876,KBL,Sumeru Securities Pvt. Ltd.,Vision Securities Pvt. Ltd,50,206.0,10300.0,2025-08-13 14:37:24.710503
2025-08-13,14869,2025081301012877,KBL,Naasa Securities Co. Ltd.,Vision Securities Pvt. Ltd,240,206.0,49440.0,2025-08-13 14:37:24.710799
2025-08-13,14868,2025081301012878,KBL,Nepal Stock House (PVT) Ltd.,Vision Securities Pvt. Ltd,400,206.0,82400.0,2025-08-13 14:37:24.711092
2025-08-13,14867,2025081301012879,KBL,Secured Securities Ltd.,Vision Securities Pvt. Ltd,1000,206.0,206000.0,2025-08-13 14:37:24.711378
2025-08-13,14866,2025081301012880,KBL,Aryatara Investment & Securities,Vision Securities Pvt. Ltd,500,206.0,103000.0,2025-08-13 14:37:24.711680
2025-08-13,14865,2025081301012881,KBL,Linch Stock Market Ltd.,Vision Securities Pvt. Ltd,728,206.0,149968.0,2025-08-13 14:37:24.711962
2025-08-13,14864,2025081301012882,KBL,Kohinoor Investment & Securities Pvt. Ltd.,Vision Securities Pvt. Ltd,25,206.0,5150.0,2025-08-13 14:37:24.712283
2025-08-13,14863,2025081301012883,KBL,Sani Securities Company Ltd.,Vision Securities Pvt. Ltd,100,206.0,20600.0,2025-08-13 14:37:24.712570
2025-08-13,14862,2025081301012884,KBL,South Asian Bulls Pvt. Ltd.,Vision Securities Pvt. Ltd,500,206.0,103000.0,2025-08-13 14:37:24.712858
2025-08-13,14861,2025081301012885,KBL,Naasa Securities Co. Ltd.,Vision Securities Pvt. Ltd,10,206.0,2060.0,2025-08-13 14:37:24.713149
2025-08-13,14860,2025081301012886,KBL,Imperial Securities Company Pvt. Ltd.,Vision Securities Pvt. Ltd,50,206.0,10300.0,2025-08-13 14:37:24.713456
2025-08-13,14859,2025081301012887,KBL,Deevyaa Securities & Stock House Pvt. Ltd,Vision Securities Pvt. Ltd,500,206.0,103000.0,2025-08-13 14:37:24.713744
2025-08-13,14773,2025081301012902,KBL,Linch Stock Market Ltd.,Oxford Securities Pvt. Ltd.,53,206.0,10918.0,2025-08-13 14:37:33.952413
2025-08-13,14284,2025081301013001,KBL,Market Securities & Exchange (PVT) Ltd.,Imperial Securities Company Pvt. Ltd.,50,206.1,10305.0,2025-08-13 14:38:41.311990
2025-08-13,14283,2025081301013002,KBL,Imperial Securities Company Pvt. Ltd.,Imperial Securities Company Pvt. Ltd.,50,206.1,10305.0,2025-08-13 14:38:41.313196
2025-08-13,14282,2025081301013003,KBL,Linch Stock Market Ltd.,Imperial Securities Company Pvt. Ltd.,97,206.0,19982.0,2025-08-13 14:38:41.314140
2025-08-13,14281,2025081301013004,KBL,Investment Management Nepal Pvt. Ltd.,Imperial Securities Company Pvt. Ltd.,300,206.0,61800.0,2025-08-13 14:38:41.315055
2025-08-13,14280,2025081301013005,KBL,Dynamic Money Managers Securities Pvt. Ltd.,Imperial Securities Company Pvt. Ltd.,1000,206.0,206000.0,2025-08-13 14:38:41.315965
2025-08-13,14279,2025081301013006,KBL,Aryatara Investment & Securities,Imperial Securities Company Pvt. Ltd.,2000,206.0,412000.0,2025-08-13 14:38:41.316890
2025-08-13,14278,2025081301013007,KBL,Deevyaa Securities & Stock House Pvt. Ltd,Imperial Securities Company Pvt. Ltd.,100,206.0,20600.0,2025-08-13 14:38:41.317775
2025-08-13,14277,2025081301013008,KBL,Nepal Stock House (PVT) Ltd.,Imperial Securities Company Pvt. Ltd.,30,206.0,6180.0,2025-08-13 14:38:41.318704
2025-08-13,14276,2025081301013009,KBL,Online Securities Pvt. Ltd.,Imperial Securities Company Pvt. Ltd.,17,206.0,3502.0,2025-08-13 14:38:41.319571
2025-08-13,14275,2025081301013010,KBL,Nepal Stock House (PVT) Ltd.,Imperial Securities Company Pvt. Ltd.,15,206.0,3090.0,2025-08-13 14:38:41.320540
2025-08-13,14274,2025081301013011,KBL,South Asian Bulls Pvt. Ltd.,Imperial Securities Company Pvt. Ltd.,50,206.0,10300.0,2025-08-13 14:38:41.321173
2025-08-13,14273,2025081301013012,KBL,Aryatara Investment & Securities,Imperial Securities Company Pvt. Ltd.,20,206.0,4120.0,2025-08-13 14:38:41.321444
2025-08-13,14272,2025081301013013,KBL,Dipshikha Dhitopatra Karobar Co. Pvt Ltd.,Imperial Securities Company Pvt. Ltd.,200,206.0,41200.0,2025-08-13 14:38:41.321721
2025-08-13,14271,2025081301013014,KBL,Dipshikha Dhitopatra Karobar Co. Pvt Ltd.,Imperial Securities Company Pvt. Ltd.,1000,206.0,206000.0,2025-08-13 14:38:41.321989
2025-08-13,14270,2025081301013015,KBL,Oxford Securities Pvt. Ltd.,Imperial Securities Company Pvt. Ltd.,100,206.0,20600.0,2025-08-13 14:38:41.322269
2025-08-13,14269,2025081301013016,KBL,Investment Management Nepal Pvt. Ltd.,Imperial Securities Company Pvt. Ltd.,100,206.0,20600.0,2025-08-13 14:38:41.322548
2025-08-13,14268,2025081301013017,KBL,Secured Securities Ltd.,Imperial Securities Company Pvt. Ltd.,200,206.0,41200.0,2025-08-13 14:38:41.322816
2025-08-13,14267,2025081301013018,KBL,Sweta Securities Private Limited,Imperial Securities Company Pvt. Ltd.,50,206.0,10300.0,2025-08-13 14:38:41.323077
2025-08-13,14266,2025081301013019,KBL,Asian Securities Private Ltd.,Imperial Securities Company Pvt. Ltd.,150,206.0,30900.0,2025-08-13 14:38:41.323345
2025-08-13,14265,2025081301013020,KBL,Secured Securities Ltd.,Imperial Securities Company Pvt. Ltd.,50,206.0,10300.0,2025-08-13 14:38:41.323620
2025-08-13,14264,2025081301013021,KBL,Sri Hari Securities Pvt. Ltd.,Imperial Securities Company Pvt. Ltd.,580,206.0,119480.0,2025-08-13 14:38:41.323915
2025-08-13,14263,2025081301013022,KBL,Agrawal Securities (PVT) Ltd.,Imperial Securities Company Pvt. Ltd.,200,206.0,41200.0,2025-08-13 14:38:41.324180
2025-08-13,14262,2025081301013023,KBL,Siprabi Securities Pvt. Ltd.,Imperial Securities Company Pvt. Ltd.,500,206.0,103000.0,2025-08-13 14:38:41.324485
2025-08-13,14261,2025081301013024,KBL,Premier Securities Company Ltd.,Imperial Securities Company Pvt. Ltd.,400,206.0,82400.0,2025-08-13 14:38:41.324755
2025-08-13,14260,2025081301013025,KBL,Nabil Stock Dealer Ltd.,Imperial Securities Company Pvt. Ltd.,250,206.0,51500.0,2025-08-13 14:38:41.325021
2025-08-13,14259,2025081301013026,KBL,Neev Securities Pvt. Ltd.,Imperial Securities Company Pvt. Ltd.,1100,206.0,226600.0,2025-08-13 14:38:41.325306
2025-08-13,14258,2025081301013027,KBL,Swarna Laxmi Securities Pvt. Ltd.,Imperial Securities Company Pvt. Ltd.,500,206.0,103000.0,2025-08-13 14:38:41.325577
2025-08-13,14257,2025081301013028,KBL,Sri Hari Securities Pvt. Ltd.,Imperial Securities Company Pvt. Ltd.,500,206.0,103000.0,2025-08-13 14:38:41.325846
2025-08-13,14256,2025081301013029,KBL,Online Securities Pvt. Ltd.,Imperial Securities Company Pvt. Ltd.,2000,206.0,412000.0,2025-08-13 14:38:41.326130
2025-08-13,14255,2025081301013030,KBL,Linch Stock Market Ltd.,Imperial Securities Company Pvt. Ltd.,391,206.0,80546.0,2025-08-13 14:38:41.326392
2025-08-13,14224,2025081301013053,KBL,Swarna Laxmi Securities Pvt. Ltd.,Midas Stock Broking Company Private Limited,500,206.0,103000.0,2025-08-13 14:38:45.226192
2025-08-13,14223,2025081301013054,KBL,Himalayan Brokerage Company Limited,Midas Stock Broking Company Private Limited,10,206.0,2060.0,2025-08-13 14:38:45.227225
2025-08-13,14222,2025081301013055,KBL,Kohinoor Investment & Securities Pvt. Ltd.,Midas Stock Broking Company Private Limited,270,206.0,55620.0,2025-08-13 14:38:45.228109
2025-08-13,14202,2025081301013057,KBL,Machhapuchchhre Securities Limited,Midas Stock Broking Company Private Limited,10,206.0,2060.0,2025-08-13 14:38:51.763322
2025-08-13,14199,2025081301013058,KBL,Oxford Securities Pvt. Ltd.,Midas Stock Broking Company Private Limited,50,206.0,10300.0,2025-08-13 14:38:52.564085
2025-08-13,13871,2025081301013118,KBL,Kohinoor Investment & Securities Pvt. Ltd.,Midas Stock Broking Company Private Limited,21,206.0,4326.0,2025-08-13 14:39:35.279801
2025-08-13,13861,2025081301013119,KBL,Naasa Securities Co. Ltd.,Midas Stock Broking Company Private Limited,25,206.0,5150.0,2025-08-13 14:39:37.897086
