Date,S.N.,Contract ID,Symbol,Buyer Broker,Seller Broker,quantity,rate,amount,transaction_time
2025-08-13,69332,2025081304000116,UNHPL,Imperial Securities Company Pvt. Ltd.,Bhrikuti Stock Broking Co. Pvt. Ltd.,300,386.0,115800.0,2025-08-13 11:04:19.194487
2025-08-13,69331,2025081304000117,UNHPL,Imperial Securities Company Pvt. Ltd.,Dynamic Money Managers Securities Pvt. Ltd.,10,386.0,3860.0,2025-08-13 11:04:19.194598
2025-08-13,66281,2025081304000881,UNHPL,Nabil Stock Dealer Ltd.,Naasa Securities Co. Ltd.,521,385.0,200585.0,2025-08-13 11:19:27.566692
2025-08-13,66280,2025081304000882,UNHPL,Nabil Stock Dealer Ltd.,Arun Securities (PVT) Ltd.,979,385.9,377796.1,2025-08-13 11:19:27.566769
2025-08-13,66165,2025081304000917,UNHPL,Sani Securities Company Ltd.,Arun Securities (PVT) Ltd.,500,385.9,192950.0,2025-08-13 11:19:56.445532
2025-08-13,64998,2025081304001223,UNHPL,Sewa Securities Pvt. Ltd.,Aryatara Investment & Securities,50,383.0,19150.0,2025-08-13 11:23:54.137773
2025-08-13,64846,2025081304001252,UNHPL,Dipshikha Dhitopatra Karobar Co. Pvt Ltd.,South Asian Bulls Pvt. Ltd.,50,382.0,19100.0,2025-08-13 11:24:43.744751
2025-08-13,64845,2025081304001253,UNHPL,Market Securities & Exchange (PVT) Ltd.,South Asian Bulls Pvt. Ltd.,500,382.0,191000.0,2025-08-13 11:24:43.744826
2025-08-13,64705,2025081304001287,UNHPL,Imperial Securities Company Pvt. Ltd.,J.F. Securites (PVT) Ltd.,200,381.2,76240.0,2025-08-13 11:25:10.574876
2025-08-13,64552,2025081304001319,UNHPL,Dynamic Money Managers Securities Pvt. Ltd.,J.F. Securites (PVT) Ltd.,534,380.3,203080.2,2025-08-13 11:25:50.746490
2025-08-13,64484,2025081304001341,UNHPL,Sani Securities Company Ltd.,Investment Management Nepal Pvt. Ltd.,150,381.0,57150.0,2025-08-13 11:26:09.856608
2025-08-13,63461,2025081304001536,UNHPL,ABC Securities Private Limited,Aryatara Investment & Securities,121,382.0,46222.0,2025-08-13 11:30:14.924649
2025-08-13,63079,2025081304001668,UNHPL,Dipshikha Dhitopatra Karobar Co. Pvt Ltd.,Online Securities Pvt. Ltd.,20,382.0,7640.0,2025-08-13 11:31:27.697678
2025-08-13,62372,2025081304001876,UNHPL,Sani Securities Company Ltd.,Sani Securities Company Ltd.,50,381.0,19050.0,2025-08-13 11:33:35.286447
2025-08-13,61808,2025081304002018,UNHPL,ABC Securities Private Limited,Sani Securities Company Ltd.,170,380.4,64668.0,2025-08-13 11:35:46.904474
2025-08-13,60013,2025081304002442,UNHPL,Sri Hari Securities Pvt. Ltd.,Sharepro Securities Private Limited,200,382.8,76560.0,2025-08-13 11:42:52.704463
2025-08-13,60012,2025081304002443,UNHPL,Sri Hari Securities Pvt. Ltd.,Aryatara Investment & Securities,100,382.9,38290.0,2025-08-13 11:42:52.704643
2025-08-13,60011,2025081304002444,UNHPL,Sri Hari Securities Pvt. Ltd.,Capital Max Securities Ltd,200,383.0,76600.0,2025-08-13 11:42:52.704762
2025-08-13,60010,2025081304002445,UNHPL,Sri Hari Securities Pvt. Ltd.,Sundhara Securities Limited,100,383.0,38300.0,2025-08-13 11:42:52.704878
2025-08-13,60009,2025081304002446,UNHPL,Sri Hari Securities Pvt. Ltd.,Naasa Securities Co. Ltd.,10,384.0,3840.0,2025-08-13 11:42:52.704991
2025-08-13,60008,2025081304002447,UNHPL,Sri Hari Securities Pvt. Ltd.,South Asian Bulls Pvt. Ltd.,500,384.0,192000.0,2025-08-13 11:42:52.705100
2025-08-13,59281,2025081304002687,UNHPL,Sri Hari Securities Pvt. Ltd.,South Asian Bulls Pvt. Ltd.,450,384.0,172800.0,2025-08-13 11:45:19.788219
2025-08-13,58534,2025081304002863,UNHPL,Sri Hari Securities Pvt. Ltd.,Infinity Securities Limited,1000,385.5,385500.0,2025-08-13 11:48:21.118028
2025-08-13,57461,2025081304003149,UNHPL,Bhrikuti Stock Broking Co. Pvt. Ltd.,Naasa Securities Co. Ltd.,100,385.9,38590.0,2025-08-13 11:53:08.962409
2025-08-13,55980,2025081304003478,UNHPL,Linch Stock Market Ltd.,Secured Securities Ltd.,100,382.0,38200.0,2025-08-13 11:59:09.882028
2025-08-13,55853,2025081304003500,UNHPL,Sri Hari Securities Pvt. Ltd.,Secured Securities Ltd.,100,382.0,38200.0,2025-08-13 11:59:44.367365
2025-08-13,54691,2025081304003729,UNHPL,Sri Hari Securities Pvt. Ltd.,Aryatara Investment & Securities,50,385.8,19290.0,2025-08-13 12:04:11.046702
2025-08-13,54690,2025081304003730,UNHPL,Sri Hari Securities Pvt. Ltd.,Naasa Securities Co. Ltd.,999,385.9,385514.1,2025-08-13 12:04:11.046822
2025-08-13,54689,2025081304003731,UNHPL,Sri Hari Securities Pvt. Ltd.,Citizens Share Broker Limited,30,385.9,11577.0,2025-08-13 12:04:11.046868
2025-08-13,53951,2025081304003892,UNHPL,Sri Hari Securities Pvt. Ltd.,Aryatara Investment & Securities,1000,385.9,385900.0,2025-08-13 12:07:11.727086
2025-08-13,53893,2025081304003902,UNHPL,Sri Hari Securities Pvt. Ltd.,Kumari Securities Private Limited,100,386.0,38600.0,2025-08-13 12:07:24.872552
2025-08-13,53892,2025081304003903,UNHPL,Sri Hari Securities Pvt. Ltd.,Secured Securities Ltd.,500,386.0,193000.0,2025-08-13 12:07:24.872665
2025-08-13,53760,2025081304003937,UNHPL,Sani Securities Company Ltd.,Naasa Securities Co. Ltd.,100,387.0,38700.0,2025-08-13 12:07:51.363372
2025-08-13,53759,2025081304003938,UNHPL,Sani Securities Company Ltd.,Aryatara Investment & Securities,400,387.0,154800.0,2025-08-13 12:07:51.363473
2025-08-13,53473,2025081304004016,UNHPL,Sri Hari Securities Pvt. Ltd.,Bhrikuti Stock Broking Co. Pvt. Ltd.,400,387.9,155160.0,2025-08-13 12:09:03.706457
2025-08-13,53256,2025081304004062,UNHPL,Agrawal Securities (PVT) Ltd.,Bhrikuti Stock Broking Co. Pvt. Ltd.,20,389.5,7790.0,2025-08-13 12:10:03.140053
2025-08-13,52583,2025081304004220,UNHPL,Sweta Securities Private Limited,South Asian Bulls Pvt. Ltd.,200,389.0,77800.0,2025-08-13 12:13:00.332583
2025-08-13,52582,2025081304004221,UNHPL,Sweta Securities Private Limited,Bhrikuti Stock Broking Co. Pvt. Ltd.,180,389.5,70110.0,2025-08-13 12:13:00.332813
2025-08-13,52581,2025081304004222,UNHPL,Sweta Securities Private Limited,Trishakti Securities Public Limited,100,389.6,38960.0,2025-08-13 12:13:00.332957
2025-08-13,52580,2025081304004223,UNHPL,Sweta Securities Private Limited,Sani Securities Company Ltd.,820,389.6,319472.0,2025-08-13 12:13:00.333125
2025-08-13,52295,2025081304004273,UNHPL,Thrive Brokerage House Pvt. Ltd,Siprabi Securities Pvt. Ltd.,30,386.1,11583.0,2025-08-13 12:13:52.545680
2025-08-13,51923,2025081304004359,UNHPL,Sri Hari Securities Pvt. Ltd.,Sani Securities Company Ltd.,14,389.6,5454.4,2025-08-13 12:15:35.390115
2025-08-13,51711,2025081304004409,UNHPL,Capital Max Securities Ltd,Sani Securities Company Ltd.,166,389.6,64673.6,2025-08-13 12:16:40.669593
2025-08-13,51710,2025081304004410,UNHPL,Capital Max Securities Ltd,Midas Stock Broking Company Private Limited,20,390.0,7800.0,2025-08-13 12:16:40.669715
2025-08-13,51709,2025081304004411,UNHPL,Capital Max Securities Ltd,Citizens Share Broker Limited,20,390.0,7800.0,2025-08-13 12:16:40.669777
2025-08-13,51708,2025081304004412,UNHPL,Capital Max Securities Ltd,Dipshikha Dhitopatra Karobar Co. Pvt Ltd.,450,390.0,175500.0,2025-08-13 12:16:40.669825
2025-08-13,51707,2025081304004413,UNHPL,Capital Max Securities Ltd,Sani Securities Company Ltd.,300,391.0,117300.0,2025-08-13 12:16:40.669871
2025-08-13,51706,2025081304004414,UNHPL,Capital Max Securities Ltd,Aryatara Investment & Securities,500,391.5,195750.0,2025-08-13 12:16:40.669920
2025-08-13,51705,2025081304004415,UNHPL,Capital Max Securities Ltd,Sumeru Securities Pvt. Ltd.,530,391.6,207548.0,2025-08-13 12:16:40.669968
2025-08-13,51700,2025081304004418,UNHPL,Capital Max Securities Ltd,South Asian Bulls Pvt. Ltd.,14,391.6,5482.4,2025-08-13 12:16:41.508405
2025-08-13,51494,2025081304004464,UNHPL,SHUBHAKAMANA SECURITIES PVT. LTD,Sani Securities Company Ltd.,50,392.0,19600.0,2025-08-13 12:17:38.384329
2025-08-13,50497,2025081304004713,UNHPL,Pragyan Securities (PVT) Ltd.,Dynamic Money Managers Securities Pvt. Ltd.,50,388.5,19425.0,2025-08-13 12:21:59.908518
2025-08-13,50496,2025081304004714,UNHPL,Sharepro Securities Private Limited,Dynamic Money Managers Securities Pvt. Ltd.,200,388.3,77660.0,2025-08-13 12:21:59.908671
2025-08-13,50413,2025081304004730,UNHPL,Bhrikuti Stock Broking Co. Pvt. Ltd.,Dynamic Money Managers Securities Pvt. Ltd.,1000,388.1,388100.0,2025-08-13 12:22:25.008068
2025-08-13,50412,2025081304004731,UNHPL,Bhrikuti Stock Broking Co. Pvt. Ltd.,Dynamic Money Managers Securities Pvt. Ltd.,1000,388.1,388100.0,2025-08-13 12:22:25.008210
2025-08-13,50411,2025081304004732,UNHPL,Nepal Investment And Securities Trading Private Limited,Dynamic Money Managers Securities Pvt. Ltd.,1000,388.1,388100.0,2025-08-13 12:22:25.008263
2025-08-13,50410,2025081304004733,UNHPL,Nepal Investment And Securities Trading Private Limited,Dynamic Money Managers Securities Pvt. Ltd.,750,388.1,291075.0,2025-08-13 12:22:25.008326
2025-08-13,50315,2025081304004744,UNHPL,Nepal Investment And Securities Trading Private Limited,Sri Hari Securities Pvt. Ltd.,200,388.1,77620.0,2025-08-13 12:22:49.831082
2025-08-13,49851,2025081304004866,UNHPL,Nepal Investment And Securities Trading Private Limited,Dynamic Money Managers Securities Pvt. Ltd.,50,388.1,19405.0,2025-08-13 12:24:53.338041
2025-08-13,49850,2025081304004867,UNHPL,Capital Max Securities Ltd,Dynamic Money Managers Securities Pvt. Ltd.,500,388.0,194000.0,2025-08-13 12:24:53.338179
2025-08-13,49849,2025081304004868,UNHPL,Capital Max Securities Ltd,Dynamic Money Managers Securities Pvt. Ltd.,440,387.0,170280.0,2025-08-13 12:24:53.338234
2025-08-13,49148,2025081304005022,UNHPL,Capital Max Securities Ltd,Trademow Securities Private Limited,60,387.0,23220.0,2025-08-13 12:28:04.490360
2025-08-13,49147,2025081304005023,UNHPL,Capital Max Securities Ltd,Trademow Securities Private Limited,500,387.0,193500.0,2025-08-13 12:28:04.490531
2025-08-13,49146,2025081304005024,UNHPL,Capital Max Securities Ltd,Trademow Securities Private Limited,1000,386.2,386200.0,2025-08-13 12:28:04.490692
2025-08-13,49145,2025081304005025,UNHPL,Premier Securities Company Ltd.,Trademow Securities Private Limited,100,386.1,38610.0,2025-08-13 12:28:04.490844
2025-08-13,49144,2025081304005026,UNHPL,Agrawal Securities (PVT) Ltd.,Trademow Securities Private Limited,20,386.1,7722.0,2025-08-13 12:28:04.491001
2025-08-13,49143,2025081304005027,UNHPL,Capital Max Securities Ltd,Trademow Securities Private Limited,1320,386.1,509652.0,2025-08-13 12:28:04.491147
2025-08-13,49080,2025081304005046,UNHPL,Trishakti Securities Public Limited,Kohinoor Investment & Securities Pvt. Ltd.,10,390.0,3900.0,2025-08-13 12:28:20.203397
2025-08-13,48394,2025081304005201,UNHPL,Thrive Brokerage House Pvt. Ltd,Secured Securities Ltd.,150,387.1,58065.0,2025-08-13 12:31:41.128015
2025-08-13,47492,2025081304005393,UNHPL,Secured Securities Ltd.,Nepal Investment And Securities Trading Private Limited,200,389.9,77980.0,2025-08-13 12:35:02.185387
2025-08-13,47391,2025081304005431,UNHPL,Capital Max Securities Ltd,Kohinoor Investment & Securities Pvt. Ltd.,90,390.0,35100.0,2025-08-13 12:35:40.596073
2025-08-13,46930,2025081304005547,UNHPL,Aryatara Investment & Securities,Arun Securities (PVT) Ltd.,1008,390.0,393120.0,2025-08-13 12:37:42.821899
2025-08-13,46038,2025081304005673,UNHPL,Capital Max Securities Ltd,ABC Securities Private Limited,500,388.5,194250.0,2025-08-13 12:40:52.953747
2025-08-13,46006,2025081304005683,UNHPL,Nepal Investment And Securities Trading Private Limited,Arun Securities (PVT) Ltd.,50,390.0,19500.0,2025-08-13 12:41:04.362997
2025-08-13,45424,2025081304005802,UNHPL,Malla & Malla Stock Broking Company Pvt. Limited,Secured Securities Ltd.,100,388.5,38850.0,2025-08-13 12:43:09.630031
2025-08-13,45423,2025081304005803,UNHPL,Aryatara Investment & Securities,Secured Securities Ltd.,100,388.1,38810.0,2025-08-13 12:43:09.630163
2025-08-13,45212,2025081304005826,UNHPL,Thrive Brokerage House Pvt. Ltd,Trademow Securities Private Limited,320,387.1,123872.0,2025-08-13 12:43:51.530137
2025-08-13,45211,2025081304005827,UNHPL,Aryatara Investment & Securities,Trademow Securities Private Limited,500,387.0,193500.0,2025-08-13 12:43:51.530206
2025-08-13,45210,2025081304005828,UNHPL,Capital Max Securities Ltd,Trademow Securities Private Limited,680,386.1,262548.0,2025-08-13 12:43:51.530233
2025-08-13,45209,2025081304005829,UNHPL,Linch Stock Market Ltd.,Trademow Securities Private Limited,100,386.0,38600.0,2025-08-13 12:43:51.530263
2025-08-13,45208,2025081304005830,UNHPL,Pragyan Securities (PVT) Ltd.,Trademow Securities Private Limited,50,385.8,19290.0,2025-08-13 12:43:51.530288
2025-08-13,45207,2025081304005831,UNHPL,Thrive Brokerage House Pvt. Ltd,Trademow Securities Private Limited,100,385.3,38530.0,2025-08-13 12:43:51.530321
2025-08-13,45206,2025081304005832,UNHPL,Vision Securities Pvt. Ltd,Trademow Securities Private Limited,500,385.3,192650.0,2025-08-13 12:43:51.530341
2025-08-13,45205,2025081304005833,UNHPL,Premier Securities Company Ltd.,Trademow Securities Private Limited,100,385.1,38510.0,2025-08-13 12:43:51.530363
2025-08-13,45204,2025081304005834,UNHPL,Aryatara Investment & Securities,Trademow Securities Private Limited,1000,385.0,385000.0,2025-08-13 12:43:51.530396
2025-08-13,45203,2025081304005835,UNHPL,Trishakti Securities Public Limited,Trademow Securities Private Limited,1000,385.0,385000.0,2025-08-13 12:43:51.530422
2025-08-13,45202,2025081304005836,UNHPL,Naasa Securities Co. Ltd.,Trademow Securities Private Limited,20,385.0,7700.0,2025-08-13 12:43:51.530445
2025-08-13,45201,2025081304005837,UNHPL,Aryatara Investment & Securities,Trademow Securities Private Limited,500,385.0,192500.0,2025-08-13 12:43:51.530465
2025-08-13,45200,2025081304005838,UNHPL,ABC Securities Private Limited,Trademow Securities Private Limited,500,384.2,192100.0,2025-08-13 12:43:51.530488
2025-08-13,45199,2025081304005839,UNHPL,Trishakti Securities Public Limited,Trademow Securities Private Limited,1000,383.0,383000.0,2025-08-13 12:43:51.530515
2025-08-13,45198,2025081304005840,UNHPL,Agrawal Securities (PVT) Ltd.,Trademow Securities Private Limited,190,383.0,72770.0,2025-08-13 12:43:51.530542
2025-08-13,39887,2025081304006954,UNHPL,Linch Stock Market Ltd.,Sumeru Securities Pvt. Ltd.,100,386.0,38600.0,2025-08-13 13:03:59.263219
2025-08-13,39855,2025081304006963,UNHPL,Linch Stock Market Ltd.,Dynamic Money Managers Securities Pvt. Ltd.,400,386.0,154400.0,2025-08-13 13:04:08.740573
2025-08-13,39854,2025081304006964,UNHPL,Naasa Securities Co. Ltd.,Dynamic Money Managers Securities Pvt. Ltd.,55,385.6,21208.0,2025-08-13 13:04:08.740786
2025-08-13,39853,2025081304006965,UNHPL,Sharepro Securities Private Limited,Dynamic Money Managers Securities Pvt. Ltd.,45,385.5,17347.5,2025-08-13 13:04:08.740879
2025-08-13,39442,2025081304007076,UNHPL,Sharepro Securities Private Limited,Shree Krishna Securities Ltd.,31,385.5,11950.5,2025-08-13 13:05:20.741781
2025-08-13,39441,2025081304007077,UNHPL,Sewa Securities Pvt. Ltd.,Shree Krishna Securities Ltd.,100,385.4,38540.0,2025-08-13 13:05:20.741828
2025-08-13,39440,2025081304007078,UNHPL,Naasa Securities Co. Ltd.,Shree Krishna Securities Ltd.,433,385.4,166878.2,2025-08-13 13:05:20.741854
2025-08-13,39339,2025081304007107,UNHPL,Linch Stock Market Ltd.,Kohinoor Investment & Securities Pvt. Ltd.,12,385.9,4630.8,2025-08-13 13:05:44.568805
2025-08-13,38799,2025081304007309,UNHPL,Linch Stock Market Ltd.,Online Securities Pvt. Ltd.,238,385.9,91844.2,2025-08-13 13:07:29.354911
2025-08-13,38459,2025081304007424,UNHPL,Vision Securities Pvt. Ltd,Online Securities Pvt. Ltd.,100,385.9,38590.0,2025-08-13 13:08:38.942298
2025-08-13,38410,2025081304007440,UNHPL,Deevyaa Securities & Stock House Pvt. Ltd,Online Securities Pvt. Ltd.,500,385.9,192950.0,2025-08-13 13:08:53.325137
2025-08-13,38118,2025081304007557,UNHPL,Naasa Securities Co. Ltd.,Dynamic Money Managers Securities Pvt. Ltd.,67,385.4,25821.8,2025-08-13 13:10:01.526640
2025-08-13,38117,2025081304007558,UNHPL,Naasa Securities Co. Ltd.,Dynamic Money Managers Securities Pvt. Ltd.,150,385.4,57810.0,2025-08-13 13:10:01.526822
2025-08-13,38116,2025081304007559,UNHPL,Imperial Securities Company Pvt. Ltd.,Dynamic Money Managers Securities Pvt. Ltd.,250,385.1,96275.0,2025-08-13 13:10:01.526930
2025-08-13,38115,2025081304007560,UNHPL,Pragyan Securities (PVT) Ltd.,Dynamic Money Managers Securities Pvt. Ltd.,25,385.0,9625.0,2025-08-13 13:10:01.527007
2025-08-13,38114,2025081304007561,UNHPL,Kohinoor Investment & Securities Pvt. Ltd.,Dynamic Money Managers Securities Pvt. Ltd.,15,385.0,5775.0,2025-08-13 13:10:01.527074
2025-08-13,38113,2025081304007562,UNHPL,Midas Stock Broking Company Private Limited,Dynamic Money Managers Securities Pvt. Ltd.,1000,384.9,384900.0,2025-08-13 13:10:01.527141
2025-08-13,38112,2025081304007563,UNHPL,Midas Stock Broking Company Private Limited,Dynamic Money Managers Securities Pvt. Ltd.,1000,384.9,384900.0,2025-08-13 13:10:01.527220
2025-08-13,38111,2025081304007564,UNHPL,Dakshinkali Investment & Securities Pvt. Ltd.,Dynamic Money Managers Securities Pvt. Ltd.,10,384.8,3848.0,2025-08-13 13:10:01.527303
2025-08-13,38110,2025081304007565,UNHPL,Trishakti Securities Public Limited,Dynamic Money Managers Securities Pvt. Ltd.,1000,384.5,384500.0,2025-08-13 13:10:01.527379
2025-08-13,38109,2025081304007566,UNHPL,Aryatara Investment & Securities,Dynamic Money Managers Securities Pvt. Ltd.,100,384.4,38440.0,2025-08-13 13:10:01.527446
2025-08-13,38108,2025081304007567,UNHPL,Aryatara Investment & Securities,Dynamic Money Managers Securities Pvt. Ltd.,500,384.0,192000.0,2025-08-13 13:10:01.527509
2025-08-13,38107,2025081304007568,UNHPL,Pragyan Securities (PVT) Ltd.,Dynamic Money Managers Securities Pvt. Ltd.,25,383.9,9597.5,2025-08-13 13:10:01.527569
2025-08-13,38106,2025081304007569,UNHPL,Vision Securities Pvt. Ltd,Dynamic Money Managers Securities Pvt. Ltd.,200,383.5,76700.0,2025-08-13 13:10:01.527633
2025-08-13,38105,2025081304007570,UNHPL,Opal Securities Investment (PVT) Ltd.,Dynamic Money Managers Securities Pvt. Ltd.,75,383.5,28762.5,2025-08-13 13:10:01.527706
2025-08-13,38104,2025081304007571,UNHPL,Premier Securities Company Ltd.,Dynamic Money Managers Securities Pvt. Ltd.,100,383.1,38310.0,2025-08-13 13:10:01.527774
2025-08-13,38103,2025081304007572,UNHPL,Agrawal Securities (PVT) Ltd.,Dynamic Money Managers Securities Pvt. Ltd.,310,383.0,118730.0,2025-08-13 13:10:01.527837
2025-08-13,38102,2025081304007573,UNHPL,Agrawal Securities (PVT) Ltd.,Dynamic Money Managers Securities Pvt. Ltd.,364,383.0,139412.0,2025-08-13 13:10:01.527899
2025-08-13,37452,2025081304007718,UNHPL,Aryatara Investment & Securities,Sagarmatha Securities Private Limited,40,384.0,15360.0,2025-08-13 13:12:46.732169
2025-08-13,36984,2025081304007784,UNHPL,Aryatara Investment & Securities,Sagarmatha Securities Private Limited,10,384.0,3840.0,2025-08-13 13:14:54.890818
2025-08-13,36947,2025081304007796,UNHPL,Aryatara Investment & Securities,Online Securities Pvt. Ltd.,260,385.9,100334.0,2025-08-13 13:15:10.011656
2025-08-13,36717,2025081304007838,UNHPL,Aryatara Investment & Securities,Citizens Share Broker Limited,500,383.3,191650.0,2025-08-13 13:16:19.586433
2025-08-13,36716,2025081304007839,UNHPL,Premier Securities Company Ltd.,Citizens Share Broker Limited,1000,383.2,383200.0,2025-08-13 13:16:19.586481
2025-08-13,36715,2025081304007840,UNHPL,ABC Securities Private Limited,Citizens Share Broker Limited,709,383.1,271617.9,2025-08-13 13:16:19.586510
2025-08-13,36714,2025081304007841,UNHPL,Agrawal Securities (PVT) Ltd.,Citizens Share Broker Limited,136,383.0,52088.0,2025-08-13 13:16:19.586544
2025-08-13,36713,2025081304007842,UNHPL,Naasa Securities Co. Ltd.,Citizens Share Broker Limited,78,383.0,29874.0,2025-08-13 13:16:19.586571
2025-08-13,36712,2025081304007843,UNHPL,Aryatara Investment & Securities,Citizens Share Broker Limited,20,383.0,7660.0,2025-08-13 13:16:19.586602
2025-08-13,36711,2025081304007844,UNHPL,Linch Stock Market Ltd.,Citizens Share Broker Limited,100,383.0,38300.0,2025-08-13 13:16:19.586631
2025-08-13,36710,2025081304007845,UNHPL,Agrawal Securities (PVT) Ltd.,Citizens Share Broker Limited,200,383.0,76600.0,2025-08-13 13:16:19.586658
2025-08-13,36709,2025081304007846,UNHPL,Vision Securities Pvt. Ltd,Citizens Share Broker Limited,100,383.0,38300.0,2025-08-13 13:16:19.586685
2025-08-13,36708,2025081304007847,UNHPL,Naasa Securities Co. Ltd.,Citizens Share Broker Limited,147,383.0,56301.0,2025-08-13 13:16:19.586709
2025-08-13,36707,2025081304007848,UNHPL,Neev Securities Pvt. Ltd.,Citizens Share Broker Limited,120,383.0,45960.0,2025-08-13 13:16:19.586735
2025-08-13,36706,2025081304007849,UNHPL,Kohinoor Investment & Securities Pvt. Ltd.,Citizens Share Broker Limited,35,383.0,13405.0,2025-08-13 13:16:19.586763
2025-08-13,36705,2025081304007850,UNHPL,Nepal Stock House (PVT) Ltd.,Citizens Share Broker Limited,200,382.2,76440.0,2025-08-13 13:16:19.586788
2025-08-13,36704,2025081304007851,UNHPL,Capital Max Securities Ltd,Citizens Share Broker Limited,2000,382.2,764400.0,2025-08-13 13:16:19.586817
2025-08-13,36703,2025081304007852,UNHPL,Online Securities Pvt. Ltd.,Citizens Share Broker Limited,1000,382.1,382100.0,2025-08-13 13:16:19.586844
2025-08-13,36702,2025081304007853,UNHPL,Market Securities & Exchange (PVT) Ltd.,Citizens Share Broker Limited,32,382.0,12224.0,2025-08-13 13:16:19.586871
2025-08-13,36577,2025081304007885,UNHPL,Market Securities & Exchange (PVT) Ltd.,Capital Max Securities Ltd,468,382.0,178776.0,2025-08-13 13:17:10.629563
2025-08-13,36576,2025081304007886,UNHPL,Online Securities Pvt. Ltd.,Capital Max Securities Ltd,50,382.0,19100.0,2025-08-13 13:17:10.629701
2025-08-13,36575,2025081304007887,UNHPL,Naasa Securities Co. Ltd.,Capital Max Securities Ltd,100,382.0,38200.0,2025-08-13 13:17:10.629755
2025-08-13,36574,2025081304007888,UNHPL,Aryatara Investment & Securities,Capital Max Securities Ltd,372,382.0,142104.0,2025-08-13 13:17:10.629807
2025-08-13,34133,2025081304008345,UNHPL,Deevyaa Securities & Stock House Pvt. Ltd,Trademow Securities Private Limited,123,383.0,47109.0,2025-08-13 13:28:52.253387
2025-08-13,33434,2025081304008533,UNHPL,Sewa Securities Pvt. Ltd.,Online Securities Pvt. Ltd.,580,387.0,224460.0,2025-08-13 13:32:32.072234
2025-08-13,33433,2025081304008534,UNHPL,Sewa Securities Pvt. Ltd.,Aryatara Investment & Securities,420,387.0,162540.0,2025-08-13 13:32:32.072421
2025-08-13,33167,2025081304008578,UNHPL,Sewa Securities Pvt. Ltd.,Kohinoor Investment & Securities Pvt. Ltd.,200,387.0,77400.0,2025-08-13 13:33:48.476890
2025-08-13,33046,2025081304008598,UNHPL,Sewa Securities Pvt. Ltd.,Naasa Securities Co. Ltd.,450,387.0,174150.0,2025-08-13 13:34:36.951634
2025-08-13,32909,2025081304008626,UNHPL,Sewa Securities Pvt. Ltd.,ABC Securities Private Limited,350,387.0,135450.0,2025-08-13 13:35:24.260706
2025-08-13,32338,2025081304008726,UNHPL,Sewa Securities Pvt. Ltd.,ABC Securities Private Limited,196,387.0,75852.0,2025-08-13 13:38:39.076951
2025-08-13,32326,2025081304008733,UNHPL,Imperial Securities Company Pvt. Ltd.,ABC Securities Private Limited,254,387.0,98298.0,2025-08-13 13:38:42.938637
2025-08-13,32325,2025081304008734,UNHPL,Imperial Securities Company Pvt. Ltd.,Sri Hari Securities Pvt. Ltd.,96,387.0,37152.0,2025-08-13 13:38:42.938813
2025-08-13,31636,2025081304008857,UNHPL,Trademow Securities Private Limited,Citizens Share Broker Limited,1295,386.9,501035.5,2025-08-13 13:42:08.882887
2025-08-13,30696,2025081304009041,UNHPL,Sanima Securities Limited,Aryatara Investment & Securities,21,385.5,8095.5,2025-08-13 13:47:04.937785
2025-08-13,30695,2025081304009042,UNHPL,Deevyaa Securities & Stock House Pvt. Ltd,Aryatara Investment & Securities,377,384.5,144956.5,2025-08-13 13:47:04.938085
2025-08-13,30416,2025081304009091,UNHPL,Kohinoor Investment & Securities Pvt. Ltd.,Trademow Securities Private Limited,30,386.9,11607.0,2025-08-13 13:48:16.251773
2025-08-13,29229,2025081304009301,UNHPL,Imperial Securities Company Pvt. Ltd.,ABC Securities Private Limited,500,386.0,193000.0,2025-08-13 13:53:18.021187
2025-08-13,28852,2025081304009381,UNHPL,Thrive Brokerage House Pvt. Ltd,Nagarik Stock Dealer ,1000,384.0,384000.0,2025-08-13 13:55:06.556971
2025-08-13,28851,2025081304009382,UNHPL,Malla & Malla Stock Broking Company Pvt. Limited,Nagarik Stock Dealer ,197,384.0,75648.0,2025-08-13 13:55:06.557155
2025-08-13,28431,2025081304009516,UNHPL,Malla & Malla Stock Broking Company Pvt. Limited,Nepal Investment And Securities Trading Private Limited,803,384.0,308352.0,2025-08-13 13:56:37.977611
2025-08-13,28430,2025081304009517,UNHPL,Pragyan Securities (PVT) Ltd.,Nepal Investment And Securities Trading Private Limited,25,383.3,9582.5,2025-08-13 13:56:37.977800
2025-08-13,28429,2025081304009518,UNHPL,Sweta Securities Private Limited,Nepal Investment And Securities Trading Private Limited,100,383.2,38320.0,2025-08-13 13:56:37.977862
2025-08-13,28428,2025081304009519,UNHPL,Premier Securities Company Ltd.,Nepal Investment And Securities Trading Private Limited,200,383.2,76640.0,2025-08-13 13:56:37.977927
2025-08-13,28427,2025081304009520,UNHPL,Online Securities Pvt. Ltd.,Nepal Investment And Securities Trading Private Limited,40,383.0,15320.0,2025-08-13 13:56:37.977983
2025-08-13,28426,2025081304009521,UNHPL,Agrawal Securities (PVT) Ltd.,Nepal Investment And Securities Trading Private Limited,80,383.0,30640.0,2025-08-13 13:56:37.978063
2025-08-13,28425,2025081304009522,UNHPL,Imperial Securities Company Pvt. Ltd.,Nepal Investment And Securities Trading Private Limited,200,383.0,76600.0,2025-08-13 13:56:37.978120
2025-08-13,28424,2025081304009523,UNHPL,Aryatara Investment & Securities,Nepal Investment And Securities Trading Private Limited,628,382.0,239896.0,2025-08-13 13:56:37.978176
2025-08-13,28423,2025081304009524,UNHPL,Naasa Securities Co. Ltd.,Nepal Investment And Securities Trading Private Limited,610,382.0,233020.0,2025-08-13 13:56:37.978237
2025-08-13,28422,2025081304009525,UNHPL,Capital Max Securities Ltd,Nepal Investment And Securities Trading Private Limited,2314,382.0,883948.0,2025-08-13 13:56:37.978297
2025-08-13,28160,2025081304009563,UNHPL,Capital Max Securities Ltd,Aakashbhairab Securities Ltd.,2686,382.0,1026052.0,2025-08-13 13:57:23.987734
2025-08-13,27790,2025081304009637,UNHPL,Aryatara Investment & Securities,Nepal Investment And Securities Trading Private Limited,500,381.0,190500.0,2025-08-13 13:58:49.627160
2025-08-13,27789,2025081304009638,UNHPL,Elite Stock House Limited,Nepal Investment And Securities Trading Private Limited,250,381.0,95250.0,2025-08-13 13:58:49.627300
2025-08-13,27723,2025081304009647,UNHPL,Naasa Securities Co. Ltd.,Nepal Investment And Securities Trading Private Limited,100,381.0,38100.0,2025-08-13 13:59:05.543601
2025-08-13,27604,2025081304009668,UNHPL,Naasa Securities Co. Ltd.,Nepal Investment And Securities Trading Private Limited,150,381.0,57150.0,2025-08-13 13:59:33.920279
2025-08-13,27257,2025081304009743,UNHPL,Online Securities Pvt. Ltd.,Aakashbhairab Securities Ltd.,300,382.0,114600.0,2025-08-13 14:01:02.539693
2025-08-13,27256,2025081304009744,UNHPL,Naasa Securities Co. Ltd.,Aakashbhairab Securities Ltd.,14,382.0,5348.0,2025-08-13 14:01:02.766976
2025-08-13,26833,2025081304009826,UNHPL,Vision Securities Pvt. Ltd,Trademow Securities Private Limited,50,382.0,19100.0,2025-08-13 14:02:39.018512
2025-08-13,26832,2025081304009827,UNHPL,Naasa Securities Co. Ltd.,Trademow Securities Private Limited,100,382.0,38200.0,2025-08-13 14:02:39.018801
2025-08-13,26831,2025081304009828,UNHPL,Naasa Securities Co. Ltd.,Trademow Securities Private Limited,286,381.0,108966.0,2025-08-13 14:02:39.018977
2025-08-13,26830,2025081304009829,UNHPL,Premier Securities Company Ltd.,Trademow Securities Private Limited,500,380.6,190300.0,2025-08-13 14:02:39.019143
2025-08-13,26829,2025081304009830,UNHPL,Deevyaa Securities & Stock House Pvt. Ltd,Trademow Securities Private Limited,50,380.5,19025.0,2025-08-13 14:02:39.019349
2025-08-13,26828,2025081304009831,UNHPL,ABC Securities Private Limited,Trademow Securities Private Limited,200,380.5,76100.0,2025-08-13 14:02:39.019522
2025-08-13,26827,2025081304009832,UNHPL,Capital Max Securities Ltd,Trademow Securities Private Limited,1000,380.5,380500.0,2025-08-13 14:02:39.019689
2025-08-13,26826,2025081304009833,UNHPL,Aryatara Investment & Securities,Trademow Securities Private Limited,1000,380.4,380400.0,2025-08-13 14:02:39.019858
2025-08-13,26825,2025081304009834,UNHPL,Dynamic Money Managers Securities Pvt. Ltd.,Trademow Securities Private Limited,166,380.3,63129.8,2025-08-13 14:02:39.020024
2025-08-13,26824,2025081304009835,UNHPL,Capital Max Securities Ltd,Trademow Securities Private Limited,913,380.3,347213.9,2025-08-13 14:02:39.020223
2025-08-13,25349,2025081304010158,UNHPL,Trishakti Securities Public Limited,Investment Management Nepal Pvt. Ltd.,10,385.0,3850.0,2025-08-13 14:07:01.481190
2025-08-13,24428,2025081304010271,UNHPL,Aryatara Investment & Securities,Capital Max Securities Ltd,777,380.4,295570.8,2025-08-13 14:08:48.446732
2025-08-13,24427,2025081304010272,UNHPL,Arun Securities (PVT) Ltd.,Capital Max Securities Ltd,2232,380.2,848606.4,2025-08-13 14:08:48.446831
2025-08-13,24376,2025081304010292,UNHPL,Arun Securities (PVT) Ltd.,Capital Max Securities Ltd,343,380.2,130408.6,2025-08-13 14:08:58.479008
2025-08-13,24375,2025081304010293,UNHPL,Premier Securities Company Ltd.,Capital Max Securities Ltd,100,380.1,38010.0,2025-08-13 14:08:58.479087
2025-08-13,24374,2025081304010294,UNHPL,Bhrikuti Stock Broking Co. Pvt. Ltd.,Capital Max Securities Ltd,120,380.1,45612.0,2025-08-13 14:08:58.479160
2025-08-13,24373,2025081304010295,UNHPL,Creative Securities Pvt Ltd,Capital Max Securities Ltd,1000,380.0,380000.0,2025-08-13 14:08:58.479218
2025-08-13,24372,2025081304010296,UNHPL,Aryatara Investment & Securities,Capital Max Securities Ltd,500,380.0,190000.0,2025-08-13 14:08:58.479285
2025-08-13,24371,2025081304010297,UNHPL,Neev Securities Pvt. Ltd.,Capital Max Securities Ltd,500,380.0,190000.0,2025-08-13 14:08:58.479370
2025-08-13,24370,2025081304010298,UNHPL,Opal Securities Investment (PVT) Ltd.,Capital Max Securities Ltd,30,380.0,11400.0,2025-08-13 14:08:58.479435
2025-08-13,24369,2025081304010299,UNHPL,Trishakti Securities Public Limited,Capital Max Securities Ltd,100,380.0,38000.0,2025-08-13 14:08:58.479498
2025-08-13,24368,2025081304010300,UNHPL,Aakashbhairab Securities Ltd.,Capital Max Securities Ltd,200,380.0,76000.0,2025-08-13 14:08:58.479573
2025-08-13,24367,2025081304010301,UNHPL,Linch Stock Market Ltd.,Capital Max Securities Ltd,107,380.0,40660.0,2025-08-13 14:08:58.479639
2025-08-13,24213,2025081304010337,UNHPL,Linch Stock Market Ltd.,Capital Max Securities Ltd,193,380.0,73340.0,2025-08-13 14:09:29.647997
2025-08-13,24212,2025081304010338,UNHPL,Trisul Securities & Invt. Ltd.,Capital Max Securities Ltd,1000,380.0,380000.0,2025-08-13 14:09:29.648033
2025-08-13,24211,2025081304010339,UNHPL,Naasa Securities Co. Ltd.,Capital Max Securities Ltd,100,380.0,38000.0,2025-08-13 14:09:29.648057
2025-08-13,24210,2025081304010340,UNHPL,Midas Stock Broking Company Private Limited,Capital Max Securities Ltd,17,380.0,6460.0,2025-08-13 14:09:29.648079
2025-08-13,24209,2025081304010341,UNHPL,Bhrikuti Stock Broking Co. Pvt. Ltd.,Capital Max Securities Ltd,200,379.3,75860.0,2025-08-13 14:09:29.648103
2025-08-13,24208,2025081304010342,UNHPL,Vision Securities Pvt. Ltd,Capital Max Securities Ltd,100,379.0,37900.0,2025-08-13 14:09:29.648133
2025-08-13,24207,2025081304010343,UNHPL,Siprabi Securities Pvt. Ltd.,Capital Max Securities Ltd,100,379.0,37900.0,2025-08-13 14:09:29.648155
2025-08-13,24206,2025081304010344,UNHPL,Capital Max Securities Ltd,Capital Max Securities Ltd,1290,379.0,488910.0,2025-08-13 14:09:29.648176
2025-08-13,24138,2025081304010365,UNHPL,Capital Max Securities Ltd,Capital Max Securities Ltd,2797,379.0,1060063.0,2025-08-13 14:09:38.680416
2025-08-13,24137,2025081304010366,UNHPL,Agrawal Securities (PVT) Ltd.,Capital Max Securities Ltd,203,378.4,76815.2,2025-08-13 14:09:38.680560
2025-08-13,23990,2025081304010398,UNHPL,Agrawal Securities (PVT) Ltd.,Trademow Securities Private Limited,100,378.4,37840.0,2025-08-13 14:10:09.533801
2025-08-13,23940,2025081304010405,UNHPL,Agrawal Securities (PVT) Ltd.,Arun Securities (PVT) Ltd.,50,378.4,18920.0,2025-08-13 14:10:17.970131
2025-08-13,23748,2025081304010444,UNHPL,Agrawal Securities (PVT) Ltd.,Trademow Securities Private Limited,10,378.4,3784.0,2025-08-13 14:10:57.698961
2025-08-13,23613,2025081304010469,UNHPL,Trishakti Securities Public Limited,Dakshinkali Investment & Securities Pvt. Ltd.,10,384.7,3847.0,2025-08-13 14:11:17.923455
2025-08-13,22504,2025081304010744,UNHPL,Vision Securities Pvt. Ltd,Malla & Malla Stock Broking Company Pvt. Limited,100,379.0,37900.0,2025-08-13 14:14:37.779518
2025-08-13,22503,2025081304010745,UNHPL,Naasa Securities Co. Ltd.,Malla & Malla Stock Broking Company Pvt. Limited,50,379.0,18950.0,2025-08-13 14:14:37.779671
2025-08-13,21659,2025081304010929,UNHPL,Siprabi Securities Pvt. Ltd.,Citizens Share Broker Limited,150,378.5,56775.0,2025-08-13 14:17:00.222932
2025-08-13,21415,2025081304010961,UNHPL,Siprabi Securities Pvt. Ltd.,Citizens Share Broker Limited,350,378.5,132475.0,2025-08-13 14:17:26.302602
2025-08-13,21414,2025081304010962,UNHPL,Agrawal Securities (PVT) Ltd.,Citizens Share Broker Limited,637,378.4,241040.8,2025-08-13 14:17:26.302818
2025-08-13,21413,2025081304010963,UNHPL,Premier Securities Company Ltd.,Citizens Share Broker Limited,500,378.2,189100.0,2025-08-13 14:17:26.302883
2025-08-13,21412,2025081304010964,UNHPL,Premier Securities Company Ltd.,Citizens Share Broker Limited,100,378.1,37810.0,2025-08-13 14:17:26.302981
2025-08-13,21411,2025081304010965,UNHPL,Naasa Securities Co. Ltd.,Citizens Share Broker Limited,150,378.0,56700.0,2025-08-13 14:17:26.303037
2025-08-13,21410,2025081304010966,UNHPL,Trisul Securities & Invt. Ltd.,Citizens Share Broker Limited,50,377.6,18880.0,2025-08-13 14:17:26.303094
2025-08-13,21409,2025081304010967,UNHPL,Capital Max Securities Ltd,Citizens Share Broker Limited,1500,377.6,566400.0,2025-08-13 14:17:26.303150
2025-08-13,21408,2025081304010968,UNHPL,Vision Securities Pvt. Ltd,Citizens Share Broker Limited,200,377.5,75500.0,2025-08-13 14:17:26.303208
2025-08-13,21407,2025081304010969,UNHPL,Nepal Stock House (PVT) Ltd.,Citizens Share Broker Limited,100,377.4,37740.0,2025-08-13 14:17:26.303264
2025-08-13,21406,2025081304010970,UNHPL,Imperial Securities Company Pvt. Ltd.,Citizens Share Broker Limited,24,377.1,9050.4,2025-08-13 14:17:26.303328
2025-08-13,21405,2025081304010971,UNHPL,Aryatara Investment & Securities,Citizens Share Broker Limited,50,377.1,18855.0,2025-08-13 14:17:26.303384
2025-08-13,21404,2025081304010972,UNHPL,Agrawal Securities (PVT) Ltd.,Citizens Share Broker Limited,500,377.0,188500.0,2025-08-13 14:17:26.303446
2025-08-13,21403,2025081304010973,UNHPL,Siprabi Securities Pvt. Ltd.,Citizens Share Broker Limited,10,377.0,3770.0,2025-08-13 14:17:26.303502
2025-08-13,21402,2025081304010974,UNHPL,Sani Securities Company Ltd.,Citizens Share Broker Limited,500,377.0,188500.0,2025-08-13 14:17:26.303560
2025-08-13,21401,2025081304010975,UNHPL,Aryatara Investment & Securities,Citizens Share Broker Limited,50,377.0,18850.0,2025-08-13 14:17:26.303613
2025-08-13,21400,2025081304010976,UNHPL,Agrawal Securities (PVT) Ltd.,Citizens Share Broker Limited,279,377.0,105183.0,2025-08-13 14:17:26.303664
2025-08-13,21179,2025081304011053,UNHPL,Trishakti Securities Public Limited,Naasa Securities Co. Ltd.,10,382.8,3828.0,2025-08-13 14:18:07.607536
2025-08-13,20485,2025081304011213,UNHPL,Naasa Securities Co. Ltd.,Investment Management Nepal Pvt. Ltd.,1990,380.0,756200.0,2025-08-13 14:20:16.840967
2025-08-13,20351,2025081304011233,UNHPL,Naasa Securities Co. Ltd.,Sumeru Securities Pvt. Ltd.,963,380.0,365940.0,2025-08-13 14:20:42.876819
2025-08-13,20161,2025081304011263,UNHPL,Naasa Securities Co. Ltd.,Sri Hari Securities Pvt. Ltd.,47,380.0,17860.0,2025-08-13 14:21:17.108367
2025-08-13,20160,2025081304011264,UNHPL,Naasa Securities Co. Ltd.,Sri Hari Securities Pvt. Ltd.,1000,380.0,380000.0,2025-08-13 14:21:17.108690
2025-08-13,20106,2025081304011279,UNHPL,Investment Management Nepal Pvt. Ltd.,Agrawal Securities (PVT) Ltd.,200,378.0,75600.0,2025-08-13 14:21:26.074029
2025-08-13,19921,2025081304011307,UNHPL,Investment Management Nepal Pvt. Ltd.,Sri Hari Securities Pvt. Ltd.,227,380.0,86260.0,2025-08-13 14:21:58.152248
2025-08-13,19791,2025081304011327,UNHPL,Ashutosh Brokerage & Securities (PVT) Ltd.,Aryatara Investment & Securities,100,378.1,37810.0,2025-08-13 14:22:23.528286
2025-08-13,19790,2025081304011328,UNHPL,Investment Management Nepal Pvt. Ltd.,Aryatara Investment & Securities,400,378.0,151200.0,2025-08-13 14:22:23.528604
2025-08-13,19789,2025081304011329,UNHPL,Naasa Securities Co. Ltd.,Aryatara Investment & Securities,269,378.0,101682.0,2025-08-13 14:22:23.528770
2025-08-13,19788,2025081304011330,UNHPL,Hatemalo Financial Services Private Limited,Aryatara Investment & Securities,31,378.0,11718.0,2025-08-13 14:22:23.528939
2025-08-13,19664,2025081304011361,UNHPL,Investment Management Nepal Pvt. Ltd.,Sri Hari Securities Pvt. Ltd.,150,380.0,57000.0,2025-08-13 14:22:52.410412
2025-08-13,19251,2025081304011435,UNHPL,Midas Stock Broking Company Private Limited,Sri Hari Securities Pvt. Ltd.,37,380.0,14060.0,2025-08-13 14:24:15.539482
2025-08-13,18689,2025081304011588,UNHPL,Hatemalo Financial Services Private Limited,Citizens Share Broker Limited,69,378.0,26082.0,2025-08-13 14:26:24.491138
2025-08-13,18688,2025081304011589,UNHPL,Imperial Securities Company Pvt. Ltd.,Citizens Share Broker Limited,100,378.0,37800.0,2025-08-13 14:26:24.491394
2025-08-13,18687,2025081304011590,UNHPL,Naasa Securities Co. Ltd.,Citizens Share Broker Limited,11,378.0,4158.0,2025-08-13 14:26:24.491467
2025-08-13,18686,2025081304011591,UNHPL,Sani Securities Company Ltd.,Citizens Share Broker Limited,45,378.0,17010.0,2025-08-13 14:26:24.491528
2025-08-13,18444,2025081304011651,UNHPL,Creative Securities Pvt Ltd,Citizens Share Broker Limited,10,378.0,3780.0,2025-08-13 14:27:15.148272
2025-08-13,18296,2025081304011680,UNHPL,Deevyaa Securities & Stock House Pvt. Ltd,Citizens Share Broker Limited,65,378.0,24570.0,2025-08-13 14:27:42.756635
2025-08-13,17765,2025081304011782,UNHPL,Deevyaa Securities & Stock House Pvt. Ltd,Sri Hari Securities Pvt. Ltd.,443,380.0,168340.0,2025-08-13 14:29:06.328726
2025-08-13,17764,2025081304011783,UNHPL,Deevyaa Securities & Stock House Pvt. Ltd,Naasa Securities Co. Ltd.,50,380.0,19000.0,2025-08-13 14:29:06.329036
2025-08-13,17763,2025081304011784,UNHPL,Deevyaa Securities & Stock House Pvt. Ltd,Imperial Securities Company Pvt. Ltd.,50,380.0,19000.0,2025-08-13 14:29:06.329218
2025-08-13,17705,2025081304011806,UNHPL,Deevyaa Securities & Stock House Pvt. Ltd,Sani Securities Company Ltd.,10,380.0,3800.0,2025-08-13 14:29:18.364543
2025-08-13,17522,2025081304011848,UNHPL,Deevyaa Securities & Stock House Pvt. Ltd,Market Securities & Exchange (PVT) Ltd.,200,380.0,76000.0,2025-08-13 14:29:39.665909
2025-08-13,17185,2025081304011899,UNHPL,Deevyaa Securities & Stock House Pvt. Ltd,Kumari Securities Private Limited,82,380.0,31160.0,2025-08-13 14:30:46.544451
2025-08-13,16690,2025081304012012,UNHPL,Trisul Securities & Invt. Ltd.,Capital Max Securities Ltd,100,378.1,37810.0,2025-08-13 14:32:40.865049
2025-08-13,16689,2025081304012013,UNHPL,Bhrikuti Stock Broking Co. Pvt. Ltd.,Capital Max Securities Ltd,230,377.1,86733.0,2025-08-13 14:32:40.865096
2025-08-13,16688,2025081304012014,UNHPL,Ashutosh Brokerage & Securities (PVT) Ltd.,Capital Max Securities Ltd,100,377.1,37710.0,2025-08-13 14:32:40.865134
2025-08-13,16687,2025081304012015,UNHPL,Agrawal Securities (PVT) Ltd.,Capital Max Securities Ltd,721,377.0,271817.0,2025-08-13 14:32:40.865165
2025-08-13,16686,2025081304012016,UNHPL,Premier Securities Company Ltd.,Capital Max Securities Ltd,2000,377.0,754000.0,2025-08-13 14:32:40.865200
2025-08-13,16685,2025081304012017,UNHPL,Thrive Brokerage House Pvt. Ltd,Capital Max Securities Ltd,100,377.0,37700.0,2025-08-13 14:32:40.865239
2025-08-13,16684,2025081304012018,UNHPL,Miyo Securities Pvt Ltd,Capital Max Securities Ltd,100,377.0,37700.0,2025-08-13 14:32:40.865268
2025-08-13,16683,2025081304012019,UNHPL,ABC Securities Private Limited,Capital Max Securities Ltd,80,377.0,30160.0,2025-08-13 14:32:40.865308
2025-08-13,16682,2025081304012020,UNHPL,Linch Stock Market Ltd.,Capital Max Securities Ltd,100,377.0,37700.0,2025-08-13 14:32:40.865355
2025-08-13,16681,2025081304012021,UNHPL,Secured Securities Ltd.,Capital Max Securities Ltd,100,377.0,37700.0,2025-08-13 14:32:40.865393
2025-08-13,16680,2025081304012022,UNHPL,J.F. Securites (PVT) Ltd.,Capital Max Securities Ltd,200,376.5,75300.0,2025-08-13 14:32:40.865430
2025-08-13,16679,2025081304012023,UNHPL,South Asian Bulls Pvt. Ltd.,Capital Max Securities Ltd,200,376.1,75220.0,2025-08-13 14:32:40.865466
2025-08-13,16678,2025081304012024,UNHPL,Investment Management Nepal Pvt. Ltd.,Capital Max Securities Ltd,20,376.0,7520.0,2025-08-13 14:32:40.865501
2025-08-13,16677,2025081304012025,UNHPL,Primo Securities (PVT) Ltd.,Capital Max Securities Ltd,85,376.0,31960.0,2025-08-13 14:32:40.865529
2025-08-13,16676,2025081304012026,UNHPL,Capital Max Securities Ltd,Capital Max Securities Ltd,500,376.0,188000.0,2025-08-13 14:32:40.865562
2025-08-13,16675,2025081304012027,UNHPL,Imperial Securities Company Pvt. Ltd.,Capital Max Securities Ltd,200,376.0,75200.0,2025-08-13 14:32:40.865600
2025-08-13,16674,2025081304012028,UNHPL,Naasa Securities Co. Ltd.,Capital Max Securities Ltd,1164,375.9,437547.6,2025-08-13 14:32:40.865629
2025-08-13,16271,2025081304012120,UNHPL,Trishakti Securities Public Limited,Naasa Securities Co. Ltd.,10,381.8,3818.0,2025-08-13 14:34:05.532536
2025-08-13,16000,2025081304012180,UNHPL,Trishakti Securities Public Limited,Oxford Securities Pvt. Ltd.,230,380.0,87400.0,2025-08-13 14:34:55.821651
2025-08-13,15461,2025081304012281,UNHPL,Deevyaa Securities & Stock House Pvt. Ltd,Oxford Securities Pvt. Ltd.,500,380.0,190000.0,2025-08-13 14:36:06.454736
2025-08-13,14437,2025081304012476,UNHPL,Deevyaa Securities & Stock House Pvt. Ltd,Oxford Securities Pvt. Ltd.,500,378.0,189000.0,2025-08-13 14:38:16.339622
2025-08-13,14436,2025081304012477,UNHPL,Capital Max Securities Ltd,Oxford Securities Pvt. Ltd.,25,377.0,9425.0,2025-08-13 14:38:16.339923
2025-08-13,14298,2025081304012510,UNHPL,Capital Max Securities Ltd,Agrawal Securities (PVT) Ltd.,575,377.0,216775.0,2025-08-13 14:38:38.245723
2025-08-13,14297,2025081304012511,UNHPL,Imperial Securities Company Pvt. Ltd.,Agrawal Securities (PVT) Ltd.,425,377.0,160225.0,2025-08-13 14:38:38.245842
2025-08-13,12290,2025081304012971,UNHPL,Trishakti Securities Public Limited,Online Securities Pvt. Ltd.,10,380.0,3800.0,2025-08-13 14:42:54.440098
2025-08-13,11266,2025081304013266,UNHPL,Kohinoor Investment & Securities Pvt. Ltd.,Agrawal Securities (PVT) Ltd.,50,378.0,18900.0,2025-08-13 14:44:41.792167
2025-08-13,11265,2025081304013267,UNHPL,Imperial Securities Company Pvt. Ltd.,Agrawal Securities (PVT) Ltd.,75,377.3,28297.5,2025-08-13 14:44:41.792239
2025-08-13,11264,2025081304013268,UNHPL,Online Securities Pvt. Ltd.,Agrawal Securities (PVT) Ltd.,765,377.2,288558.0,2025-08-13 14:44:41.792289
2025-08-13,11090,2025081304013302,UNHPL,Trishakti Securities Public Limited,Online Securities Pvt. Ltd.,10,380.0,3800.0,2025-08-13 14:44:57.716393
2025-08-13,10675,2025081304013486,UNHPL,Capital Max Securities Ltd,J.F. Securites (PVT) Ltd.,530,378.0,200340.0,2025-08-13 14:45:28.804359
2025-08-13,10474,2025081304013532,UNHPL,Capital Max Securities Ltd,Naasa Securities Co. Ltd.,150,378.0,56700.0,2025-08-13 14:45:44.337887
2025-08-13,10086,2025081304013656,UNHPL,Nabil Stock Dealer Ltd.,Oxford Securities Pvt. Ltd.,300,379.0,113700.0,2025-08-13 14:46:17.605451
2025-08-13,9830,2025081304013724,UNHPL,Capital Max Securities Ltd,Premier Securities Company Ltd.,320,378.0,120960.0,2025-08-13 14:46:49.095788
2025-08-13,9829,2025081304013725,UNHPL,Aryatara Investment & Securities,Premier Securities Company Ltd.,500,377.3,188650.0,2025-08-13 14:46:49.095959
2025-08-13,9828,2025081304013726,UNHPL,Online Securities Pvt. Ltd.,Premier Securities Company Ltd.,180,377.2,67896.0,2025-08-13 14:46:49.096023
2025-08-13,9667,2025081304013771,UNHPL,Dynamic Money Managers Securities Pvt. Ltd.,Premier Securities Company Ltd.,500,378.1,189050.0,2025-08-13 14:47:10.246718
2025-08-13,9666,2025081304013772,UNHPL,Vision Securities Pvt. Ltd,Premier Securities Company Ltd.,300,378.0,113400.0,2025-08-13 14:47:10.246892
2025-08-13,9665,2025081304013773,UNHPL,Online Securities Pvt. Ltd.,Premier Securities Company Ltd.,55,377.2,20746.0,2025-08-13 14:47:10.246976
2025-08-13,9664,2025081304013774,UNHPL,Aryatara Investment & Securities,Premier Securities Company Ltd.,100,377.2,37720.0,2025-08-13 14:47:10.247062
2025-08-13,9663,2025081304013775,UNHPL,Online Securities Pvt. Ltd.,Premier Securities Company Ltd.,55,377.1,20740.5,2025-08-13 14:47:10.247127
2025-08-13,8326,2025081304014094,UNHPL,Online Securities Pvt. Ltd.,Naasa Securities Co. Ltd.,180,377.1,67878.0,2025-08-13 14:49:09.582644
2025-08-13,6951,2025081304014407,UNHPL,Sani Securities Company Ltd.,Oxford Securities Pvt. Ltd.,12,379.0,4548.0,2025-08-13 14:51:33.327999
2025-08-13,6538,2025081304014512,UNHPL,Sani Securities Company Ltd.,Primo Securities (PVT) Ltd.,88,379.0,33352.0,2025-08-13 14:52:19.920224
2025-08-13,6537,2025081304014513,UNHPL,Oxford Securities Pvt. Ltd.,Primo Securities (PVT) Ltd.,100,378.2,37820.0,2025-08-13 14:52:19.920388
2025-08-13,6536,2025081304014514,UNHPL,Dipshikha Dhitopatra Karobar Co. Pvt Ltd.,Primo Securities (PVT) Ltd.,12,378.1,4537.2,2025-08-13 14:52:19.920455
2025-08-13,5916,2025081304014637,UNHPL,ABC Securities Private Limited,Online Securities Pvt. Ltd.,282,380.0,107160.0,2025-08-13 14:53:17.744707
2025-08-13,5915,2025081304014638,UNHPL,ABC Securities Private Limited,Online Securities Pvt. Ltd.,218,380.0,82840.0,2025-08-13 14:53:17.744883
2025-08-13,5664,2025081304014705,UNHPL,Online Securities Pvt. Ltd.,Online Securities Pvt. Ltd.,4782,380.0,1817160.0,2025-08-13 14:53:46.639405
2025-08-13,5244,2025081304014800,UNHPL,Online Securities Pvt. Ltd.,Opal Securities Investment (PVT) Ltd.,50,380.0,19000.0,2025-08-13 14:54:30.979065
2025-08-13,4453,2025081304015000,UNHPL,Online Securities Pvt. Ltd.,Agrawal Securities (PVT) Ltd.,168,380.0,63840.0,2025-08-13 14:55:38.074328
2025-08-13,4129,2025081304015059,UNHPL,Online Securities Pvt. Ltd.,Imperial Securities Company Pvt. Ltd.,1100,380.9,418990.0,2025-08-13 14:56:05.821678
2025-08-13,4128,2025081304015060,UNHPL,Online Securities Pvt. Ltd.,Online Securities Pvt. Ltd.,1900,381.0,723900.0,2025-08-13 14:56:05.822010
2025-08-13,3903,2025081304015124,UNHPL,Deevyaa Securities & Stock House Pvt. Ltd,Online Securities Pvt. Ltd.,100,381.0,38100.0,2025-08-13 14:56:28.226552
2025-08-13,3902,2025081304015125,UNHPL,Deevyaa Securities & Stock House Pvt. Ltd,Linch Stock Market Ltd.,500,382.0,191000.0,2025-08-13 14:56:28.226708
2025-08-13,3901,2025081304015126,UNHPL,Deevyaa Securities & Stock House Pvt. Ltd,Oxford Securities Pvt. Ltd.,90,382.0,34380.0,2025-08-13 14:56:28.226777
2025-08-13,3900,2025081304015127,UNHPL,Deevyaa Securities & Stock House Pvt. Ltd,Aryatara Investment & Securities,1000,382.0,382000.0,2025-08-13 14:56:28.226850
2025-08-13,3687,2025081304015173,UNHPL,Deevyaa Securities & Stock House Pvt. Ltd,Imperial Securities Company Pvt. Ltd.,300,382.0,114600.0,2025-08-13 14:56:49.500076
2025-08-13,3361,2025081304015241,UNHPL,Deevyaa Securities & Stock House Pvt. Ltd,Naasa Securities Co. Ltd.,100,382.0,38200.0,2025-08-13 14:57:15.614588
2025-08-13,3016,2025081304015360,UNHPL,Deevyaa Securities & Stock House Pvt. Ltd,SHUBHAKAMANA SECURITIES PVT. LTD,1000,382.9,382900.0,2025-08-13 14:57:44.059975
2025-08-13,3015,2025081304015361,UNHPL,Deevyaa Securities & Stock House Pvt. Ltd,Secured Securities Ltd.,500,383.0,191500.0,2025-08-13 14:57:44.060304
2025-08-13,2994,2025081304015369,UNHPL,Kohinoor Investment & Securities Pvt. Ltd.,Imperial Securities Company Pvt. Ltd.,100,382.0,38200.0,2025-08-13 14:57:46.478305
2025-08-13,2172,2025081304015576,UNHPL,Deevyaa Securities & Stock House Pvt. Ltd,Secured Securities Ltd.,500,383.0,191500.0,2025-08-13 14:58:40.462360
2025-08-13,2171,2025081304015577,UNHPL,Deevyaa Securities & Stock House Pvt. Ltd,Bhrikuti Stock Broking Co. Pvt. Ltd.,200,384.0,76800.0,2025-08-13 14:58:40.462403
2025-08-13,2170,2025081304015578,UNHPL,Deevyaa Securities & Stock House Pvt. Ltd,Capital Max Securities Ltd,1200,384.0,460800.0,2025-08-13 14:58:40.462436
2025-08-13,2169,2025081304015579,UNHPL,Deevyaa Securities & Stock House Pvt. Ltd,Capital Max Securities Ltd,600,384.0,230400.0,2025-08-13 14:58:40.462471
2025-08-13,2019,2025081304015617,UNHPL,Kohinoor Investment & Securities Pvt. Ltd.,Secured Securities Ltd.,200,382.9,76580.0,2025-08-13 14:58:48.275421
2025-08-13,1914,2025081304015648,UNHPL,Kohinoor Investment & Securities Pvt. Ltd.,Dynamic Money Managers Securities Pvt. Ltd.,200,382.9,76580.0,2025-08-13 14:58:55.898799
2025-08-13,1399,2025081304015806,UNHPL,Online Securities Pvt. Ltd.,Dynamic Money Managers Securities Pvt. Ltd.,500,382.9,191450.0,2025-08-13 14:59:18.564739
