Date,S.N.,contract_id,symbol,buyer_broker,seller_broker,volume,price,amount,transaction_time
2025-09-21,108866,2025092105000001,CIT,Asian Securities Private Ltd.,Dipshikha Dhitopatra Karobar Co. Pvt Ltd.,20,1730.8,34616.0,2025-09-21 10:46:00.008900
2025-09-21,108865,2025092105000002,CIT,Naasa Securities Co. Ltd.,Dipshikha Dhitopatra Karobar Co. Pvt Ltd.,10,1730.8,17308.0,2025-09-21 10:46:00.008951
2025-09-21,108864,2025092105000003,CIT,Nepal Investment And Securities Trading Private Limited,Dipshikha Dhitopatra Karobar Co. Pvt Ltd.,10,1730.8,17308.0,2025-09-21 10:46:00.008970
2025-09-21,108863,2025092105000004,CIT,Vision Securities Pvt. Ltd,Dipshikha Dhitopatra Karobar Co. Pvt Ltd.,10,1730.8,17308.0,2025-09-21 10:46:00.008991
2025-09-21,108862,2025092105000005,CIT,Vision Securities Pvt. Ltd,Kumari Securities Private Limited,10,1730.8,17308.0,2025-09-21 10:46:00.009063
2025-09-21,108861,2025092105000006,CIT,Sweta Securities Private Limited,Kumari Securities Private Limited,39,1730.8,67501.2,2025-09-21 10:46:00.009091
2025-09-21,108860,2025092105000007,CIT,Sweta Securities Private Limited,Online Securities Pvt. Ltd.,61,1730.8,105578.8,2025-09-21 10:46:00.009114
2025-09-21,108859,2025092105000008,CIT,Deevyaa Securities & Stock House Pvt. Ltd,Online Securities Pvt. Ltd.,70,1730.8,121156.0,2025-09-21 10:46:00.009135
2025-09-21,108858,2025092105000009,CIT,Naasa Securities Co. Ltd.,Online Securities Pvt. Ltd.,10,1730.8,17308.0,2025-09-21 10:46:00.009163
2025-09-21,108857,2025092105000010,CIT,Market Securities & Exchange (PVT) Ltd.,Online Securities Pvt. Ltd.,200,1730.8,346160.0,2025-09-21 10:46:00.009187
2025-09-21,108856,2025092105000011,CIT,Naasa Securities Co. Ltd.,Online Securities Pvt. Ltd.,50,1730.8,86540.0,2025-09-21 10:46:00.009212
2025-09-21,108855,2025092105000012,CIT,Sani Securities Company Ltd.,Online Securities Pvt. Ltd.,256,1730.8,443084.8,2025-09-21 10:46:00.009231
2025-09-21,107861,2025092105000322,CIT,Sani Securities Company Ltd.,Naasa Securities Co. Ltd.,24,1750.0,42000.0,2025-09-21 11:00:32.162438
2025-09-21,107696,2025092105000358,CIT,Sani Securities Company Ltd.,Naasa Securities Co. Ltd.,10,1750.0,17500.0,2025-09-21 11:00:42.164467
2025-09-21,107586,2025092105000393,CIT,Sani Securities Company Ltd.,Nabil Stock Dealer Ltd.,10,1750.0,17500.0,2025-09-21 11:00:47.838909
2025-09-21,107533,2025092105000418,CIT,Sani Securities Company Ltd.,Deevyaa Securities & Stock House Pvt. Ltd,20,1750.0,35000.0,2025-09-21 11:00:52.592374
2025-09-21,107492,2025092105000433,CIT,J.F. Securites (PVT) Ltd.,Online Securities Pvt. Ltd.,38,1760.0,66880.0,2025-09-21 11:00:55.408800
2025-09-21,107449,2025092105000443,CIT,Neev Securities Pvt. Ltd.,Naasa Securities Co. Ltd.,23,1760.0,40480.0,2025-09-21 11:00:57.464175
2025-09-21,107156,2025092105000545,CIT,ABC Securities Private Limited,Nepal Investment And Securities Trading Private Limited,100,1785.0,178500.0,2025-09-21 11:01:14.554295
2025-09-21,107012,2025092105000596,CIT,Trisul Securities & Invt. Ltd.,Oxford Securities Pvt. Ltd.,10,1760.0,17600.0,2025-09-21 11:01:22.131673
2025-09-21,107011,2025092105000597,CIT,Neev Securities Pvt. Ltd.,Oxford Securities Pvt. Ltd.,7,1760.0,12320.0,2025-09-21 11:01:22.131808
2025-09-21,106980,2025092105000606,CIT,Creative Securities Pvt Ltd,Dynamic Money Managers Securities Pvt. Ltd.,50,1751.1,87555.0,2025-09-21 11:01:22.781860
2025-09-21,106979,2025092105000607,CIT,Vision Securities Pvt. Ltd,Dynamic Money Managers Securities Pvt. Ltd.,10,1751.0,17510.0,2025-09-21 11:01:22.781946
2025-09-21,106867,2025092105000642,CIT,Linch Stock Market Ltd.,Dynamic Money Managers Securities Pvt. Ltd.,97,1751.0,169847.0,2025-09-21 11:01:28.572412
2025-09-21,105979,2025092105000973,CIT,Sharepro Securities Private Limited,Sani Securities Company Ltd.,15,1762.0,26430.0,2025-09-21 11:02:15.082237
2025-09-21,105737,2025092105001060,CIT,Sewa Securities Pvt. Ltd.,Naasa Securities Co. Ltd.,59,1785.0,105315.0,2025-09-21 11:02:28.237078
2025-09-21,105736,2025092105001061,CIT,Sewa Securities Pvt. Ltd.,Nepal Investment And Securities Trading Private Limited,100,1786.0,178600.0,2025-09-21 11:02:28.237161
2025-09-21,105735,2025092105001062,CIT,Sewa Securities Pvt. Ltd.,Nepal Investment And Securities Trading Private Limited,50,1795.0,89750.0,2025-09-21 11:02:28.237199
2025-09-21,105482,2025092105001177,CIT,Sewa Securities Pvt. Ltd.,Imperial Securities Company Pvt. Ltd.,15,1795.0,26925.0,2025-09-21 11:02:40.602947
2025-09-21,105288,2025092105001260,CIT,Sewa Securities Pvt. Ltd.,J.F. Securites (PVT) Ltd.,18,1795.0,32310.0,2025-09-21 11:02:50.960421
2025-09-21,104460,2025092105001591,CIT,Dipshikha Dhitopatra Karobar Co. Pvt Ltd.,Online Securities Pvt. Ltd.,25,1800.0,45000.0,2025-09-21 11:03:38.764602
2025-09-21,104246,2025092105001682,CIT,Imperial Securities Company Pvt. Ltd.,Online Securities Pvt. Ltd.,10,1800.0,18000.0,2025-09-21 11:03:51.087737
2025-09-21,104156,2025092105001716,CIT,Trisul Securities & Invt. Ltd.,Online Securities Pvt. Ltd.,15,1800.0,27000.0,2025-09-21 11:03:57.741900
2025-09-21,103897,2025092105001801,CIT,Sweta Securities Private Limited,Nepal Investment And Securities Trading Private Limited,50,1805.0,90250.0,2025-09-21 11:04:12.718898
2025-09-21,103283,2025092105002015,CIT,Naasa Securities Co. Ltd.,J.F. Securites (PVT) Ltd.,10,1810.0,18100.0,2025-09-21 11:04:48.277213
2025-09-21,103011,2025092105002096,CIT,Sri Hari Securities Pvt. Ltd.,J.F. Securites (PVT) Ltd.,10,1820.0,18200.0,2025-09-21 11:05:03.463840
2025-09-21,102960,2025092105002115,CIT,Sri Hari Securities Pvt. Ltd.,Vision Securities Pvt. Ltd,10,1820.0,18200.0,2025-09-21 11:05:07.404270
2025-09-21,102541,2025092105002237,CIT,Sri Hari Securities Pvt. Ltd.,Nepal Investment And Securities Trading Private Limited,50,1841.0,92050.0,2025-09-21 11:05:32.057937
2025-09-21,102012,2025092105002417,CIT,Premier Securities Company Ltd.,Linch Stock Market Ltd.,10,1841.0,18410.0,2025-09-21 11:06:03.234364
2025-09-21,102011,2025092105002418,CIT,ABC Securities Private Limited,Linch Stock Market Ltd.,10,1840.0,18400.0,2025-09-21 11:06:03.234566
2025-09-21,101878,2025092105002469,CIT,Imperial Securities Company Pvt. Ltd.,Linch Stock Market Ltd.,50,1840.0,92000.0,2025-09-21 11:06:10.445005
2025-09-21,101739,2025092105002504,CIT,Oxford Securities Pvt. Ltd.,Arun Securities (PVT) Ltd.,56,1810.0,101360.0,2025-09-21 11:06:17.798958
2025-09-21,101738,2025092105002505,CIT,Neev Securities Pvt. Ltd.,Arun Securities (PVT) Ltd.,10,1810.0,18100.0,2025-09-21 11:06:17.799080
2025-09-21,101635,2025092105002533,CIT,Dipshikha Dhitopatra Karobar Co. Pvt Ltd.,Arun Securities (PVT) Ltd.,50,1810.0,90500.0,2025-09-21 11:06:23.233020
2025-09-21,101600,2025092105002544,CIT,Thrive Brokerage House Pvt. Ltd,Arun Securities (PVT) Ltd.,10,1810.0,18100.0,2025-09-21 11:06:24.697441
2025-09-21,101535,2025092105002578,CIT,Trisul Securities & Invt. Ltd.,Arun Securities (PVT) Ltd.,10,1810.0,18100.0,2025-09-21 11:06:28.397811
2025-09-21,101491,2025092105002591,CIT,ABC Securities Private Limited,Arun Securities (PVT) Ltd.,10,1810.0,18100.0,2025-09-21 11:06:31.632077
2025-09-21,101372,2025092105002621,CIT,Dipshikha Dhitopatra Karobar Co. Pvt Ltd.,Arun Securities (PVT) Ltd.,104,1810.0,188240.0,2025-09-21 11:06:38.367143
2025-09-21,101084,2025092105002714,CIT,Dipshikha Dhitopatra Karobar Co. Pvt Ltd.,Sani Securities Company Ltd.,21,1810.0,38010.0,2025-09-21 11:06:53.705602
2025-09-21,100736,2025092105002835,CIT,Dipshikha Dhitopatra Karobar Co. Pvt Ltd.,Midas Stock Broking Company Private Limited,20,1810.0,36200.0,2025-09-21 11:07:15.489989
2025-09-21,100718,2025092105002840,CIT,Sri Hari Securities Pvt. Ltd.,Linch Stock Market Ltd.,10,1840.0,18400.0,2025-09-21 11:07:16.617520
2025-09-21,100562,2025092105002882,CIT,Sri Hari Securities Pvt. Ltd.,Arun Securities (PVT) Ltd.,190,1840.0,349600.0,2025-09-21 11:07:24.671180
2025-09-21,100561,2025092105002883,CIT,Dipshikha Dhitopatra Karobar Co. Pvt Ltd.,Arun Securities (PVT) Ltd.,55,1810.0,99550.0,2025-09-21 11:07:24.671400
2025-09-21,100273,2025092105002984,CIT,Online Securities Pvt. Ltd.,Sundhara Securities Limited,15,1820.0,27300.0,2025-09-21 11:07:38.601374
2025-09-21,100272,2025092105002985,CIT,Vision Securities Pvt. Ltd,Sundhara Securities Limited,20,1810.0,36200.0,2025-09-21 11:07:38.601563
2025-09-21,100271,2025092105002986,CIT,Linch Stock Market Ltd.,Sundhara Securities Limited,103,1810.0,186430.0,2025-09-21 11:07:38.601687
2025-09-21,100270,2025092105002987,CIT,Dipshikha Dhitopatra Karobar Co. Pvt Ltd.,Sundhara Securities Limited,13,1810.0,23530.0,2025-09-21 11:07:38.601811
2025-09-21,99875,2025092105003097,CIT,Sewa Securities Pvt. Ltd.,Imperial Securities Company Pvt. Ltd.,20,1846.0,36920.0,2025-09-21 11:08:00.756859
2025-09-21,99874,2025092105003098,CIT,Sewa Securities Pvt. Ltd.,Sweta Securities Private Limited,10,1846.0,18460.0,2025-09-21 11:08:00.756977
2025-09-21,99632,2025092105003173,CIT,Sewa Securities Pvt. Ltd.,Nepal Investment And Securities Trading Private Limited,20,1875.0,37500.0,2025-09-21 11:08:16.770710
2025-09-21,98521,2025092105003556,CIT,Creative Securities Pvt Ltd,Neev Securities Pvt. Ltd.,12,1850.0,22200.0,2025-09-21 11:09:24.716739
2025-09-21,98520,2025092105003557,CIT,Aryatara Investment & Securities,Neev Securities Pvt. Ltd.,88,1840.0,161920.0,2025-09-21 11:09:24.716966
2025-09-21,97722,2025092105003784,CIT,Sri Hari Securities Pvt. Ltd.,Sundhara Securities Limited,20,1850.0,37000.0,2025-09-21 11:10:15.569619
2025-09-21,97713,2025092105003787,CIT,Primo Securities (PVT) Ltd.,Aryatara Investment & Securities,25,1869.0,46725.0,2025-09-21 11:10:16.080120
2025-09-21,97684,2025092105003802,CIT,Secured Securities Ltd.,Aryatara Investment & Securities,50,1869.0,93450.0,2025-09-21 11:10:18.091754
2025-09-21,97323,2025092105003942,CIT,Dakshinkali Investment & Securities Pvt. Ltd.,Arun Securities (PVT) Ltd.,36,1850.0,66600.0,2025-09-21 11:10:33.755045
2025-09-21,96850,2025092105004092,CIT,Aryatara Investment & Securities,Arun Securities (PVT) Ltd.,14,1850.0,25900.0,2025-09-21 11:10:52.887177
2025-09-21,96721,2025092105004130,CIT,Kumari Securities Private Limited,Trisul Securities & Invt. Ltd.,10,1845.0,18450.0,2025-09-21 11:10:58.928039
2025-09-21,96683,2025092105004146,CIT,Kumari Securities Private Limited,Nepal Investment And Securities Trading Private Limited,40,1845.0,73800.0,2025-09-21 11:11:00.537665
2025-09-21,95790,2025092105004446,CIT,Imperial Securities Company Pvt. Ltd.,Nepal Investment And Securities Trading Private Limited,50,1845.0,92250.0,2025-09-21 11:11:36.015950
2025-09-21,95513,2025092105004546,CIT,Imperial Securities Company Pvt. Ltd.,Aryatara Investment & Securities,20,1842.5,36850.0,2025-09-21 11:11:48.472392
2025-09-21,95512,2025092105004547,CIT,Online Securities Pvt. Ltd.,Aryatara Investment & Securities,30,1842.0,55260.0,2025-09-21 11:11:48.472486
2025-09-21,95486,2025092105004556,CIT,J.F. Securites (PVT) Ltd.,Nepal Investment And Securities Trading Private Limited,10,1845.0,18450.0,2025-09-21 11:11:49.694465
2025-09-21,95413,2025092105004571,CIT,Online Securities Pvt. Ltd.,Sani Securities Company Ltd.,10,1842.0,18420.0,2025-09-21 11:11:52.088387
2025-09-21,95256,2025092105004609,CIT,Online Securities Pvt. Ltd.,Imperial Securities Company Pvt. Ltd.,10,1842.0,18420.0,2025-09-21 11:11:58.143018
2025-09-21,95020,2025092105004675,CIT,Aryatara Investment & Securities,Neev Securities Pvt. Ltd.,12,1840.0,22080.0,2025-09-21 11:12:05.909550
2025-09-21,95019,2025092105004676,CIT,Asian Securities Private Ltd.,Neev Securities Pvt. Ltd.,88,1840.0,161920.0,2025-09-21 11:12:05.909666
2025-09-21,94843,2025092105004758,CIT,Trishakti Securities Public Limited,Imperial Securities Company Pvt. Ltd.,10,1842.0,18420.0,2025-09-21 11:12:11.123209
2025-09-21,94579,2025092105004845,CIT,Asian Securities Private Ltd.,Asian Securities Private Ltd.,12,1840.0,22080.0,2025-09-21 11:12:21.976349
2025-09-21,94085,2025092105004974,CIT,Vision Securities Pvt. Ltd,Midas Stock Broking Company Private Limited,12,1840.0,22080.0,2025-09-21 11:12:43.699707
2025-09-21,93860,2025092105005064,CIT,Global IME Securities Limited,Secured Securities Ltd.,27,1837.5,49612.5,2025-09-21 11:12:54.928094
2025-09-21,93524,2025092105005174,CIT,Dipshikha Dhitopatra Karobar Co. Pvt Ltd.,Dipshikha Dhitopatra Karobar Co. Pvt Ltd.,30,1837.5,55125.0,2025-09-21 11:13:10.848799
2025-09-21,92947,2025092105005330,CIT,Linch Stock Market Ltd.,Sani Securities Company Ltd.,86,1830.0,157380.0,2025-09-21 11:13:38.140247
2025-09-21,92427,2025092105005452,CIT,Linch Stock Market Ltd.,Imperial Securities Company Pvt. Ltd.,14,1830.0,25620.0,2025-09-21 11:14:01.219822
2025-09-21,92426,2025092105005453,CIT,Dipshikha Dhitopatra Karobar Co. Pvt Ltd.,Imperial Securities Company Pvt. Ltd.,50,1830.0,91500.0,2025-09-21 11:14:01.219948
2025-09-21,92246,2025092105005498,CIT,Aryatara Investment & Securities,Imperial Securities Company Pvt. Ltd.,50,1830.0,91500.0,2025-09-21 11:14:09.312071
2025-09-21,92227,2025092105005511,CIT,Market Securities & Exchange (PVT) Ltd.,Imperial Securities Company Pvt. Ltd.,50,1830.0,91500.0,2025-09-21 11:14:09.903709
2025-09-21,92042,2025092105005565,CIT,Siprabi Securities Pvt. Ltd.,Imperial Securities Company Pvt. Ltd.,16,1830.0,29280.0,2025-09-21 11:14:18.534820
2025-09-21,92030,2025092105005570,CIT,Siprabi Securities Pvt. Ltd.,Nepal Investment And Securities Trading Private Limited,23,1830.0,42090.0,2025-09-21 11:14:18.997799
2025-09-21,91918,2025092105005611,CIT,Siprabi Securities Pvt. Ltd.,Sani Securities Company Ltd.,32,1830.0,58560.0,2025-09-21 11:14:26.276941
2025-09-21,91828,2025092105005635,CIT,Siprabi Securities Pvt. Ltd.,Sani Securities Company Ltd.,10,1830.0,18300.0,2025-09-21 11:14:31.415022
2025-09-21,91811,2025092105005643,CIT,Siprabi Securities Pvt. Ltd.,Sewa Securities Pvt. Ltd.,19,1830.0,34770.0,2025-09-21 11:14:32.820450
2025-09-21,91810,2025092105005644,CIT,Malla & Malla Stock Broking Company Pvt. Limited,Sewa Securities Pvt. Ltd.,50,1821.0,91050.0,2025-09-21 11:14:32.820677
2025-09-21,91339,2025092105005799,CIT,Kalika Securities Pvt. Ltd.,Arun Securities (PVT) Ltd.,5,1810.0,9050.0,2025-09-21 11:14:59.435717
2025-09-21,91333,2025092105005800,CIT,Trisul Securities & Invt. Ltd.,Market Securities & Exchange (PVT) Ltd.,18,1818.0,32724.0,2025-09-21 11:14:59.592713
2025-09-21,91085,2025092105005881,CIT,Vision Securities Pvt. Ltd,Market Securities & Exchange (PVT) Ltd.,14,1811.0,25354.0,2025-09-21 11:15:13.300338
2025-09-21,90928,2025092105005926,CIT,SUN SECURITIES PVT LTD,Sewa Securities Pvt. Ltd.,20,1818.0,36360.0,2025-09-21 11:15:19.633286
2025-09-21,90889,2025092105005941,CIT,SUN SECURITIES PVT LTD,Naasa Securities Co. Ltd.,80,1818.0,145440.0,2025-09-21 11:15:21.547685
2025-09-21,90888,2025092105005942,CIT,Vision Securities Pvt. Ltd,Naasa Securities Co. Ltd.,36,1811.0,65196.0,2025-09-21 11:15:21.547793
2025-09-21,90585,2025092105006046,CIT,Dipshikha Dhitopatra Karobar Co. Pvt Ltd.,Online Securities Pvt. Ltd.,37,1810.0,66970.0,2025-09-21 11:15:36.960815
2025-09-21,90584,2025092105006047,CIT,Trisul Securities & Invt. Ltd.,Online Securities Pvt. Ltd.,13,1810.0,23530.0,2025-09-21 11:15:36.960942
2025-09-21,90065,2025092105006230,CIT,Trisul Securities & Invt. Ltd.,Dipshikha Dhitopatra Karobar Co. Pvt Ltd.,17,1810.0,30770.0,2025-09-21 11:16:03.829653
2025-09-21,90064,2025092105006231,CIT,Sundhara Securities Limited,Dipshikha Dhitopatra Karobar Co. Pvt Ltd.,20,1810.0,36200.0,2025-09-21 11:16:03.829791
2025-09-21,90063,2025092105006232,CIT,Kumari Securities Private Limited,Dipshikha Dhitopatra Karobar Co. Pvt Ltd.,19,1810.0,34390.0,2025-09-21 11:16:03.829858
2025-09-21,89414,2025092105006458,CIT,Naasa Securities Co. Ltd.,South Asian Bulls Pvt. Ltd.,10,1808.0,18080.0,2025-09-21 11:16:40.092517
2025-09-21,89413,2025092105006459,CIT,Swarna Laxmi Securities Pvt. Ltd.,South Asian Bulls Pvt. Ltd.,30,1805.0,54150.0,2025-09-21 11:16:40.092699
2025-09-21,89412,2025092105006460,CIT,Naasa Securities Co. Ltd.,South Asian Bulls Pvt. Ltd.,10,1805.0,18050.0,2025-09-21 11:16:40.092755
2025-09-21,89375,2025092105006472,CIT,Naasa Securities Co. Ltd.,Aryatara Investment & Securities,10,1805.0,18050.0,2025-09-21 11:16:42.873973
2025-09-21,89374,2025092105006473,CIT,ABC Securities Private Limited,Aryatara Investment & Securities,10,1800.0,18000.0,2025-09-21 11:16:42.874091
2025-09-21,89373,2025092105006474,CIT,Dipshikha Dhitopatra Karobar Co. Pvt Ltd.,Aryatara Investment & Securities,100,1800.0,180000.0,2025-09-21 11:16:42.874139
2025-09-21,89372,2025092105006475,CIT,Aryatara Investment & Securities,Aryatara Investment & Securities,20,1800.0,36000.0,2025-09-21 11:16:42.874191
2025-09-21,89371,2025092105006476,CIT,South Asian Bulls Pvt. Ltd.,Aryatara Investment & Securities,10,1800.0,18000.0,2025-09-21 11:16:42.874237
2025-09-21,89370,2025092105006477,CIT,Siprabi Securities Pvt. Ltd.,Aryatara Investment & Securities,30,1800.0,54000.0,2025-09-21 11:16:42.874289
2025-09-21,89369,2025092105006478,CIT,Naasa Securities Co. Ltd.,Aryatara Investment & Securities,10,1800.0,18000.0,2025-09-21 11:16:42.874345
2025-09-21,89133,2025092105006556,CIT,Sani Securities Company Ltd.,Bhrikuti Stock Broking Co. Pvt. Ltd.,10,1796.0,17960.0,2025-09-21 11:16:54.515995
2025-09-21,89012,2025092105006597,CIT,Sani Securities Company Ltd.,Naasa Securities Co. Ltd.,20,1796.0,35920.0,2025-09-21 11:17:03.921408
2025-09-21,88817,2025092105006674,CIT,Sani Securities Company Ltd.,Agrawal Securities (PVT) Ltd.,10,1796.0,17960.0,2025-09-21 11:17:19.027717
2025-09-21,88577,2025092105006792,CIT,Sani Securities Company Ltd.,Imperial Securities Company Pvt. Ltd.,15,1796.0,26940.0,2025-09-21 11:17:35.277435
2025-09-21,88460,2025092105006826,CIT,Sani Securities Company Ltd.,Imperial Securities Company Pvt. Ltd.,10,1796.0,17960.0,2025-09-21 11:17:40.992822
2025-09-21,88387,2025092105006852,CIT,Nepal Stock House (PVT) Ltd.,Aryatara Investment & Securities,10,1795.0,17950.0,2025-09-21 11:17:46.903759
2025-09-21,88153,2025092105006921,CIT,Capital Hub P. Ltd,Secured Securities Ltd.,10,1794.0,17940.0,2025-09-21 11:18:00.560165
2025-09-21,87642,2025092105007090,CIT,Opal Securities Investment (PVT) Ltd.,Nepal Investment And Securities Trading Private Limited,20,1794.0,35880.0,2025-09-21 11:18:35.364044
2025-09-21,87590,2025092105007102,CIT,Aryatara Investment & Securities,Nepal Investment And Securities Trading Private Limited,50,1791.0,89550.0,2025-09-21 11:18:39.442401
2025-09-21,87589,2025092105007103,CIT,Neev Securities Pvt. Ltd.,Nepal Investment And Securities Trading Private Limited,10,1791.0,17910.0,2025-09-21 11:18:39.442536
2025-09-21,87588,2025092105007104,CIT,KALASH STOCK MARKET PVT. LTD.,Nepal Investment And Securities Trading Private Limited,732,1790.0,1310280.0,2025-09-21 11:18:39.442588
2025-09-21,87445,2025092105007144,CIT,Oxford Securities Pvt. Ltd.,Nepal Investment And Securities Trading Private Limited,10,1794.0,17940.0,2025-09-21 11:18:48.200926
2025-09-21,87264,2025092105007225,CIT,KALASH STOCK MARKET PVT. LTD.,Aryatara Investment & Securities,200,1790.0,358000.0,2025-09-21 11:19:00.221695
2025-09-21,87071,2025092105007290,CIT,KALASH STOCK MARKET PVT. LTD.,Aryatara Investment & Securities,60,1790.0,107400.0,2025-09-21 11:19:14.304765
2025-09-21,87033,2025092105007301,CIT,Cristal Kanchanjanga Securites Pvt. Ltd.,Bhrikuti Stock Broking Co. Pvt. Ltd.,25,1791.0,44775.0,2025-09-21 11:19:16.643359
2025-09-21,87032,2025092105007302,CIT,Market Securities & Exchange (PVT) Ltd.,Bhrikuti Stock Broking Co. Pvt. Ltd.,25,1784.0,44600.0,2025-09-21 11:19:16.643412
2025-09-21,87031,2025092105007303,CIT,Malla & Malla Stock Broking Company Pvt. Limited,Bhrikuti Stock Broking Co. Pvt. Ltd.,40,1780.0,71200.0,2025-09-21 11:19:16.643439
2025-09-21,87030,2025092105007304,CIT,South Asian Bulls Pvt. Ltd.,Bhrikuti Stock Broking Co. Pvt. Ltd.,10,1780.0,17800.0,2025-09-21 11:19:16.643475
2025-09-21,86548,2025092105007484,CIT,Oxford Securities Pvt. Ltd.,Sundhara Securities Limited,10,1790.0,17900.0,2025-09-21 11:19:49.425156
2025-09-21,85900,2025092105007684,CIT,Aryatara Investment & Securities,Premier Securities Company Ltd.,86,1782.0,153252.0,2025-09-21 11:20:37.064374
2025-09-21,85899,2025092105007685,CIT,Sewa Securities Pvt. Ltd.,Premier Securities Company Ltd.,20,1781.0,35620.0,2025-09-21 11:20:37.064494
2025-09-21,85898,2025092105007686,CIT,Thrive Brokerage House Pvt. Ltd,Premier Securities Company Ltd.,69,1780.0,122820.0,2025-09-21 11:20:37.064544
2025-09-21,85434,2025092105007884,CIT,Kumari Securities Private Limited,Sundhara Securities Limited,50,1785.0,89250.0,2025-09-21 11:21:10.270237
2025-09-21,85244,2025092105007962,CIT,SUN SECURITIES PVT LTD,Sundhara Securities Limited,50,1785.0,89250.0,2025-09-21 11:21:25.497381
2025-09-21,85146,2025092105007986,CIT,Thrive Brokerage House Pvt. Ltd,Sundhara Securities Limited,100,1785.0,178500.0,2025-09-21 11:21:32.459023
2025-09-21,84923,2025092105008049,CIT,Opal Securities Investment (PVT) Ltd.,Sundhara Securities Limited,10,1785.0,17850.0,2025-09-21 11:21:49.720369
2025-09-21,84829,2025092105008081,CIT,Cristal Kanchanjanga Securites Pvt. Ltd.,Agrawal Securities (PVT) Ltd.,25,1781.0,44525.0,2025-09-21 11:21:56.925705
2025-09-21,84741,2025092105008110,CIT,Primo Securities (PVT) Ltd.,Sundhara Securities Limited,180,1781.0,320580.0,2025-09-21 11:22:04.267582
2025-09-21,84692,2025092105008122,CIT,Sewa Securities Pvt. Ltd.,Dynamic Money Managers Securities Pvt. Ltd.,160,1790.0,286400.0,2025-09-21 11:22:08.685966
2025-09-21,84691,2025092105008123,CIT,Sewa Securities Pvt. Ltd.,Aryatara Investment & Securities,50,1790.0,89500.0,2025-09-21 11:22:08.686171
2025-09-21,84690,2025092105008124,CIT,Sewa Securities Pvt. Ltd.,Opal Securities Investment (PVT) Ltd.,40,1790.0,71600.0,2025-09-21 11:22:08.686236
2025-09-21,84672,2025092105008132,CIT,Online Securities Pvt. Ltd.,Siprabi Securities Pvt. Ltd.,10,1785.0,17850.0,2025-09-21 11:22:09.861067
2025-09-21,84671,2025092105008133,CIT,Primo Securities (PVT) Ltd.,Siprabi Securities Pvt. Ltd.,20,1781.0,35620.0,2025-09-21 11:22:09.861189
2025-09-21,84389,2025092105008227,CIT,Naasa Securities Co. Ltd.,Siprabi Securities Pvt. Ltd.,13,1781.0,23153.0,2025-09-21 11:22:26.250618
2025-09-21,84321,2025092105008254,CIT,Asian Securities Private Ltd.,Siprabi Securities Pvt. Ltd.,100,1781.0,178100.0,2025-09-21 11:22:30.117639
2025-09-21,83997,2025092105008335,CIT,Online Securities Pvt. Ltd.,Opal Securities Investment (PVT) Ltd.,60,1790.0,107400.0,2025-09-21 11:22:53.300680
2025-09-21,83531,2025092105008490,CIT,Sweta Securities Private Limited,Nepal Investment And Securities Trading Private Limited,13,1794.0,23322.0,2025-09-21 11:23:25.362704
2025-09-21,83051,2025092105008621,CIT,Siprabi Securities Pvt. Ltd.,Imperial Securities Company Pvt. Ltd.,10,1796.0,17960.0,2025-09-21 11:23:56.957788
2025-09-21,82538,2025092105008779,CIT,Thrive Brokerage House Pvt. Ltd,Linch Stock Market Ltd.,50,1810.0,90500.0,2025-09-21 11:24:35.778883
2025-09-21,82537,2025092105008780,CIT,Thrive Brokerage House Pvt. Ltd,Midas Stock Broking Company Private Limited,50,1810.0,90500.0,2025-09-21 11:24:35.779158
2025-09-21,82027,2025092105008955,CIT,Siprabi Securities Pvt. Ltd.,Vision Securities Pvt. Ltd,20,1809.0,36180.0,2025-09-21 11:25:25.993138
2025-09-21,81678,2025092105009074,CIT,Nepal Stock House (PVT) Ltd.,Capital Max Securities Ltd,10,1805.0,18050.0,2025-09-21 11:26:00.403972
2025-09-21,81302,2025092105009192,CIT,Capital Max Securities Ltd,Capital Max Securities Ltd,50,1805.0,90250.0,2025-09-21 11:26:34.110136
2025-09-21,81268,2025092105009199,CIT,J.F. Securites (PVT) Ltd.,Vision Securities Pvt. Ltd,100,1804.0,180400.0,2025-09-21 11:26:37.398169
2025-09-21,81061,2025092105009275,CIT,Opal Securities Investment (PVT) Ltd.,Vision Securities Pvt. Ltd,16,1804.0,28864.0,2025-09-21 11:26:58.293512
2025-09-21,80908,2025092105009327,CIT,Malla & Malla Stock Broking Company Pvt. Limited,Vision Securities Pvt. Ltd,30,1803.0,54090.0,2025-09-21 11:27:10.184785
2025-09-21,80907,2025092105009328,CIT,Ashutosh Brokerage & Securities (PVT) Ltd.,Vision Securities Pvt. Ltd,48,1800.0,86400.0,2025-09-21 11:27:10.184941
2025-09-21,80817,2025092105009351,CIT,Sajilo Broker Limited,South Asian Bulls Pvt. Ltd.,10,1804.0,18040.0,2025-09-21 11:27:18.860189
2025-09-21,80647,2025092105009412,CIT,Vision Securities Pvt. Ltd,South Asian Bulls Pvt. Ltd.,37,1804.0,66748.0,2025-09-21 11:27:39.563891
2025-09-21,80646,2025092105009413,CIT,Vision Securities Pvt. Ltd,Capital Max Securities Ltd,463,1805.0,835715.0,2025-09-21 11:27:39.563990
2025-09-21,80521,2025092105009463,CIT,Shree Krishna Securities Ltd.,Capital Max Securities Ltd,15,1805.0,27075.0,2025-09-21 11:27:49.667624
2025-09-21,80443,2025092105009479,CIT,Capital Max Securities Ltd,Capital Max Securities Ltd,50,1805.0,90250.0,2025-09-21 11:27:57.172836
2025-09-21,80301,2025092105009522,CIT,ABC Securities Private Limited,Capital Max Securities Ltd,50,1805.0,90250.0,2025-09-21 11:28:10.205902
2025-09-21,80262,2025092105009535,CIT,Kohinoor Investment & Securities Pvt. Ltd.,Siprabi Securities Pvt. Ltd.,1,1781.0,1781.0,2025-09-21 11:28:14.035459
2025-09-21,80161,2025092105009569,CIT,Dipshikha Dhitopatra Karobar Co. Pvt Ltd.,Capital Max Securities Ltd,50,1805.0,90250.0,2025-09-21 11:28:25.876445
2025-09-21,79937,2025092105009633,CIT,Vision Securities Pvt. Ltd,Sharepro Securities Private Limited,10,1801.0,18010.0,2025-09-21 11:28:45.802488
2025-09-21,79862,2025092105009640,CIT,Sajilo Broker Limited,Capital Max Securities Ltd,10,1805.0,18050.0,2025-09-21 11:28:54.200437
2025-09-21,79705,2025092105009689,CIT,Neev Securities Pvt. Ltd.,Capital Max Securities Ltd,50,1805.0,90250.0,2025-09-21 11:29:13.780798
2025-09-21,79647,2025092105009716,CIT,Aryatara Investment & Securities,Capital Max Securities Ltd,17,1805.0,30685.0,2025-09-21 11:29:19.797700
2025-09-21,79374,2025092105009783,CIT,Nepal Stock House (PVT) Ltd.,Capital Max Securities Ltd,41,1805.0,74005.0,2025-09-21 11:29:45.829506
2025-09-21,79296,2025092105009810,CIT,Sani Securities Company Ltd.,Capital Max Securities Ltd,20,1805.0,36100.0,2025-09-21 11:29:52.614892
2025-09-21,78918,2025092105009940,CIT,Kohinoor Investment & Securities Pvt. Ltd.,Agrawal Securities (PVT) Ltd.,3,1781.0,5343.0,2025-09-21 11:30:35.580602
2025-09-21,78363,2025092105010109,CIT,Aryatara Investment & Securities,Capital Max Securities Ltd,20,1805.0,36100.0,2025-09-21 11:31:28.787588
2025-09-21,78050,2025092105010210,CIT,Online Securities Pvt. Ltd.,Capital Max Securities Ltd,30,1805.0,54150.0,2025-09-21 11:31:57.679076
2025-09-21,77985,2025092105010243,CIT,Online Securities Pvt. Ltd.,Capital Max Securities Ltd,12,1805.0,21660.0,2025-09-21 11:32:04.343105
2025-09-21,77863,2025092105010269,CIT,Sweta Securities Private Limited,Capital Max Securities Ltd,12,1805.0,21660.0,2025-09-21 11:32:17.672078
2025-09-21,77560,2025092105010390,CIT,Imperial Securities Company Pvt. Ltd.,Secured Securities Ltd.,20,1805.0,36100.0,2025-09-21 11:32:51.186177
2025-09-21,77559,2025092105010391,CIT,Opal Securities Investment (PVT) Ltd.,Secured Securities Ltd.,100,1805.0,180500.0,2025-09-21 11:32:51.186350
2025-09-21,77558,2025092105010392,CIT,Kohinoor Investment & Securities Pvt. Ltd.,Secured Securities Ltd.,22,1805.0,39710.0,2025-09-21 11:32:51.186417
2025-09-21,77557,2025092105010393,CIT,Imperial Securities Company Pvt. Ltd.,Secured Securities Ltd.,10,1804.7,18047.0,2025-09-21 11:32:51.186482
2025-09-21,77556,2025092105010394,CIT,Siprabi Securities Pvt. Ltd.,Secured Securities Ltd.,60,1804.0,108240.0,2025-09-21 11:32:51.186560
2025-09-21,77555,2025092105010395,CIT,Malla & Malla Stock Broking Company Pvt. Limited,Secured Securities Ltd.,166,1803.0,299298.0,2025-09-21 11:32:51.186657
2025-09-21,77554,2025092105010396,CIT,Thrive Brokerage House Pvt. Ltd,Secured Securities Ltd.,50,1802.0,90100.0,2025-09-21 11:32:51.186734
2025-09-21,77553,2025092105010397,CIT,Sri Hari Securities Pvt. Ltd.,Secured Securities Ltd.,20,1802.0,36040.0,2025-09-21 11:32:51.186797
2025-09-21,77164,2025092105010519,CIT,South Asian Bulls Pvt. Ltd.,Deevyaa Securities & Stock House Pvt. Ltd,20,1810.0,36200.0,2025-09-21 11:33:29.992025
2025-09-21,76992,2025092105010572,CIT,Midas Stock Broking Company Private Limited,Sani Securities Company Ltd.,20,1804.0,36080.0,2025-09-21 11:33:47.483736
2025-09-21,76305,2025092105010763,CIT,Market Securities & Exchange (PVT) Ltd.,Deevyaa Securities & Stock House Pvt. Ltd,50,1810.0,90500.0,2025-09-21 11:34:54.098131
2025-09-21,75733,2025092105010923,CIT,Thrive Brokerage House Pvt. Ltd,Sweta Securities Private Limited,16,1806.0,28896.0,2025-09-21 11:35:58.978766
2025-09-21,75654,2025092105010948,CIT,Primo Securities (PVT) Ltd.,J.F. Securites (PVT) Ltd.,20,1810.0,36200.0,2025-09-21 11:36:10.722690
2025-09-21,75236,2025092105011083,CIT,Nepal Investment And Securities Trading Private Limited,Trisul Securities & Invt. Ltd.,46,1810.0,83260.0,2025-09-21 11:36:54.590988
2025-09-21,74601,2025092105011293,CIT,Sani Securities Company Ltd.,Naasa Securities Co. Ltd.,100,1811.0,181100.0,2025-09-21 11:38:21.220100
2025-09-21,74550,2025092105011305,CIT,Naasa Securities Co. Ltd.,Aryatara Investment & Securities,10,1810.0,18100.0,2025-09-21 11:38:29.939735
2025-09-21,74430,2025092105011352,CIT,Bhrikuti Stock Broking Co. Pvt. Ltd.,Naasa Securities Co. Ltd.,20,1811.0,36220.0,2025-09-21 11:38:46.708221
2025-09-21,74294,2025092105011396,CIT,Aryatara Investment & Securities,Naasa Securities Co. Ltd.,50,1811.0,90550.0,2025-09-21 11:39:09.442801
2025-09-21,74270,2025092105011406,CIT,Thrive Brokerage House Pvt. Ltd,Naasa Securities Co. Ltd.,40,1811.0,72440.0,2025-09-21 11:39:18.029880
2025-09-21,74246,2025092105011417,CIT,Dynamic Money Managers Securities Pvt. Ltd.,Naasa Securities Co. Ltd.,10,1811.0,18110.0,2025-09-21 11:39:20.082204
2025-09-21,74044,2025092105011465,CIT,Nepal Stock House (PVT) Ltd.,Naasa Securities Co. Ltd.,166,1811.0,300626.0,2025-09-21 11:39:41.673468
2025-09-21,74043,2025092105011466,CIT,Nepal Stock House (PVT) Ltd.,Kalika Securities Pvt. Ltd.,20,1811.0,36220.0,2025-09-21 11:39:41.673688
2025-09-21,74039,2025092105011468,CIT,Nepal Stock House (PVT) Ltd.,Sani Securities Company Ltd.,14,1811.0,25354.0,2025-09-21 11:39:43.736679
2025-09-21,73836,2025092105011522,CIT,Nepal Stock House (PVT) Ltd.,Linch Stock Market Ltd.,10,1811.0,18110.0,2025-09-21 11:40:13.761874
2025-09-21,73817,2025092105011525,CIT,Nepal Stock House (PVT) Ltd.,Sundhara Securities Limited,17,1811.0,30787.0,2025-09-21 11:40:15.633179
2025-09-21,72317,2025092105011988,CIT,Trishakti Securities Public Limited,Sani Securities Company Ltd.,16,1813.0,29008.0,2025-09-21 11:43:19.987043
2025-09-21,71995,2025092105012069,CIT,Imperial Securities Company Pvt. Ltd.,Secured Securities Ltd.,1,1800.0,1800.0,2025-09-21 11:43:59.278629
2025-09-21,71389,2025092105012279,CIT,Imperial Securities Company Pvt. Ltd.,Neev Securities Pvt. Ltd.,40,1823.0,72920.0,2025-09-21 11:45:14.681029
2025-09-21,71151,2025092105012356,CIT,Thrive Brokerage House Pvt. Ltd,Neev Securities Pvt. Ltd.,12,1823.0,21876.0,2025-09-21 11:45:47.969761
2025-09-21,71064,2025092105012389,CIT,Aryatara Investment & Securities,Neev Securities Pvt. Ltd.,10,1823.0,18230.0,2025-09-21 11:46:00.420566
2025-09-21,71035,2025092105012401,CIT,Linch Stock Market Ltd.,Neev Securities Pvt. Ltd.,20,1823.0,36460.0,2025-09-21 11:46:02.594489
2025-09-21,70416,2025092105012598,CIT,Kohinoor Investment & Securities Pvt. Ltd.,Naasa Securities Co. Ltd.,50,1820.0,91000.0,2025-09-21 11:47:35.097599
2025-09-21,70336,2025092105012624,CIT,Sani Securities Company Ltd.,Neev Securities Pvt. Ltd.,18,1823.0,32814.0,2025-09-21 11:47:49.108141
2025-09-21,70335,2025092105012625,CIT,Sani Securities Company Ltd.,Thrive Brokerage House Pvt. Ltd,40,1824.0,72960.0,2025-09-21 11:47:49.108390
2025-09-21,70284,2025092105012634,CIT,Sani Securities Company Ltd.,Midas Stock Broking Company Private Limited,35,1825.0,63875.0,2025-09-21 11:47:56.047989
2025-09-21,70065,2025092105012699,CIT,Siprabi Securities Pvt. Ltd.,Midas Stock Broking Company Private Limited,60,1825.0,109500.0,2025-09-21 11:48:19.368124
2025-09-21,69593,2025092105012869,CIT,Market Securities & Exchange (PVT) Ltd.,Aryatara Investment & Securities,20,1825.0,36500.0,2025-09-21 11:49:19.712331
2025-09-21,69592,2025092105012870,CIT,Naasa Securities Co. Ltd.,Aryatara Investment & Securities,20,1825.0,36500.0,2025-09-21 11:49:19.712548
2025-09-21,69591,2025092105012871,CIT,Sani Securities Company Ltd.,Aryatara Investment & Securities,60,1824.0,109440.0,2025-09-21 11:49:19.712635
2025-09-21,69484,2025092105012908,CIT,Sani Securities Company Ltd.,Opal Securities Investment (PVT) Ltd.,17,1824.0,31008.0,2025-09-21 11:49:35.537627
2025-09-21,68932,2025092105013131,CIT,Shree Krishna Securities Ltd.,Sewa Securities Pvt. Ltd.,20,1829.0,36580.0,2025-09-21 11:50:34.697228
2025-09-21,68694,2025092105013207,CIT,Shree Krishna Securities Ltd.,Aryatara Investment & Securities,10,1829.0,18290.0,2025-09-21 11:51:06.641788
2025-09-21,68693,2025092105013208,CIT,Vision Securities Pvt. Ltd,Aryatara Investment & Securities,50,1825.0,91250.0,2025-09-21 11:51:06.641894
2025-09-21,68692,2025092105013209,CIT,Kalika Securities Pvt. Ltd.,Aryatara Investment & Securities,30,1825.0,54750.0,2025-09-21 11:51:06.641963
2025-09-21,68691,2025092105013210,CIT,Sani Securities Company Ltd.,Aryatara Investment & Securities,60,1825.0,109500.0,2025-09-21 11:51:06.642027
2025-09-21,68561,2025092105013250,CIT,Imperial Securities Company Pvt. Ltd.,Naasa Securities Co. Ltd.,3,1809.0,5427.0,2025-09-21 11:51:23.315250
2025-09-21,68304,2025092105013368,CIT,Sani Securities Company Ltd.,Dipshikha Dhitopatra Karobar Co. Pvt Ltd.,20,1824.0,36480.0,2025-09-21 11:52:04.855795
2025-09-21,68046,2025092105013424,CIT,Elite Stock House Limited,Vision Securities Pvt. Ltd,10,1830.0,18300.0,2025-09-21 11:52:38.540280
2025-09-21,68045,2025092105013425,CIT,Elite Stock House Limited,Sewa Securities Pvt. Ltd.,25,1830.0,45750.0,2025-09-21 11:52:38.540488
2025-09-21,68044,2025092105013426,CIT,Elite Stock House Limited,Imperial Securities Company Pvt. Ltd.,65,1830.0,118950.0,2025-09-21 11:52:38.540576
2025-09-21,67770,2025092105013520,CIT,Online Securities Pvt. Ltd.,Imperial Securities Company Pvt. Ltd.,10,1830.0,18300.0,2025-09-21 11:53:17.956673
2025-09-21,67648,2025092105013561,CIT,J.F. Securites (PVT) Ltd.,Imperial Securities Company Pvt. Ltd.,30,1830.0,54900.0,2025-09-21 11:53:35.527764
2025-09-21,67584,2025092105013576,CIT,Online Securities Pvt. Ltd.,Sewa Securities Pvt. Ltd.,20,1825.0,36500.0,2025-09-21 11:53:43.100873
2025-09-21,67428,2025092105013644,CIT,Online Securities Pvt. Ltd.,Primo Securities (PVT) Ltd.,30,1825.0,54750.0,2025-09-21 11:54:08.146472
2025-09-21,67427,2025092105013645,CIT,Online Securities Pvt. Ltd.,Primo Securities (PVT) Ltd.,18,1825.0,32850.0,2025-09-21 11:54:08.146879
2025-09-21,67345,2025092105013688,CIT,Kumari Securities Private Limited,Primo Securities (PVT) Ltd.,10,1825.0,18250.0,2025-09-21 11:54:20.950832
2025-09-21,67290,2025092105013706,CIT,Naasa Securities Co. Ltd.,Primo Securities (PVT) Ltd.,35,1825.0,63875.0,2025-09-21 11:54:32.420648
2025-09-21,67258,2025092105013725,CIT,Nepal Stock House (PVT) Ltd.,South Asian Bulls Pvt. Ltd.,50,1825.0,91250.0,2025-09-21 11:54:37.598705
2025-09-21,67047,2025092105013793,CIT,Agrawal Securities (PVT) Ltd.,Siprabi Securities Pvt. Ltd.,10,1825.0,18250.0,2025-09-21 11:55:12.667931
2025-09-21,67046,2025092105013794,CIT,Sani Securities Company Ltd.,Siprabi Securities Pvt. Ltd.,14,1824.0,25536.0,2025-09-21 11:55:12.668143
2025-09-21,66433,2025092105013986,CIT,Midas Stock Broking Company Private Limited,Imperial Securities Company Pvt. Ltd.,10,1830.0,18300.0,2025-09-21 11:56:45.950953
2025-09-21,66036,2025092105014154,CIT,Linch Stock Market Ltd.,Primo Securities (PVT) Ltd.,17,1825.0,31025.0,2025-09-21 11:57:47.616308
2025-09-21,65925,2025092105014211,CIT,Nabil Stock Dealer Ltd.,Imperial Securities Company Pvt. Ltd.,25,1830.0,45750.0,2025-09-21 11:58:05.404890
2025-09-21,65729,2025092105014258,CIT,Oxford Securities Pvt. Ltd.,Sri Hari Securities Pvt. Ltd.,11,1825.0,20075.0,2025-09-21 11:58:40.615187
2025-09-21,65640,2025092105014290,CIT,Aryatara Investment & Securities,Imperial Securities Company Pvt. Ltd.,10,1830.0,18300.0,2025-09-21 11:58:55.172425
2025-09-21,65612,2025092105014302,CIT,Imperial Securities Company Pvt. Ltd.,Imperial Securities Company Pvt. Ltd.,50,1830.0,91500.0,2025-09-21 11:59:00.674358
2025-09-21,65611,2025092105014303,CIT,Imperial Securities Company Pvt. Ltd.,Kalika Securities Pvt. Ltd.,20,1830.0,36600.0,2025-09-21 11:59:00.674765
2025-09-21,65610,2025092105014304,CIT,Imperial Securities Company Pvt. Ltd.,Primo Securities (PVT) Ltd.,20,1830.0,36600.0,2025-09-21 11:59:00.675013
2025-09-21,65609,2025092105014305,CIT,Imperial Securities Company Pvt. Ltd.,Secured Securities Ltd.,10,1830.0,18300.0,2025-09-21 11:59:00.675248
2025-09-21,65089,2025092105014490,CIT,Naasa Securities Co. Ltd.,Vision Securities Pvt. Ltd,31,1831.0,56761.0,2025-09-21 12:00:36.468569
2025-09-21,64122,2025092105014799,CIT,Imperial Securities Company Pvt. Ltd.,Primo Securities (PVT) Ltd.,90,1830.0,164700.0,2025-09-21 12:03:18.498883
2025-09-21,64121,2025092105014800,CIT,Imperial Securities Company Pvt. Ltd.,Vision Securities Pvt. Ltd,47,1831.0,86057.0,2025-09-21 12:03:18.499294
2025-09-21,64025,2025092105014829,CIT,Elite Stock House Limited,Vision Securities Pvt. Ltd,57,1831.0,104367.0,2025-09-21 12:03:35.840134
2025-09-21,63540,2025092105014983,CIT,Siprabi Securities Pvt. Ltd.,Vision Securities Pvt. Ltd,36,1831.0,65916.0,2025-09-21 12:04:58.215128
2025-09-21,63321,2025092105015045,CIT,Asian Securities Private Ltd.,Dipshikha Dhitopatra Karobar Co. Pvt Ltd.,14,1831.9,25646.6,2025-09-21 12:05:38.234856
2025-09-21,63317,2025092105015046,CIT,Naasa Securities Co. Ltd.,Dipshikha Dhitopatra Karobar Co. Pvt Ltd.,36,1831.9,65948.4,2025-09-21 12:05:39.260117
2025-09-21,62582,2025092105015230,CIT,Sani Securities Company Ltd.,Sweta Securities Private Limited,13,1834.5,23848.5,2025-09-21 12:07:34.561093
2025-09-21,62542,2025092105015241,CIT,Bhrikuti Stock Broking Co. Pvt. Ltd.,Sweta Securities Private Limited,50,1834.5,91725.0,2025-09-21 12:07:43.700387
2025-09-21,62433,2025092105015273,CIT,Nepal Investment And Securities Trading Private Limited,Sweta Securities Private Limited,37,1834.5,67876.5,2025-09-21 12:07:57.878225
2025-09-21,62432,2025092105015274,CIT,Nepal Investment And Securities Trading Private Limited,Midas Stock Broking Company Private Limited,46,1835.0,84410.0,2025-09-21 12:07:57.878652
2025-09-21,62282,2025092105015311,CIT,Siprabi Securities Pvt. Ltd.,Midas Stock Broking Company Private Limited,15,1835.0,27525.0,2025-09-21 12:08:20.278222
2025-09-21,62043,2025092105015410,CIT,Naasa Securities Co. Ltd.,Midas Stock Broking Company Private Limited,139,1835.0,255065.0,2025-09-21 12:08:57.618689
2025-09-21,61812,2025092105015484,CIT,Siprabi Securities Pvt. Ltd.,Midas Stock Broking Company Private Limited,50,1835.0,91750.0,2025-09-21 12:09:26.140399
2025-09-21,61805,2025092105015489,CIT,Midas Stock Broking Company Private Limited,Midas Stock Broking Company Private Limited,70,1835.0,128450.0,2025-09-21 12:09:27.895117
2025-09-21,61578,2025092105015556,CIT,Sani Securities Company Ltd.,Arun Securities (PVT) Ltd.,100,1839.0,183900.0,2025-09-21 12:09:56.721064
2025-09-21,61542,2025092105015569,CIT,Siprabi Securities Pvt. Ltd.,Thrive Brokerage House Pvt. Ltd,80,1850.0,148000.0,2025-09-21 12:10:00.391846
2025-09-21,61438,2025092105015600,CIT,Aryatara Investment & Securities,Thrive Brokerage House Pvt. Ltd,16,1850.0,29600.0,2025-09-21 12:10:11.859850
2025-09-21,60670,2025092105015881,CIT,Naasa Securities Co. Ltd.,Imperial Securities Company Pvt. Ltd.,10,1841.0,18410.0,2025-09-21 12:12:01.922105
2025-09-21,60669,2025092105015882,CIT,Online Securities Pvt. Ltd.,Imperial Securities Company Pvt. Ltd.,20,1841.0,36820.0,2025-09-21 12:12:01.922564
2025-09-21,60668,2025092105015883,CIT,Aryatara Investment & Securities,Imperial Securities Company Pvt. Ltd.,100,1840.0,184000.0,2025-09-21 12:12:01.922847
2025-09-21,60667,2025092105015884,CIT,Oxford Securities Pvt. Ltd.,Imperial Securities Company Pvt. Ltd.,10,1840.0,18400.0,2025-09-21 12:12:01.923120
2025-09-21,60666,2025092105015885,CIT,Kumari Securities Private Limited,Imperial Securities Company Pvt. Ltd.,100,1837.0,183700.0,2025-09-21 12:12:01.923405
2025-09-21,60665,2025092105015886,CIT,Aryatara Investment & Securities,Imperial Securities Company Pvt. Ltd.,10,1836.0,18360.0,2025-09-21 12:12:01.923682
2025-09-21,60572,2025092105015925,CIT,Aryatara Investment & Securities,Secured Securities Ltd.,4,1830.0,7320.0,2025-09-21 12:12:15.245215
2025-09-21,59966,2025092105016145,CIT,Naasa Securities Co. Ltd.,ABC Securities Private Limited,10,1837.0,18370.0,2025-09-21 12:13:46.867531
2025-09-21,59965,2025092105016146,CIT,Nepal Stock House (PVT) Ltd.,ABC Securities Private Limited,10,1836.1,18361.0,2025-09-21 12:13:46.867632
2025-09-21,59964,2025092105016147,CIT,Aryatara Investment & Securities,ABC Securities Private Limited,10,1836.0,18360.0,2025-09-21 12:13:46.867662
2025-09-21,59963,2025092105016148,CIT,Midas Stock Broking Company Private Limited,ABC Securities Private Limited,30,1835.0,55050.0,2025-09-21 12:13:46.867683
2025-09-21,59962,2025092105016149,CIT,Online Securities Pvt. Ltd.,ABC Securities Private Limited,12,1835.0,22020.0,2025-09-21 12:13:46.867704
2025-09-21,59890,2025092105016174,CIT,J.F. Securites (PVT) Ltd.,Midas Stock Broking Company Private Limited,50,1850.0,92500.0,2025-09-21 12:13:55.333951
2025-09-21,59532,2025092105016280,CIT,Imperial Securities Company Pvt. Ltd.,Midas Stock Broking Company Private Limited,10,1850.0,18500.0,2025-09-21 12:14:49.424124
2025-09-21,59393,2025092105016339,CIT,ABC Securities Private Limited,Midas Stock Broking Company Private Limited,200,1850.0,370000.0,2025-09-21 12:15:09.373144
2025-09-21,59259,2025092105016384,CIT,Asian Securities Private Ltd.,Midas Stock Broking Company Private Limited,65,1850.0,120250.0,2025-09-21 12:15:23.914064
2025-09-21,59258,2025092105016385,CIT,Asian Securities Private Ltd.,Malla & Malla Stock Broking Company Pvt. Limited,98,1850.0,181300.0,2025-09-21 12:15:23.914336
2025-09-21,59257,2025092105016386,CIT,Asian Securities Private Ltd.,Primo Securities (PVT) Ltd.,87,1850.0,160950.0,2025-09-21 12:15:23.914429
2025-09-21,59256,2025092105016387,CIT,ABC Securities Private Limited,Primo Securities (PVT) Ltd.,13,1850.0,24050.0,2025-09-21 12:15:23.915849
2025-09-21,59255,2025092105016388,CIT,ABC Securities Private Limited,Kalika Securities Pvt. Ltd.,20,1850.0,37000.0,2025-09-21 12:15:23.916204
2025-09-21,59141,2025092105016428,CIT,Capital Hub P. Ltd,Siprabi Securities Pvt. Ltd.,50,1859.0,92950.0,2025-09-21 12:15:41.245646
2025-09-21,58642,2025092105016592,CIT,Dipshikha Dhitopatra Karobar Co. Pvt Ltd.,Siprabi Securities Pvt. Ltd.,25,1859.0,46475.0,2025-09-21 12:16:40.209226
2025-09-21,57892,2025092105016854,CIT,Neev Securities Pvt. Ltd.,Sewa Securities Pvt. Ltd.,26,1859.9,48357.4,2025-09-21 12:18:26.367939
2025-09-21,57879,2025092105016856,CIT,Imperial Securities Company Pvt. Ltd.,Midas Stock Broking Company Private Limited,7,1835.0,12845.0,2025-09-21 12:18:29.266964
2025-09-21,57810,2025092105016889,CIT,Sumeru Securities Pvt. Ltd.,Sewa Securities Pvt. Ltd.,10,1859.9,18599.0,2025-09-21 12:18:37.843293
2025-09-21,57595,2025092105016957,CIT,Premier Securities Company Ltd.,Vision Securities Pvt. Ltd,50,1859.0,92950.0,2025-09-21 12:19:06.616433
2025-09-21,57411,2025092105017014,CIT,Aryatara Investment & Securities,Vision Securities Pvt. Ltd,13,1859.0,24167.0,2025-09-21 12:19:31.884726
2025-09-21,57157,2025092105017131,CIT,Online Securities Pvt. Ltd.,Sani Securities Company Ltd.,11,1860.0,20460.0,2025-09-21 12:20:00.475879
2025-09-21,57052,2025092105017151,CIT,Siprabi Securities Pvt. Ltd.,Sani Securities Company Ltd.,40,1860.0,74400.0,2025-09-21 12:20:12.995027
2025-09-21,56774,2025092105017234,CIT,Trishakti Securities Public Limited,Sani Securities Company Ltd.,10,1860.0,18600.0,2025-09-21 12:20:57.192373
2025-09-21,56764,2025092105017240,CIT,Oxford Securities Pvt. Ltd.,Sani Securities Company Ltd.,89,1860.0,165540.0,2025-09-21 12:20:59.304995
2025-09-21,56740,2025092105017250,CIT,Kalika Securities Pvt. Ltd.,Secured Securities Ltd.,5,1837.5,9187.5,2025-09-21 12:21:03.331145
2025-09-21,56385,2025092105017380,CIT,Sri Hari Securities Pvt. Ltd.,Sani Securities Company Ltd.,50,1860.0,93000.0,2025-09-21 12:21:38.021558
2025-09-21,56238,2025092105017447,CIT,Shree Krishna Securities Ltd.,Sweta Securities Private Limited,10,1860.0,18600.0,2025-09-21 12:21:57.620002
2025-09-21,55955,2025092105017542,CIT,Sweta Securities Private Limited,Sweta Securities Private Limited,10,1860.0,18600.0,2025-09-21 12:22:30.747818
2025-09-21,55688,2025092105017632,CIT,Aryatara Investment & Securities,Sweta Securities Private Limited,58,1859.0,107822.0,2025-09-21 12:23:05.430628
2025-09-21,54983,2025092105017892,CIT,Sweta Securities Private Limited,Premier Securities Company Ltd.,100,1858.0,185800.0,2025-09-21 12:24:38.041405
2025-09-21,54857,2025092105017944,CIT,Agrawal Securities (PVT) Ltd.,Vision Securities Pvt. Ltd,10,1855.1,18551.0,2025-09-21 12:24:50.578291
2025-09-21,54856,2025092105017945,CIT,Sewa Securities Pvt. Ltd.,Vision Securities Pvt. Ltd,10,1855.0,18550.0,2025-09-21 12:24:50.578540
2025-09-21,54855,2025092105017946,CIT,Secured Securities Ltd.,Vision Securities Pvt. Ltd,10,1855.0,18550.0,2025-09-21 12:24:50.578642
2025-09-21,54854,2025092105017947,CIT,Online Securities Pvt. Ltd.,Vision Securities Pvt. Ltd,20,1855.0,37100.0,2025-09-21 12:24:50.578740
2025-09-21,54843,2025092105017953,CIT,Linch Stock Market Ltd.,Premier Securities Company Ltd.,25,1858.0,46450.0,2025-09-21 12:24:51.536050
2025-09-21,54755,2025092105017975,CIT,Ashutosh Brokerage & Securities (PVT) Ltd.,Premier Securities Company Ltd.,225,1858.0,418050.0,2025-09-21 12:25:02.983039
2025-09-21,54526,2025092105018071,CIT,SHUBHAKAMANA SECURITIES PVT. LTD,Sweta Securities Private Limited,22,1859.0,40898.0,2025-09-21 12:25:28.419744
2025-09-21,54525,2025092105018072,CIT,SHUBHAKAMANA SECURITIES PVT. LTD,Trisul Securities & Invt. Ltd.,52,1860.0,96720.0,2025-09-21 12:25:28.420195
2025-09-21,54524,2025092105018073,CIT,SHUBHAKAMANA SECURITIES PVT. LTD,Kumari Securities Private Limited,26,1860.0,48360.0,2025-09-21 12:25:28.420488
2025-09-21,54353,2025092105018126,CIT,Imperial Securities Company Pvt. Ltd.,Kumari Securities Private Limited,13,1860.0,24180.0,2025-09-21 12:25:56.603633
2025-09-21,53583,2025092105018381,CIT,Kohinoor Investment & Securities Pvt. Ltd.,Sewa Securities Pvt. Ltd.,18,1865.9,33586.2,2025-09-21 12:27:40.837964
2025-09-21,53389,2025092105018457,CIT,Imperial Securities Company Pvt. Ltd.,Linch Stock Market Ltd.,50,1866.0,93300.0,2025-09-21 12:28:08.276043
2025-09-21,53125,2025092105018524,CIT,Online Securities Pvt. Ltd.,Sumeru Securities Pvt. Ltd.,50,1868.0,93400.0,2025-09-21 12:28:46.870215
2025-09-21,52987,2025092105018589,CIT,Imperial Securities Company Pvt. Ltd.,Sumeru Securities Pvt. Ltd.,50,1868.0,93400.0,2025-09-21 12:29:01.658522
2025-09-21,52906,2025092105018619,CIT,Hatemalo Financial Services Private Limited,Aryatara Investment & Securities,25,1869.0,46725.0,2025-09-21 12:29:12.464240
2025-09-21,52905,2025092105018620,CIT,Hatemalo Financial Services Private Limited,Primo Securities (PVT) Ltd.,105,1870.0,196350.0,2025-09-21 12:29:12.464743
2025-09-21,52784,2025092105018665,CIT,Premier Securities Company Ltd.,Primo Securities (PVT) Ltd.,25,1870.0,46750.0,2025-09-21 12:29:25.143558
2025-09-21,52615,2025092105018740,CIT,Imperial Securities Company Pvt. Ltd.,Primo Securities (PVT) Ltd.,50,1870.0,93500.0,2025-09-21 12:29:45.081682
2025-09-21,52559,2025092105018761,CIT,Vision Securities Pvt. Ltd,Primo Securities (PVT) Ltd.,20,1870.0,37400.0,2025-09-21 12:29:53.555949
2025-09-21,52239,2025092105018875,CIT,Neev Securities Pvt. Ltd.,Thrive Brokerage House Pvt. Ltd,8,1850.0,14800.0,2025-09-21 12:30:32.192168
2025-09-21,51972,2025092105018977,CIT,Naasa Securities Co. Ltd.,Aryatara Investment & Securities,20,1871.7,37434.0,2025-09-21 12:31:06.440501
2025-09-21,51950,2025092105018985,CIT,Vision Securities Pvt. Ltd,Trisul Securities & Invt. Ltd.,10,1870.0,18700.0,2025-09-21 12:31:09.504283
2025-09-21,51787,2025092105019046,CIT,Naasa Securities Co. Ltd.,Aryatara Investment & Securities,10,1871.7,18717.0,2025-09-21 12:31:33.719570
2025-09-21,51708,2025092105019071,CIT,Kumari Securities Private Limited,Aryatara Investment & Securities,20,1871.7,37434.0,2025-09-21 12:31:43.027433
2025-09-21,51634,2025092105019104,CIT,Kumari Securities Private Limited,SHUBHAKAMANA SECURITIES PVT. LTD,30,1871.7,56151.0,2025-09-21 12:31:50.969340
2025-09-21,51633,2025092105019105,CIT,Trisul Securities & Invt. Ltd.,SHUBHAKAMANA SECURITIES PVT. LTD,10,1871.7,18717.0,2025-09-21 12:31:50.969861
2025-09-21,51632,2025092105019106,CIT,Kalika Securities Pvt. Ltd.,SHUBHAKAMANA SECURITIES PVT. LTD,30,1871.7,56151.0,2025-09-21 12:31:50.970170
2025-09-21,51631,2025092105019107,CIT,Imperial Securities Company Pvt. Ltd.,SHUBHAKAMANA SECURITIES PVT. LTD,10,1870.0,18700.0,2025-09-21 12:31:50.970510
2025-09-21,51630,2025092105019108,CIT,Naasa Securities Co. Ltd.,SHUBHAKAMANA SECURITIES PVT. LTD,10,1870.0,18700.0,2025-09-21 12:31:50.970808
2025-09-21,51629,2025092105019109,CIT,Sewa Securities Pvt. Ltd.,SHUBHAKAMANA SECURITIES PVT. LTD,10,1870.0,18700.0,2025-09-21 12:31:50.971172
2025-09-21,51555,2025092105019130,CIT,Naasa Securities Co. Ltd.,Agrawal Securities (PVT) Ltd.,50,1872.0,93600.0,2025-09-21 12:32:01.142679
2025-09-21,51301,2025092105019220,CIT,Kumari Securities Private Limited,Nepal Investment And Securities Trading Private Limited,20,1875.0,37500.0,2025-09-21 12:32:34.581363
2025-09-21,51008,2025092105019334,CIT,Sewa Securities Pvt. Ltd.,Nepal Investment And Securities Trading Private Limited,10,1875.0,18750.0,2025-09-21 12:33:09.808306
2025-09-21,50634,2025092105019465,CIT,Sewa Securities Pvt. Ltd.,Trisul Securities & Invt. Ltd.,10,1880.0,18800.0,2025-09-21 12:33:53.996180
2025-09-21,50633,2025092105019466,CIT,Sewa Securities Pvt. Ltd.,Primo Securities (PVT) Ltd.,20,1880.0,37600.0,2025-09-21 12:33:53.996667
2025-09-21,50078,2025092105019635,CIT,Online Securities Pvt. Ltd.,South Asian Bulls Pvt. Ltd.,10,1894.0,18940.0,2025-09-21 12:35:00.025279
2025-09-21,49746,2025092105019745,CIT,Neev Securities Pvt. Ltd.,Kumari Securities Private Limited,2,1860.0,3720.0,2025-09-21 12:35:44.030354
2025-09-21,49635,2025092105019792,CIT,Neev Securities Pvt. Ltd.,Thrive Brokerage House Pvt. Ltd,2,1861.0,3722.0,2025-09-21 12:35:57.453042
2025-09-21,49511,2025092105019825,CIT,Neev Securities Pvt. Ltd.,Sundhara Securities Limited,5,1870.0,9350.0,2025-09-21 12:36:13.831572
2025-09-21,49261,2025092105019899,CIT,Kohinoor Investment & Securities Pvt. Ltd.,South Asian Bulls Pvt. Ltd.,30,1894.0,56820.0,2025-09-21 12:36:45.350413
2025-09-21,49158,2025092105019931,CIT,Neev Securities Pvt. Ltd.,Trishakti Securities Public Limited,25,1890.0,47250.0,2025-09-21 12:36:55.907320
2025-09-21,48933,2025092105019989,CIT,SUN SECURITIES PVT LTD,Aakashbhairab Securities Ltd.,200,1880.1,376020.0,2025-09-21 12:37:22.522389
2025-09-21,48932,2025092105019990,CIT,Kalika Securities Pvt. Ltd.,Aakashbhairab Securities Ltd.,47,1880.0,88360.0,2025-09-21 12:37:22.522654
2025-09-21,48931,2025092105019991,CIT,Siprabi Securities Pvt. Ltd.,Aakashbhairab Securities Ltd.,40,1880.0,75200.0,2025-09-21 12:37:22.522755
2025-09-21,48898,2025092105020003,CIT,Dipshikha Dhitopatra Karobar Co. Pvt Ltd.,Aakashbhairab Securities Ltd.,20,1880.0,37600.0,2025-09-21 12:37:25.529941
2025-09-21,48635,2025092105020100,CIT,Sani Securities Company Ltd.,Trishakti Securities Public Limited,10,1875.0,18750.0,2025-09-21 12:37:56.359500
2025-09-21,48529,2025092105020140,CIT,Dipshikha Dhitopatra Karobar Co. Pvt Ltd.,Trishakti Securities Public Limited,20,1875.0,37500.0,2025-09-21 12:38:15.941441
2025-09-21,48510,2025092105020148,CIT,Dipshikha Dhitopatra Karobar Co. Pvt Ltd.,Trishakti Securities Public Limited,20,1875.0,37500.0,2025-09-21 12:38:18.157064
2025-09-21,48439,2025092105020173,CIT,Sani Securities Company Ltd.,Dipshikha Dhitopatra Karobar Co. Pvt Ltd.,10,1879.0,18790.0,2025-09-21 12:38:27.460417
2025-09-21,48417,2025092105020177,CIT,SUN SECURITIES PVT LTD,Aakashbhairab Securities Ltd.,50,1871.0,93550.0,2025-09-21 12:38:30.060260
2025-09-21,48416,2025092105020178,CIT,Sweta Securities Private Limited,Aakashbhairab Securities Ltd.,50,1871.0,93550.0,2025-09-21 12:38:30.060515
2025-09-21,48415,2025092105020179,CIT,Naasa Securities Co. Ltd.,Aakashbhairab Securities Ltd.,43,1871.0,80453.0,2025-09-21 12:38:30.060614
2025-09-21,47331,2025092105020534,CIT,ABC Securities Private Limited,South Asian Bulls Pvt. Ltd.,10,1875.0,18750.0,2025-09-21 12:40:53.366220
2025-09-21,47183,2025092105020582,CIT,Himalayan Securities Limited,Vision Securities Pvt. Ltd,1,1855.0,1855.0,2025-09-21 12:41:14.109436
2025-09-21,46987,2025092105020627,CIT,Oxford Securities Pvt. Ltd.,Capital Hub P. Ltd,10,1878.0,18780.0,2025-09-21 12:41:38.106731
2025-09-21,46772,2025092105020688,CIT,Sani Securities Company Ltd.,Premier Securities Company Ltd.,10,1878.0,18780.0,2025-09-21 12:42:08.616600
2025-09-21,46503,2025092105020755,CIT,Oxford Securities Pvt. Ltd.,Dipshikha Dhitopatra Karobar Co. Pvt Ltd.,40,1879.0,75160.0,2025-09-21 12:42:40.320635
2025-09-21,46502,2025092105020756,CIT,Oxford Securities Pvt. Ltd.,Dipshikha Dhitopatra Karobar Co. Pvt Ltd.,20,1879.0,37580.0,2025-09-21 12:42:40.321103
2025-09-21,46206,2025092105020845,CIT,Sani Securities Company Ltd.,Naasa Securities Co. Ltd.,3,1875.0,5625.0,2025-09-21 12:43:20.235504
2025-09-21,45789,2025092105020967,CIT,Sumeru Securities Pvt. Ltd.,Dynamic Money Managers Securities Pvt. Ltd.,10,1879.0,18790.0,2025-09-21 12:44:25.868795
2025-09-21,45762,2025092105020971,CIT,Online Securities Pvt. Ltd.,Trishakti Securities Public Limited,14,1890.0,26460.0,2025-09-21 12:44:29.119668
2025-09-21,45636,2025092105021013,CIT,Linch Stock Market Ltd.,Trishakti Securities Public Limited,11,1890.0,20790.0,2025-09-21 12:44:49.481407
2025-09-21,45635,2025092105021014,CIT,Linch Stock Market Ltd.,Online Securities Pvt. Ltd.,89,1890.0,168210.0,2025-09-21 12:44:49.481666
2025-09-21,45573,2025092105021041,CIT,Naasa Securities Co. Ltd.,Online Securities Pvt. Ltd.,45,1890.0,85050.0,2025-09-21 12:45:02.135501
2025-09-21,45379,2025092105021116,CIT,Kumari Securities Private Limited,Online Securities Pvt. Ltd.,20,1890.0,37800.0,2025-09-21 12:45:36.252532
2025-09-21,45203,2025092105021160,CIT,Nabil Stock Dealer Ltd.,Online Securities Pvt. Ltd.,75,1890.0,141750.0,2025-09-21 12:46:02.896926
2025-09-21,45176,2025092105021171,CIT,Aryatara Investment & Securities,Online Securities Pvt. Ltd.,10,1890.0,18900.0,2025-09-21 12:46:06.899112
2025-09-21,44761,2025092105021356,CIT,Malla & Malla Stock Broking Company Pvt. Limited,Online Securities Pvt. Ltd.,11,1890.0,20790.0,2025-09-21 12:47:02.516151
2025-09-21,44760,2025092105021357,CIT,Malla & Malla Stock Broking Company Pvt. Limited,Primo Securities (PVT) Ltd.,39,1890.0,73710.0,2025-09-21 12:47:02.516405
2025-09-21,44368,2025092105021498,CIT,South Asian Bulls Pvt. Ltd.,Primo Securities (PVT) Ltd.,17,1890.0,32130.0,2025-09-21 12:48:05.799930
2025-09-21,43785,2025092105021649,CIT,Trisul Securities & Invt. Ltd.,Dipshikha Dhitopatra Karobar Co. Pvt Ltd.,10,1886.0,18860.0,2025-09-21 12:49:22.330699
2025-09-21,43710,2025092105021667,CIT,Thrive Brokerage House Pvt. Ltd,Primo Securities (PVT) Ltd.,44,1890.0,83160.0,2025-09-21 12:49:35.375364
2025-09-21,43709,2025092105021668,CIT,Thrive Brokerage House Pvt. Ltd,Online Securities Pvt. Ltd.,15,1890.0,28350.0,2025-09-21 12:49:35.375843
2025-09-21,43708,2025092105021669,CIT,Thrive Brokerage House Pvt. Ltd,Malla & Malla Stock Broking Company Pvt. Limited,41,1890.0,77490.0,2025-09-21 12:49:35.376141
2025-09-21,43077,2025092105021822,CIT,Kumari Securities Private Limited,Sani Securities Company Ltd.,25,1890.0,47250.0,2025-09-21 12:51:11.703877
2025-09-21,42702,2025092105021934,CIT,Capital Hub P. Ltd,Aryatara Investment & Securities,15,1893.0,28395.0,2025-09-21 12:51:55.458220
2025-09-21,42701,2025092105021935,CIT,Capital Hub P. Ltd,Malla & Malla Stock Broking Company Pvt. Limited,20,1894.0,37880.0,2025-09-21 12:51:55.458550
2025-09-21,42700,2025092105021936,CIT,Capital Hub P. Ltd,Aryatara Investment & Securities,15,1894.0,28410.0,2025-09-21 12:51:55.458661
2025-09-21,42603,2025092105021966,CIT,Sani Securities Company Ltd.,Kalika Securities Pvt. Ltd.,20,1895.0,37900.0,2025-09-21 12:52:08.417500
2025-09-21,42602,2025092105021967,CIT,Sani Securities Company Ltd.,Swarna Laxmi Securities Pvt. Ltd.,23,1895.0,43585.0,2025-09-21 12:52:08.417967
2025-09-21,42601,2025092105021968,CIT,Sani Securities Company Ltd.,Nepal Investment And Securities Trading Private Limited,30,1895.0,56850.0,2025-09-21 12:52:08.418272
2025-09-21,42600,2025092105021969,CIT,Sani Securities Company Ltd.,Aryatara Investment & Securities,27,1895.0,51165.0,2025-09-21 12:52:08.418600
2025-09-21,41931,2025092105022125,CIT,Kumari Securities Private Limited,Kumari Securities Private Limited,25,1890.0,47250.0,2025-09-21 12:53:32.194044
2025-09-21,41930,2025092105022126,CIT,Linch Stock Market Ltd.,Kumari Securities Private Limited,50,1890.0,94500.0,2025-09-21 12:53:32.194586
2025-09-21,41929,2025092105022127,CIT,Creative Securities Pvt Ltd,Kumari Securities Private Limited,25,1890.0,47250.0,2025-09-21 12:53:32.194896
2025-09-21,41928,2025092105022128,CIT,Creative Securities Pvt Ltd,Aryatara Investment & Securities,9,1890.0,17010.0,2025-09-21 12:53:32.195137
2025-09-21,41251,2025092105022310,CIT,Trishakti Securities Public Limited,Sani Securities Company Ltd.,10,1890.0,18900.0,2025-09-21 12:55:05.215702
2025-09-21,40850,2025092105022428,CIT,Sweta Securities Private Limited,Sani Securities Company Ltd.,14,1890.0,26460.0,2025-09-21 12:55:59.040079
2025-09-21,40269,2025092105022652,CIT,Online Securities Pvt. Ltd.,Linch Stock Market Ltd.,21,1890.0,39690.0,2025-09-21 12:57:28.311001
2025-09-21,40268,2025092105022653,CIT,Premier Securities Company Ltd.,Linch Stock Market Ltd.,50,1890.0,94500.0,2025-09-21 12:57:28.311301
2025-09-21,40267,2025092105022654,CIT,Sani Securities Company Ltd.,Linch Stock Market Ltd.,29,1890.0,54810.0,2025-09-21 12:57:28.311418
2025-09-21,39414,2025092105022887,CIT,Kohinoor Investment & Securities Pvt. Ltd.,Sri Hari Securities Pvt. Ltd.,50,1890.1,94505.0,2025-09-21 12:59:35.655557
2025-09-21,38556,2025092105023147,CIT,ABC Securities Private Limited,Sumeru Securities Pvt. Ltd.,11,1891.0,20801.0,2025-09-21 13:01:45.850934
2025-09-21,38306,2025092105023200,CIT,Dipshikha Dhitopatra Karobar Co. Pvt Ltd.,Sumeru Securities Pvt. Ltd.,17,1891.0,32147.0,2025-09-21 13:02:16.693963
2025-09-21,38056,2025092105023256,CIT,Aryatara Investment & Securities,Sumeru Securities Pvt. Ltd.,20,1891.0,37820.0,2025-09-21 13:02:52.925031
2025-09-21,38041,2025092105023263,CIT,Sweta Securities Private Limited,Sumeru Securities Pvt. Ltd.,52,1891.0,98332.0,2025-09-21 13:02:55.027255
2025-09-21,35401,2025092105024153,CIT,Online Securities Pvt. Ltd.,Sri Hari Securities Pvt. Ltd.,50,1895.0,94750.0,2025-09-21 13:08:55.389257
2025-09-21,34246,2025092105024470,CIT,Market Securities & Exchange (PVT) Ltd.,Linch Stock Market Ltd.,100,1895.0,189500.0,2025-09-21 13:11:10.098104
2025-09-21,34245,2025092105024471,CIT,Aryatara Investment & Securities,Linch Stock Market Ltd.,58,1895.0,109910.0,2025-09-21 13:11:10.098419
2025-09-21,33471,2025092105024690,CIT,Aryatara Investment & Securities,Dynamic Money Managers Securities Pvt. Ltd.,47,1895.0,89065.0,2025-09-21 13:12:12.557017
2025-09-21,33470,2025092105024691,CIT,Online Securities Pvt. Ltd.,Dynamic Money Managers Securities Pvt. Ltd.,26,1895.0,49270.0,2025-09-21 13:12:12.557542
2025-09-21,33285,2025092105024730,CIT,Online Securities Pvt. Ltd.,Dipshikha Dhitopatra Karobar Co. Pvt Ltd.,20,1895.0,37900.0,2025-09-21 13:12:30.233305
2025-09-21,33142,2025092105024777,CIT,Online Securities Pvt. Ltd.,Vision Securities Pvt. Ltd,15,1892.1,28381.5,2025-09-21 13:12:43.398386
2025-09-21,33141,2025092105024778,CIT,Kohinoor Investment & Securities Pvt. Ltd.,Vision Securities Pvt. Ltd,15,1892.1,28381.5,2025-09-21 13:12:43.398657
2025-09-21,33115,2025092105024784,CIT,Siprabi Securities Pvt. Ltd.,Aryatara Investment & Securities,95,1897.0,180215.0,2025-09-21 13:12:44.298718
2025-09-21,33042,2025092105024806,CIT,ABC Securities Private Limited,Trishakti Securities Public Limited,18,1892.1,34057.8,2025-09-21 13:12:50.157908
2025-09-21,33041,2025092105024807,CIT,Vision Securities Pvt. Ltd,Trishakti Securities Public Limited,10,1892.0,18920.0,2025-09-21 13:12:50.158205
2025-09-21,33040,2025092105024808,CIT,Naasa Securities Co. Ltd.,Trishakti Securities Public Limited,100,1892.0,189200.0,2025-09-21 13:12:50.158362
2025-09-21,33039,2025092105024809,CIT,Imperial Securities Company Pvt. Ltd.,Trishakti Securities Public Limited,20,1891.1,37822.0,2025-09-21 13:12:50.158495
2025-09-21,33038,2025092105024810,CIT,Linch Stock Market Ltd.,Trishakti Securities Public Limited,50,1891.0,94550.0,2025-09-21 13:12:50.158625
2025-09-21,33037,2025092105024811,CIT,ABC Securities Private Limited,Trishakti Securities Public Limited,30,1891.0,56730.0,2025-09-21 13:12:50.158735
2025-09-21,33036,2025092105024812,CIT,Aryatara Investment & Securities,Trishakti Securities Public Limited,10,1891.0,18910.0,2025-09-21 13:12:50.158831
2025-09-21,33035,2025092105024813,CIT,Kohinoor Investment & Securities Pvt. Ltd.,Trishakti Securities Public Limited,50,1890.1,94505.0,2025-09-21 13:12:50.158934
2025-09-21,33034,2025092105024814,CIT,Sani Securities Company Ltd.,Trishakti Securities Public Limited,171,1890.0,323190.0,2025-09-21 13:12:50.159066
2025-09-21,33033,2025092105024815,CIT,Midas Stock Broking Company Private Limited,Trishakti Securities Public Limited,10,1890.0,18900.0,2025-09-21 13:12:50.159193
2025-09-21,33032,2025092105024816,CIT,Malla & Malla Stock Broking Company Pvt. Limited,Trishakti Securities Public Limited,50,1890.0,94500.0,2025-09-21 13:12:50.159326
2025-09-21,33031,2025092105024817,CIT,Dynamic Money Managers Securities Pvt. Ltd.,Trishakti Securities Public Limited,50,1890.0,94500.0,2025-09-21 13:12:50.159443
2025-09-21,32717,2025092105024933,CIT,ABC Securities Private Limited,Sri Hari Securities Pvt. Ltd.,50,1889.0,94450.0,2025-09-21 13:13:14.523598
2025-09-21,32716,2025092105024934,CIT,Naasa Securities Co. Ltd.,Sri Hari Securities Pvt. Ltd.,10,1886.0,18860.0,2025-09-21 13:13:14.523888
2025-09-21,32715,2025092105024935,CIT,Market Securities & Exchange (PVT) Ltd.,Sri Hari Securities Pvt. Ltd.,10,1886.0,18860.0,2025-09-21 13:13:14.523990
2025-09-21,32714,2025092105024936,CIT,Linch Stock Market Ltd.,Sri Hari Securities Pvt. Ltd.,10,1886.0,18860.0,2025-09-21 13:13:14.524095
2025-09-21,32614,2025092105024988,CIT,Dynamic Money Managers Securities Pvt. Ltd.,Aryatara Investment & Securities,100,1880.0,188000.0,2025-09-21 13:13:21.183876
2025-09-21,32613,2025092105024989,CIT,Naasa Securities Co. Ltd.,Aryatara Investment & Securities,20,1880.0,37600.0,2025-09-21 13:13:21.183922
2025-09-21,32612,2025092105024990,CIT,Naasa Securities Co. Ltd.,Aryatara Investment & Securities,25,1880.0,47000.0,2025-09-21 13:13:21.183955
2025-09-21,32611,2025092105024991,CIT,Oxford Securities Pvt. Ltd.,Aryatara Investment & Securities,55,1880.0,103400.0,2025-09-21 13:13:21.183998
2025-09-21,32124,2025092105025155,CIT,Oxford Securities Pvt. Ltd.,Dynamic Money Managers Securities Pvt. Ltd.,30,1880.0,56400.0,2025-09-21 13:13:58.494806
2025-09-21,31718,2025092105025257,CIT,Oxford Securities Pvt. Ltd.,Aryatara Investment & Securities,15,1880.0,28200.0,2025-09-21 13:14:32.272733
2025-09-21,31610,2025092105025302,CIT,Dynamic Money Managers Securities Pvt. Ltd.,Aryatara Investment & Securities,20,1880.0,37600.0,2025-09-21 13:14:42.467944
2025-09-21,31547,2025092105025326,CIT,Opal Securities Investment (PVT) Ltd.,Secured Securities Ltd.,2,1880.0,3760.0,2025-09-21 13:14:46.896381
2025-09-21,31221,2025092105025433,CIT,Dipshikha Dhitopatra Karobar Co. Pvt Ltd.,Sweta Securities Private Limited,50,1878.0,93900.0,2025-09-21 13:15:13.652007
2025-09-21,30958,2025092105025512,CIT,Asian Securities Private Ltd.,South Asian Bulls Pvt. Ltd.,20,1878.0,37560.0,2025-09-21 13:15:35.313332
2025-09-21,30602,2025092105025618,CIT,Agrawal Securities (PVT) Ltd.,Dipshikha Dhitopatra Karobar Co. Pvt Ltd.,13,1875.0,24375.0,2025-09-21 13:16:04.483158
2025-09-21,30422,2025092105025671,CIT,Agrawal Securities (PVT) Ltd.,Vision Securities Pvt. Ltd,87,1875.0,163125.0,2025-09-21 13:16:22.703897
2025-09-21,30214,2025092105025722,CIT,Imperial Securities Company Pvt. Ltd.,Dipshikha Dhitopatra Karobar Co. Pvt Ltd.,10,1875.0,18750.0,2025-09-21 13:16:38.786328
2025-09-21,30213,2025092105025723,CIT,Imperial Securities Company Pvt. Ltd.,Aryatara Investment & Securities,20,1878.0,37560.0,2025-09-21 13:16:38.786582
2025-09-21,30212,2025092105025724,CIT,Imperial Securities Company Pvt. Ltd.,Trishakti Securities Public Limited,35,1879.0,65765.0,2025-09-21 13:16:38.786677
2025-09-21,29153,2025092105026052,CIT,Imperial Securities Company Pvt. Ltd.,Vision Securities Pvt. Ltd,50,1878.0,93900.0,2025-09-21 13:18:27.135726
2025-09-21,29152,2025092105026053,CIT,Imperial Securities Company Pvt. Ltd.,Kumari Securities Private Limited,56,1878.0,105168.0,2025-09-21 13:18:27.135970
2025-09-21,27503,2025092105026563,CIT,Asian Securities Private Ltd.,Sani Securities Company Ltd.,10,1871.1,18711.0,2025-09-21 13:22:29.342649
2025-09-21,27179,2025092105026683,CIT,Sundhara Securities Limited,Kumari Securities Private Limited,36,1878.0,67608.0,2025-09-21 13:23:33.812304
2025-09-21,26681,2025092105026825,CIT,Bhrikuti Stock Broking Co. Pvt. Ltd.,Sumeru Securities Pvt. Ltd.,27,1871.1,50519.7,2025-09-21 13:25:12.371116
2025-09-21,26489,2025092105026892,CIT,Sani Securities Company Ltd.,Kohinoor Investment & Securities Pvt. Ltd.,49,1872.0,91728.0,2025-09-21 13:26:06.679881
2025-09-21,25630,2025092105027216,CIT,Midas Stock Broking Company Private Limited,J.F. Securites (PVT) Ltd.,20,1872.0,37440.0,2025-09-21 13:29:20.930877
2025-09-21,25629,2025092105027217,CIT,Sani Securities Company Ltd.,J.F. Securites (PVT) Ltd.,24,1872.0,44928.0,2025-09-21 13:29:20.931184
2025-09-21,25423,2025092105027285,CIT,Opal Securities Investment (PVT) Ltd.,Kumari Securities Private Limited,8,1878.0,15024.0,2025-09-21 13:30:23.046036
2025-09-21,25353,2025092105027313,CIT,Sani Securities Company Ltd.,Nepal Stock House (PVT) Ltd.,20,1872.0,37440.0,2025-09-21 13:30:42.952394
2025-09-21,25349,2025092105027317,CIT,Sani Securities Company Ltd.,Market Securities & Exchange (PVT) Ltd.,10,1872.0,18720.0,2025-09-21 13:30:44.261887
2025-09-21,24523,2025092105027562,CIT,Sani Securities Company Ltd.,Capital Max Securities Ltd,50,1872.0,93600.0,2025-09-21 13:34:53.894680
2025-09-21,24368,2025092105027641,CIT,Sani Securities Company Ltd.,Asian Securities Private Ltd.,20,1872.0,37440.0,2025-09-21 13:35:39.422194
2025-09-21,23631,2025092105027882,CIT,Malla & Malla Stock Broking Company Pvt. Limited,Secured Securities Ltd.,10,1876.0,18760.0,2025-09-21 13:38:57.767222
2025-09-21,23630,2025092105027883,CIT,Malla & Malla Stock Broking Company Pvt. Limited,Trishakti Securities Public Limited,90,1879.0,169110.0,2025-09-21 13:38:57.767527
2025-09-21,23223,2025092105027998,CIT,Oxford Securities Pvt. Ltd.,Trishakti Securities Public Limited,10,1879.0,18790.0,2025-09-21 13:40:39.375393
2025-09-21,22678,2025092105028153,CIT,Thrive Brokerage House Pvt. Ltd,Trishakti Securities Public Limited,15,1879.0,28185.0,2025-09-21 13:43:12.893165
2025-09-21,19851,2025092105028996,CIT,Bhrikuti Stock Broking Co. Pvt. Ltd.,Nepal Investment And Securities Trading Private Limited,10,1880.0,18800.0,2025-09-21 13:57:02.302909
2025-09-21,19850,2025092105028997,CIT,Malla & Malla Stock Broking Company Pvt. Limited,Nepal Investment And Securities Trading Private Limited,10,1880.0,18800.0,2025-09-21 13:57:02.303226
2025-09-21,19518,2025092105029097,CIT,Naasa Securities Co. Ltd.,Aryatara Investment & Securities,18,1880.0,33840.0,2025-09-21 13:58:28.961906
2025-09-21,19517,2025092105029098,CIT,Sani Securities Company Ltd.,Aryatara Investment & Securities,82,1880.0,154160.0,2025-09-21 13:58:28.962465
2025-09-21,19163,2025092105029199,CIT,Dipshikha Dhitopatra Karobar Co. Pvt Ltd.,Nepal Investment And Securities Trading Private Limited,50,1882.4,94120.0,2025-09-21 14:00:25.500859
2025-09-21,18635,2025092105029364,CIT,Market Securities & Exchange (PVT) Ltd.,Secured Securities Ltd.,15,1882.0,28230.0,2025-09-21 14:03:14.012731
2025-09-21,18370,2025092105029445,CIT,Online Securities Pvt. Ltd.,Secured Securities Ltd.,15,1882.0,28230.0,2025-09-21 14:04:30.293636
2025-09-21,18369,2025092105029446,CIT,Online Securities Pvt. Ltd.,Nepal Investment And Securities Trading Private Limited,33,1882.4,62119.2,2025-09-21 14:04:30.293705
2025-09-21,17869,2025092105029612,CIT,Trishakti Securities Public Limited,Aryatara Investment & Securities,50,1882.5,94125.0,2025-09-21 14:07:12.577041
2025-09-21,17666,2025092105029660,CIT,Online Securities Pvt. Ltd.,Online Securities Pvt. Ltd.,10,1883.0,18830.0,2025-09-21 14:08:18.121504
2025-09-21,17571,2025092105029677,CIT,Online Securities Pvt. Ltd.,Dipshikha Dhitopatra Karobar Co. Pvt Ltd.,40,1885.0,75400.0,2025-09-21 14:08:50.864664
2025-09-21,17463,2025092105029708,CIT,Online Securities Pvt. Ltd.,Dipshikha Dhitopatra Karobar Co. Pvt Ltd.,90,1884.0,169560.0,2025-09-21 14:09:23.206847
2025-09-21,17396,2025092105029729,CIT,Online Securities Pvt. Ltd.,Dipshikha Dhitopatra Karobar Co. Pvt Ltd.,12,1884.0,22608.0,2025-09-21 14:09:43.671377
2025-09-21,17281,2025092105029780,CIT,Siprabi Securities Pvt. Ltd.,Dipshikha Dhitopatra Karobar Co. Pvt Ltd.,18,1884.0,33912.0,2025-09-21 14:10:17.541349
2025-09-21,17253,2025092105029785,CIT,Online Securities Pvt. Ltd.,Dipshikha Dhitopatra Karobar Co. Pvt Ltd.,10,1884.0,18840.0,2025-09-21 14:10:25.908030
2025-09-21,16588,2025092105029967,CIT,Oxford Securities Pvt. Ltd.,Bhrikuti Stock Broking Co. Pvt. Ltd.,26,1885.0,49010.0,2025-09-21 14:13:38.798675
2025-09-21,16569,2025092105029969,CIT,Oxford Securities Pvt. Ltd.,Bhrikuti Stock Broking Co. Pvt. Ltd.,10,1885.0,18850.0,2025-09-21 14:13:46.325962
2025-09-21,16394,2025092105030007,CIT,Kohinoor Investment & Securities Pvt. Ltd.,Bhrikuti Stock Broking Co. Pvt. Ltd.,34,1885.0,64090.0,2025-09-21 14:14:30.153554
2025-09-21,16393,2025092105030008,CIT,Kohinoor Investment & Securities Pvt. Ltd.,Dipshikha Dhitopatra Karobar Co. Pvt Ltd.,66,1885.0,124410.0,2025-09-21 14:14:30.154121
2025-09-21,15966,2025092105030137,CIT,Online Securities Pvt. Ltd.,Dipshikha Dhitopatra Karobar Co. Pvt Ltd.,25,1885.0,47125.0,2025-09-21 14:16:22.617203
2025-09-21,15892,2025092105030166,CIT,Deevyaa Securities & Stock House Pvt. Ltd,Naasa Securities Co. Ltd.,15,1884.0,28260.0,2025-09-21 14:16:44.092951
2025-09-21,15798,2025092105030195,CIT,Opal Securities Investment (PVT) Ltd.,Sani Securities Company Ltd.,4,1880.0,7520.0,2025-09-21 14:17:08.003273
2025-09-21,15770,2025092105030207,CIT,Kohinoor Investment & Securities Pvt. Ltd.,Naasa Securities Co. Ltd.,50,1884.0,94200.0,2025-09-21 14:17:16.654115
2025-09-21,15769,2025092105030208,CIT,Naasa Securities Co. Ltd.,Naasa Securities Co. Ltd.,20,1884.0,37680.0,2025-09-21 14:17:16.654718
2025-09-21,14779,2025092105030550,CIT,Online Securities Pvt. Ltd.,Dakshinkali Investment & Securities Pvt. Ltd.,10,1884.0,18840.0,2025-09-21 14:21:16.788428
2025-09-21,14606,2025092105030604,CIT,SUN SECURITIES PVT LTD,Sani Securities Company Ltd.,20,1883.0,37660.0,2025-09-21 14:22:02.368824
2025-09-21,14568,2025092105030622,CIT,Asian Securities Private Ltd.,Dakshinkali Investment & Securities Pvt. Ltd.,40,1884.0,75360.0,2025-09-21 14:22:12.553800
2025-09-21,14036,2025092105030764,CIT,Siprabi Securities Pvt. Ltd.,Dipshikha Dhitopatra Karobar Co. Pvt Ltd.,40,1885.0,75400.0,2025-09-21 14:24:03.651853
2025-09-21,13431,2025092105030979,CIT,Kohinoor Investment & Securities Pvt. Ltd.,Trishakti Securities Public Limited,50,1890.0,94500.0,2025-09-21 14:26:38.665067
2025-09-21,13422,2025092105030983,CIT,Sumeru Securities Pvt. Ltd.,Dipshikha Dhitopatra Karobar Co. Pvt Ltd.,4,1885.0,7540.0,2025-09-21 14:26:40.624882
2025-09-21,13325,2025092105031017,CIT,Sweta Securities Private Limited,Trishakti Securities Public Limited,40,1890.0,75600.0,2025-09-21 14:27:05.031693
2025-09-21,13324,2025092105031018,CIT,Sweta Securities Private Limited,Linch Stock Market Ltd.,27,1890.0,51030.0,2025-09-21 14:27:05.032014
2025-09-21,13287,2025092105031035,CIT,Agrawal Securities (PVT) Ltd.,Nepal Stock House (PVT) Ltd.,10,1885.0,18850.0,2025-09-21 14:27:12.515267
2025-09-21,12866,2025092105031158,CIT,Kohinoor Investment & Securities Pvt. Ltd.,Dynamic Money Managers Securities Pvt. Ltd.,30,1890.0,56700.0,2025-09-21 14:28:56.562769
2025-09-21,11901,2025092105031477,CIT,ABC Securities Private Limited,Sani Securities Company Ltd.,111,1886.1,209357.1,2025-09-21 14:32:30.758809
2025-09-21,11540,2025092105031587,CIT,ABC Securities Private Limited,Capital Max Securities Ltd,15,1886.1,28291.5,2025-09-21 14:33:51.389502
2025-09-21,11269,2025092105031691,CIT,Himalayan Securities Limited,SHUBHAKAMANA SECURITIES PVT. LTD,21,1889.0,39669.0,2025-09-21 14:34:44.695970
2025-09-21,11092,2025092105031748,CIT,Agrawal Securities (PVT) Ltd.,Naasa Securities Co. Ltd.,80,1888.5,151080.0,2025-09-21 14:35:19.254195
2025-09-21,10727,2025092105031857,CIT,Hatemalo Financial Services Private Limited,Dynamic Money Managers Securities Pvt. Ltd.,20,1886.2,37724.0,2025-09-21 14:36:50.639761
2025-09-21,10708,2025092105031861,CIT,Hatemalo Financial Services Private Limited,Imperial Securities Company Pvt. Ltd.,10,1886.2,18862.0,2025-09-21 14:36:54.048779
2025-09-21,10362,2025092105031952,CIT,Secured Securities Ltd.,SHUBHAKAMANA SECURITIES PVT. LTD,29,1889.0,54781.0,2025-09-21 14:37:56.493375
2025-09-21,10290,2025092105031970,CIT,Secured Securities Ltd.,Sri Hari Securities Pvt. Ltd.,100,1889.0,188900.0,2025-09-21 14:38:14.510634
2025-09-21,10137,2025092105032024,CIT,Kohinoor Investment & Securities Pvt. Ltd.,Dynamic Money Managers Securities Pvt. Ltd.,10,1890.0,18900.0,2025-09-21 14:38:49.130570
2025-09-21,10136,2025092105032025,CIT,Kohinoor Investment & Securities Pvt. Ltd.,Dipshikha Dhitopatra Karobar Co. Pvt Ltd.,10,1890.0,18900.0,2025-09-21 14:38:49.131025
2025-09-21,10135,2025092105032026,CIT,Kohinoor Investment & Securities Pvt. Ltd.,Dipshikha Dhitopatra Karobar Co. Pvt Ltd.,30,1890.0,56700.0,2025-09-21 14:38:49.131142
2025-09-21,9771,2025092105032127,CIT,Dipshikha Dhitopatra Karobar Co. Pvt Ltd.,Dipshikha Dhitopatra Karobar Co. Pvt Ltd.,10,1890.0,18900.0,2025-09-21 14:40:07.053661
2025-09-21,9624,2025092105032166,CIT,Online Securities Pvt. Ltd.,Dipshikha Dhitopatra Karobar Co. Pvt Ltd.,13,1890.0,24570.0,2025-09-21 14:40:50.002465
2025-09-21,9553,2025092105032194,CIT,Secured Securities Ltd.,Dipshikha Dhitopatra Karobar Co. Pvt Ltd.,70,1890.0,132300.0,2025-09-21 14:41:09.151294
2025-09-21,9326,2025092105032253,CIT,Dipshikha Dhitopatra Karobar Co. Pvt Ltd.,Neev Securities Pvt. Ltd.,10,1890.0,18900.0,2025-09-21 14:41:55.116730
2025-09-21,9205,2025092105032304,CIT,Nagarik Stock Dealer ,Neev Securities Pvt. Ltd.,44,1890.0,83160.0,2025-09-21 14:42:23.602420
2025-09-21,8227,2025092105032605,CIT,Online Securities Pvt. Ltd.,Sumeru Securities Pvt. Ltd.,125,1895.0,236875.0,2025-09-21 14:45:12.233685
2025-09-21,8105,2025092105032637,CIT,ABC Securities Private Limited,Naasa Securities Co. Ltd.,71,1894.0,134474.0,2025-09-21 14:45:34.313631
2025-09-21,8092,2025092105032641,CIT,ABC Securities Private Limited,Primo Securities (PVT) Ltd.,29,1894.0,54926.0,2025-09-21 14:45:35.964245
2025-09-21,7848,2025092105032727,CIT,Malla & Malla Stock Broking Company Pvt. Limited,Primo Securities (PVT) Ltd.,40,1894.0,75760.0,2025-09-21 14:46:11.231137
2025-09-21,7443,2025092105032837,CIT,Kumari Securities Private Limited,Arun Securities (PVT) Ltd.,14,1892.0,26488.0,2025-09-21 14:47:08.178240
2025-09-21,6932,2025092105032985,CIT,Aryatara Investment & Securities,Primo Securities (PVT) Ltd.,50,1894.0,94700.0,2025-09-21 14:48:33.458736
2025-09-21,6657,2025092105033070,CIT,Dakshinkali Investment & Securities Pvt. Ltd.,Primo Securities (PVT) Ltd.,40,1894.0,75760.0,2025-09-21 14:49:16.152613
2025-09-21,6433,2025092105033139,CIT,Aryatara Investment & Securities,Primo Securities (PVT) Ltd.,20,1894.0,37880.0,2025-09-21 14:49:44.224062
2025-09-21,6372,2025092105033155,CIT,Imperial Securities Company Pvt. Ltd.,Primo Securities (PVT) Ltd.,13,1894.0,24622.0,2025-09-21 14:49:52.213880
2025-09-21,6253,2025092105033191,CIT,Kumari Securities Private Limited,Sweta Securities Private Limited,36,1892.0,68112.0,2025-09-21 14:50:08.156269
2025-09-21,6252,2025092105033192,CIT,Capital Hub P. Ltd,Sweta Securities Private Limited,10,1892.0,18920.0,2025-09-21 14:50:08.156578
2025-09-21,6251,2025092105033193,CIT,ABC Securities Private Limited,Sweta Securities Private Limited,14,1892.0,26488.0,2025-09-21 14:50:08.156703
2025-09-21,5853,2025092105033320,CIT,ABC Securities Private Limited,Capital Max Securities Ltd,16,1892.0,30272.0,2025-09-21 14:50:58.633703
2025-09-21,5852,2025092105033321,CIT,Shree Krishna Securities Ltd.,Capital Max Securities Ltd,84,1892.0,158928.0,2025-09-21 14:50:58.634396
2025-09-21,5807,2025092105033348,CIT,Dipshikha Dhitopatra Karobar Co. Pvt Ltd.,Primo Securities (PVT) Ltd.,16,1894.0,30304.0,2025-09-21 14:51:02.299383
2025-09-21,5806,2025092105033349,CIT,Dipshikha Dhitopatra Karobar Co. Pvt Ltd.,SHUBHAKAMANA SECURITIES PVT. LTD,34,1894.0,64396.0,2025-09-21 14:51:02.299963
2025-09-21,5668,2025092105033382,CIT,ABC Securities Private Limited,SHUBHAKAMANA SECURITIES PVT. LTD,16,1894.0,30304.0,2025-09-21 14:51:18.370209
2025-09-21,5667,2025092105033383,CIT,ABC Securities Private Limited,Linch Stock Market Ltd.,84,1894.0,159096.0,2025-09-21 14:51:18.370834
2025-09-21,5183,2025092105033588,CIT,Shree Krishna Securities Ltd.,Dipshikha Dhitopatra Karobar Co. Pvt Ltd.,16,1892.0,30272.0,2025-09-21 14:52:18.781535
2025-09-21,5080,2025092105033627,CIT,N.I.M.B. Stock Markets Limited,KALASH STOCK MARKET PVT. LTD.,10,1893.9,18939.0,2025-09-21 14:52:33.870298
2025-09-21,3456,2025092105034121,CIT,Nabil Stock Dealer Ltd.,KALASH STOCK MARKET PVT. LTD.,10,1893.0,18930.0,2025-09-21 14:55:59.070608
2025-09-21,3455,2025092105034122,CIT,Bhrikuti Stock Broking Co. Pvt. Ltd.,KALASH STOCK MARKET PVT. LTD.,10,1893.0,18930.0,2025-09-21 14:55:59.070892
2025-09-21,3454,2025092105034123,CIT,Sweta Securities Private Limited,KALASH STOCK MARKET PVT. LTD.,70,1892.1,132447.0,2025-09-21 14:55:59.071016
2025-09-21,3072,2025092105034250,CIT,Shree Krishna Securities Ltd.,Property Wiard Limited,10,1893.9,18939.0,2025-09-21 14:56:42.607461
2025-09-21,3071,2025092105034251,CIT,Shree Krishna Securities Ltd.,Linch Stock Market Ltd.,41,1894.0,77654.0,2025-09-21 14:56:42.607762
2025-09-21,2859,2025092105034314,CIT,Dipshikha Dhitopatra Karobar Co. Pvt Ltd.,Naasa Securities Co. Ltd.,50,1894.0,94700.0,2025-09-21 14:57:05.997730
2025-09-21,2796,2025092105034332,CIT,Online Securities Pvt. Ltd.,Naasa Securities Co. Ltd.,50,1894.0,94700.0,2025-09-21 14:57:12.193073
2025-09-21,2750,2025092105034346,CIT,Sweta Securities Private Limited,Dynamic Money Managers Securities Pvt. Ltd.,20,1893.0,37860.0,2025-09-21 14:57:18.366291
2025-09-21,2532,2025092105034414,CIT,Malla & Malla Stock Broking Company Pvt. Limited,Dipshikha Dhitopatra Karobar Co. Pvt Ltd.,50,1894.0,94700.0,2025-09-21 14:57:38.521186
2025-09-21,2145,2025092105034523,CIT,Hatemalo Financial Services Private Limited,Nabil Stock Dealer Ltd.,26,1894.0,49244.0,2025-09-21 14:58:08.403981
2025-09-21,2144,2025092105034524,CIT,Hatemalo Financial Services Private Limited,Dipshikha Dhitopatra Karobar Co. Pvt Ltd.,43,1894.0,81442.0,2025-09-21 14:58:08.404271
2025-09-21,1559,2025092105034727,CIT,Siprabi Securities Pvt. Ltd.,Swarna Laxmi Securities Pvt. Ltd.,10,1894.0,18940.0,2025-09-21 14:58:55.314336
2025-09-21,1463,2025092105034761,CIT,Pragyan Securities (PVT) Ltd.,Swarna Laxmi Securities Pvt. Ltd.,26,1894.0,49244.0,2025-09-21 14:59:02.654439
2025-09-21,1350,2025092105034795,CIT,Siprabi Securities Pvt. Ltd.,Sumeru Securities Pvt. Ltd.,10,1893.0,18930.0,2025-09-21 14:59:10.025267
