Date,S.N.,contract_id,symbol,buyer_broker,seller_broker,volume,price,amount,transaction_time
2025-09-21,108446,2025092101000132,GBIME,Online Securities Pvt. Ltd.,Creative Securities Pvt Ltd,200,225.0,45000.0,2025-09-21 10:46:00.057618
2025-09-21,108445,2025092101000133,GBIME,Sewa Securities Pvt. Ltd.,Creative Securities Pvt Ltd,50,225.0,11250.0,2025-09-21 10:46:00.057648
2025-09-21,108443,2025092101000134,GBIME,Sewa Securities Pvt. Ltd.,ABC Securities Private Limited,150,225.0,33750.0,2025-09-21 10:46:00.057672
2025-09-21,108441,2025092101000135,GBIME,Nepal Stock House (PVT) Ltd.,ABC Securities Private Limited,50,225.0,11250.0,2025-09-21 10:46:00.057694
2025-09-21,108440,2025092101000136,GBIME,Sweta Securities Private Limited,ABC Securities Private Limited,1300,225.0,292500.0,2025-09-21 10:46:00.057719
2025-09-21,108439,2025092101000137,GBIME,Sweta Securities Private Limited,Vision Securities Pvt. Ltd,200,225.0,45000.0,2025-09-21 10:46:00.057747
2025-09-21,108438,2025092101000138,GBIME,Sweta Securities Private Limited,Kumari Securities Private Limited,500,225.0,112500.0,2025-09-21 10:46:00.057770
2025-09-21,108437,2025092101000139,GBIME,Aryatara Investment & Securities,Kumari Securities Private Limited,100,225.0,22500.0,2025-09-21 10:46:00.057834
2025-09-21,108436,2025092101000140,GBIME,APPLE SECURITIES PRIVATE LIMITED,Kumari Securities Private Limited,100,225.0,22500.0,2025-09-21 10:46:00.057862
2025-09-21,108435,2025092101000141,GBIME,ABC Securities Private Limited,Kumari Securities Private Limited,50,225.0,11250.0,2025-09-21 10:46:00.057889
2025-09-21,108434,2025092101000142,GBIME,Premier Securities Company Ltd.,Kumari Securities Private Limited,1050,225.0,236250.0,2025-09-21 10:46:00.057910
2025-09-21,108062,2025092101000213,GBIME,Premier Securities Company Ltd.,Naasa Securities Co. Ltd.,575,225.0,129375.0,2025-09-21 11:00:01.151816
2025-09-21,108040,2025092101000220,GBIME,Premier Securities Company Ltd.,Nepal Stock House (PVT) Ltd.,375,225.0,84375.0,2025-09-21 11:00:10.806142
2025-09-21,108039,2025092101000221,GBIME,Aryatara Investment & Securities,Nepal Stock House (PVT) Ltd.,100,225.0,22500.0,2025-09-21 11:00:10.806196
2025-09-21,108038,2025092101000222,GBIME,Linch Stock Market Ltd.,Nepal Stock House (PVT) Ltd.,125,225.0,28125.0,2025-09-21 11:00:10.806223
2025-09-21,107906,2025092101000263,GBIME,Sri Hari Securities Pvt. Ltd.,Nepal Stock House (PVT) Ltd.,400,225.9,90360.0,2025-09-21 11:00:28.233702
2025-09-21,107673,2025092101000343,GBIME,ABC Securities Private Limited,Nepal Stock House (PVT) Ltd.,600,226.9,136140.0,2025-09-21 11:00:44.192083
2025-09-21,107672,2025092101000344,GBIME,ABC Securities Private Limited,Secured Securities Ltd.,2150,227.0,488050.0,2025-09-21 11:00:44.192131
2025-09-21,107549,2025092101000364,GBIME,South Asian Bulls Pvt. Ltd.,Naasa Securities Co. Ltd.,30,227.5,6825.0,2025-09-21 11:00:50.692331
2025-09-21,107327,2025092101000424,GBIME,South Asian Bulls Pvt. Ltd.,Naasa Securities Co. Ltd.,10,227.5,2275.0,2025-09-21 11:01:04.686669
2025-09-21,107321,2025092101000425,GBIME,Trademow Securities Private Limited,Nepal Stock House (PVT) Ltd.,200,227.9,45580.0,2025-09-21 11:01:04.970034
2025-09-21,107317,2025092101000428,GBIME,Aryatara Investment & Securities,Nepal Stock House (PVT) Ltd.,300,227.9,68370.0,2025-09-21 11:01:05.383932
2025-09-21,107218,2025092101000459,GBIME,APPLE SECURITIES PRIVATE LIMITED,Nepal Stock House (PVT) Ltd.,100,227.9,22790.0,2025-09-21 11:01:11.406809
2025-09-21,107141,2025092101000476,GBIME,APPLE SECURITIES PRIVATE LIMITED,Vision Securities Pvt. Ltd,900,227.9,205110.0,2025-09-21 11:01:15.043076
2025-09-21,107140,2025092101000477,GBIME,South Asian Bulls Pvt. Ltd.,Vision Securities Pvt. Ltd,100,227.5,22750.0,2025-09-21 11:01:15.043146
2025-09-21,106667,2025092101000615,GBIME,Sri Hari Securities Pvt. Ltd.,Nepal Stock House (PVT) Ltd.,250,228.9,57225.0,2025-09-21 11:01:39.945324
2025-09-21,106498,2025092101000669,GBIME,Vision Securities Pvt. Ltd,Nepal Stock House (PVT) Ltd.,180,228.9,41202.0,2025-09-21 11:01:47.990550
2025-09-21,106212,2025092101000742,GBIME,Midas Stock Broking Company Private Limited,Dipshikha Dhitopatra Karobar Co. Pvt Ltd.,200,227.9,45580.0,2025-09-21 11:02:02.938221
2025-09-21,106114,2025092101000768,GBIME,ABC Securities Private Limited,Midas Stock Broking Company Private Limited,186,228.0,42408.0,2025-09-21 11:02:07.433040
2025-09-21,106004,2025092101000791,GBIME,ABC Securities Private Limited,Dipshikha Dhitopatra Karobar Co. Pvt Ltd.,50,228.0,11400.0,2025-09-21 11:02:13.021641
2025-09-21,106001,2025092101000792,GBIME,ABC Securities Private Limited,Vision Securities Pvt. Ltd,40,228.0,9120.0,2025-09-21 11:02:13.179298
2025-09-21,105512,2025092101000928,GBIME,Aryatara Investment & Securities,Nepal Stock House (PVT) Ltd.,20,228.9,4578.0,2025-09-21 11:02:39.009563
2025-09-21,105462,2025092101000941,GBIME,Nepal Stock House (PVT) Ltd.,Nepal Stock House (PVT) Ltd.,25,228.9,5722.5,2025-09-21 11:02:42.567417
2025-09-21,105450,2025092101000945,GBIME,Deevyaa Securities & Stock House Pvt. Ltd,Nepal Stock House (PVT) Ltd.,125,228.9,28612.5,2025-09-21 11:02:43.241093
2025-09-21,105449,2025092101000946,GBIME,Deevyaa Securities & Stock House Pvt. Ltd,Kalika Securities Pvt. Ltd.,375,229.0,85875.0,2025-09-21 11:02:43.241240
2025-09-21,105341,2025092101000959,GBIME,Imperial Securities Company Pvt. Ltd.,Kalika Securities Pvt. Ltd.,10,229.0,2290.0,2025-09-21 11:02:48.306848
2025-09-21,105268,2025092101000977,GBIME,Sanima Securities Limited,Agrawal Securities (PVT) Ltd.,100,228.9,22890.0,2025-09-21 11:02:51.479132
2025-09-21,105267,2025092101000978,GBIME,Sewa Securities Pvt. Ltd.,Agrawal Securities (PVT) Ltd.,36,228.1,8211.6,2025-09-21 11:02:51.479231
2025-09-21,105225,2025092101000985,GBIME,Sewa Securities Pvt. Ltd.,Arun Securities (PVT) Ltd.,153,228.1,34899.3,2025-09-21 11:02:53.615825
2025-09-21,105120,2025092101001013,GBIME,APPLE SECURITIES PRIVATE LIMITED,Primo Securities (PVT) Ltd.,300,229.0,68700.0,2025-09-21 11:02:59.622076
2025-09-21,105006,2025092101001045,GBIME,Aryatara Investment & Securities,Nepal Stock House (PVT) Ltd.,200,229.9,45980.0,2025-09-21 11:03:07.025427
2025-09-21,104980,2025092101001053,GBIME,Creative Securities Pvt Ltd,Nepal Stock House (PVT) Ltd.,400,229.9,91960.0,2025-09-21 11:03:08.736286
2025-09-21,104931,2025092101001066,GBIME,Aryatara Investment & Securities,Nepal Stock House (PVT) Ltd.,600,230.8,138480.0,2025-09-21 11:03:12.119682
2025-09-21,104736,2025092101001105,GBIME,Naasa Securities Co. Ltd.,South Asian Bulls Pvt. Ltd.,500,230.9,115450.0,2025-09-21 11:03:21.271160
2025-09-21,104735,2025092101001106,GBIME,Naasa Securities Co. Ltd.,J.F. Securites (PVT) Ltd.,1000,230.9,230900.0,2025-09-21 11:03:21.271301
2025-09-21,104734,2025092101001107,GBIME,Naasa Securities Co. Ltd.,Linch Stock Market Ltd.,1500,231.0,346500.0,2025-09-21 11:03:21.271407
2025-09-21,104733,2025092101001108,GBIME,Naasa Securities Co. Ltd.,Naasa Securities Co. Ltd.,21,231.0,4851.0,2025-09-21 11:03:21.271505
2025-09-21,104580,2025092101001142,GBIME,Online Securities Pvt. Ltd.,Nepal Stock House (PVT) Ltd.,20,231.9,4638.0,2025-09-21 11:03:31.873595
2025-09-21,104530,2025092101001151,GBIME,Linch Stock Market Ltd.,Nepal Stock House (PVT) Ltd.,100,231.9,23190.0,2025-09-21 11:03:34.677843
2025-09-21,104446,2025092101001174,GBIME,Nepal Investment And Securities Trading Private Limited,Nepal Stock House (PVT) Ltd.,200,231.9,46380.0,2025-09-21 11:03:39.987468
2025-09-21,104143,2025092101001223,GBIME,Sewa Securities Pvt. Ltd.,Nepal Stock House (PVT) Ltd.,100,231.9,23190.0,2025-09-21 11:03:58.756704
2025-09-21,104140,2025092101001224,GBIME,Sani Securities Company Ltd.,Nepal Stock House (PVT) Ltd.,180,231.9,41742.0,2025-09-21 11:03:59.017475
2025-09-21,104139,2025092101001225,GBIME,Sani Securities Company Ltd.,Thrive Brokerage House Pvt. Ltd,24,232.0,5568.0,2025-09-21 11:03:59.017530
2025-09-21,104138,2025092101001226,GBIME,Sani Securities Company Ltd.,Dipshikha Dhitopatra Karobar Co. Pvt Ltd.,40,232.0,9280.0,2025-09-21 11:03:59.017556
2025-09-21,104137,2025092101001227,GBIME,Sani Securities Company Ltd.,Aryatara Investment & Securities,20,232.5,4650.0,2025-09-21 11:03:59.017578
2025-09-21,104136,2025092101001228,GBIME,Sani Securities Company Ltd.,South Asian Bulls Pvt. Ltd.,500,232.5,116250.0,2025-09-21 11:03:59.017603
2025-09-21,104135,2025092101001229,GBIME,Sani Securities Company Ltd.,Nepal Stock House (PVT) Ltd.,700,232.9,163030.0,2025-09-21 11:03:59.017640
2025-09-21,103763,2025092101001333,GBIME,Linch Stock Market Ltd.,Online Securities Pvt. Ltd.,60,232.0,13920.0,2025-09-21 11:04:19.836168
2025-09-21,103368,2025092101001423,GBIME,Vision Securities Pvt. Ltd,Vision Securities Pvt. Ltd,50,233.0,11650.0,2025-09-21 11:04:42.074699
2025-09-21,103161,2025092101001480,GBIME,Malla & Malla Stock Broking Company Pvt. Limited,Vision Securities Pvt. Ltd,500,233.0,116500.0,2025-09-21 11:04:55.058292
2025-09-21,103026,2025092101001507,GBIME,Thrive Brokerage House Pvt. Ltd,Vision Securities Pvt. Ltd,50,233.0,11650.0,2025-09-21 11:05:01.928282
2025-09-21,103016,2025092101001508,GBIME,Linch Stock Market Ltd.,Vision Securities Pvt. Ltd,100,233.0,23300.0,2025-09-21 11:05:02.839299
2025-09-21,102982,2025092101001515,GBIME,Midas Stock Broking Company Private Limited,Vision Securities Pvt. Ltd,300,233.0,69900.0,2025-09-21 11:05:05.671296
2025-09-21,102935,2025092101001528,GBIME,Premier Securities Company Ltd.,Nepal Stock House (PVT) Ltd.,600,233.9,140340.0,2025-09-21 11:05:09.003241
2025-09-21,102934,2025092101001529,GBIME,Premier Securities Company Ltd.,Nepal Stock House (PVT) Ltd.,600,234.9,140940.0,2025-09-21 11:05:09.003275
2025-09-21,102933,2025092101001530,GBIME,Premier Securities Company Ltd.,Market Securities & Exchange (PVT) Ltd.,10,235.0,2350.0,2025-09-21 11:05:09.003298
2025-09-21,102932,2025092101001531,GBIME,Premier Securities Company Ltd.,Premier Securities Company Ltd.,1790,235.0,420650.0,2025-09-21 11:05:09.003319
2025-09-21,102651,2025092101001604,GBIME,Sani Securities Company Ltd.,Aryatara Investment & Securities,300,234.0,70200.0,2025-09-21 11:05:25.335810
2025-09-21,102610,2025092101001609,GBIME,Oxford Securities Pvt. Ltd.,Aryatara Investment & Securities,700,234.0,163800.0,2025-09-21 11:05:27.411409
2025-09-21,102609,2025092101001610,GBIME,Oxford Securities Pvt. Ltd.,Premier Securities Company Ltd.,210,235.0,49350.0,2025-09-21 11:05:27.411505
2025-09-21,102608,2025092101001611,GBIME,Oxford Securities Pvt. Ltd.,Aryatara Investment & Securities,20,236.6,4732.0,2025-09-21 11:05:27.411552
2025-09-21,102607,2025092101001612,GBIME,Oxford Securities Pvt. Ltd.,Nepal Stock House (PVT) Ltd.,70,236.6,16562.0,2025-09-21 11:05:27.411590
2025-09-21,102435,2025092101001653,GBIME,Premier Securities Company Ltd.,Bhrikuti Stock Broking Co. Pvt. Ltd.,400,236.0,94400.0,2025-09-21 11:05:39.188743
2025-09-21,102434,2025092101001654,GBIME,Premier Securities Company Ltd.,South Asian Bulls Pvt. Ltd.,500,236.0,118000.0,2025-09-21 11:05:39.188847
2025-09-21,102433,2025092101001655,GBIME,Premier Securities Company Ltd.,Nepal Stock House (PVT) Ltd.,100,236.6,23660.0,2025-09-21 11:05:39.188920
2025-09-21,102194,2025092101001728,GBIME,Deevyaa Securities & Stock House Pvt. Ltd,South Asian Bulls Pvt. Ltd.,200,233.0,46600.0,2025-09-21 11:05:52.121420
2025-09-21,102087,2025092101001750,GBIME,Premier Securities Company Ltd.,Nepal Stock House (PVT) Ltd.,430,236.6,101738.0,2025-09-21 11:05:59.335849
2025-09-21,102086,2025092101001751,GBIME,Premier Securities Company Ltd.,Nepal Stock House (PVT) Ltd.,570,239.7,136629.0,2025-09-21 11:05:59.335888
2025-09-21,101874,2025092101001781,GBIME,Shree Krishna Securities Ltd.,South Asian Bulls Pvt. Ltd.,50,239.0,11950.0,2025-09-21 11:06:10.695888
2025-09-21,101805,2025092101001799,GBIME,Naasa Securities Co. Ltd.,South Asian Bulls Pvt. Ltd.,250,239.0,59750.0,2025-09-21 11:06:14.545404
2025-09-21,101711,2025092101001827,GBIME,Aryatara Investment & Securities,Nepal Stock House (PVT) Ltd.,30,239.7,7191.0,2025-09-21 11:06:19.386062
2025-09-21,101543,2025092101001857,GBIME,Shree Krishna Securities Ltd.,Malla & Malla Stock Broking Company Pvt. Limited,50,241.3,12065.0,2025-09-21 11:06:28.250138
2025-09-21,101294,2025092101001912,GBIME,Property Wiard Limited,APPLE SECURITIES PRIVATE LIMITED,175,241.0,42175.0,2025-09-21 11:06:42.342043
2025-09-21,101100,2025092101001952,GBIME,Kumari Securities Private Limited,Nepal Stock House (PVT) Ltd.,600,240.9,144540.0,2025-09-21 11:06:53.284324
2025-09-21,101099,2025092101001953,GBIME,Kumari Securities Private Limited,APPLE SECURITIES PRIVATE LIMITED,200,241.0,48200.0,2025-09-21 11:06:53.284429
2025-09-21,100885,2025092101001987,GBIME,Sani Securities Company Ltd.,APPLE SECURITIES PRIVATE LIMITED,20,241.0,4820.0,2025-09-21 11:07:05.111486
2025-09-21,100735,2025092101002007,GBIME,Aryatara Investment & Securities,Naasa Securities Co. Ltd.,10,240.0,2400.0,2025-09-21 11:07:15.824226
2025-09-21,100598,2025092101002042,GBIME,Nepal Stock House (PVT) Ltd.,APPLE SECURITIES PRIVATE LIMITED,605,241.0,145805.0,2025-09-21 11:07:23.419375
2025-09-21,100597,2025092101002043,GBIME,Nepal Stock House (PVT) Ltd.,Sundhara Securities Limited,100,241.0,24100.0,2025-09-21 11:07:23.419480
2025-09-21,100596,2025092101002044,GBIME,Nepal Stock House (PVT) Ltd.,South Asian Bulls Pvt. Ltd.,200,241.0,48200.0,2025-09-21 11:07:23.419522
2025-09-21,100595,2025092101002045,GBIME,Nepal Stock House (PVT) Ltd.,Aryatara Investment & Securities,1011,241.0,243651.0,2025-09-21 11:07:23.419562
2025-09-21,100269,2025092101002107,GBIME,Kumari Securities Private Limited,Arun Securities (PVT) Ltd.,50,240.9,12045.0,2025-09-21 11:07:38.624930
2025-09-21,100204,2025092101002135,GBIME,Aryatara Investment & Securities,Oxford Securities Pvt. Ltd.,10,240.0,2400.0,2025-09-21 11:07:42.705052
2025-09-21,100203,2025092101002136,GBIME,Vision Securities Pvt. Ltd,Oxford Securities Pvt. Ltd.,10,240.0,2400.0,2025-09-21 11:07:42.705144
2025-09-21,100202,2025092101002137,GBIME,Online Securities Pvt. Ltd.,Oxford Securities Pvt. Ltd.,10,240.0,2400.0,2025-09-21 11:07:42.705189
2025-09-21,100201,2025092101002138,GBIME,Sweta Securities Private Limited,Oxford Securities Pvt. Ltd.,100,240.0,24000.0,2025-09-21 11:07:42.705249
2025-09-21,100200,2025092101002139,GBIME,Opal Securities Investment (PVT) Ltd.,Oxford Securities Pvt. Ltd.,370,240.0,88800.0,2025-09-21 11:07:42.738458
2025-09-21,100199,2025092101002140,GBIME,Opal Securities Investment (PVT) Ltd.,Arun Securities (PVT) Ltd.,130,240.9,31317.0,2025-09-21 11:07:42.738682
2025-09-21,99992,2025092101002192,GBIME,Trisul Securities & Invt. Ltd.,Sri Hari Securities Pvt. Ltd.,400,239.8,95920.0,2025-09-21 11:07:54.432933
2025-09-21,99861,2025092101002234,GBIME,Opal Securities Investment (PVT) Ltd.,Sundhara Securities Limited,10,240.0,2400.0,2025-09-21 11:08:02.584520
2025-09-21,99817,2025092101002245,GBIME,Kohinoor Investment & Securities Pvt. Ltd.,Sundhara Securities Limited,40,240.0,9600.0,2025-09-21 11:08:04.814580
2025-09-21,99456,2025092101002333,GBIME,Kohinoor Investment & Securities Pvt. Ltd.,Neev Securities Pvt. Ltd.,10,240.0,2400.0,2025-09-21 11:08:27.955147
2025-09-21,99455,2025092101002334,GBIME,Naasa Securities Co. Ltd.,Neev Securities Pvt. Ltd.,50,240.0,12000.0,2025-09-21 11:08:27.955253
2025-09-21,99413,2025092101002345,GBIME,APPLE SECURITIES PRIVATE LIMITED,Neev Securities Pvt. Ltd.,92,240.0,22080.0,2025-09-21 11:08:31.524440
2025-09-21,99406,2025092101002347,GBIME,Creative Securities Pvt Ltd,Nepal Investment And Securities Trading Private Limited,100,240.8,24080.0,2025-09-21 11:08:31.960736
2025-09-21,98897,2025092101002454,GBIME,APPLE SECURITIES PRIVATE LIMITED,Neev Securities Pvt. Ltd.,108,240.0,25920.0,2025-09-21 11:09:02.093000
2025-09-21,98896,2025092101002455,GBIME,Premier Securities Company Ltd.,Neev Securities Pvt. Ltd.,1000,240.0,240000.0,2025-09-21 11:09:02.093227
2025-09-21,98821,2025092101002467,GBIME,South Asian Bulls Pvt. Ltd.,Neev Securities Pvt. Ltd.,100,240.0,24000.0,2025-09-21 11:09:06.391773
2025-09-21,98592,2025092101002519,GBIME,Trisul Securities & Invt. Ltd.,Nepal Investment And Securities Trading Private Limited,400,239.8,95920.0,2025-09-21 11:09:20.111651
2025-09-21,98154,2025092101002647,GBIME,Elite Stock House Limited,Sweta Securities Private Limited,10,239.8,2398.0,2025-09-21 11:09:49.875388
2025-09-21,98009,2025092101002676,GBIME,Oxford Securities Pvt. Ltd.,Sweta Securities Private Limited,1990,239.8,477202.0,2025-09-21 11:09:59.057491
2025-09-21,98008,2025092101002677,GBIME,Oxford Securities Pvt. Ltd.,Neev Securities Pvt. Ltd.,792,240.0,190080.0,2025-09-21 11:09:59.057586
2025-09-21,98007,2025092101002678,GBIME,Oxford Securities Pvt. Ltd.,Imperial Securities Company Pvt. Ltd.,89,240.0,21360.0,2025-09-21 11:09:59.057631
2025-09-21,98006,2025092101002679,GBIME,Oxford Securities Pvt. Ltd.,Sani Securities Company Ltd.,500,240.0,120000.0,2025-09-21 11:09:59.057671
2025-09-21,97642,2025092101002790,GBIME,Oxford Securities Pvt. Ltd.,Midas Stock Broking Company Private Limited,109,240.0,26160.0,2025-09-21 11:10:19.844720
2025-09-21,97316,2025092101002840,GBIME,Oxford Securities Pvt. Ltd.,Agrawal Securities (PVT) Ltd.,34,240.0,8160.0,2025-09-21 11:10:34.173785
2025-09-21,97240,2025092101002862,GBIME,Oxford Securities Pvt. Ltd.,Capital Max Securities Ltd,20,240.0,4800.0,2025-09-21 11:10:36.823971
2025-09-21,97208,2025092101002868,GBIME,Trishakti Securities Public Limited,Trishakti Securities Public Limited,200,240.7,48140.0,2025-09-21 11:10:37.891434
2025-09-21,96931,2025092101002937,GBIME,Oxford Securities Pvt. Ltd.,Nepal Investment And Securities Trading Private Limited,500,240.0,120000.0,2025-09-21 11:10:48.918780
2025-09-21,96758,2025092101002970,GBIME,Oxford Securities Pvt. Ltd.,Thrive Brokerage House Pvt. Ltd,104,240.0,24960.0,2025-09-21 11:10:56.898956
2025-09-21,96676,2025092101002983,GBIME,Oxford Securities Pvt. Ltd.,Aryatara Investment & Securities,30,240.0,7200.0,2025-09-21 11:11:01.196686
2025-09-21,96512,2025092101003010,GBIME,Oxford Securities Pvt. Ltd.,Aryatara Investment & Securities,200,240.0,48000.0,2025-09-21 11:11:08.201667
2025-09-21,96308,2025092101003066,GBIME,Oxford Securities Pvt. Ltd.,Nepal Investment And Securities Trading Private Limited,500,240.0,120000.0,2025-09-21 11:11:13.490627
2025-09-21,96265,2025092101003073,GBIME,Oxford Securities Pvt. Ltd.,ABC Securities Private Limited,2132,240.0,511680.0,2025-09-21 11:11:15.571985
2025-09-21,96264,2025092101003074,GBIME,Nepal Stock House (PVT) Ltd.,ABC Securities Private Limited,50,240.0,12000.0,2025-09-21 11:11:15.572205
2025-09-21,96263,2025092101003075,GBIME,Siprabi Securities Pvt. Ltd.,ABC Securities Private Limited,568,240.0,136320.0,2025-09-21 11:11:15.572341
2025-09-21,96107,2025092101003111,GBIME,Creative Securities Pvt Ltd,Trishakti Securities Public Limited,300,240.7,72210.0,2025-09-21 11:11:22.881370
2025-09-21,95982,2025092101003135,GBIME,Malla & Malla Stock Broking Company Pvt. Limited,Kohinoor Investment & Securities Pvt. Ltd.,100,240.0,24000.0,2025-09-21 11:11:28.607104
2025-09-21,95641,2025092101003220,GBIME,Agrawal Securities (PVT) Ltd.,Kohinoor Investment & Securities Pvt. Ltd.,50,240.0,12000.0,2025-09-21 11:11:42.870468
2025-09-21,95508,2025092101003246,GBIME,Nepal Investment And Securities Trading Private Limited,Sundhara Securities Limited,47,238.3,11200.1,2025-09-21 11:11:48.561485
2025-09-21,95507,2025092101003247,GBIME,Nepal Investment And Securities Trading Private Limited,Kalika Securities Pvt. Ltd.,15,238.3,3574.5,2025-09-21 11:11:48.582117
2025-09-21,95332,2025092101003308,GBIME,Nepal Investment And Securities Trading Private Limited,SUN SECURITIES PVT LTD,123,238.3,29310.9,2025-09-21 11:11:54.901376
2025-09-21,95182,2025092101003348,GBIME,Nepal Investment And Securities Trading Private Limited,Online Securities Pvt. Ltd.,315,238.3,75064.5,2025-09-21 11:12:00.374503
2025-09-21,94623,2025092101003477,GBIME,Aryatara Investment & Securities,Midas Stock Broking Company Private Limited,100,238.2,23820.0,2025-09-21 11:12:20.052934
2025-09-21,94622,2025092101003478,GBIME,ABC Securities Private Limited,Midas Stock Broking Company Private Limited,100,238.0,23800.0,2025-09-21 11:12:20.053066
2025-09-21,94621,2025092101003479,GBIME,Dipshikha Dhitopatra Karobar Co. Pvt Ltd.,Midas Stock Broking Company Private Limited,56,238.0,13328.0,2025-09-21 11:12:20.053129
2025-09-21,94620,2025092101003480,GBIME,ABC Securities Private Limited,Midas Stock Broking Company Private Limited,50,238.0,11900.0,2025-09-21 11:12:20.053177
2025-09-21,94331,2025092101003565,GBIME,Sewa Securities Pvt. Ltd.,Online Securities Pvt. Ltd.,200,237.0,47400.0,2025-09-21 11:12:32.119216
2025-09-21,94330,2025092101003566,GBIME,Vision Securities Pvt. Ltd,Online Securities Pvt. Ltd.,65,237.0,15405.0,2025-09-21 11:12:32.119314
2025-09-21,94201,2025092101003612,GBIME,Naasa Securities Co. Ltd.,Midas Stock Broking Company Private Limited,70,238.0,16660.0,2025-09-21 11:12:37.481381
2025-09-21,94184,2025092101003615,GBIME,Vision Securities Pvt. Ltd,Aryatara Investment & Securities,35,237.0,8295.0,2025-09-21 11:12:38.618996
2025-09-21,94183,2025092101003616,GBIME,Deevyaa Securities & Stock House Pvt. Ltd,Aryatara Investment & Securities,65,237.0,15405.0,2025-09-21 11:12:38.619109
2025-09-21,94091,2025092101003647,GBIME,Deevyaa Securities & Stock House Pvt. Ltd,Sundhara Securities Limited,19,237.0,4503.0,2025-09-21 11:12:43.431733
2025-09-21,94028,2025092101003666,GBIME,Deevyaa Securities & Stock House Pvt. Ltd,Opal Securities Investment (PVT) Ltd.,116,237.0,27492.0,2025-09-21 11:12:46.861102
2025-09-21,94027,2025092101003667,GBIME,Ashutosh Brokerage & Securities (PVT) Ltd.,Opal Securities Investment (PVT) Ltd.,20,237.0,4740.0,2025-09-21 11:12:46.861307
2025-09-21,94026,2025092101003668,GBIME,Sani Securities Company Ltd.,Opal Securities Investment (PVT) Ltd.,364,237.0,86268.0,2025-09-21 11:12:46.861441
2025-09-21,93914,2025092101003690,GBIME,Sani Securities Company Ltd.,Vision Securities Pvt. Ltd,10,237.0,2370.0,2025-09-21 11:12:52.357013
2025-09-21,93702,2025092101003736,GBIME,Online Securities Pvt. Ltd.,Midas Stock Broking Company Private Limited,100,238.0,23800.0,2025-09-21 11:13:03.311814
2025-09-21,93598,2025092101003753,GBIME,Sani Securities Company Ltd.,Creative Securities Pvt Ltd,300,237.0,71100.0,2025-09-21 11:13:08.249939
2025-09-21,93516,2025092101003772,GBIME,Sani Securities Company Ltd.,Sumeru Securities Pvt. Ltd.,126,237.0,29862.0,2025-09-21 11:13:11.237608
2025-09-21,93347,2025092101003799,GBIME,South Asian Bulls Pvt. Ltd.,Aakashbhairab Securities Ltd.,50,236.2,11810.0,2025-09-21 11:13:19.810695
2025-09-21,93346,2025092101003800,GBIME,Sumeru Securities Pvt. Ltd.,Aakashbhairab Securities Ltd.,500,236.0,118000.0,2025-09-21 11:13:19.810808
2025-09-21,93345,2025092101003801,GBIME,Dynamic Money Managers Securities Pvt. Ltd.,Aakashbhairab Securities Ltd.,1151,236.0,271636.0,2025-09-21 11:13:19.810862
2025-09-21,93135,2025092101003840,GBIME,Nepal Stock House (PVT) Ltd.,Sumeru Securities Pvt. Ltd.,221,237.0,52377.0,2025-09-21 11:13:29.456127
2025-09-21,93134,2025092101003841,GBIME,Nepal Stock House (PVT) Ltd.,Neev Securities Pvt. Ltd.,300,237.0,71100.0,2025-09-21 11:13:29.456375
2025-09-21,92914,2025092101003885,GBIME,Dynamic Money Managers Securities Pvt. Ltd.,Secured Securities Ltd.,1849,236.0,436364.0,2025-09-21 11:13:39.568388
2025-09-21,92913,2025092101003886,GBIME,ABC Securities Private Limited,Secured Securities Ltd.,100,236.0,23600.0,2025-09-21 11:13:39.568605
2025-09-21,92912,2025092101003887,GBIME,Deevyaa Securities & Stock House Pvt. Ltd,Secured Securities Ltd.,100,236.0,23600.0,2025-09-21 11:13:39.568733
2025-09-21,92911,2025092101003888,GBIME,Imperial Securities Company Pvt. Ltd.,Secured Securities Ltd.,249,236.0,58764.0,2025-09-21 11:13:39.568868
2025-09-21,92910,2025092101003889,GBIME,Oxford Securities Pvt. Ltd.,Secured Securities Ltd.,15,236.0,3540.0,2025-09-21 11:13:39.569057
2025-09-21,92909,2025092101003890,GBIME,Bhrikuti Stock Broking Co. Pvt. Ltd.,Secured Securities Ltd.,100,235.0,23500.0,2025-09-21 11:13:39.569189
2025-09-21,92224,2025092101004068,GBIME,Aryatara Investment & Securities,Secured Securities Ltd.,50,235.0,11750.0,2025-09-21 11:14:09.995064
2025-09-21,92087,2025092101004113,GBIME,Online Securities Pvt. Ltd.,Secured Securities Ltd.,200,235.0,47000.0,2025-09-21 11:14:16.086541
2025-09-21,91150,2025092101004315,GBIME,Nepal Stock House (PVT) Ltd.,Primo Securities (PVT) Ltd.,147,233.4,34309.8,2025-09-21 11:15:08.887362
2025-09-21,89829,2025092101004624,GBIME,Bhrikuti Stock Broking Co. Pvt. Ltd.,Dipshikha Dhitopatra Karobar Co. Pvt Ltd.,20,234.0,4680.0,2025-09-21 11:16:16.701675
2025-09-21,89828,2025092101004625,GBIME,Agrawal Securities (PVT) Ltd.,Dipshikha Dhitopatra Karobar Co. Pvt Ltd.,10,234.0,2340.0,2025-09-21 11:16:16.701917
2025-09-21,89827,2025092101004626,GBIME,Bhrikuti Stock Broking Co. Pvt. Ltd.,Dipshikha Dhitopatra Karobar Co. Pvt Ltd.,10,234.0,2340.0,2025-09-21 11:16:16.702087
2025-09-21,89795,2025092101004633,GBIME,ABC Securities Private Limited,Aryatara Investment & Securities,1000,233.6,233600.0,2025-09-21 11:16:18.667086
2025-09-21,89794,2025092101004634,GBIME,Sajilo Broker Limited,Aryatara Investment & Securities,300,233.5,70050.0,2025-09-21 11:16:18.667226
2025-09-21,89644,2025092101004673,GBIME,Nepal Stock House (PVT) Ltd.,Neev Securities Pvt. Ltd.,853,233.4,199090.2,2025-09-21 11:16:27.493250
2025-09-21,89643,2025092101004674,GBIME,Opal Securities Investment (PVT) Ltd.,Neev Securities Pvt. Ltd.,50,233.3,11665.0,2025-09-21 11:16:27.493427
2025-09-21,89642,2025092101004675,GBIME,Naasa Securities Co. Ltd.,Neev Securities Pvt. Ltd.,300,233.3,69990.0,2025-09-21 11:16:27.493489
2025-09-21,89641,2025092101004676,GBIME,Nepal Stock House (PVT) Ltd.,Neev Securities Pvt. Ltd.,500,233.0,116500.0,2025-09-21 11:16:27.493541
2025-09-21,89546,2025092101004693,GBIME,Imperial Securities Company Pvt. Ltd.,Neev Securities Pvt. Ltd.,100,233.0,23300.0,2025-09-21 11:16:32.644243
2025-09-21,89293,2025092101004760,GBIME,Premier Securities Company Ltd.,Dipshikha Dhitopatra Karobar Co. Pvt Ltd.,200,232.0,46400.0,2025-09-21 11:16:47.076007
2025-09-21,89032,2025092101004833,GBIME,Property Wiard Limited,Sagarmatha Securities Private Limited,50,232.1,11605.0,2025-09-21 11:17:03.056311
2025-09-21,89031,2025092101004834,GBIME,Premier Securities Company Ltd.,Sagarmatha Securities Private Limited,50,232.0,11600.0,2025-09-21 11:17:03.056534
2025-09-21,88832,2025092101004882,GBIME,Premier Securities Company Ltd.,J.F. Securites (PVT) Ltd.,500,232.0,116000.0,2025-09-21 11:17:17.022633
2025-09-21,88765,2025092101004896,GBIME,Premier Securities Company Ltd.,Dynamic Money Managers Securities Pvt. Ltd.,185,232.0,42920.0,2025-09-21 11:17:21.606853
2025-09-21,88764,2025092101004897,GBIME,Vision Securities Pvt. Ltd,Dynamic Money Managers Securities Pvt. Ltd.,150,231.2,34680.0,2025-09-21 11:17:21.606975
2025-09-21,88763,2025092101004898,GBIME,Opal Securities Investment (PVT) Ltd.,Dynamic Money Managers Securities Pvt. Ltd.,1000,231.2,231200.0,2025-09-21 11:17:21.607055
2025-09-21,88762,2025092101004899,GBIME,Bhrikuti Stock Broking Co. Pvt. Ltd.,Dynamic Money Managers Securities Pvt. Ltd.,1665,231.1,384781.5,2025-09-21 11:17:21.607107
2025-09-21,88509,2025092101004942,GBIME,Bhrikuti Stock Broking Co. Pvt. Ltd.,Online Securities Pvt. Ltd.,669,231.1,154605.9,2025-09-21 11:17:39.073229
2025-09-21,88142,2025092101005023,GBIME,Nepal Stock House (PVT) Ltd.,Asian Securities Private Ltd.,100,231.2,23120.0,2025-09-21 11:18:02.147616
2025-09-21,87991,2025092101005068,GBIME,Nepal Stock House (PVT) Ltd.,Dipshikha Dhitopatra Karobar Co. Pvt Ltd.,400,231.2,92480.0,2025-09-21 11:18:13.428118
2025-09-21,87933,2025092101005085,GBIME,Creative Securities Pvt Ltd,Dipshikha Dhitopatra Karobar Co. Pvt Ltd.,100,231.2,23120.0,2025-09-21 11:18:17.497470
2025-09-21,87932,2025092101005086,GBIME,Creative Securities Pvt Ltd,Kumari Securities Private Limited,100,231.2,23120.0,2025-09-21 11:18:17.497590
2025-09-21,87847,2025092101005116,GBIME,Creative Securities Pvt Ltd,Midas Stock Broking Company Private Limited,300,232.0,69600.0,2025-09-21 11:18:22.804569
2025-09-21,87676,2025092101005162,GBIME,Bhrikuti Stock Broking Co. Pvt. Ltd.,Midas Stock Broking Company Private Limited,700,231.0,161700.0,2025-09-21 11:18:33.023274
2025-09-21,87525,2025092101005181,GBIME,Bhrikuti Stock Broking Co. Pvt. Ltd.,Neev Securities Pvt. Ltd.,500,231.0,115500.0,2025-09-21 11:18:42.414414
2025-09-21,87505,2025092101005186,GBIME,Sani Securities Company Ltd.,Midas Stock Broking Company Private Limited,70,231.5,16205.0,2025-09-21 11:18:44.369170
2025-09-21,87504,2025092101005187,GBIME,Bhrikuti Stock Broking Co. Pvt. Ltd.,Midas Stock Broking Company Private Limited,930,231.0,214830.0,2025-09-21 11:18:44.369309
2025-09-21,87365,2025092101005221,GBIME,Bhrikuti Stock Broking Co. Pvt. Ltd.,Premier Securities Company Ltd.,50,231.0,11550.0,2025-09-21 11:18:53.539115
2025-09-21,87294,2025092101005242,GBIME,Bhrikuti Stock Broking Co. Pvt. Ltd.,Investment Management Nepal Pvt. Ltd.,20,231.0,4620.0,2025-09-21 11:18:57.640220
2025-09-21,87262,2025092101005249,GBIME,Naasa Securities Co. Ltd.,Sweta Securities Private Limited,40,232.0,9280.0,2025-09-21 11:19:00.279576
2025-09-21,86923,2025092101005331,GBIME,Imperial Securities Company Pvt. Ltd.,Sweta Securities Private Limited,200,232.0,46400.0,2025-09-21 11:19:23.732169
2025-09-21,86801,2025092101005356,GBIME,South Asian Bulls Pvt. Ltd.,Sani Securities Company Ltd.,15,231.1,3466.5,2025-09-21 11:19:33.651914
2025-09-21,86601,2025092101005409,GBIME,Vision Securities Pvt. Ltd,Sweta Securities Private Limited,10,232.0,2320.0,2025-09-21 11:19:46.320336
2025-09-21,86600,2025092101005410,GBIME,Vision Securities Pvt. Ltd,Nepal Investment And Securities Trading Private Limited,10,232.0,2320.0,2025-09-21 11:19:46.320482
2025-09-21,86599,2025092101005411,GBIME,Vision Securities Pvt. Ltd,Imperial Securities Company Pvt. Ltd.,980,232.5,227850.0,2025-09-21 11:19:46.320571
2025-09-21,86021,2025092101005550,GBIME,Agrawal Securities (PVT) Ltd.,Imperial Securities Company Pvt. Ltd.,1020,232.5,237150.0,2025-09-21 11:20:27.845079
2025-09-21,85973,2025092101005562,GBIME,Agrawal Securities (PVT) Ltd.,ABC Securities Private Limited,980,232.5,227850.0,2025-09-21 11:20:31.945311
2025-09-21,85558,2025092101005654,GBIME,Primo Securities (PVT) Ltd.,Imperial Securities Company Pvt. Ltd.,10,232.0,2320.0,2025-09-21 11:21:02.823079
2025-09-21,85557,2025092101005655,GBIME,Primo Securities (PVT) Ltd.,Naasa Securities Co. Ltd.,10,232.0,2320.0,2025-09-21 11:21:02.823250
2025-09-21,85081,2025092101005756,GBIME,Kohinoor Investment & Securities Pvt. Ltd.,Naasa Securities Co. Ltd.,68,232.0,15776.0,2025-09-21 11:21:38.810833
2025-09-21,85035,2025092101005767,GBIME,Kohinoor Investment & Securities Pvt. Ltd.,Imperial Securities Company Pvt. Ltd.,31,232.0,7192.0,2025-09-21 11:21:42.753870
2025-09-21,84422,2025092101005938,GBIME,Aryatara Investment & Securities,ABC Securities Private Limited,200,232.5,46500.0,2025-09-21 11:22:24.752531
2025-09-21,84010,2025092101006048,GBIME,Sani Securities Company Ltd.,ABC Securities Private Limited,500,232.5,116250.0,2025-09-21 11:22:51.979220
2025-09-21,83719,2025092101006123,GBIME,Kohinoor Investment & Securities Pvt. Ltd.,ABC Securities Private Limited,11,232.5,2557.5,2025-09-21 11:23:11.750396
2025-09-21,83672,2025092101006133,GBIME,Siprabi Securities Pvt. Ltd.,ABC Securities Private Limited,23,232.5,5347.5,2025-09-21 11:23:14.928988
2025-09-21,83671,2025092101006134,GBIME,Siprabi Securities Pvt. Ltd.,Nepal Stock House (PVT) Ltd.,200,232.7,46540.0,2025-09-21 11:23:14.929335
2025-09-21,83670,2025092101006135,GBIME,Siprabi Securities Pvt. Ltd.,Neev Securities Pvt. Ltd.,777,233.0,181041.0,2025-09-21 11:23:14.929563
2025-09-21,83416,2025092101006197,GBIME,Naasa Securities Co. Ltd.,Neev Securities Pvt. Ltd.,50,233.0,11650.0,2025-09-21 11:23:32.981121
2025-09-21,83317,2025092101006224,GBIME,Deevyaa Securities & Stock House Pvt. Ltd,Neev Securities Pvt. Ltd.,100,233.0,23300.0,2025-09-21 11:23:40.925212
2025-09-21,82992,2025092101006324,GBIME,Aryatara Investment & Securities,Neev Securities Pvt. Ltd.,1000,233.0,233000.0,2025-09-21 11:24:03.149224
2025-09-21,82816,2025092101006361,GBIME,Linch Stock Market Ltd.,Sani Securities Company Ltd.,100,232.1,23210.0,2025-09-21 11:24:17.797542
2025-09-21,82814,2025092101006363,GBIME,Malla & Malla Stock Broking Company Pvt. Limited,Neev Securities Pvt. Ltd.,100,233.0,23300.0,2025-09-21 11:24:17.946341
2025-09-21,82697,2025092101006387,GBIME,Aryatara Investment & Securities,Neev Securities Pvt. Ltd.,170,233.0,39610.0,2025-09-21 11:24:26.476100
2025-09-21,82696,2025092101006388,GBIME,Aryatara Investment & Securities,Vision Securities Pvt. Ltd,30,233.0,6990.0,2025-09-21 11:24:26.476343
2025-09-21,82650,2025092101006420,GBIME,Agrawal Securities (PVT) Ltd.,Vision Securities Pvt. Ltd,970,233.0,226010.0,2025-09-21 11:24:27.566214
2025-09-21,82565,2025092101006455,GBIME,Agrawal Securities (PVT) Ltd.,Midas Stock Broking Company Private Limited,30,233.0,6990.0,2025-09-21 11:24:33.626929
2025-09-21,82564,2025092101006456,GBIME,Sani Securities Company Ltd.,Midas Stock Broking Company Private Limited,50,232.1,11605.0,2025-09-21 11:24:33.627059
2025-09-21,82405,2025092101006495,GBIME,Online Securities Pvt. Ltd.,Imperial Securities Company Pvt. Ltd.,100,234.5,23450.0,2025-09-21 11:24:48.896466
2025-09-21,82267,2025092101006523,GBIME,Sewa Securities Pvt. Ltd.,Imperial Securities Company Pvt. Ltd.,50,234.5,11725.0,2025-09-21 11:25:03.422669
2025-09-21,82205,2025092101006541,GBIME,Naasa Securities Co. Ltd.,Imperial Securities Company Pvt. Ltd.,15,234.5,3517.5,2025-09-21 11:25:08.023493
2025-09-21,82154,2025092101006557,GBIME,Imperial Securities Company Pvt. Ltd.,Imperial Securities Company Pvt. Ltd.,200,234.5,46900.0,2025-09-21 11:25:14.041468
2025-09-21,81845,2025092101006617,GBIME,Opal Securities Investment (PVT) Ltd.,Capital Max Securities Ltd,50,234.0,11700.0,2025-09-21 11:25:41.928187
2025-09-21,81790,2025092101006633,GBIME,Kumari Securities Private Limited,Capital Max Securities Ltd,375,234.0,87750.0,2025-09-21 11:25:48.507599
2025-09-21,81789,2025092101006634,GBIME,Kumari Securities Private Limited,Online Securities Pvt. Ltd.,34,234.5,7973.0,2025-09-21 11:25:48.507894
2025-09-21,81763,2025092101006642,GBIME,Kumari Securities Private Limited,Sani Securities Company Ltd.,10,234.5,2345.0,2025-09-21 11:25:51.740472
2025-09-21,81515,2025092101006736,GBIME,Pragyan Securities (PVT) Ltd.,Nepal Stock House (PVT) Ltd.,400,234.9,93960.0,2025-09-21 11:26:16.369483
2025-09-21,81209,2025092101006810,GBIME,Sani Securities Company Ltd.,Secured Securities Ltd.,300,235.0,70500.0,2025-09-21 11:26:42.863608
2025-09-21,81205,2025092101006811,GBIME,Dipshikha Dhitopatra Karobar Co. Pvt Ltd.,Secured Securities Ltd.,30,235.0,7050.0,2025-09-21 11:26:43.281838
2025-09-21,81125,2025092101006828,GBIME,South Asian Bulls Pvt. Ltd.,Aryatara Investment & Securities,26,234.9,6107.4,2025-09-21 11:26:50.541233
2025-09-21,81099,2025092101006834,GBIME,Naasa Securities Co. Ltd.,Aryatara Investment & Securities,29,234.7,6806.3,2025-09-21 11:26:53.807489
2025-09-21,81098,2025092101006835,GBIME,Naasa Securities Co. Ltd.,Secured Securities Ltd.,396,235.0,93060.0,2025-09-21 11:26:53.807627
2025-09-21,80835,2025092101006908,GBIME,Imperial Securities Company Pvt. Ltd.,Secured Securities Ltd.,611,235.0,143585.0,2025-09-21 11:27:18.197697
2025-09-21,80834,2025092101006909,GBIME,Imperial Securities Company Pvt. Ltd.,Shree Krishna Securities Ltd.,100,235.0,23500.0,2025-09-21 11:27:18.197825
2025-09-21,80833,2025092101006910,GBIME,Imperial Securities Company Pvt. Ltd.,Trishakti Securities Public Limited,63,235.0,14805.0,2025-09-21 11:27:18.197880
2025-09-21,80832,2025092101006911,GBIME,Imperial Securities Company Pvt. Ltd.,Dynamic Money Managers Securities Pvt. Ltd.,1540,236.0,363440.0,2025-09-21 11:27:18.197940
2025-09-21,79716,2025092101007255,GBIME,Primo Securities (PVT) Ltd.,Dipshikha Dhitopatra Karobar Co. Pvt Ltd.,130,236.2,30706.0,2025-09-21 11:29:11.129955
2025-09-21,79635,2025092101007272,GBIME,Primo Securities (PVT) Ltd.,Imperial Securities Company Pvt. Ltd.,35,236.2,8267.0,2025-09-21 11:29:20.389637
2025-09-21,79281,2025092101007380,GBIME,Sani Securities Company Ltd.,Arun Securities (PVT) Ltd.,320,236.8,75776.0,2025-09-21 11:29:53.112113
2025-09-21,79280,2025092101007381,GBIME,Sani Securities Company Ltd.,Nepal Stock House (PVT) Ltd.,200,236.9,47380.0,2025-09-21 11:29:53.112291
2025-09-21,79211,2025092101007402,GBIME,Siprabi Securities Pvt. Ltd.,Midas Stock Broking Company Private Limited,50,236.8,11840.0,2025-09-21 11:30:00.600035
2025-09-21,78992,2025092101007463,GBIME,Online Securities Pvt. Ltd.,Imperial Securities Company Pvt. Ltd.,126,236.9,29849.4,2025-09-21 11:30:28.011668
2025-09-21,78991,2025092101007464,GBIME,Online Securities Pvt. Ltd.,Aryatara Investment & Securities,169,237.0,40053.0,2025-09-21 11:30:28.011851
2025-09-21,78986,2025092101007465,GBIME,Siprabi Securities Pvt. Ltd.,Sani Securities Company Ltd.,209,237.0,49533.0,2025-09-21 11:30:28.379935
2025-09-21,78985,2025092101007466,GBIME,Siprabi Securities Pvt. Ltd.,Secured Securities Ltd.,91,237.0,21567.0,2025-09-21 11:30:28.380082
2025-09-21,78509,2025092101007635,GBIME,Secured Securities Ltd.,Secured Securities Ltd.,1000,237.0,237000.0,2025-09-21 11:31:11.739618
2025-09-21,78466,2025092101007650,GBIME,Sani Securities Company Ltd.,Secured Securities Ltd.,20,237.0,4740.0,2025-09-21 11:31:16.384424
2025-09-21,78429,2025092101007665,GBIME,Pragyan Securities (PVT) Ltd.,Secured Securities Ltd.,200,237.0,47400.0,2025-09-21 11:31:21.227074
2025-09-21,78396,2025092101007678,GBIME,Primo Securities (PVT) Ltd.,Asian Securities Private Ltd.,40,236.2,9448.0,2025-09-21 11:31:24.003561
2025-09-21,78351,2025092101007689,GBIME,Primo Securities (PVT) Ltd.,Online Securities Pvt. Ltd.,295,236.2,69679.0,2025-09-21 11:31:30.457391
2025-09-21,78350,2025092101007690,GBIME,Nabil Stock Dealer Ltd.,Online Securities Pvt. Ltd.,90,236.2,21258.0,2025-09-21 11:31:30.457535
2025-09-21,78175,2025092101007786,GBIME,ABC Securities Private Limited,Kohinoor Investment & Securities Pvt. Ltd.,22,236.1,5194.2,2025-09-21 11:31:44.040138
2025-09-21,78096,2025092101007800,GBIME,Thrive Brokerage House Pvt. Ltd,Online Securities Pvt. Ltd.,160,236.2,37792.0,2025-09-21 11:31:50.842126
2025-09-21,77711,2025092101007884,GBIME,ABC Securities Private Limited,Secured Securities Ltd.,178,236.1,42025.8,2025-09-21 11:32:35.771837
2025-09-21,77710,2025092101007885,GBIME,Agrawal Securities (PVT) Ltd.,Secured Securities Ltd.,100,236.1,23610.0,2025-09-21 11:32:35.772158
2025-09-21,77709,2025092101007886,GBIME,Imperial Securities Company Pvt. Ltd.,Secured Securities Ltd.,186,236.0,43896.0,2025-09-21 11:32:35.772356
2025-09-21,77708,2025092101007887,GBIME,Sanima Securities Limited,Secured Securities Ltd.,10,236.0,2360.0,2025-09-21 11:32:35.772550
2025-09-21,77707,2025092101007888,GBIME,Vision Securities Pvt. Ltd,Secured Securities Ltd.,200,236.0,47200.0,2025-09-21 11:32:35.772732
2025-09-21,77706,2025092101007889,GBIME,Vision Securities Pvt. Ltd,Secured Securities Ltd.,200,236.0,47200.0,2025-09-21 11:32:35.772895
2025-09-21,77705,2025092101007890,GBIME,Naasa Securities Co. Ltd.,Secured Securities Ltd.,50,235.0,11750.0,2025-09-21 11:32:35.773092
2025-09-21,77704,2025092101007891,GBIME,Sani Securities Company Ltd.,Secured Securities Ltd.,476,235.0,111860.0,2025-09-21 11:32:35.773274
2025-09-21,77443,2025092101007941,GBIME,Opal Securities Investment (PVT) Ltd.,Opal Securities Investment (PVT) Ltd.,10,235.1,2351.0,2025-09-21 11:33:02.780984
2025-09-21,76446,2025092101008207,GBIME,Nepal Stock House (PVT) Ltd.,Kalika Securities Pvt. Ltd.,10,235.2,2352.0,2025-09-21 11:34:39.413012
2025-09-21,76433,2025092101008209,GBIME,KALASH STOCK MARKET PVT. LTD.,Dynamic Money Managers Securities Pvt. Ltd.,500,236.0,118000.0,2025-09-21 11:34:40.919997
2025-09-21,75988,2025092101008350,GBIME,Naasa Securities Co. Ltd.,Sani Securities Company Ltd.,300,236.1,70830.0,2025-09-21 11:35:27.760652
2025-09-21,75948,2025092101008363,GBIME,Dipshikha Dhitopatra Karobar Co. Pvt Ltd.,Neev Securities Pvt. Ltd.,50,236.0,11800.0,2025-09-21 11:35:32.662750
2025-09-21,75871,2025092101008391,GBIME,Kumari Securities Private Limited,Online Securities Pvt. Ltd.,140,236.2,33068.0,2025-09-21 11:35:42.302417
2025-09-21,75870,2025092101008392,GBIME,Kumari Securities Private Limited,ABC Securities Private Limited,111,236.2,26218.2,2025-09-21 11:35:42.302579
2025-09-21,75869,2025092101008393,GBIME,Kumari Securities Private Limited,Online Securities Pvt. Ltd.,1100,236.5,260150.0,2025-09-21 11:35:42.302673
2025-09-21,75868,2025092101008394,GBIME,Kumari Securities Private Limited,Aryatara Investment & Securities,20,236.9,4738.0,2025-09-21 11:35:42.302737
2025-09-21,75867,2025092101008395,GBIME,Kumari Securities Private Limited,Vision Securities Pvt. Ltd,180,236.9,42642.0,2025-09-21 11:35:42.302803
2025-09-21,75866,2025092101008396,GBIME,Kumari Securities Private Limited,Naasa Securities Co. Ltd.,1100,236.9,260590.0,2025-09-21 11:35:42.302869
2025-09-21,75865,2025092101008397,GBIME,Kumari Securities Private Limited,Dipshikha Dhitopatra Karobar Co. Pvt Ltd.,100,236.9,23690.0,2025-09-21 11:35:42.302934
2025-09-21,75864,2025092101008398,GBIME,Kumari Securities Private Limited,Secured Securities Ltd.,2249,237.0,533013.0,2025-09-21 11:35:42.302999
2025-09-21,75804,2025092101008419,GBIME,Opal Securities Investment (PVT) Ltd.,Secured Securities Ltd.,1000,236.5,236500.0,2025-09-21 11:35:49.078549
2025-09-21,75803,2025092101008420,GBIME,Opal Securities Investment (PVT) Ltd.,Secured Securities Ltd.,10,236.2,2362.0,2025-09-21 11:35:49.078704
2025-09-21,75802,2025092101008421,GBIME,Dipshikha Dhitopatra Karobar Co. Pvt Ltd.,Secured Securities Ltd.,450,236.0,106200.0,2025-09-21 11:35:49.078773
2025-09-21,75801,2025092101008422,GBIME,Aryatara Investment & Securities,Secured Securities Ltd.,980,236.0,231280.0,2025-09-21 11:35:49.078841
2025-09-21,75800,2025092101008423,GBIME,Trisul Securities & Invt. Ltd.,Secured Securities Ltd.,500,236.0,118000.0,2025-09-21 11:35:49.078904
2025-09-21,75799,2025092101008424,GBIME,Kumari Securities Private Limited,Secured Securities Ltd.,60,236.0,14160.0,2025-09-21 11:35:49.078968
2025-09-21,75798,2025092101008425,GBIME,Nepal Stock House (PVT) Ltd.,Secured Securities Ltd.,490,235.2,115248.0,2025-09-21 11:35:49.079040
2025-09-21,75797,2025092101008426,GBIME,Opal Securities Investment (PVT) Ltd.,Secured Securities Ltd.,510,235.1,119901.0,2025-09-21 11:35:49.079114
2025-09-21,75557,2025092101008503,GBIME,Opal Securities Investment (PVT) Ltd.,Secured Securities Ltd.,440,237.0,104280.0,2025-09-21 11:36:20.639405
2025-09-21,75556,2025092101008504,GBIME,Opal Securities Investment (PVT) Ltd.,Naasa Securities Co. Ltd.,40,237.0,9480.0,2025-09-21 11:36:20.639597
2025-09-21,75390,2025092101008550,GBIME,Global IME Securities Limited,Opal Securities Investment (PVT) Ltd.,12,236.0,2832.0,2025-09-21 11:36:38.874264
2025-09-21,75101,2025092101008639,GBIME,Sani Securities Company Ltd.,Opal Securities Investment (PVT) Ltd.,24,235.0,5640.0,2025-09-21 11:37:08.693751
2025-09-21,75100,2025092101008640,GBIME,Naasa Securities Co. Ltd.,Opal Securities Investment (PVT) Ltd.,64,235.0,15040.0,2025-09-21 11:37:08.693979
2025-09-21,75009,2025092101008672,GBIME,Online Securities Pvt. Ltd.,Dipshikha Dhitopatra Karobar Co. Pvt Ltd.,20,236.1,4722.0,2025-09-21 11:37:22.780130
2025-09-21,74847,2025092101008711,GBIME,Nepal Stock House (PVT) Ltd.,Naasa Securities Co. Ltd.,20,237.0,4740.0,2025-09-21 11:37:46.417382
2025-09-21,74846,2025092101008712,GBIME,Nepal Stock House (PVT) Ltd.,Pragyan Securities (PVT) Ltd.,400,237.0,94800.0,2025-09-21 11:37:46.417546
2025-09-21,74682,2025092101008752,GBIME,Opal Securities Investment (PVT) Ltd.,Market Securities & Exchange (PVT) Ltd.,50,236.3,11815.0,2025-09-21 11:38:13.796444
2025-09-21,74681,2025092101008753,GBIME,Aryatara Investment & Securities,Market Securities & Exchange (PVT) Ltd.,150,236.2,35430.0,2025-09-21 11:38:13.796673
2025-09-21,74680,2025092101008754,GBIME,Online Securities Pvt. Ltd.,Market Securities & Exchange (PVT) Ltd.,180,236.1,42498.0,2025-09-21 11:38:13.796746
2025-09-21,74679,2025092101008755,GBIME,Naasa Securities Co. Ltd.,Market Securities & Exchange (PVT) Ltd.,76,235.0,17860.0,2025-09-21 11:38:13.796813
2025-09-21,74678,2025092101008756,GBIME,Thrive Brokerage House Pvt. Ltd,Market Securities & Exchange (PVT) Ltd.,150,235.0,35250.0,2025-09-21 11:38:13.796890
2025-09-21,74677,2025092101008757,GBIME,Vision Securities Pvt. Ltd,Market Securities & Exchange (PVT) Ltd.,40,235.0,9400.0,2025-09-21 11:38:13.796993
2025-09-21,74532,2025092101008809,GBIME,Nepal Stock House (PVT) Ltd.,Market Securities & Exchange (PVT) Ltd.,140,235.0,32900.0,2025-09-21 11:38:32.153252
2025-09-21,73783,2025092101009019,GBIME,Opal Securities Investment (PVT) Ltd.,Siprabi Securities Pvt. Ltd.,1000,235.0,235000.0,2025-09-21 11:40:18.532938
2025-09-21,73362,2025092101009135,GBIME,Shree Krishna Securities Ltd.,Dipshikha Dhitopatra Karobar Co. Pvt Ltd.,50,236.0,11800.0,2025-09-21 11:41:19.081491
2025-09-21,73360,2025092101009137,GBIME,Oxford Securities Pvt. Ltd.,Bhrikuti Stock Broking Co. Pvt. Ltd.,100,235.0,23500.0,2025-09-21 11:41:20.008130
2025-09-21,73204,2025092101009181,GBIME,Oxford Securities Pvt. Ltd.,Thrive Brokerage House Pvt. Ltd,120,235.0,28200.0,2025-09-21 11:41:38.931998
2025-09-21,73153,2025092101009195,GBIME,Oxford Securities Pvt. Ltd.,Kalika Securities Pvt. Ltd.,80,235.0,18800.0,2025-09-21 11:41:44.236047
2025-09-21,73081,2025092101009218,GBIME,Oxford Securities Pvt. Ltd.,Kumari Securities Private Limited,900,235.0,211500.0,2025-09-21 11:41:50.398293
2025-09-21,72916,2025092101009266,GBIME,Sani Securities Company Ltd.,Dipshikha Dhitopatra Karobar Co. Pvt Ltd.,50,235.5,11775.0,2025-09-21 11:42:08.771162
2025-09-21,72678,2025092101009318,GBIME,Sani Securities Company Ltd.,Dynamic Money Managers Securities Pvt. Ltd.,23,235.6,5418.8,2025-09-21 11:42:36.423354
2025-09-21,72677,2025092101009319,GBIME,Sani Securities Company Ltd.,Dynamic Money Managers Securities Pvt. Ltd.,450,235.5,105975.0,2025-09-21 11:42:36.423691
2025-09-21,72437,2025092101009384,GBIME,Oxford Securities Pvt. Ltd.,Secured Securities Ltd.,5800,235.0,1363000.0,2025-09-21 11:43:06.761066
2025-09-21,72436,2025092101009385,GBIME,Sani Securities Company Ltd.,Secured Securities Ltd.,50,235.0,11750.0,2025-09-21 11:43:06.761413
2025-09-21,72435,2025092101009386,GBIME,Sani Securities Company Ltd.,Secured Securities Ltd.,10,235.0,2350.0,2025-09-21 11:43:06.761618
2025-09-21,72416,2025092101009394,GBIME,Naasa Securities Co. Ltd.,Secured Securities Ltd.,10,235.0,2350.0,2025-09-21 11:43:09.314765
2025-09-21,72322,2025092101009416,GBIME,Sri Hari Securities Pvt. Ltd.,Secured Securities Ltd.,80,235.0,18800.0,2025-09-21 11:43:18.371830
2025-09-21,72134,2025092101009493,GBIME,Premier Securities Company Ltd.,Dipshikha Dhitopatra Karobar Co. Pvt Ltd.,394,234.7,92471.8,2025-09-21 11:43:39.447782
2025-09-21,72077,2025092101009508,GBIME,Kalika Securities Pvt. Ltd.,Secured Securities Ltd.,30,235.0,7050.0,2025-09-21 11:43:46.369225
2025-09-21,72047,2025092101009517,GBIME,Premier Securities Company Ltd.,Secured Securities Ltd.,20,235.0,4700.0,2025-09-21 11:43:52.349087
2025-09-21,71799,2025092101009574,GBIME,Sani Securities Company Ltd.,Dynamic Money Managers Securities Pvt. Ltd.,27,235.5,6358.5,2025-09-21 11:44:24.583238
2025-09-21,71763,2025092101009587,GBIME,Premier Securities Company Ltd.,Siprabi Securities Pvt. Ltd.,80,235.0,18800.0,2025-09-21 11:44:31.826557
2025-09-21,71762,2025092101009588,GBIME,Opal Securities Investment (PVT) Ltd.,Siprabi Securities Pvt. Ltd.,44,235.0,10340.0,2025-09-21 11:44:31.826921
2025-09-21,71720,2025092101009601,GBIME,Opal Securities Investment (PVT) Ltd.,Sani Securities Company Ltd.,500,235.0,117500.0,2025-09-21 11:44:36.552344
2025-09-21,71719,2025092101009602,GBIME,Opal Securities Investment (PVT) Ltd.,Trisul Securities & Invt. Ltd.,956,235.0,224660.0,2025-09-21 11:44:36.846267
2025-09-21,71589,2025092101009639,GBIME,Sumeru Securities Pvt. Ltd.,Trisul Securities & Invt. Ltd.,200,235.0,47000.0,2025-09-21 11:44:54.775305
2025-09-21,71425,2025092101009693,GBIME,Premier Securities Company Ltd.,ABC Securities Private Limited,10,234.7,2347.0,2025-09-21 11:45:09.358103
2025-09-21,71318,2025092101009725,GBIME,Sani Securities Company Ltd.,Trisul Securities & Invt. Ltd.,100,235.0,23500.0,2025-09-21 11:45:22.660232
2025-09-21,71129,2025092101009766,GBIME,Premier Securities Company Ltd.,ABC Securities Private Limited,10,234.7,2347.0,2025-09-21 11:45:50.941125
2025-09-21,71012,2025092101009789,GBIME,Premier Securities Company Ltd.,Cristal Kanchanjanga Securites Pvt. Ltd.,32,234.7,7510.4,2025-09-21 11:46:05.603043
2025-09-21,70741,2025092101009890,GBIME,Investment Management Nepal Pvt. Ltd.,Trisul Securities & Invt. Ltd.,152,235.0,35720.0,2025-09-21 11:46:43.756344
2025-09-21,70740,2025092101009891,GBIME,Investment Management Nepal Pvt. Ltd.,Cristal Kanchanjanga Securites Pvt. Ltd.,50,235.0,11750.0,2025-09-21 11:46:43.756677
2025-09-21,70739,2025092101009892,GBIME,Investment Management Nepal Pvt. Ltd.,Naasa Securities Co. Ltd.,18,235.0,4230.0,2025-09-21 11:46:43.756982
2025-09-21,70580,2025092101009931,GBIME,Thrive Brokerage House Pvt. Ltd,Naasa Securities Co. Ltd.,10,235.0,2350.0,2025-09-21 11:47:08.450911
2025-09-21,70202,2025092101010024,GBIME,Naasa Securities Co. Ltd.,Naasa Securities Co. Ltd.,100,235.0,23500.0,2025-09-21 11:48:05.109791
2025-09-21,70026,2025092101010055,GBIME,Premier Securities Company Ltd.,Neev Securities Pvt. Ltd.,54,234.7,12673.8,2025-09-21 11:48:23.489060
2025-09-21,70025,2025092101010056,GBIME,Property Wiard Limited,Neev Securities Pvt. Ltd.,50,234.6,11730.0,2025-09-21 11:48:23.489098
2025-09-21,70024,2025092101010057,GBIME,Kumari Securities Private Limited,Neev Securities Pvt. Ltd.,32,234.5,7504.0,2025-09-21 11:48:23.489124
2025-09-21,70019,2025092101010059,GBIME,Kumari Securities Private Limited,Property Wiard Limited,49,234.5,11490.5,2025-09-21 11:48:24.637655
2025-09-21,70018,2025092101010060,GBIME,Imperial Securities Company Pvt. Ltd.,Property Wiard Limited,351,234.0,82134.0,2025-09-21 11:48:24.637864
2025-09-21,69805,2025092101010111,GBIME,Imperial Securities Company Pvt. Ltd.,Naasa Securities Co. Ltd.,20,234.0,4680.0,2025-09-21 11:48:52.322244
2025-09-21,69729,2025092101010128,GBIME,Imperial Securities Company Pvt. Ltd.,Dakshinkali Investment & Securities Pvt. Ltd.,88,234.0,20592.0,2025-09-21 11:49:02.366823
2025-09-21,69462,2025092101010180,GBIME,Imperial Securities Company Pvt. Ltd.,Sweta Securities Private Limited,10,234.0,2340.0,2025-09-21 11:49:38.668341
2025-09-21,68913,2025092101010317,GBIME,Siprabi Securities Pvt. Ltd.,Naasa Securities Co. Ltd.,147,235.0,34545.0,2025-09-21 11:50:37.031973
2025-09-21,68912,2025092101010318,GBIME,Siprabi Securities Pvt. Ltd.,Linch Stock Market Ltd.,120,235.0,28200.0,2025-09-21 11:50:37.032176
2025-09-21,68911,2025092101010319,GBIME,Siprabi Securities Pvt. Ltd.,South Asian Bulls Pvt. Ltd.,80,235.0,18800.0,2025-09-21 11:50:37.032260
2025-09-21,68910,2025092101010320,GBIME,Siprabi Securities Pvt. Ltd.,Sweta Securities Private Limited,10,235.0,2350.0,2025-09-21 11:50:37.032335
2025-09-21,68871,2025092101010330,GBIME,Imperial Securities Company Pvt. Ltd.,Sumeru Securities Pvt. Ltd.,31,234.0,7254.0,2025-09-21 11:50:44.454157
2025-09-21,68870,2025092101010331,GBIME,Sani Securities Company Ltd.,Sumeru Securities Pvt. Ltd.,50,234.0,11700.0,2025-09-21 11:50:44.454494
2025-09-21,68869,2025092101010332,GBIME,Sani Securities Company Ltd.,Sumeru Securities Pvt. Ltd.,100,234.0,23400.0,2025-09-21 11:50:44.454756
2025-09-21,68868,2025092101010333,GBIME,Kumari Securities Private Limited,Sumeru Securities Pvt. Ltd.,50,234.0,11700.0,2025-09-21 11:50:44.455059
2025-09-21,68867,2025092101010334,GBIME,Kohinoor Investment & Securities Pvt. Ltd.,Sumeru Securities Pvt. Ltd.,269,234.0,62946.0,2025-09-21 11:50:44.455283
2025-09-21,68704,2025092101010381,GBIME,Sanima Securities Limited,Sweta Securities Private Limited,10,235.0,2350.0,2025-09-21 11:51:04.320263
2025-09-21,68620,2025092101010404,GBIME,Kohinoor Investment & Securities Pvt. Ltd.,Naasa Securities Co. Ltd.,80,234.0,18720.0,2025-09-21 11:51:14.394980
2025-09-21,68549,2025092101010420,GBIME,Cristal Kanchanjanga Securites Pvt. Ltd.,Sweta Securities Private Limited,80,235.0,18800.0,2025-09-21 11:51:24.512084
2025-09-21,68510,2025092101010428,GBIME,Cristal Kanchanjanga Securites Pvt. Ltd.,Agrawal Securities (PVT) Ltd.,420,235.0,98700.0,2025-09-21 11:51:32.845650
2025-09-21,67050,2025092101010798,GBIME,Secured Securities Ltd.,Agrawal Securities (PVT) Ltd.,10,235.0,2350.0,2025-09-21 11:55:12.419053
2025-09-21,66937,2025092101010831,GBIME,Naasa Securities Co. Ltd.,Agrawal Securities (PVT) Ltd.,50,235.0,11750.0,2025-09-21 11:55:28.084012
2025-09-21,66882,2025092101010843,GBIME,Nepal Stock House (PVT) Ltd.,Agrawal Securities (PVT) Ltd.,220,235.0,51700.0,2025-09-21 11:55:37.561386
2025-09-21,66881,2025092101010844,GBIME,Nepal Stock House (PVT) Ltd.,Sani Securities Company Ltd.,50,235.0,11750.0,2025-09-21 11:55:37.561757
2025-09-21,66880,2025092101010845,GBIME,Nepal Stock House (PVT) Ltd.,Naasa Securities Co. Ltd.,50,235.0,11750.0,2025-09-21 11:55:37.561987
2025-09-21,66879,2025092101010846,GBIME,Nepal Stock House (PVT) Ltd.,Aryatara Investment & Securities,527,235.0,123845.0,2025-09-21 11:55:37.562234
2025-09-21,66878,2025092101010847,GBIME,Nepal Stock House (PVT) Ltd.,Aryatara Investment & Securities,653,235.0,153455.0,2025-09-21 11:55:37.562458
2025-09-21,66553,2025092101010958,GBIME,Opal Securities Investment (PVT) Ltd.,Linch Stock Market Ltd.,300,234.5,70350.0,2025-09-21 11:56:25.173201
2025-09-21,66209,2025092101011045,GBIME,Opal Securities Investment (PVT) Ltd.,Swarna Laxmi Securities Pvt. Ltd.,12,234.5,2814.0,2025-09-21 11:57:16.717655
2025-09-21,66066,2025092101011087,GBIME,Thrive Brokerage House Pvt. Ltd,Aryatara Investment & Securities,100,235.0,23500.0,2025-09-21 11:57:43.068146
2025-09-21,65917,2025092101011113,GBIME,Opal Securities Investment (PVT) Ltd.,Imperial Securities Company Pvt. Ltd.,75,234.5,17587.5,2025-09-21 11:58:06.413020
2025-09-21,65116,2025092101011315,GBIME,Secured Securities Ltd.,ABC Securities Private Limited,235,234.9,55201.5,2025-09-21 12:00:33.409938
2025-09-21,64884,2025092101011364,GBIME,Himalayan Securities Limited,ABC Securities Private Limited,15,234.9,3523.5,2025-09-21 12:01:14.074981
2025-09-21,64851,2025092101011370,GBIME,Trishakti Securities Public Limited,Aryatara Investment & Securities,247,235.0,58045.0,2025-09-21 12:01:18.717658
2025-09-21,64850,2025092101011371,GBIME,Trishakti Securities Public Limited,Linch Stock Market Ltd.,27,235.0,6345.0,2025-09-21 12:01:18.718041
2025-09-21,64752,2025092101011408,GBIME,Sani Securities Company Ltd.,Sweta Securities Private Limited,96,235.5,22608.0,2025-09-21 12:01:37.853133
2025-09-21,64678,2025092101011423,GBIME,Trishakti Securities Public Limited,Opal Securities Investment (PVT) Ltd.,300,235.0,70500.0,2025-09-21 12:01:45.585871
2025-09-21,64564,2025092101011447,GBIME,Trishakti Securities Public Limited,Kumari Securities Private Limited,109,235.0,25615.0,2025-09-21 12:02:05.464743
2025-09-21,64547,2025092101011453,GBIME,Imperial Securities Company Pvt. Ltd.,Vision Securities Pvt. Ltd,50,235.7,11785.0,2025-09-21 12:02:08.683264
2025-09-21,64546,2025092101011454,GBIME,Imperial Securities Company Pvt. Ltd.,Kumari Securities Private Limited,60,236.0,14160.0,2025-09-21 12:02:08.683644
2025-09-21,64545,2025092101011455,GBIME,Imperial Securities Company Pvt. Ltd.,Investment Management Nepal Pvt. Ltd.,40,236.0,9440.0,2025-09-21 12:02:08.683880
2025-09-21,64480,2025092101011473,GBIME,Trishakti Securities Public Limited,Aryatara Investment & Securities,50,235.0,11750.0,2025-09-21 12:02:19.346474
2025-09-21,64479,2025092101011474,GBIME,Trisul Securities & Invt. Ltd.,Investment Management Nepal Pvt. Ltd.,10,236.0,2360.0,2025-09-21 12:02:19.397011
2025-09-21,64478,2025092101011475,GBIME,Trisul Securities & Invt. Ltd.,Nepal Stock House (PVT) Ltd.,10,236.0,2360.0,2025-09-21 12:02:19.397097
2025-09-21,64206,2025092101011539,GBIME,Trishakti Securities Public Limited,Vision Securities Pvt. Ltd,48,235.0,11280.0,2025-09-21 12:03:04.293397
2025-09-21,64199,2025092101011540,GBIME,Secured Securities Ltd.,Nepal Stock House (PVT) Ltd.,120,236.0,28320.0,2025-09-21 12:03:05.726537
2025-09-21,64198,2025092101011541,GBIME,Secured Securities Ltd.,Vision Securities Pvt. Ltd,50,236.0,11800.0,2025-09-21 12:03:05.726916
2025-09-21,64008,2025092101011592,GBIME,Secured Securities Ltd.,SHUBHAKAMANA SECURITIES PVT. LTD,595,236.0,140420.0,2025-09-21 12:03:37.474724
2025-09-21,63897,2025092101011613,GBIME,Siprabi Securities Pvt. Ltd.,SHUBHAKAMANA SECURITIES PVT. LTD,200,235.1,47020.0,2025-09-21 12:03:56.120759
2025-09-21,63896,2025092101011614,GBIME,Trishakti Securities Public Limited,SHUBHAKAMANA SECURITIES PVT. LTD,219,235.0,51465.0,2025-09-21 12:03:56.121174
2025-09-21,63895,2025092101011615,GBIME,J.F. Securites (PVT) Ltd.,SHUBHAKAMANA SECURITIES PVT. LTD,100,235.0,23500.0,2025-09-21 12:03:56.121423
2025-09-21,63894,2025092101011616,GBIME,Trisul Securities & Invt. Ltd.,SHUBHAKAMANA SECURITIES PVT. LTD,50,235.0,11750.0,2025-09-21 12:03:56.121684
2025-09-21,63893,2025092101011617,GBIME,Opal Securities Investment (PVT) Ltd.,SHUBHAKAMANA SECURITIES PVT. LTD,500,235.0,117500.0,2025-09-21 12:03:56.121926
2025-09-21,63892,2025092101011618,GBIME,Sani Securities Company Ltd.,SHUBHAKAMANA SECURITIES PVT. LTD,30,235.0,7050.0,2025-09-21 12:03:56.122178
2025-09-21,63891,2025092101011619,GBIME,Sewa Securities Pvt. Ltd.,SHUBHAKAMANA SECURITIES PVT. LTD,99,235.0,23265.0,2025-09-21 12:03:56.122412
2025-09-21,63890,2025092101011620,GBIME,Premier Securities Company Ltd.,SHUBHAKAMANA SECURITIES PVT. LTD,802,235.0,188470.0,2025-09-21 12:03:56.122650
2025-09-21,63872,2025092101011624,GBIME,J.F. Securites (PVT) Ltd.,SHUBHAKAMANA SECURITIES PVT. LTD,18,236.0,4248.0,2025-09-21 12:04:01.791248
2025-09-21,63765,2025092101011647,GBIME,Bhrikuti Stock Broking Co. Pvt. Ltd.,SHUBHAKAMANA SECURITIES PVT. LTD,100,236.0,23600.0,2025-09-21 12:04:20.331492
2025-09-21,63381,2025092101011759,GBIME,Capital Max Securities Ltd,SHUBHAKAMANA SECURITIES PVT. LTD,100,236.0,23600.0,2025-09-21 12:05:28.373704
2025-09-21,63312,2025092101011783,GBIME,Primo Securities (PVT) Ltd.,J.F. Securites (PVT) Ltd.,10,235.1,2351.0,2025-09-21 12:05:41.752827
2025-09-21,63212,2025092101011846,GBIME,Sani Securities Company Ltd.,Oxford Securities Pvt. Ltd.,84,235.9,19815.6,2025-09-21 12:05:53.148872
2025-09-21,62860,2025092101011932,GBIME,Kumari Securities Private Limited,Sani Securities Company Ltd.,75,235.5,17662.5,2025-09-21 12:06:54.438210
2025-09-21,61633,2025092101012267,GBIME,Dipshikha Dhitopatra Karobar Co. Pvt Ltd.,Oxford Securities Pvt. Ltd.,500,235.9,117950.0,2025-09-21 12:09:49.241716
2025-09-21,61506,2025092101012285,GBIME,Online Securities Pvt. Ltd.,Deevyaa Securities & Stock House Pvt. Ltd,100,235.5,23550.0,2025-09-21 12:10:05.857817
2025-09-21,61505,2025092101012286,GBIME,Citizens Share Broker Limited,Deevyaa Securities & Stock House Pvt. Ltd,10,235.5,2355.0,2025-09-21 12:10:05.858049
2025-09-21,61504,2025092101012287,GBIME,Sani Securities Company Ltd.,Deevyaa Securities & Stock House Pvt. Ltd,100,235.3,23530.0,2025-09-21 12:10:05.858136
2025-09-21,61503,2025092101012288,GBIME,Kohinoor Investment & Securities Pvt. Ltd.,Deevyaa Securities & Stock House Pvt. Ltd,24,235.2,5644.8,2025-09-21 12:10:05.858222
2025-09-21,61454,2025092101012300,GBIME,Kumari Securities Private Limited,Oxford Securities Pvt. Ltd.,100,235.9,23590.0,2025-09-21 12:10:09.341222
2025-09-21,61446,2025092101012302,GBIME,Sani Securities Company Ltd.,Oxford Securities Pvt. Ltd.,410,235.9,96719.0,2025-09-21 12:10:11.052858
2025-09-21,61225,2025092101012362,GBIME,Trishakti Securities Public Limited,Naasa Securities Co. Ltd.,50,235.7,11785.0,2025-09-21 12:10:40.148631
2025-09-21,61224,2025092101012363,GBIME,Aryatara Investment & Securities,Naasa Securities Co. Ltd.,250,235.3,58825.0,2025-09-21 12:10:40.148691
2025-09-21,61223,2025092101012364,GBIME,Kohinoor Investment & Securities Pvt. Ltd.,Naasa Securities Co. Ltd.,476,235.2,111955.2,2025-09-21 12:10:40.148720
2025-09-21,61222,2025092101012365,GBIME,Primo Securities (PVT) Ltd.,Naasa Securities Co. Ltd.,224,235.2,52684.8,2025-09-21 12:10:40.148749
2025-09-21,60541,2025092101012514,GBIME,Vision Securities Pvt. Ltd,Kohinoor Investment & Securities Pvt. Ltd.,20,235.3,4706.0,2025-09-21 12:12:21.108011
2025-09-21,60469,2025092101012523,GBIME,Naasa Securities Co. Ltd.,Oxford Securities Pvt. Ltd.,40,235.9,9436.0,2025-09-21 12:12:33.422522
2025-09-21,59340,2025092101012771,GBIME,Agrawal Securities (PVT) Ltd.,Oxford Securities Pvt. Ltd.,20,235.9,4718.0,2025-09-21 12:15:15.177372
2025-09-21,58816,2025092101012909,GBIME,Siprabi Securities Pvt. Ltd.,Oxford Securities Pvt. Ltd.,63,235.9,14861.7,2025-09-21 12:16:19.336435
2025-09-21,58815,2025092101012910,GBIME,Siprabi Securities Pvt. Ltd.,Asian Securities Private Ltd.,50,235.9,11795.0,2025-09-21 12:16:19.336882
2025-09-21,58814,2025092101012911,GBIME,Siprabi Securities Pvt. Ltd.,SHUBHAKAMANA SECURITIES PVT. LTD,887,236.0,209332.0,2025-09-21 12:16:19.337318
2025-09-21,58634,2025092101012955,GBIME,Siprabi Securities Pvt. Ltd.,SHUBHAKAMANA SECURITIES PVT. LTD,300,236.0,70800.0,2025-09-21 12:16:42.050588
2025-09-21,58633,2025092101012956,GBIME,Siprabi Securities Pvt. Ltd.,Primo Securities (PVT) Ltd.,205,236.0,48380.0,2025-09-21 12:16:42.050792
2025-09-21,58632,2025092101012957,GBIME,Siprabi Securities Pvt. Ltd.,Premier Securities Company Ltd.,67,236.0,15812.0,2025-09-21 12:16:42.050925
2025-09-21,58631,2025092101012958,GBIME,Siprabi Securities Pvt. Ltd.,Nepal Stock House (PVT) Ltd.,10,237.0,2370.0,2025-09-21 12:16:42.051014
2025-09-21,58036,2025092101013111,GBIME,Sewa Securities Pvt. Ltd.,Nepal Stock House (PVT) Ltd.,90,237.0,21330.0,2025-09-21 12:18:08.290836
2025-09-21,58035,2025092101013112,GBIME,Sewa Securities Pvt. Ltd.,KALASH STOCK MARKET PVT. LTD.,10,237.0,2370.0,2025-09-21 12:18:08.291276
2025-09-21,57950,2025092101013143,GBIME,Naasa Securities Co. Ltd.,Siprabi Securities Pvt. Ltd.,10,236.0,2360.0,2025-09-21 12:18:17.822265
2025-09-21,57890,2025092101013160,GBIME,Linch Stock Market Ltd.,Naasa Securities Co. Ltd.,200,236.0,47200.0,2025-09-21 12:18:26.744943
2025-09-21,57889,2025092101013161,GBIME,Aryatara Investment & Securities,Naasa Securities Co. Ltd.,45,236.0,10620.0,2025-09-21 12:18:26.745186
2025-09-21,57815,2025092101013187,GBIME,Sani Securities Company Ltd.,Naasa Securities Co. Ltd.,220,236.0,51920.0,2025-09-21 12:18:36.781892
2025-09-21,57712,2025092101013209,GBIME,Sani Securities Company Ltd.,Naasa Securities Co. Ltd.,992,236.0,234112.0,2025-09-21 12:18:50.903387
2025-09-21,57464,2025092101013294,GBIME,Kumari Securities Private Limited,KALASH STOCK MARKET PVT. LTD.,200,237.0,47400.0,2025-09-21 12:19:26.523261
2025-09-21,57384,2025092101013337,GBIME,Nepal Investment And Securities Trading Private Limited,KALASH STOCK MARKET PVT. LTD.,50,237.0,11850.0,2025-09-21 12:19:34.442072
2025-09-21,57225,2025092101013375,GBIME,Vision Securities Pvt. Ltd,Sri Hari Securities Pvt. Ltd.,470,236.0,110920.0,2025-09-21 12:19:53.824644
2025-09-21,56927,2025092101013469,GBIME,Siprabi Securities Pvt. Ltd.,KALASH STOCK MARKET PVT. LTD.,50,237.0,11850.0,2025-09-21 12:20:34.699171
2025-09-21,56926,2025092101013470,GBIME,Siprabi Securities Pvt. Ltd.,Arun Securities (PVT) Ltd.,50,237.0,11850.0,2025-09-21 12:20:34.699450
2025-09-21,56925,2025092101013471,GBIME,Siprabi Securities Pvt. Ltd.,Sundhara Securities Limited,100,237.0,23700.0,2025-09-21 12:20:34.699541
2025-09-21,56924,2025092101013472,GBIME,Siprabi Securities Pvt. Ltd.,Aryatara Investment & Securities,20,237.7,4754.0,2025-09-21 12:20:34.699636
2025-09-21,56923,2025092101013473,GBIME,Siprabi Securities Pvt. Ltd.,Bhrikuti Stock Broking Co. Pvt. Ltd.,10,237.8,2378.0,2025-09-21 12:20:34.699725
2025-09-21,56737,2025092101013499,GBIME,Dipshikha Dhitopatra Karobar Co. Pvt Ltd.,Asian Securities Private Ltd.,1,235.0,235.0,2025-09-21 12:21:04.437709
2025-09-21,56710,2025092101013501,GBIME,Dakshinkali Investment & Securities Pvt. Ltd.,Bhrikuti Stock Broking Co. Pvt. Ltd.,60,237.8,14268.0,2025-09-21 12:21:08.005112
2025-09-21,56429,2025092101013614,GBIME,Primo Securities (PVT) Ltd.,Secured Securities Ltd.,25,236.1,5902.5,2025-09-21 12:21:35.744047
2025-09-21,56428,2025092101013615,GBIME,Vision Securities Pvt. Ltd,Secured Securities Ltd.,510,236.0,120360.0,2025-09-21 12:21:35.744287
2025-09-21,56427,2025092101013616,GBIME,Capital Max Securities Ltd,Secured Securities Ltd.,280,236.0,66080.0,2025-09-21 12:21:35.744381
2025-09-21,56293,2025092101013650,GBIME,Market Securities & Exchange (PVT) Ltd.,SHUBHAKAMANA SECURITIES PVT. LTD,250,235.5,58875.0,2025-09-21 12:21:51.674438
2025-09-21,56292,2025092101013651,GBIME,Malla & Malla Stock Broking Company Pvt. Limited,SHUBHAKAMANA SECURITIES PVT. LTD,200,235.5,47100.0,2025-09-21 12:21:51.674653
2025-09-21,56291,2025092101013652,GBIME,Naasa Securities Co. Ltd.,SHUBHAKAMANA SECURITIES PVT. LTD,10,235.5,2355.0,2025-09-21 12:21:51.674743
2025-09-21,56290,2025092101013653,GBIME,Sewa Securities Pvt. Ltd.,SHUBHAKAMANA SECURITIES PVT. LTD,241,235.5,56755.5,2025-09-21 12:21:51.674830
2025-09-21,56289,2025092101013654,GBIME,Sani Securities Company Ltd.,SHUBHAKAMANA SECURITIES PVT. LTD,170,235.4,40018.0,2025-09-21 12:21:51.674919
2025-09-21,56288,2025092101013655,GBIME,Dipshikha Dhitopatra Karobar Co. Pvt Ltd.,SHUBHAKAMANA SECURITIES PVT. LTD,30,235.4,7062.0,2025-09-21 12:21:51.675009
2025-09-21,56287,2025092101013656,GBIME,Siprabi Securities Pvt. Ltd.,SHUBHAKAMANA SECURITIES PVT. LTD,599,235.3,140944.7,2025-09-21 12:21:51.675107
2025-09-21,56284,2025092101013657,GBIME,Agrawal Securities (PVT) Ltd.,Secured Securities Ltd.,5000,236.0,1180000.0,2025-09-21 12:21:51.846438
2025-09-21,55705,2025092101013780,GBIME,Oxford Securities Pvt. Ltd.,Secured Securities Ltd.,185,236.0,43660.0,2025-09-21 12:23:03.155858
2025-09-21,55620,2025092101013795,GBIME,Online Securities Pvt. Ltd.,Bhrikuti Stock Broking Co. Pvt. Ltd.,4464,237.8,1061539.2,2025-09-21 12:23:12.898804
2025-09-21,55619,2025092101013796,GBIME,Online Securities Pvt. Ltd.,J.F. Securites (PVT) Ltd.,536,237.9,127514.4,2025-09-21 12:23:12.899019
2025-09-21,55526,2025092101013835,GBIME,Naasa Securities Co. Ltd.,J.F. Securites (PVT) Ltd.,200,237.9,47580.0,2025-09-21 12:23:28.757996
2025-09-21,54992,2025092101013964,GBIME,Capital Max Securities Ltd,J.F. Securites (PVT) Ltd.,100,237.9,23790.0,2025-09-21 12:24:35.941676
2025-09-21,54723,2025092101014012,GBIME,Aryatara Investment & Securities,J.F. Securites (PVT) Ltd.,184,237.9,43773.6,2025-09-21 12:25:06.255682
2025-09-21,54722,2025092101014013,GBIME,Aryatara Investment & Securities,ABC Securities Private Limited,775,238.0,184450.0,2025-09-21 12:25:06.256131
2025-09-21,54721,2025092101014014,GBIME,Aryatara Investment & Securities,Nepal Stock House (PVT) Ltd.,41,238.0,9758.0,2025-09-21 12:25:06.256417
2025-09-21,54715,2025092101014016,GBIME,ABC Securities Private Limited,Nepal Stock House (PVT) Ltd.,4959,238.0,1180242.0,2025-09-21 12:25:06.903183
2025-09-21,54714,2025092101014017,GBIME,ABC Securities Private Limited,Imperial Securities Company Pvt. Ltd.,10,238.0,2380.0,2025-09-21 12:25:06.903426
2025-09-21,54713,2025092101014018,GBIME,ABC Securities Private Limited,Sweta Securities Private Limited,400,238.0,95200.0,2025-09-21 12:25:06.903540
2025-09-21,54174,2025092101014145,GBIME,Bhrikuti Stock Broking Co. Pvt. Ltd.,Naasa Securities Co. Ltd.,20,238.1,4762.0,2025-09-21 12:26:21.404651
2025-09-21,54173,2025092101014146,GBIME,ABC Securities Private Limited,Naasa Securities Co. Ltd.,205,238.0,48790.0,2025-09-21 12:26:21.404892
2025-09-21,53755,2025092101014254,GBIME,Naasa Securities Co. Ltd.,Ashutosh Brokerage & Securities (PVT) Ltd.,10,238.6,2386.0,2025-09-21 12:27:16.480776
2025-09-21,53369,2025092101014345,GBIME,ABC Securities Private Limited,Nepal Stock House (PVT) Ltd.,3000,238.0,714000.0,2025-09-21 12:28:09.868210
2025-09-21,52809,2025092101014445,GBIME,Trishakti Securities Public Limited,Ashutosh Brokerage & Securities (PVT) Ltd.,140,238.6,33404.0,2025-09-21 12:29:22.988468
2025-09-21,52519,2025092101014513,GBIME,Naasa Securities Co. Ltd.,Dakshinkali Investment & Securities Pvt. Ltd.,18,239.0,4302.0,2025-09-21 12:29:58.374284
2025-09-21,52142,2025092101014581,GBIME,Naasa Securities Co. Ltd.,Dakshinkali Investment & Securities Pvt. Ltd.,15,239.0,3585.0,2025-09-21 12:30:44.709385
2025-09-21,52042,2025092101014603,GBIME,Aryatara Investment & Securities,Dakshinkali Investment & Securities Pvt. Ltd.,50,239.0,11950.0,2025-09-21 12:30:58.543592
2025-09-21,51925,2025092101014624,GBIME,Sani Securities Company Ltd.,Dakshinkali Investment & Securities Pvt. Ltd.,10,239.0,2390.0,2025-09-21 12:31:15.584086
2025-09-21,51903,2025092101014628,GBIME,Naasa Securities Co. Ltd.,Dakshinkali Investment & Securities Pvt. Ltd.,10,239.0,2390.0,2025-09-21 12:31:17.941007
2025-09-21,51843,2025092101014635,GBIME,Naasa Securities Co. Ltd.,Dakshinkali Investment & Securities Pvt. Ltd.,50,239.0,11950.0,2025-09-21 12:31:23.840999
2025-09-21,51618,2025092101014673,GBIME,Trishakti Securities Public Limited,Online Securities Pvt. Ltd.,10,238.6,2386.0,2025-09-21 12:31:54.431234
2025-09-21,51617,2025092101014674,GBIME,Dynamic Money Managers Securities Pvt. Ltd.,Online Securities Pvt. Ltd.,10,238.2,2382.0,2025-09-21 12:31:54.431308
2025-09-21,51616,2025092101014675,GBIME,ABC Securities Private Limited,Online Securities Pvt. Ltd.,151,238.0,35938.0,2025-09-21 12:31:54.431332
2025-09-21,51615,2025092101014676,GBIME,Kumari Securities Private Limited,Online Securities Pvt. Ltd.,52,238.0,12376.0,2025-09-21 12:31:54.431358
2025-09-21,51596,2025092101014687,GBIME,Trishakti Securities Public Limited,Dakshinkali Investment & Securities Pvt. Ltd.,62,239.0,14818.0,2025-09-21 12:31:55.873458
2025-09-21,51583,2025092101014689,GBIME,Siprabi Securities Pvt. Ltd.,Dakshinkali Investment & Securities Pvt. Ltd.,185,239.0,44215.0,2025-09-21 12:31:57.724189
2025-09-21,51582,2025092101014690,GBIME,Siprabi Securities Pvt. Ltd.,Neev Securities Pvt. Ltd.,59,239.0,14101.0,2025-09-21 12:31:57.724613
2025-09-21,51581,2025092101014691,GBIME,Siprabi Securities Pvt. Ltd.,Kohinoor Investment & Securities Pvt. Ltd.,202,239.0,48278.0,2025-09-21 12:31:57.724885
2025-09-21,51580,2025092101014692,GBIME,Siprabi Securities Pvt. Ltd.,J.F. Securites (PVT) Ltd.,30,239.0,7170.0,2025-09-21 12:31:57.725182
2025-09-21,51579,2025092101014693,GBIME,Siprabi Securities Pvt. Ltd.,Sundhara Securities Limited,24,239.0,5736.0,2025-09-21 12:31:57.725454
2025-09-21,51370,2025092101014734,GBIME,Global IME Securities Limited,Sundhara Securities Limited,26,239.0,6214.0,2025-09-21 12:32:25.640237
2025-09-21,51369,2025092101014735,GBIME,Global IME Securities Limited,KALASH STOCK MARKET PVT. LTD.,14,239.0,3346.0,2025-09-21 12:32:25.640470
2025-09-21,51368,2025092101014736,GBIME,Global IME Securities Limited,Asian Securities Private Ltd.,40,239.3,9572.0,2025-09-21 12:32:25.640567
2025-09-21,51367,2025092101014737,GBIME,Global IME Securities Limited,Secured Securities Ltd.,533,239.5,127653.5,2025-09-21 12:32:25.640657
2025-09-21,51366,2025092101014738,GBIME,Global IME Securities Limited,Agrawal Securities (PVT) Ltd.,2000,239.6,479200.0,2025-09-21 12:32:25.640743
2025-09-21,51365,2025092101014739,GBIME,Global IME Securities Limited,Trisul Securities & Invt. Ltd.,1887,239.7,452313.9,2025-09-21 12:32:25.640828
2025-09-21,49989,2025092101015058,GBIME,Trisul Securities & Invt. Ltd.,Kohinoor Investment & Securities Pvt. Ltd.,20,239.6,4792.0,2025-09-21 12:35:08.612137
2025-09-21,49988,2025092101015059,GBIME,Trisul Securities & Invt. Ltd.,Trisul Securities & Invt. Ltd.,180,239.7,43146.0,2025-09-21 12:35:08.612360
2025-09-21,49144,2025092101015232,GBIME,Siprabi Securities Pvt. Ltd.,Trisul Securities & Invt. Ltd.,500,239.7,119850.0,2025-09-21 12:36:57.756193
2025-09-21,48834,2025092101015289,GBIME,Sani Securities Company Ltd.,Trisul Securities & Invt. Ltd.,208,239.7,49857.6,2025-09-21 12:37:34.682509
2025-09-21,48588,2025092101015340,GBIME,Aryatara Investment & Securities,Sri Hari Securities Pvt. Ltd.,60,238.2,14292.0,2025-09-21 12:38:06.966705
2025-09-21,48587,2025092101015341,GBIME,Dipshikha Dhitopatra Karobar Co. Pvt Ltd.,Sri Hari Securities Pvt. Ltd.,61,238.1,14524.1,2025-09-21 12:38:06.966949
2025-09-21,48302,2025092101015379,GBIME,Kohinoor Investment & Securities Pvt. Ltd.,Trisul Securities & Invt. Ltd.,20,239.7,4794.0,2025-09-21 12:38:50.406589
2025-09-21,48285,2025092101015381,GBIME,Kohinoor Investment & Securities Pvt. Ltd.,Trisul Securities & Invt. Ltd.,25,239.7,5992.5,2025-09-21 12:38:53.396347
2025-09-21,48169,2025092101015410,GBIME,Sani Securities Company Ltd.,Trisul Securities & Invt. Ltd.,35,239.7,8389.5,2025-09-21 12:39:13.856557
2025-09-21,47480,2025092101015585,GBIME,ABC Securities Private Limited,Trisul Securities & Invt. Ltd.,2000,239.7,479400.0,2025-09-21 12:40:35.227462
2025-09-21,47316,2025092101015626,GBIME,Naasa Securities Co. Ltd.,Capital Max Securities Ltd,170,239.3,40681.0,2025-09-21 12:40:55.426740
2025-09-21,47315,2025092101015627,GBIME,Premier Securities Company Ltd.,Capital Max Securities Ltd,300,239.2,71760.0,2025-09-21 12:40:55.426806
2025-09-21,47314,2025092101015628,GBIME,Dipshikha Dhitopatra Karobar Co. Pvt Ltd.,Capital Max Securities Ltd,439,239.2,105008.8,2025-09-21 12:40:55.426835
2025-09-21,47313,2025092101015629,GBIME,Kumari Securities Private Limited,Capital Max Securities Ltd,91,238.0,21658.0,2025-09-21 12:40:55.426863
2025-09-21,47217,2025092101015671,GBIME,Kumari Securities Private Limited,Online Securities Pvt. Ltd.,277,238.0,65926.0,2025-09-21 12:41:09.770642
2025-09-21,46554,2025092101015836,GBIME,Naasa Securities Co. Ltd.,Trisul Securities & Invt. Ltd.,145,239.7,34756.5,2025-09-21 12:42:38.822213
2025-09-21,46553,2025092101015837,GBIME,Naasa Securities Co. Ltd.,Online Securities Pvt. Ltd.,100,239.7,23970.0,2025-09-21 12:42:38.822438
2025-09-21,46552,2025092101015838,GBIME,Naasa Securities Co. Ltd.,Premier Securities Company Ltd.,1378,239.9,330582.2,2025-09-21 12:42:38.822533
2025-09-21,46551,2025092101015839,GBIME,Naasa Securities Co. Ltd.,Kohinoor Investment & Securities Pvt. Ltd.,350,240.0,84000.0,2025-09-21 12:42:38.822623
2025-09-21,46550,2025092101015840,GBIME,Naasa Securities Co. Ltd.,Naasa Securities Co. Ltd.,2000,240.0,480000.0,2025-09-21 12:42:38.822712
2025-09-21,46549,2025092101015841,GBIME,Naasa Securities Co. Ltd.,J.F. Securites (PVT) Ltd.,227,240.0,54480.0,2025-09-21 12:42:38.822799
2025-09-21,46548,2025092101015842,GBIME,Naasa Securities Co. Ltd.,Sumeru Securities Pvt. Ltd.,100,240.0,24000.0,2025-09-21 12:42:38.822887
2025-09-21,46547,2025092101015843,GBIME,Naasa Securities Co. Ltd.,Online Securities Pvt. Ltd.,10,240.0,2400.0,2025-09-21 12:42:38.822977
2025-09-21,46546,2025092101015844,GBIME,Naasa Securities Co. Ltd.,Opal Securities Investment (PVT) Ltd.,500,240.0,120000.0,2025-09-21 12:42:38.823071
2025-09-21,46545,2025092101015845,GBIME,Naasa Securities Co. Ltd.,Dipshikha Dhitopatra Karobar Co. Pvt Ltd.,120,240.0,28800.0,2025-09-21 12:42:38.823159
2025-09-21,46544,2025092101015846,GBIME,Naasa Securities Co. Ltd.,Primo Securities (PVT) Ltd.,70,240.0,16800.0,2025-09-21 12:42:38.823245
2025-09-21,46429,2025092101015899,GBIME,Malla & Malla Stock Broking Company Pvt. Limited,Naasa Securities Co. Ltd.,10,239.5,2395.0,2025-09-21 12:42:50.747552
2025-09-21,46425,2025092101015900,GBIME,Linch Stock Market Ltd.,Primo Securities (PVT) Ltd.,100,240.0,24000.0,2025-09-21 12:42:51.654097
2025-09-21,45641,2025092101016103,GBIME,Dipshikha Dhitopatra Karobar Co. Pvt Ltd.,Primo Securities (PVT) Ltd.,50,240.0,12000.0,2025-09-21 12:44:48.697283
2025-09-21,45631,2025092101016105,GBIME,Premier Securities Company Ltd.,Aryatara Investment & Securities,200,239.8,47960.0,2025-09-21 12:44:50.648566
2025-09-21,45478,2025092101016124,GBIME,Opal Securities Investment (PVT) Ltd.,Arun Securities (PVT) Ltd.,25,239.7,5992.5,2025-09-21 12:45:20.727575
2025-09-21,45464,2025092101016125,GBIME,Siprabi Securities Pvt. Ltd.,Primo Securities (PVT) Ltd.,200,240.0,48000.0,2025-09-21 12:45:22.957888
2025-09-21,45335,2025092101016155,GBIME,Secured Securities Ltd.,Nepal Investment And Securities Trading Private Limited,300,240.0,72000.0,2025-09-21 12:45:41.851976
2025-09-21,45090,2025092101016202,GBIME,Shree Krishna Securities Ltd.,Nepal Investment And Securities Trading Private Limited,200,240.0,48000.0,2025-09-21 12:46:17.427149
2025-09-21,45089,2025092101016203,GBIME,Shree Krishna Securities Ltd.,Vision Securities Pvt. Ltd,300,240.0,72000.0,2025-09-21 12:46:17.427565
2025-09-21,45069,2025092101016204,GBIME,Malla & Malla Stock Broking Company Pvt. Limited,Sajilo Broker Limited,220,239.5,52690.0,2025-09-21 12:46:19.175921
2025-09-21,44974,2025092101016215,GBIME,Cristal Kanchanjanga Securites Pvt. Ltd.,Vision Securities Pvt. Ltd,200,240.0,48000.0,2025-09-21 12:46:34.832307
2025-09-21,44973,2025092101016216,GBIME,Cristal Kanchanjanga Securites Pvt. Ltd.,Dipshikha Dhitopatra Karobar Co. Pvt Ltd.,100,240.0,24000.0,2025-09-21 12:46:34.832527
2025-09-21,44972,2025092101016217,GBIME,Cristal Kanchanjanga Securites Pvt. Ltd.,Sweta Securities Private Limited,20,240.0,4800.0,2025-09-21 12:46:34.832617
2025-09-21,44971,2025092101016218,GBIME,Cristal Kanchanjanga Securites Pvt. Ltd.,Nepal Stock House (PVT) Ltd.,50,240.0,12000.0,2025-09-21 12:46:34.832702
2025-09-21,44970,2025092101016219,GBIME,Cristal Kanchanjanga Securites Pvt. Ltd.,Malla & Malla Stock Broking Company Pvt. Limited,200,240.0,48000.0,2025-09-21 12:46:34.832801
2025-09-21,44969,2025092101016220,GBIME,Cristal Kanchanjanga Securites Pvt. Ltd.,Kalika Securities Pvt. Ltd.,263,240.0,63120.0,2025-09-21 12:46:34.832887
2025-09-21,44968,2025092101016221,GBIME,Cristal Kanchanjanga Securites Pvt. Ltd.,Naasa Securities Co. Ltd.,50,240.0,12000.0,2025-09-21 12:46:34.832999
2025-09-21,44967,2025092101016222,GBIME,Cristal Kanchanjanga Securites Pvt. Ltd.,Neev Securities Pvt. Ltd.,22,240.0,5280.0,2025-09-21 12:46:34.833101
2025-09-21,44966,2025092101016223,GBIME,Cristal Kanchanjanga Securites Pvt. Ltd.,Bhrikuti Stock Broking Co. Pvt. Ltd.,50,240.0,12000.0,2025-09-21 12:46:34.833187
2025-09-21,44596,2025092101016305,GBIME,Linch Stock Market Ltd.,Midas Stock Broking Company Private Limited,126,240.6,30315.6,2025-09-21 12:47:28.465230
2025-09-21,43984,2025092101016425,GBIME,Global IME Securities Limited,ABC Securities Private Limited,40,240.6,9624.0,2025-09-21 12:48:56.586434
2025-09-21,43983,2025092101016426,GBIME,Cristal Kanchanjanga Securites Pvt. Ltd.,ABC Securities Private Limited,60,240.0,14400.0,2025-09-21 12:48:56.586848
2025-09-21,42717,2025092101016700,GBIME,Nepal Stock House (PVT) Ltd.,Thrive Brokerage House Pvt. Ltd,400,240.8,96320.0,2025-09-21 12:51:53.395780
2025-09-21,42716,2025092101016701,GBIME,Nepal Stock House (PVT) Ltd.,Sani Securities Company Ltd.,100,241.0,24100.0,2025-09-21 12:51:53.396030
2025-09-21,42392,2025092101016803,GBIME,Opal Securities Investment (PVT) Ltd.,Sani Securities Company Ltd.,61,241.0,14701.0,2025-09-21 12:52:29.040050
2025-09-21,42391,2025092101016804,GBIME,Opal Securities Investment (PVT) Ltd.,Kumari Securities Private Limited,39,241.0,9399.0,2025-09-21 12:52:29.040458
2025-09-21,42113,2025092101016871,GBIME,Cristal Kanchanjanga Securites Pvt. Ltd.,Kumari Securities Private Limited,61,241.0,14701.0,2025-09-21 12:53:04.003827
2025-09-21,42112,2025092101016872,GBIME,Cristal Kanchanjanga Securites Pvt. Ltd.,Opal Securities Investment (PVT) Ltd.,139,241.0,33499.0,2025-09-21 12:53:04.004058
2025-09-21,41564,2025092101017073,GBIME,Sani Securities Company Ltd.,Opal Securities Investment (PVT) Ltd.,191,241.0,46031.0,2025-09-21 12:54:16.006274
2025-09-21,41171,2025092101017188,GBIME,South Asian Bulls Pvt. Ltd.,ABC Securities Private Limited,250,241.0,60250.0,2025-09-21 12:55:14.930806
2025-09-21,41101,2025092101017210,GBIME,Market Securities & Exchange (PVT) Ltd.,ABC Securities Private Limited,250,241.0,60250.0,2025-09-21 12:55:23.656979
2025-09-21,40967,2025092101017245,GBIME,Midas Stock Broking Company Private Limited,ABC Securities Private Limited,500,241.0,120500.0,2025-09-21 12:55:44.160751
2025-09-21,40849,2025092101017270,GBIME,Premier Securities Company Ltd.,Nepal Stock House (PVT) Ltd.,10,241.9,2419.0,2025-09-21 12:55:59.184812
2025-09-21,40190,2025092101017422,GBIME,ABC Securities Private Limited,Nepal Stock House (PVT) Ltd.,590,241.9,142721.0,2025-09-21 12:57:35.790742
2025-09-21,40189,2025092101017423,GBIME,ABC Securities Private Limited,Siprabi Securities Pvt. Ltd.,500,241.9,120950.0,2025-09-21 12:57:35.791178
2025-09-21,40188,2025092101017424,GBIME,ABC Securities Private Limited,Asian Securities Private Ltd.,111,241.9,26850.9,2025-09-21 12:57:35.791462
2025-09-21,40187,2025092101017425,GBIME,ABC Securities Private Limited,Agrawal Securities (PVT) Ltd.,90,242.0,21780.0,2025-09-21 12:57:35.791727
2025-09-21,40186,2025092101017426,GBIME,ABC Securities Private Limited,Capital Max Securities Ltd,85,242.0,20570.0,2025-09-21 12:57:35.791985
2025-09-21,40185,2025092101017427,GBIME,ABC Securities Private Limited,Siprabi Securities Pvt. Ltd.,500,242.0,121000.0,2025-09-21 12:57:35.792282
2025-09-21,40184,2025092101017428,GBIME,ABC Securities Private Limited,Imperial Securities Company Pvt. Ltd.,40,242.0,9680.0,2025-09-21 12:57:35.792539
2025-09-21,40183,2025092101017429,GBIME,ABC Securities Private Limited,Imperial Securities Company Pvt. Ltd.,500,242.0,121000.0,2025-09-21 12:57:35.792806
2025-09-21,40182,2025092101017430,GBIME,ABC Securities Private Limited,Nepal Stock House (PVT) Ltd.,4000,242.0,968000.0,2025-09-21 12:57:35.793135
2025-09-21,40181,2025092101017431,GBIME,ABC Securities Private Limited,Vision Securities Pvt. Ltd,117,242.0,28314.0,2025-09-21 12:57:35.793530
2025-09-21,40180,2025092101017432,GBIME,ABC Securities Private Limited,Siprabi Securities Pvt. Ltd.,200,242.0,48400.0,2025-09-21 12:57:35.793798
2025-09-21,40179,2025092101017433,GBIME,ABC Securities Private Limited,Linch Stock Market Ltd.,100,242.0,24200.0,2025-09-21 12:57:35.794066
2025-09-21,40178,2025092101017434,GBIME,ABC Securities Private Limited,Deevyaa Securities & Stock House Pvt. Ltd,85,242.0,20570.0,2025-09-21 12:57:35.794408
2025-09-21,39905,2025092101017486,GBIME,Midas Stock Broking Company Private Limited,BHOLE GANESH SECURITIES LTD,27,243.0,6561.0,2025-09-21 12:58:21.166681
2025-09-21,39904,2025092101017487,GBIME,Midas Stock Broking Company Private Limited,Nepal Stock House (PVT) Ltd.,200,243.0,48600.0,2025-09-21 12:58:21.166892
2025-09-21,39903,2025092101017488,GBIME,Midas Stock Broking Company Private Limited,Opal Securities Investment (PVT) Ltd.,93,243.0,22599.0,2025-09-21 12:58:21.167029
2025-09-21,39866,2025092101017503,GBIME,Imperial Securities Company Pvt. Ltd.,Opal Securities Investment (PVT) Ltd.,107,243.0,26001.0,2025-09-21 12:58:24.652427
2025-09-21,39724,2025092101017537,GBIME,Imperial Securities Company Pvt. Ltd.,Vision Securities Pvt. Ltd,93,243.3,22626.9,2025-09-21 12:58:44.119966
2025-09-21,39465,2025092101017601,GBIME,Aryatara Investment & Securities,Vision Securities Pvt. Ltd,57,243.3,13868.1,2025-09-21 12:59:27.192418
2025-09-21,39464,2025092101017602,GBIME,Aryatara Investment & Securities,Midas Stock Broking Company Private Limited,200,243.3,48660.0,2025-09-21 12:59:27.192649
2025-09-21,39463,2025092101017603,GBIME,Aryatara Investment & Securities,Vision Securities Pvt. Ltd,17,243.3,4136.1,2025-09-21 12:59:27.192739
2025-09-21,39462,2025092101017604,GBIME,Aryatara Investment & Securities,Opal Securities Investment (PVT) Ltd.,64,243.3,15571.2,2025-09-21 12:59:27.758138
2025-09-21,39271,2025092101017643,GBIME,Opal Securities Investment (PVT) Ltd.,Premier Securities Company Ltd.,100,243.4,24340.0,2025-09-21 12:59:56.292940
2025-09-21,39270,2025092101017644,GBIME,Aryatara Investment & Securities,Premier Securities Company Ltd.,12,243.3,2919.6,2025-09-21 12:59:56.293178
2025-09-21,39253,2025092101017648,GBIME,Premier Securities Company Ltd.,Premier Securities Company Ltd.,100,243.2,24320.0,2025-09-21 12:59:58.734483
2025-09-21,39173,2025092101017651,GBIME,Online Securities Pvt. Ltd.,Premier Securities Company Ltd.,19,243.2,4620.8,2025-09-21 13:00:03.953256
2025-09-21,39156,2025092101017656,GBIME,Premier Securities Company Ltd.,Aryatara Investment & Securities,100,243.5,24350.0,2025-09-21 13:00:06.755656
2025-09-21,39064,2025092101017673,GBIME,Online Securities Pvt. Ltd.,Linch Stock Market Ltd.,31,243.4,7545.4,2025-09-21 13:00:17.989763
2025-09-21,38806,2025092101017725,GBIME,Shree Krishna Securities Ltd.,Sweta Securities Private Limited,1000,242.1,242100.0,2025-09-21 13:01:01.670011
2025-09-21,38713,2025092101017744,GBIME,Sewa Securities Pvt. Ltd.,Linch Stock Market Ltd.,100,242.9,24290.0,2025-09-21 13:01:18.779492
2025-09-21,38500,2025092101017800,GBIME,Linch Stock Market Ltd.,Linch Stock Market Ltd.,100,242.7,24270.0,2025-09-21 13:01:52.499747
2025-09-21,38384,2025092101017830,GBIME,Nepal Stock House (PVT) Ltd.,Linch Stock Market Ltd.,100,242.7,24270.0,2025-09-21 13:02:07.314089
2025-09-21,38382,2025092101017831,GBIME,Trisul Securities & Invt. Ltd.,Linch Stock Market Ltd.,50,242.7,12135.0,2025-09-21 13:02:07.711470
2025-09-21,38334,2025092101017851,GBIME,ABC Securities Private Limited,Kumari Securities Private Limited,250,242.0,60500.0,2025-09-21 13:02:12.439926
2025-09-21,38298,2025092101017860,GBIME,ABC Securities Private Limited,Linch Stock Market Ltd.,19,242.0,4598.0,2025-09-21 13:02:18.010399
2025-09-21,38276,2025092101017863,GBIME,Naasa Securities Co. Ltd.,Secured Securities Ltd.,201,242.8,48802.8,2025-09-21 13:02:21.004248
2025-09-21,37614,2025092101018023,GBIME,ABC Securities Private Limited,Naasa Securities Co. Ltd.,899,242.0,217558.0,2025-09-21 13:03:50.998305
2025-09-21,37529,2025092101018038,GBIME,Vision Securities Pvt. Ltd,Naasa Securities Co. Ltd.,10,242.7,2427.0,2025-09-21 13:04:04.231458
2025-09-21,37528,2025092101018039,GBIME,Vision Securities Pvt. Ltd,Secured Securities Ltd.,90,242.8,21852.0,2025-09-21 13:04:04.231863
2025-09-21,37186,2025092101018163,GBIME,Opal Securities Investment (PVT) Ltd.,Shree Krishna Securities Ltd.,100,242.3,24230.0,2025-09-21 13:04:49.558403
2025-09-21,37185,2025092101018164,GBIME,Linch Stock Market Ltd.,Shree Krishna Securities Ltd.,100,242.2,24220.0,2025-09-21 13:04:49.558821
2025-09-21,37184,2025092101018165,GBIME,N.I.M.B. Stock Markets Limited,Shree Krishna Securities Ltd.,100,242.1,24210.0,2025-09-21 13:04:49.559113
2025-09-21,37183,2025092101018166,GBIME,ABC Securities Private Limited,Shree Krishna Securities Ltd.,1383,242.0,334686.0,2025-09-21 13:04:49.559378
2025-09-21,36728,2025092101018246,GBIME,Naasa Securities Co. Ltd.,Secured Securities Ltd.,1000,242.8,242800.0,2025-09-21 13:05:54.470963
2025-09-21,36601,2025092101018267,GBIME,ABC Securities Private Limited,Kumari Securities Private Limited,800,242.0,193600.0,2025-09-21 13:06:13.148592
2025-09-21,36365,2025092101018338,GBIME,Imperial Securities Company Pvt. Ltd.,Secured Securities Ltd.,100,242.8,24280.0,2025-09-21 13:06:48.050914
2025-09-21,36206,2025092101018367,GBIME,Naasa Securities Co. Ltd.,Secured Securities Ltd.,10,242.8,2428.0,2025-09-21 13:07:08.860339
2025-09-21,36174,2025092101018373,GBIME,Trisul Securities & Invt. Ltd.,Secured Securities Ltd.,121,242.8,29378.8,2025-09-21 13:07:12.477287
2025-09-21,36173,2025092101018374,GBIME,Trisul Securities & Invt. Ltd.,INDEX SECURITIES LIMITED,200,242.8,48560.0,2025-09-21 13:07:12.477501
2025-09-21,36172,2025092101018375,GBIME,Trisul Securities & Invt. Ltd.,Dipshikha Dhitopatra Karobar Co. Pvt Ltd.,200,242.9,48580.0,2025-09-21 13:07:12.477591
2025-09-21,36171,2025092101018376,GBIME,Trisul Securities & Invt. Ltd.,Sipla Securities Private Limited,1479,243.0,359397.0,2025-09-21 13:07:12.477679
2025-09-21,36154,2025092101018383,GBIME,Naasa Securities Co. Ltd.,Primo Securities (PVT) Ltd.,4,240.0,960.0,2025-09-21 13:07:15.099731
2025-09-21,35997,2025092101018432,GBIME,KALASH STOCK MARKET PVT. LTD.,Sipla Securities Private Limited,100,243.0,24300.0,2025-09-21 13:07:35.908366
2025-09-21,35831,2025092101018477,GBIME,Siprabi Securities Pvt. Ltd.,Sipla Securities Private Limited,180,243.0,43740.0,2025-09-21 13:07:59.002721
2025-09-21,35622,2025092101018522,GBIME,ABC Securities Private Limited,Online Securities Pvt. Ltd.,500,242.0,121000.0,2025-09-21 13:08:30.886389
2025-09-21,35459,2025092101018541,GBIME,Kalika Securities Pvt. Ltd.,Sipla Securities Private Limited,241,243.0,58563.0,2025-09-21 13:08:48.932228
2025-09-21,35458,2025092101018542,GBIME,Kalika Securities Pvt. Ltd.,Nepal Stock House (PVT) Ltd.,1759,243.0,427437.0,2025-09-21 13:08:48.932479
2025-09-21,35328,2025092101018573,GBIME,Sani Securities Company Ltd.,Nepal Stock House (PVT) Ltd.,154,243.0,37422.0,2025-09-21 13:09:03.114610
2025-09-21,35286,2025092101018582,GBIME,ABC Securities Private Limited,Naasa Securities Co. Ltd.,100,242.0,24200.0,2025-09-21 13:09:05.793798
2025-09-21,35149,2025092101018616,GBIME,ABC Securities Private Limited,Aryatara Investment & Securities,1000,242.0,242000.0,2025-09-21 13:09:24.747780
2025-09-21,35069,2025092101018643,GBIME,ABC Securities Private Limited,Malla & Malla Stock Broking Company Pvt. Limited,450,242.0,108900.0,2025-09-21 13:09:34.432729
2025-09-21,35061,2025092101018644,GBIME,Premier Securities Company Ltd.,Nepal Stock House (PVT) Ltd.,87,243.0,21141.0,2025-09-21 13:09:35.220832
2025-09-21,35060,2025092101018645,GBIME,Premier Securities Company Ltd.,Aryatara Investment & Securities,100,243.5,24350.0,2025-09-21 13:09:35.220915
2025-09-21,35059,2025092101018646,GBIME,Premier Securities Company Ltd.,Kumari Securities Private Limited,13,243.5,3165.5,2025-09-21 13:09:35.220936
2025-09-21,34641,2025092101018760,GBIME,Investment Management Nepal Pvt. Ltd.,Kumari Securities Private Limited,50,243.5,12175.0,2025-09-21 13:10:37.455955
2025-09-21,34539,2025092101018807,GBIME,Naasa Securities Co. Ltd.,Global IME Securities Limited,1,244.0,244.0,2025-09-21 13:10:45.180431
2025-09-21,34226,2025092101018866,GBIME,Opal Securities Investment (PVT) Ltd.,South Asian Bulls Pvt. Ltd.,100,242.2,24220.0,2025-09-21 13:11:11.922106
2025-09-21,34225,2025092101018867,GBIME,Shree Krishna Securities Ltd.,South Asian Bulls Pvt. Ltd.,200,242.1,48420.0,2025-09-21 13:11:11.922386
2025-09-21,34003,2025092101018927,GBIME,Sani Securities Company Ltd.,Kumari Securities Private Limited,437,243.5,106409.5,2025-09-21 13:11:26.103861
2025-09-21,34002,2025092101018928,GBIME,Sani Securities Company Ltd.,Online Securities Pvt. Ltd.,165,243.7,40210.5,2025-09-21 13:11:26.103903
2025-09-21,34001,2025092101018929,GBIME,Sani Securities Company Ltd.,Opal Securities Investment (PVT) Ltd.,398,243.8,97032.4,2025-09-21 13:11:26.103940
2025-09-21,33850,2025092101018974,GBIME,Shree Krishna Securities Ltd.,Opal Securities Investment (PVT) Ltd.,600,242.1,145260.0,2025-09-21 13:11:36.919116
2025-09-21,33849,2025092101018975,GBIME,ABC Securities Private Limited,Opal Securities Investment (PVT) Ltd.,400,242.0,96800.0,2025-09-21 13:11:36.919358
2025-09-21,33828,2025092101018976,GBIME,ABC Securities Private Limited,Vision Securities Pvt. Ltd,2000,242.0,484000.0,2025-09-21 13:11:38.794784
2025-09-21,33676,2025092101019005,GBIME,ABC Securities Private Limited,Nepal Investment And Securities Trading Private Limited,500,242.0,121000.0,2025-09-21 13:11:53.925701
2025-09-21,33582,2025092101019023,GBIME,ABC Securities Private Limited,Nepal Investment And Securities Trading Private Limited,250,242.0,60500.0,2025-09-21 13:12:03.483761
2025-09-21,33494,2025092101019043,GBIME,ABC Securities Private Limited,Imperial Securities Company Pvt. Ltd.,2500,242.0,605000.0,2025-09-21 13:12:11.018437
2025-09-21,33351,2025092101019074,GBIME,ABC Securities Private Limited,Dynamic Money Managers Securities Pvt. Ltd.,1000,242.0,242000.0,2025-09-21 13:12:23.210659
2025-09-21,32975,2025092101019166,GBIME,ABC Securities Private Limited,Nepal Investment And Securities Trading Private Limited,1000,242.0,242000.0,2025-09-21 13:12:53.846821
2025-09-21,32906,2025092101019175,GBIME,Shree Krishna Securities Ltd.,Aryatara Investment & Securities,50,242.1,12105.0,2025-09-21 13:12:59.443157
2025-09-21,32727,2025092101019209,GBIME,Investment Management Nepal Pvt. Ltd.,Naasa Securities Co. Ltd.,10,243.5,2435.0,2025-09-21 13:13:13.750335
2025-09-21,31940,2025092101019366,GBIME,Naasa Securities Co. Ltd.,Nepal Stock House (PVT) Ltd.,20,242.2,4844.0,2025-09-21 13:14:12.246704
2025-09-21,31939,2025092101019367,GBIME,Shree Krishna Securities Ltd.,Nepal Stock House (PVT) Ltd.,10,242.1,2421.0,2025-09-21 13:14:12.246997
2025-09-21,31938,2025092101019368,GBIME,ABC Securities Private Limited,Nepal Stock House (PVT) Ltd.,170,242.0,41140.0,2025-09-21 13:14:12.247147
2025-09-21,31840,2025092101019392,GBIME,ABC Securities Private Limited,Online Securities Pvt. Ltd.,500,242.0,121000.0,2025-09-21 13:14:23.453197
2025-09-21,31626,2025092101019428,GBIME,ABC Securities Private Limited,Online Securities Pvt. Ltd.,361,242.0,87362.0,2025-09-21 13:14:40.597554
2025-09-21,31625,2025092101019429,GBIME,Kohinoor Investment & Securities Pvt. Ltd.,Online Securities Pvt. Ltd.,10,242.0,2420.0,2025-09-21 13:14:40.597966
2025-09-21,31624,2025092101019430,GBIME,Dipshikha Dhitopatra Karobar Co. Pvt Ltd.,Online Securities Pvt. Ltd.,33,242.0,7986.0,2025-09-21 13:14:40.598263
2025-09-21,31623,2025092101019431,GBIME,Siprabi Securities Pvt. Ltd.,Online Securities Pvt. Ltd.,43,242.0,10406.0,2025-09-21 13:14:40.598515
2025-09-21,31622,2025092101019432,GBIME,Imperial Securities Company Pvt. Ltd.,Online Securities Pvt. Ltd.,28,242.0,6776.0,2025-09-21 13:14:40.598762
2025-09-21,31607,2025092101019435,GBIME,Asian Securities Private Ltd.,Sumeru Securities Pvt. Ltd.,300,241.0,72300.0,2025-09-21 13:14:42.639055
2025-09-21,31606,2025092101019436,GBIME,Sundhara Securities Limited,Sumeru Securities Pvt. Ltd.,100,241.0,24100.0,2025-09-21 13:14:42.639131
2025-09-21,31605,2025092101019437,GBIME,Imperial Securities Company Pvt. Ltd.,Sumeru Securities Pvt. Ltd.,100,241.0,24100.0,2025-09-21 13:14:42.639171
2025-09-21,31604,2025092101019438,GBIME,Imperial Securities Company Pvt. Ltd.,Sumeru Securities Pvt. Ltd.,400,240.7,96280.0,2025-09-21 13:14:42.639227
2025-09-21,31562,2025092101019442,GBIME,Naasa Securities Co. Ltd.,Online Securities Pvt. Ltd.,14,242.0,3388.0,2025-09-21 13:14:45.161525
2025-09-21,31397,2025092101019462,GBIME,Imperial Securities Company Pvt. Ltd.,Sharepro Securities Private Limited,100,240.7,24070.0,2025-09-21 13:14:58.791792
2025-09-21,31396,2025092101019463,GBIME,Trishakti Securities Public Limited,Sharepro Securities Private Limited,10,240.2,2402.0,2025-09-21 13:14:58.792032
2025-09-21,31395,2025092101019464,GBIME,Imperial Securities Company Pvt. Ltd.,Sharepro Securities Private Limited,30,240.1,7203.0,2025-09-21 13:14:58.792122
2025-09-21,31394,2025092101019465,GBIME,Cristal Kanchanjanga Securites Pvt. Ltd.,Sharepro Securities Private Limited,892,240.0,214080.0,2025-09-21 13:14:58.792206
2025-09-21,31056,2025092101019527,GBIME,Cristal Kanchanjanga Securites Pvt. Ltd.,Vision Securities Pvt. Ltd,93,240.0,22320.0,2025-09-21 13:15:28.359943
2025-09-21,31055,2025092101019528,GBIME,Midas Stock Broking Company Private Limited,Vision Securities Pvt. Ltd,7,240.0,1680.0,2025-09-21 13:15:28.360515
2025-09-21,30885,2025092101019581,GBIME,Oxford Securities Pvt. Ltd.,Online Securities Pvt. Ltd.,11,242.0,2662.0,2025-09-21 13:15:41.223649
2025-09-21,30884,2025092101019582,GBIME,Oxford Securities Pvt. Ltd.,Vision Securities Pvt. Ltd,29,242.0,7018.0,2025-09-21 13:15:41.223865
2025-09-21,30528,2025092101019665,GBIME,Aryatara Investment & Securities,Vision Securities Pvt. Ltd,50,241.0,12050.0,2025-09-21 13:16:12.707304
2025-09-21,30224,2025092101019754,GBIME,Sani Securities Company Ltd.,Naasa Securities Co. Ltd.,101,240.5,24290.5,2025-09-21 13:16:36.425538
2025-09-21,30223,2025092101019755,GBIME,Sani Securities Company Ltd.,Vision Securities Pvt. Ltd,99,241.0,23859.0,2025-09-21 13:16:36.425760
2025-09-21,29788,2025092101019854,GBIME,Shree Krishna Securities Ltd.,Sipla Securities Private Limited,1000,240.1,240100.0,2025-09-21 13:17:20.404402
2025-09-21,29634,2025092101019905,GBIME,KALASH STOCK MARKET PVT. LTD.,Deevyaa Securities & Stock House Pvt. Ltd,100,240.0,24000.0,2025-09-21 13:17:35.489658
2025-09-21,29464,2025092101019973,GBIME,R.B.B. Securities Company Ltd,Vision Securities Pvt. Ltd,25,240.0,6000.0,2025-09-21 13:17:49.999634
2025-09-21,29463,2025092101019974,GBIME,ABC Securities Private Limited,Vision Securities Pvt. Ltd,100,240.0,24000.0,2025-09-21 13:17:49.999841
2025-09-21,29462,2025092101019975,GBIME,Sipla Securities Private Limited,Vision Securities Pvt. Ltd,10,240.0,2400.0,2025-09-21 13:17:49.999944
2025-09-21,29461,2025092101019976,GBIME,Agrawal Securities (PVT) Ltd.,Vision Securities Pvt. Ltd,187,240.0,44880.0,2025-09-21 13:17:50.000036
2025-09-21,29197,2025092101020040,GBIME,Agrawal Securities (PVT) Ltd.,Sajilo Broker Limited,357,240.0,85680.0,2025-09-21 13:18:21.341767
2025-09-21,29150,2025092101020056,GBIME,Agrawal Securities (PVT) Ltd.,Online Securities Pvt. Ltd.,456,240.0,109440.0,2025-09-21 13:18:27.496473
2025-09-21,29149,2025092101020057,GBIME,Midas Stock Broking Company Private Limited,Online Securities Pvt. Ltd.,100,240.0,24000.0,2025-09-21 13:18:27.496738
2025-09-21,29148,2025092101020058,GBIME,Dipshikha Dhitopatra Karobar Co. Pvt Ltd.,Online Securities Pvt. Ltd.,20,240.0,4800.0,2025-09-21 13:18:27.496823
2025-09-21,29147,2025092101020059,GBIME,Sunrise Securities Limited,Online Securities Pvt. Ltd.,200,240.0,48000.0,2025-09-21 13:18:27.496902
2025-09-21,29146,2025092101020060,GBIME,Aryatara Investment & Securities,Online Securities Pvt. Ltd.,30,240.0,7200.0,2025-09-21 13:18:27.496983
2025-09-21,29145,2025092101020061,GBIME,Naasa Securities Co. Ltd.,Online Securities Pvt. Ltd.,43,240.0,10320.0,2025-09-21 13:18:27.497067
2025-09-21,29144,2025092101020062,GBIME,Agrawal Securities (PVT) Ltd.,Online Securities Pvt. Ltd.,500,240.0,120000.0,2025-09-21 13:18:27.497148
2025-09-21,28960,2025092101020135,GBIME,Malla & Malla Stock Broking Company Pvt. Limited,Naasa Securities Co. Ltd.,150,239.5,35925.0,2025-09-21 13:18:45.814724
2025-09-21,28598,2025092101020218,GBIME,Sani Securities Company Ltd.,Online Securities Pvt. Ltd.,100,239.5,23950.0,2025-09-21 13:19:33.920083
2025-09-21,28415,2025092101020252,GBIME,Kumari Securities Private Limited,Online Securities Pvt. Ltd.,10,239.0,2390.0,2025-09-21 13:19:52.430718
2025-09-21,28414,2025092101020253,GBIME,Premier Securities Company Ltd.,Online Securities Pvt. Ltd.,31,239.0,7409.0,2025-09-21 13:19:52.431176
2025-09-21,28404,2025092101020256,GBIME,Naasa Securities Co. Ltd.,Asian Securities Private Ltd.,1,235.0,235.0,2025-09-21 13:19:54.855826
2025-09-21,28284,2025092101020291,GBIME,Premier Securities Company Ltd.,Online Securities Pvt. Ltd.,10,239.0,2390.0,2025-09-21 13:20:10.514015
2025-09-21,28229,2025092101020311,GBIME,Vision Securities Pvt. Ltd,Thrive Brokerage House Pvt. Ltd,30,239.0,7170.0,2025-09-21 13:20:18.844294
2025-09-21,27733,2025092101020432,GBIME,Siprabi Securities Pvt. Ltd.,Aryatara Investment & Securities,10,238.5,2385.0,2025-09-21 13:21:40.404067
2025-09-21,27685,2025092101020447,GBIME,Vision Securities Pvt. Ltd,Aryatara Investment & Securities,25,238.5,5962.5,2025-09-21 13:21:50.436185
2025-09-21,27624,2025092101020462,GBIME,Cristal Kanchanjanga Securites Pvt. Ltd.,Aryatara Investment & Securities,10,238.5,2385.0,2025-09-21 13:22:02.705271
2025-09-21,27584,2025092101020469,GBIME,Nepal Stock House (PVT) Ltd.,South Asian Bulls Pvt. Ltd.,50,238.3,11915.0,2025-09-21 13:22:10.505255
2025-09-21,27408,2025092101020508,GBIME,Nepal Stock House (PVT) Ltd.,Aryatara Investment & Securities,55,238.3,13106.5,2025-09-21 13:22:45.236414
