Date,S.N.,Contract ID,Symbol,Buyer Broker,Seller Broker,volume,rate,amount,transaction_time
2025-09-21,108540,2025092105000082,NIFRA,Sajilo Broker Limited,ABC Securities Private Limited,50,254.0,12700.0,2025-09-21 10:46:00.043624
2025-09-21,108539,2025092105000083,NIFRA,Sajilo Broker Limited,Asian Securities Private Ltd.,50,254.0,12700.0,2025-09-21 10:46:00.043664
2025-09-21,108538,2025092105000084,NIFRA,Sajilo Broker Limited,Asian Securities Private Ltd.,4,254.0,1016.0,2025-09-21 10:46:00.043712
2025-09-21,108537,2025092105000085,NIFRA,Sajilo Broker Limited,ABC Securities Private Limited,64,254.0,16256.0,2025-09-21 10:46:00.043741
2025-09-21,108536,2025092105000086,NIFRA,Sajilo Broker Limited,Dakshinkali Investment & Securities Pvt. Ltd.,54,254.0,13716.0,2025-09-21 10:46:00.043763
2025-09-21,108535,2025092105000087,NIFRA,Sajilo Broker Limited,Pragyan Securities (PVT) Ltd.,78,254.0,19812.0,2025-09-21 10:46:00.043806
2025-09-21,108534,2025092105000088,NIFRA,Imperial Securities Company Pvt. Ltd.,Pragyan Securities (PVT) Ltd.,135,254.0,34290.0,2025-09-21 10:46:00.043841
2025-09-21,107674,2025092105000363,NIFRA,Nepal Stock House (PVT) Ltd.,Pragyan Securities (PVT) Ltd.,254,254.0,64516.0,2025-09-21 11:00:44.013637
2025-09-21,107441,2025092105000445,NIFRA,Aryatara Investment & Securities,Pragyan Securities (PVT) Ltd.,33,254.0,8382.0,2025-09-21 11:00:57.801735
2025-09-21,107440,2025092105000446,NIFRA,Aryatara Investment & Securities,Sewa Securities Pvt. Ltd.,50,254.0,12700.0,2025-09-21 11:00:57.801829
2025-09-21,107439,2025092105000447,NIFRA,Aryatara Investment & Securities,Aryatara Investment & Securities,917,254.0,232918.0,2025-09-21 11:00:57.801867
2025-09-21,107429,2025092105000451,NIFRA,Sweta Securities Private Limited,Naasa Securities Co. Ltd.,300,252.0,75600.0,2025-09-21 11:00:59.181586
2025-09-21,107354,2025092105000472,NIFRA,Opal Securities Investment (PVT) Ltd.,Aryatara Investment & Securities,40,254.0,10160.0,2025-09-21 11:01:02.866845
2025-09-21,107216,2025092105000516,NIFRA,Naasa Securities Co. Ltd.,Aryatara Investment & Securities,63,254.0,16002.0,2025-09-21 11:01:11.571376
2025-09-21,107215,2025092105000517,NIFRA,Naasa Securities Co. Ltd.,Kohinoor Investment & Securities Pvt. Ltd.,500,254.0,127000.0,2025-09-21 11:01:11.571446
2025-09-21,107214,2025092105000518,NIFRA,Naasa Securities Co. Ltd.,Cristal Kanchanjanga Securites Pvt. Ltd.,95,254.0,24130.0,2025-09-21 11:01:11.571491
2025-09-21,107213,2025092105000519,NIFRA,Naasa Securities Co. Ltd.,Kohinoor Investment & Securities Pvt. Ltd.,10,254.0,2540.0,2025-09-21 11:01:11.571525
2025-09-21,107163,2025092105000540,NIFRA,Naasa Securities Co. Ltd.,Arun Securities (PVT) Ltd.,154,254.0,39116.0,2025-09-21 11:01:13.608219
2025-09-21,106993,2025092105000603,NIFRA,Dynamic Money Managers Securities Pvt. Ltd.,Imperial Securities Company Pvt. Ltd.,100,255.0,25500.0,2025-09-21 11:01:22.402386
2025-09-21,106992,2025092105000604,NIFRA,Dynamic Money Managers Securities Pvt. Ltd.,Naasa Securities Co. Ltd.,244,255.0,62220.0,2025-09-21 11:01:22.402464
2025-09-21,106800,2025092105000662,NIFRA,Naasa Securities Co. Ltd.,Sri Hari Securities Pvt. Ltd.,116,254.0,29464.0,2025-09-21 11:01:32.257021
2025-09-21,106677,2025092105000715,NIFRA,Naasa Securities Co. Ltd.,Sani Securities Company Ltd.,62,254.0,15748.0,2025-09-21 11:01:38.935557
2025-09-21,106668,2025092105000718,NIFRA,Sani Securities Company Ltd.,Asian Securities Private Ltd.,54,253.0,13662.0,2025-09-21 11:01:39.749576
2025-09-21,106621,2025092105000740,NIFRA,Sani Securities Company Ltd.,Cristal Kanchanjanga Securites Pvt. Ltd.,54,253.0,13662.0,2025-09-21 11:01:42.446843
2025-09-21,106605,2025092105000746,NIFRA,Naasa Securities Co. Ltd.,Naasa Securities Co. Ltd.,996,255.0,253980.0,2025-09-21 11:01:42.940564
2025-09-21,106604,2025092105000747,NIFRA,Naasa Securities Co. Ltd.,Agrawal Securities (PVT) Ltd.,500,255.0,127500.0,2025-09-21 11:01:42.940645
2025-09-21,106410,2025092105000815,NIFRA,Agrawal Securities (PVT) Ltd.,Naasa Securities Co. Ltd.,200,255.0,51000.0,2025-09-21 11:01:52.475141
2025-09-21,105968,2025092105000980,NIFRA,Nepal Stock House (PVT) Ltd.,Vision Securities Pvt. Ltd,500,255.1,127550.0,2025-09-21 11:02:15.707177
2025-09-21,105966,2025092105000981,NIFRA,Capital Max Securities Ltd,Sweta Securities Private Limited,50,257.0,12850.0,2025-09-21 11:02:15.858825
2025-09-21,105965,2025092105000982,NIFRA,Capital Max Securities Ltd,Trishakti Securities Public Limited,200,257.0,51400.0,2025-09-21 11:02:15.858908
2025-09-21,105964,2025092105000983,NIFRA,Capital Max Securities Ltd,Thrive Brokerage House Pvt. Ltd,254,259.0,65786.0,2025-09-21 11:02:15.858957
2025-09-21,105963,2025092105000984,NIFRA,Capital Max Securities Ltd,Dynamic Money Managers Securities Pvt. Ltd.,146,259.0,37814.0,2025-09-21 11:02:15.858992
2025-09-21,105754,2025092105001053,NIFRA,Linch Stock Market Ltd.,Midas Stock Broking Company Private Limited,54,256.0,13824.0,2025-09-21 11:02:27.390985
2025-09-21,105751,2025092105001055,NIFRA,Neev Securities Pvt. Ltd.,Dynamic Money Managers Securities Pvt. Ltd.,100,259.0,25900.0,2025-09-21 11:02:27.740295
2025-09-21,105613,2025092105001120,NIFRA,Imperial Securities Company Pvt. Ltd.,South Asian Bulls Pvt. Ltd.,32,257.0,8224.0,2025-09-21 11:02:33.855680
2025-09-21,105592,2025092105001132,NIFRA,Nepal Stock House (PVT) Ltd.,Dynamic Money Managers Securities Pvt. Ltd.,54,259.0,13986.0,2025-09-21 11:02:35.347902
2025-09-21,105591,2025092105001133,NIFRA,Nepal Stock House (PVT) Ltd.,Aryatara Investment & Securities,700,259.0,181300.0,2025-09-21 11:02:35.347986
2025-09-21,105590,2025092105001134,NIFRA,Nepal Stock House (PVT) Ltd.,Bhrikuti Stock Broking Co. Pvt. Ltd.,100,259.0,25900.0,2025-09-21 11:02:35.348030
2025-09-21,105589,2025092105001135,NIFRA,Nepal Stock House (PVT) Ltd.,Aryatara Investment & Securities,30,259.0,7770.0,2025-09-21 11:02:35.348077
2025-09-21,105502,2025092105001174,NIFRA,Capital Max Securities Ltd,Midas Stock Broking Company Private Limited,200,259.0,51800.0,2025-09-21 11:02:39.933867
2025-09-21,105095,2025092105001335,NIFRA,Naasa Securities Co. Ltd.,Ashutosh Brokerage & Securities (PVT) Ltd.,54,264.0,14256.0,2025-09-21 11:03:01.152299
2025-09-21,105094,2025092105001336,NIFRA,Naasa Securities Co. Ltd.,Trishakti Securities Public Limited,200,264.0,52800.0,2025-09-21 11:03:01.152341
2025-09-21,105093,2025092105001337,NIFRA,Naasa Securities Co. Ltd.,South Asian Bulls Pvt. Ltd.,46,264.0,12144.0,2025-09-21 11:03:01.152377
2025-09-21,104993,2025092105001370,NIFRA,Investment Management Nepal Pvt. Ltd.,South Asian Bulls Pvt. Ltd.,54,264.0,14256.0,2025-09-21 11:03:08.104266
2025-09-21,104992,2025092105001371,NIFRA,Investment Management Nepal Pvt. Ltd.,Sweta Securities Private Limited,800,264.0,211200.0,2025-09-21 11:03:08.104415
2025-09-21,104991,2025092105001372,NIFRA,Investment Management Nepal Pvt. Ltd.,Global IME Securities Limited,54,264.0,14256.0,2025-09-21 11:03:08.104481
2025-09-21,104895,2025092105001413,NIFRA,Investment Management Nepal Pvt. Ltd.,Online Securities Pvt. Ltd.,92,264.0,24288.0,2025-09-21 11:03:14.250124
2025-09-21,104894,2025092105001414,NIFRA,Imperial Securities Company Pvt. Ltd.,Online Securities Pvt. Ltd.,50,260.0,13000.0,2025-09-21 11:03:14.250221
2025-09-21,104514,2025092105001568,NIFRA,ABC Securities Private Limited,Online Securities Pvt. Ltd.,58,260.0,15080.0,2025-09-21 11:03:35.518926
2025-09-21,104423,2025092105001607,NIFRA,ABC Securities Private Limited,Vision Securities Pvt. Ltd,42,260.0,10920.0,2025-09-21 11:03:41.652533
2025-09-21,104422,2025092105001608,NIFRA,Naasa Securities Co. Ltd.,Vision Securities Pvt. Ltd,58,260.0,15080.0,2025-09-21 11:03:41.652632
2025-09-21,104237,2025092105001686,NIFRA,APPLE SECURITIES PRIVATE LIMITED,Vision Securities Pvt. Ltd,200,260.0,52000.0,2025-09-21 11:03:51.649008
2025-09-21,103774,2025092105001840,NIFRA,Dipshikha Dhitopatra Karobar Co. Pvt Ltd.,Aryatara Investment & Securities,20,264.0,5280.0,2025-09-21 11:04:19.021244
2025-09-21,103694,2025092105001865,NIFRA,Sani Securities Company Ltd.,Aryatara Investment & Securities,100,264.0,26400.0,2025-09-21 11:04:24.314898
2025-09-21,103460,2025092105001951,NIFRA,ABC Securities Private Limited,Aryatara Investment & Securities,80,264.0,21120.0,2025-09-21 11:04:38.388216
2025-09-21,103459,2025092105001952,NIFRA,ABC Securities Private Limited,Sweta Securities Private Limited,20,264.0,5280.0,2025-09-21 11:04:38.388330
2025-09-21,103429,2025092105001957,NIFRA,Naasa Securities Co. Ltd.,Sweta Securities Private Limited,42,264.0,11088.0,2025-09-21 11:04:40.372950
2025-09-21,103428,2025092105001958,NIFRA,Naasa Securities Co. Ltd.,South Asian Bulls Pvt. Ltd.,100,264.0,26400.0,2025-09-21 11:04:40.372987
2025-09-21,103427,2025092105001959,NIFRA,Naasa Securities Co. Ltd.,South Asian Bulls Pvt. Ltd.,38,264.9,10066.2,2025-09-21 11:04:40.373012
2025-09-21,103373,2025092105001982,NIFRA,Oxford Securities Pvt. Ltd.,South Asian Bulls Pvt. Ltd.,500,264.9,132450.0,2025-09-21 11:04:42.030620
2025-09-21,103198,2025092105002035,NIFRA,Secured Securities Ltd.,South Asian Bulls Pvt. Ltd.,20,264.9,5298.0,2025-09-21 11:04:53.425330
2025-09-21,103115,2025092105002071,NIFRA,Imperial Securities Company Pvt. Ltd.,South Asian Bulls Pvt. Ltd.,19,264.9,5033.1,2025-09-21 11:04:56.726999
2025-09-21,103114,2025092105002072,NIFRA,Imperial Securities Company Pvt. Ltd.,ABC Securities Private Limited,81,265.0,21465.0,2025-09-21 11:04:56.727104
2025-09-21,102969,2025092105002108,NIFRA,Opal Securities Investment (PVT) Ltd.,Sweta Securities Private Limited,50,263.0,13150.0,2025-09-21 11:05:06.780455
2025-09-21,102968,2025092105002109,NIFRA,Opal Securities Investment (PVT) Ltd.,ABC Securities Private Limited,150,265.0,39750.0,2025-09-21 11:05:06.780541
2025-09-21,102683,2025092105002200,NIFRA,Sani Securities Company Ltd.,Nepal Stock House (PVT) Ltd.,10,263.7,2637.0,2025-09-21 11:05:22.823292
2025-09-21,102682,2025092105002201,NIFRA,Sani Securities Company Ltd.,Nepal Stock House (PVT) Ltd.,490,264.9,129801.0,2025-09-21 11:05:22.823436
2025-09-21,102543,2025092105002235,NIFRA,Naasa Securities Co. Ltd.,Nepal Stock House (PVT) Ltd.,10,264.9,2649.0,2025-09-21 11:05:31.577155
2025-09-21,102490,2025092105002257,NIFRA,Nepal Stock House (PVT) Ltd.,Aryatara Investment & Securities,10,264.9,2649.0,2025-09-21 11:05:35.030493
2025-09-21,102468,2025092105002258,NIFRA,Naasa Securities Co. Ltd.,Aryatara Investment & Securities,400,264.9,105960.0,2025-09-21 11:05:36.379333
2025-09-21,102374,2025092105002296,NIFRA,Nabil Stock Dealer Ltd.,Aryatara Investment & Securities,100,264.9,26490.0,2025-09-21 11:05:41.248391
2025-09-21,102162,2025092105002349,NIFRA,J.F. Securites (PVT) Ltd.,Dipshikha Dhitopatra Karobar Co. Pvt Ltd.,500,264.8,132400.0,2025-09-21 11:05:54.257063
2025-09-21,102161,2025092105002350,NIFRA,J.F. Securites (PVT) Ltd.,Investment Management Nepal Pvt. Ltd.,1000,264.8,264800.0,2025-09-21 11:05:54.257286
2025-09-21,102160,2025092105002351,NIFRA,J.F. Securites (PVT) Ltd.,Aryatara Investment & Securities,490,264.9,129801.0,2025-09-21 11:05:54.257467
2025-09-21,102159,2025092105002352,NIFRA,J.F. Securites (PVT) Ltd.,ABC Securities Private Limited,157,265.0,41605.0,2025-09-21 11:05:54.257636
2025-09-21,102158,2025092105002353,NIFRA,J.F. Securites (PVT) Ltd.,Nepal Stock House (PVT) Ltd.,500,265.0,132500.0,2025-09-21 11:05:54.257785
2025-09-21,102157,2025092105002354,NIFRA,J.F. Securites (PVT) Ltd.,Bhrikuti Stock Broking Co. Pvt. Ltd.,300,265.0,79500.0,2025-09-21 11:05:54.257955
2025-09-21,102156,2025092105002355,NIFRA,J.F. Securites (PVT) Ltd.,Sweta Securities Private Limited,700,265.0,185500.0,2025-09-21 11:05:54.258101
2025-09-21,102155,2025092105002356,NIFRA,J.F. Securites (PVT) Ltd.,Trishakti Securities Public Limited,100,265.0,26500.0,2025-09-21 11:05:54.258243
2025-09-21,102043,2025092105002402,NIFRA,J.F. Securites (PVT) Ltd.,Secured Securities Ltd.,253,265.0,67045.0,2025-09-21 11:06:00.901203
2025-09-21,102042,2025092105002403,NIFRA,Agrawal Securities (PVT) Ltd.,Secured Securities Ltd.,250,264.0,66000.0,2025-09-21 11:06:00.901321
2025-09-21,102041,2025092105002404,NIFRA,Thrive Brokerage House Pvt. Ltd,Secured Securities Ltd.,25,264.0,6600.0,2025-09-21 11:06:00.901384
2025-09-21,102040,2025092105002405,NIFRA,Asian Securities Private Ltd.,Secured Securities Ltd.,150,263.0,39450.0,2025-09-21 11:06:00.901435
2025-09-21,102039,2025092105002406,NIFRA,Imperial Securities Company Pvt. Ltd.,Secured Securities Ltd.,322,262.1,84396.2,2025-09-21 11:06:00.901482
2025-09-21,102018,2025092105002415,NIFRA,Naasa Securities Co. Ltd.,Online Securities Pvt. Ltd.,95,265.0,25175.0,2025-09-21 11:06:02.252710
2025-09-21,101847,2025092105002472,NIFRA,Capital Max Securities Ltd,Linch Stock Market Ltd.,200,265.0,53000.0,2025-09-21 11:06:11.799532
2025-09-21,101799,2025092105002489,NIFRA,Capital Max Securities Ltd,South Asian Bulls Pvt. Ltd.,100,265.0,26500.0,2025-09-21 11:06:14.698163
2025-09-21,101371,2025092105002622,NIFRA,Naasa Securities Co. Ltd.,Dipshikha Dhitopatra Karobar Co. Pvt Ltd.,500,263.0,131500.0,2025-09-21 11:06:38.385125
2025-09-21,101235,2025092105002664,NIFRA,Naasa Securities Co. Ltd.,Imperial Securities Company Pvt. Ltd.,30,263.0,7890.0,2025-09-21 11:06:45.894966
2025-09-21,101071,2025092105002718,NIFRA,Midas Stock Broking Company Private Limited,Dakshinkali Investment & Securities Pvt. Ltd.,1000,264.0,264000.0,2025-09-21 11:06:54.294100
2025-09-21,101026,2025092105002730,NIFRA,Naasa Securities Co. Ltd.,Malla & Malla Stock Broking Company Pvt. Limited,54,263.0,14202.0,2025-09-21 11:06:55.560139
2025-09-21,100966,2025092105002752,NIFRA,J.F. Securites (PVT) Ltd.,Dakshinkali Investment & Securities Pvt. Ltd.,20,264.0,5280.0,2025-09-21 11:06:59.812498
2025-09-21,100903,2025092105002783,NIFRA,Asian Securities Private Ltd.,Dakshinkali Investment & Securities Pvt. Ltd.,300,264.0,79200.0,2025-09-21 11:07:03.553927
2025-09-21,100804,2025092105002809,NIFRA,Naasa Securities Co. Ltd.,Dakshinkali Investment & Securities Pvt. Ltd.,416,263.0,109408.0,2025-09-21 11:07:09.426629
2025-09-21,100803,2025092105002810,NIFRA,Sundhara Securities Limited,Dakshinkali Investment & Securities Pvt. Ltd.,100,263.0,26300.0,2025-09-21 11:07:09.426762
2025-09-21,100802,2025092105002811,NIFRA,Nepal Stock House (PVT) Ltd.,Dakshinkali Investment & Securities Pvt. Ltd.,50,263.0,13150.0,2025-09-21 11:07:09.426815
2025-09-21,100801,2025092105002812,NIFRA,Sani Securities Company Ltd.,Dakshinkali Investment & Securities Pvt. Ltd.,1000,263.0,263000.0,2025-09-21 11:07:09.426872
2025-09-21,100800,2025092105002813,NIFRA,Market Securities & Exchange (PVT) Ltd.,Dakshinkali Investment & Securities Pvt. Ltd.,434,262.2,113794.8,2025-09-21 11:07:09.426919
2025-09-21,100775,2025092105002822,NIFRA,Dipshikha Dhitopatra Karobar Co. Pvt Ltd.,Dakshinkali Investment & Securities Pvt. Ltd.,500,264.0,132000.0,2025-09-21 11:07:11.437201
2025-09-21,100743,2025092105002833,NIFRA,Naasa Securities Co. Ltd.,S.P.S.A. Securities Limited,49,263.9,12931.1,2025-09-21 11:07:14.638672
2025-09-21,100742,2025092105002834,NIFRA,Naasa Securities Co. Ltd.,Dakshinkali Investment & Securities Pvt. Ltd.,121,264.0,31944.0,2025-09-21 11:07:14.638835
2025-09-21,100624,2025092105002873,NIFRA,Sanima Securities Limited,Online Securities Pvt. Ltd.,39,263.1,10260.9,2025-09-21 11:07:21.712848
2025-09-21,100623,2025092105002874,NIFRA,Investment Management Nepal Pvt. Ltd.,Online Securities Pvt. Ltd.,25,263.0,6575.0,2025-09-21 11:07:21.712955
2025-09-21,100601,2025092105002880,NIFRA,Premier Securities Company Ltd.,Dakshinkali Investment & Securities Pvt. Ltd.,59,264.0,15576.0,2025-09-21 11:07:22.922424
2025-09-21,100460,2025092105002917,NIFRA,APPLE SECURITIES PRIVATE LIMITED,South Asian Bulls Pvt. Ltd.,200,264.9,52980.0,2025-09-21 11:07:29.065640
2025-09-21,100318,2025092105002958,NIFRA,Malla & Malla Stock Broking Company Pvt. Limited,Nepal Stock House (PVT) Ltd.,90,265.0,23850.0,2025-09-21 11:07:35.347823
2025-09-21,100317,2025092105002959,NIFRA,Malla & Malla Stock Broking Company Pvt. Limited,ABC Securities Private Limited,64,265.0,16960.0,2025-09-21 11:07:35.347954
2025-09-21,100181,2025092105003003,NIFRA,Malla & Malla Stock Broking Company Pvt. Limited,Secured Securities Ltd.,46,265.0,12190.0,2025-09-21 11:07:43.280591
2025-09-21,100180,2025092105003004,NIFRA,Aryatara Investment & Securities,Secured Securities Ltd.,100,265.0,26500.0,2025-09-21 11:07:43.280703
2025-09-21,100077,2025092105003041,NIFRA,APPLE SECURITIES PRIVATE LIMITED,Secured Securities Ltd.,100,265.0,26500.0,2025-09-21 11:07:49.739813
2025-09-21,99735,2025092105003142,NIFRA,Aryatara Investment & Securities,S.P.S.A. Securities Limited,10,264.9,2649.0,2025-09-21 11:08:10.229649
2025-09-21,99734,2025092105003143,NIFRA,Aryatara Investment & Securities,Kumari Securities Private Limited,40,264.9,10596.0,2025-09-21 11:08:10.229758
2025-09-21,99673,2025092105003159,NIFRA,Premier Securities Company Ltd.,Dakshinkali Investment & Securities Pvt. Ltd.,441,264.0,116424.0,2025-09-21 11:08:14.362176
2025-09-21,99462,2025092105003219,NIFRA,Sani Securities Company Ltd.,Dakshinkali Investment & Securities Pvt. Ltd.,1559,264.0,411576.0,2025-09-21 11:08:27.528518
2025-09-21,99427,2025092105003232,NIFRA,Sani Securities Company Ltd.,Naasa Securities Co. Ltd.,64,264.0,16896.0,2025-09-21 11:08:30.293878
2025-09-21,99306,2025092105003267,NIFRA,Sani Securities Company Ltd.,Aryatara Investment & Securities,150,264.0,39600.0,2025-09-21 11:08:38.663781
2025-09-21,99289,2025092105003280,NIFRA,Miyo Securities Pvt Ltd,Kumari Securities Private Limited,460,264.9,121854.0,2025-09-21 11:08:39.346938
2025-09-21,99288,2025092105003281,NIFRA,Miyo Securities Pvt Ltd,Secured Securities Ltd.,1540,265.0,408100.0,2025-09-21 11:08:39.347013
2025-09-21,99151,2025092105003314,NIFRA,Sani Securities Company Ltd.,BHOLE GANESH SECURITIES LTD,27,264.0,7128.0,2025-09-21 11:08:46.758590
2025-09-21,99150,2025092105003315,NIFRA,Naasa Securities Co. Ltd.,BHOLE GANESH SECURITIES LTD,297,264.0,78408.0,2025-09-21 11:08:46.758702
2025-09-21,98994,2025092105003378,NIFRA,Investment Management Nepal Pvt. Ltd.,Online Securities Pvt. Ltd.,54,263.0,14202.0,2025-09-21 11:08:57.139688
2025-09-21,98936,2025092105003398,NIFRA,Aryatara Investment & Securities,Naasa Securities Co. Ltd.,225,264.0,59400.0,2025-09-21 11:08:59.124557
2025-09-21,98867,2025092105003418,NIFRA,Investment Management Nepal Pvt. Ltd.,Secured Securities Ltd.,150,263.0,39450.0,2025-09-21 11:09:03.806076
2025-09-21,98795,2025092105003441,NIFRA,Investment Management Nepal Pvt. Ltd.,Sanima Securities Limited,771,263.0,202773.0,2025-09-21 11:09:07.246119
2025-09-21,98794,2025092105003442,NIFRA,Primo Securities (PVT) Ltd.,Sanima Securities Limited,100,263.0,26300.0,2025-09-21 11:09:07.246229
2025-09-21,98790,2025092105003443,NIFRA,Sani Securities Company Ltd.,Sanima Securities Limited,500,263.0,131500.0,2025-09-21 11:09:07.437330
2025-09-21,98773,2025092105003450,NIFRA,Naasa Securities Co. Ltd.,Sanima Securities Limited,53,263.0,13939.0,2025-09-21 11:09:09.325474
2025-09-21,98377,2025092105003587,NIFRA,Market Securities & Exchange (PVT) Ltd.,Investment Management Nepal Pvt. Ltd.,1000,262.2,262200.0,2025-09-21 11:09:33.302388
2025-09-21,98076,2025092105003691,NIFRA,Market Securities & Exchange (PVT) Ltd.,Sumeru Securities Pvt. Ltd.,50,262.2,13110.0,2025-09-21 11:09:54.171413
2025-09-21,98065,2025092105003692,NIFRA,Online Securities Pvt. Ltd.,Sanima Securities Limited,55,263.0,14465.0,2025-09-21 11:09:54.714292
2025-09-21,98035,2025092105003700,NIFRA,Market Securities & Exchange (PVT) Ltd.,Opal Securities Investment (PVT) Ltd.,20,262.2,5244.0,2025-09-21 11:09:56.303269
2025-09-21,97952,2025092105003739,NIFRA,Kumari Securities Private Limited,Sanima Securities Limited,150,263.0,39450.0,2025-09-21 11:10:02.165925
2025-09-21,97943,2025092105003742,NIFRA,Imperial Securities Company Pvt. Ltd.,Sanima Securities Limited,10,263.0,2630.0,2025-09-21 11:10:02.693861
2025-09-21,97941,2025092105003743,NIFRA,Sewa Securities Pvt. Ltd.,Sanima Securities Limited,200,263.0,52600.0,2025-09-21 11:10:02.795611
2025-09-21,97878,2025092105003764,NIFRA,Naasa Securities Co. Ltd.,Dipshikha Dhitopatra Karobar Co. Pvt Ltd.,32,262.5,8400.0,2025-09-21 11:10:07.683912
2025-09-21,97823,2025092105003769,NIFRA,Naasa Securities Co. Ltd.,Kohinoor Investment & Securities Pvt. Ltd.,10,262.5,2625.0,2025-09-21 11:10:10.458374
2025-09-21,97814,2025092105003772,NIFRA,Premier Securities Company Ltd.,Sanima Securities Limited,161,263.0,42343.0,2025-09-21 11:10:10.841142
2025-09-21,97813,2025092105003773,NIFRA,Premier Securities Company Ltd.,Sweta Securities Private Limited,350,263.0,92050.0,2025-09-21 11:10:10.841264
2025-09-21,97590,2025092105003838,NIFRA,Premier Securities Company Ltd.,Swarna Laxmi Securities Pvt. Ltd.,1489,263.0,391607.0,2025-09-21 11:10:22.522526
2025-09-21,97589,2025092105003839,NIFRA,Creative Securities Pvt Ltd,Swarna Laxmi Securities Pvt. Ltd.,100,263.0,26300.0,2025-09-21 11:10:22.522683
2025-09-21,97588,2025092105003840,NIFRA,Naasa Securities Co. Ltd.,Swarna Laxmi Securities Pvt. Ltd.,60,262.5,15750.0,2025-09-21 11:10:22.522757
2025-09-21,97587,2025092105003841,NIFRA,Market Securities & Exchange (PVT) Ltd.,Swarna Laxmi Securities Pvt. Ltd.,351,262.2,92032.2,2025-09-21 11:10:22.522812
2025-09-21,97573,2025092105003849,NIFRA,Market Securities & Exchange (PVT) Ltd.,Capital Max Securities Ltd,145,262.2,38019.0,2025-09-21 11:10:23.011641
2025-09-21,97572,2025092105003850,NIFRA,Ashutosh Brokerage & Securities (PVT) Ltd.,Capital Max Securities Ltd,50,262.2,13110.0,2025-09-21 11:10:23.011789
2025-09-21,97371,2025092105003918,NIFRA,Imperial Securities Company Pvt. Ltd.,Vision Securities Pvt. Ltd,178,262.1,46653.8,2025-09-21 11:10:30.931352
2025-09-21,97370,2025092105003919,NIFRA,Online Securities Pvt. Ltd.,Vision Securities Pvt. Ltd,500,262.0,131000.0,2025-09-21 11:10:30.931478
2025-09-21,97369,2025092105003920,NIFRA,Linch Stock Market Ltd.,Vision Securities Pvt. Ltd,868,262.0,227416.0,2025-09-21 11:10:30.931531
2025-09-21,97364,2025092105003922,NIFRA,Miyo Securities Pvt Ltd,Capital Max Securities Ltd,10,262.2,2622.0,2025-09-21 11:10:31.176374
2025-09-21,97347,2025092105003931,NIFRA,Online Securities Pvt. Ltd.,Capital Max Securities Ltd,22,262.2,5768.4,2025-09-21 11:10:32.590076
2025-09-21,97303,2025092105003945,NIFRA,Linch Stock Market Ltd.,Aryatara Investment & Securities,334,262.0,87508.0,2025-09-21 11:10:34.570905
2025-09-21,97302,2025092105003946,NIFRA,ABC Securities Private Limited,Aryatara Investment & Securities,195,262.0,51090.0,2025-09-21 11:10:34.571071
2025-09-21,97301,2025092105003947,NIFRA,Thrive Brokerage House Pvt. Ltd,Aryatara Investment & Securities,100,262.0,26200.0,2025-09-21 11:10:34.571127
2025-09-21,97300,2025092105003948,NIFRA,Sani Securities Company Ltd.,Aryatara Investment & Securities,11,262.0,2882.0,2025-09-21 11:10:34.571176
2025-09-21,97016,2025092105004032,NIFRA,Sani Securities Company Ltd.,Sani Securities Company Ltd.,500,261.0,130500.0,2025-09-21 11:10:44.811524
2025-09-21,97015,2025092105004033,NIFRA,Naasa Securities Co. Ltd.,Sani Securities Company Ltd.,135,261.0,35235.0,2025-09-21 11:10:44.811652
2025-09-21,97014,2025092105004034,NIFRA,Dynamic Money Managers Securities Pvt. Ltd.,Sani Securities Company Ltd.,100,261.0,26100.0,2025-09-21 11:10:44.811709
2025-09-21,97013,2025092105004035,NIFRA,Naasa Securities Co. Ltd.,Sani Securities Company Ltd.,60,261.0,15660.0,2025-09-21 11:10:44.811760
2025-09-21,96897,2025092105004069,NIFRA,Cristal Kanchanjanga Securites Pvt. Ltd.,Dipshikha Dhitopatra Karobar Co. Pvt Ltd.,950,260.1,247095.0,2025-09-21 11:10:50.408746
2025-09-21,96822,2025092105004105,NIFRA,Investment Management Nepal Pvt. Ltd.,Sani Securities Company Ltd.,100,261.0,26100.0,2025-09-21 11:10:54.787450
2025-09-21,96680,2025092105004147,NIFRA,Cristal Kanchanjanga Securites Pvt. Ltd.,Online Securities Pvt. Ltd.,50,260.1,13005.0,2025-09-21 11:11:00.901708
2025-09-21,96679,2025092105004148,NIFRA,KALASH STOCK MARKET PVT. LTD.,Online Securities Pvt. Ltd.,950,260.1,247095.0,2025-09-21 11:11:00.901830
2025-09-21,96525,2025092105004210,NIFRA,Midas Stock Broking Company Private Limited,Sani Securities Company Ltd.,500,261.0,130500.0,2025-09-21 11:11:07.636310
2025-09-21,96365,2025092105004262,NIFRA,KALASH STOCK MARKET PVT. LTD.,Online Securities Pvt. Ltd.,30,260.1,7803.0,2025-09-21 11:11:11.987341
2025-09-21,96100,2025092105004346,NIFRA,Dynamic Money Managers Securities Pvt. Ltd.,Sani Securities Company Ltd.,110,261.0,28710.0,2025-09-21 11:11:23.209428
2025-09-21,95924,2025092105004394,NIFRA,Naasa Securities Co. Ltd.,Sani Securities Company Ltd.,50,261.0,13050.0,2025-09-21 11:11:31.047076
2025-09-21,95659,2025092105004487,NIFRA,KALASH STOCK MARKET PVT. LTD.,Hatemalo Financial Services Private Limited,20,260.1,5202.0,2025-09-21 11:11:42.192837
2025-09-21,95658,2025092105004488,NIFRA,Naasa Securities Co. Ltd.,Hatemalo Financial Services Private Limited,80,260.1,20808.0,2025-09-21 11:11:42.192929
2025-09-21,95657,2025092105004489,NIFRA,Dipshikha Dhitopatra Karobar Co. Pvt Ltd.,Hatemalo Financial Services Private Limited,10,260.1,2601.0,2025-09-21 11:11:42.192999
2025-09-21,95656,2025092105004490,NIFRA,Naasa Securities Co. Ltd.,Hatemalo Financial Services Private Limited,20,260.0,5200.0,2025-09-21 11:11:42.193074
2025-09-21,95655,2025092105004491,NIFRA,Opal Securities Investment (PVT) Ltd.,Hatemalo Financial Services Private Limited,58,260.0,15080.0,2025-09-21 11:11:42.193153
2025-09-21,95654,2025092105004492,NIFRA,Sweta Securities Private Limited,Hatemalo Financial Services Private Limited,112,260.0,29120.0,2025-09-21 11:11:42.193233
2025-09-21,95399,2025092105004573,NIFRA,Sweta Securities Private Limited,Online Securities Pvt. Ltd.,10,260.0,2600.0,2025-09-21 11:11:52.854986
2025-09-21,95250,2025092105004612,NIFRA,Sweta Securities Private Limited,Vision Securities Pvt. Ltd,54,260.0,14040.0,2025-09-21 11:11:58.507768
2025-09-21,95177,2025092105004637,NIFRA,Sweta Securities Private Limited,Aryatara Investment & Securities,68,260.0,17680.0,2025-09-21 11:12:00.854772
2025-09-21,95113,2025092105004653,NIFRA,Sweta Securities Private Limited,Oxford Securities Pvt. Ltd.,136,260.0,35360.0,2025-09-21 11:12:02.837567
2025-09-21,95069,2025092105004667,NIFRA,Sweta Securities Private Limited,Online Securities Pvt. Ltd.,54,260.0,14040.0,2025-09-21 11:12:04.809966
2025-09-21,94957,2025092105004731,NIFRA,Sweta Securities Private Limited,Market Securities & Exchange (PVT) Ltd.,66,260.0,17160.0,2025-09-21 11:12:07.285752
2025-09-21,94956,2025092105004732,NIFRA,Property Wiard Limited,Market Securities & Exchange (PVT) Ltd.,20,260.0,5200.0,2025-09-21 11:12:07.285867
2025-09-21,94955,2025092105004733,NIFRA,Shree Krishna Securities Ltd.,Market Securities & Exchange (PVT) Ltd.,200,260.0,52000.0,2025-09-21 11:12:07.285925
2025-09-21,94954,2025092105004734,NIFRA,Online Securities Pvt. Ltd.,Market Securities & Exchange (PVT) Ltd.,14,260.0,3640.0,2025-09-21 11:12:07.285975
2025-09-21,94797,2025092105004773,NIFRA,Online Securities Pvt. Ltd.,Linch Stock Market Ltd.,186,260.0,48360.0,2025-09-21 11:12:13.041670
2025-09-21,94796,2025092105004774,NIFRA,Dipshikha Dhitopatra Karobar Co. Pvt Ltd.,Linch Stock Market Ltd.,100,260.0,26000.0,2025-09-21 11:12:13.041908
2025-09-21,94795,2025092105004775,NIFRA,Dipshikha Dhitopatra Karobar Co. Pvt Ltd.,Linch Stock Market Ltd.,20,260.0,5200.0,2025-09-21 11:12:13.042086
2025-09-21,94794,2025092105004776,NIFRA,ABC Securities Private Limited,Linch Stock Market Ltd.,100,260.0,26000.0,2025-09-21 11:12:13.042248
2025-09-21,94793,2025092105004777,NIFRA,Dipshikha Dhitopatra Karobar Co. Pvt Ltd.,Linch Stock Market Ltd.,100,260.0,26000.0,2025-09-21 11:12:13.042419
2025-09-21,94792,2025092105004778,NIFRA,Malla & Malla Stock Broking Company Pvt. Limited,Linch Stock Market Ltd.,100,260.0,26000.0,2025-09-21 11:12:13.042553
2025-09-21,94791,2025092105004779,NIFRA,Asian Securities Private Ltd.,Linch Stock Market Ltd.,300,260.0,78000.0,2025-09-21 11:12:13.042706
2025-09-21,94790,2025092105004780,NIFRA,Naasa Securities Co. Ltd.,Linch Stock Market Ltd.,149,260.0,38740.0,2025-09-21 11:12:13.042857
2025-09-21,94735,2025092105004797,NIFRA,Asian Securities Private Ltd.,Sani Securities Company Ltd.,45,261.0,11745.0,2025-09-21 11:12:15.259657
2025-09-21,94734,2025092105004798,NIFRA,Asian Securities Private Ltd.,Sani Securities Company Ltd.,455,261.0,118755.0,2025-09-21 11:12:15.259759
2025-09-21,94641,2025092105004833,NIFRA,Imperial Securities Company Pvt. Ltd.,Sani Securities Company Ltd.,59,261.0,15399.0,2025-09-21 11:12:19.618665
2025-09-21,94640,2025092105004834,NIFRA,Imperial Securities Company Pvt. Ltd.,Nepal Investment And Securities Trading Private Limited,37,261.0,9657.0,2025-09-21 11:12:19.618895
2025-09-21,94096,2025092105004970,NIFRA,Naasa Securities Co. Ltd.,Sajilo Broker Limited,100,260.0,26000.0,2025-09-21 11:12:43.365532
2025-09-21,94080,2025092105004978,NIFRA,Naasa Securities Co. Ltd.,Imperial Securities Company Pvt. Ltd.,64,260.0,16640.0,2025-09-21 11:12:44.188399
2025-09-21,94019,2025092105004998,NIFRA,Naasa Securities Co. Ltd.,KALASH STOCK MARKET PVT. LTD.,1687,260.0,438620.0,2025-09-21 11:12:47.419582
2025-09-21,94018,2025092105004999,NIFRA,Aakashbhairab Securities Ltd.,KALASH STOCK MARKET PVT. LTD.,1000,260.0,260000.0,2025-09-21 11:12:47.419707
2025-09-21,94017,2025092105005000,NIFRA,Sani Securities Company Ltd.,KALASH STOCK MARKET PVT. LTD.,500,260.0,130000.0,2025-09-21 11:12:47.419750
2025-09-21,94016,2025092105005001,NIFRA,Opal Securities Investment (PVT) Ltd.,KALASH STOCK MARKET PVT. LTD.,25,260.0,6500.0,2025-09-21 11:12:47.419797
2025-09-21,94015,2025092105005002,NIFRA,Online Securities Pvt. Ltd.,KALASH STOCK MARKET PVT. LTD.,1000,260.0,260000.0,2025-09-21 11:12:47.419843
2025-09-21,94014,2025092105005003,NIFRA,Sewa Securities Pvt. Ltd.,KALASH STOCK MARKET PVT. LTD.,165,260.0,42900.0,2025-09-21 11:12:47.419888
2025-09-21,93814,2025092105005079,NIFRA,Arun Securities (PVT) Ltd.,KALASH STOCK MARKET PVT. LTD.,100,260.0,26000.0,2025-09-21 11:12:58.070198
2025-09-21,93630,2025092105005140,NIFRA,Malla & Malla Stock Broking Company Pvt. Limited,KALASH STOCK MARKET PVT. LTD.,200,260.0,52000.0,2025-09-21 11:13:06.554134
2025-09-21,93623,2025092105005143,NIFRA,Opal Securities Investment (PVT) Ltd.,KALASH STOCK MARKET PVT. LTD.,150,260.0,39000.0,2025-09-21 11:13:07.118009
2025-09-21,93088,2025092105005287,NIFRA,Imperial Securities Company Pvt. Ltd.,Naasa Securities Co. Ltd.,50,258.0,12900.0,2025-09-21 11:13:31.488366
2025-09-21,93087,2025092105005288,NIFRA,Investment Management Nepal Pvt. Ltd.,Naasa Securities Co. Ltd.,14,258.0,3612.0,2025-09-21 11:13:31.488472
2025-09-21,92944,2025092105005331,NIFRA,Investment Management Nepal Pvt. Ltd.,Dynamic Money Managers Securities Pvt. Ltd.,50,258.0,12900.0,2025-09-21 11:13:38.464139
2025-09-21,92908,2025092105005338,NIFRA,Investment Management Nepal Pvt. Ltd.,Premier Securities Company Ltd.,100,258.0,25800.0,2025-09-21 11:13:39.629726
2025-09-21,92258,2025092105005496,NIFRA,Investment Management Nepal Pvt. Ltd.,Trishakti Securities Public Limited,60,258.0,15480.0,2025-09-21 11:14:08.517472
2025-09-21,92088,2025092105005556,NIFRA,Investment Management Nepal Pvt. Ltd.,Midas Stock Broking Company Private Limited,200,258.0,51600.0,2025-09-21 11:14:16.070459
2025-09-21,91946,2025092105005597,NIFRA,Investment Management Nepal Pvt. Ltd.,Secured Securities Ltd.,76,258.0,19608.0,2025-09-21 11:14:23.822630
2025-09-21,91945,2025092105005598,NIFRA,Aryatara Investment & Securities,Secured Securities Ltd.,10,258.0,2580.0,2025-09-21 11:14:23.822749
2025-09-21,91905,2025092105005614,NIFRA,Hatemalo Financial Services Private Limited,Secured Securities Ltd.,100,258.0,25800.0,2025-09-21 11:14:26.906867
2025-09-21,91557,2025092105005721,NIFRA,Shree Krishna Securities Ltd.,Secured Securities Ltd.,55,258.0,14190.0,2025-09-21 11:14:46.792902
2025-09-21,91535,2025092105005727,NIFRA,Sani Securities Company Ltd.,Secured Securities Ltd.,200,258.0,51600.0,2025-09-21 11:14:48.116522
2025-09-21,91440,2025092105005764,NIFRA,Nepal Stock House (PVT) Ltd.,Imperial Securities Company Pvt. Ltd.,64,257.1,16454.4,2025-09-21 11:14:52.599682
2025-09-21,91342,2025092105005797,NIFRA,Nepal Stock House (PVT) Ltd.,Siprabi Securities Pvt. Ltd.,36,257.1,9255.6,2025-09-21 11:14:59.079261
2025-09-21,91341,2025092105005798,NIFRA,Nepal Stock House (PVT) Ltd.,Siprabi Securities Pvt. Ltd.,28,257.1,7198.8,2025-09-21 11:14:59.079474
2025-09-21,91256,2025092105005824,NIFRA,Oxford Securities Pvt. Ltd.,Secured Securities Ltd.,100,258.0,25800.0,2025-09-21 11:15:03.556667
2025-09-21,91191,2025092105005844,NIFRA,Dynamic Money Managers Securities Pvt. Ltd.,Secured Securities Ltd.,75,258.0,19350.0,2025-09-21 11:15:07.085639
2025-09-21,91101,2025092105005877,NIFRA,Nepal Stock House (PVT) Ltd.,Aryatara Investment & Securities,50,257.1,12855.0,2025-09-21 11:15:12.042847
2025-09-21,90977,2025092105005912,NIFRA,Nepal Stock House (PVT) Ltd.,Sharepro Securities Private Limited,122,257.1,31366.2,2025-09-21 11:15:17.110611
2025-09-21,90803,2025092105005975,NIFRA,Kohinoor Investment & Securities Pvt. Ltd.,Sharepro Securities Private Limited,90,257.1,23139.0,2025-09-21 11:15:24.961542
2025-09-21,90759,2025092105005988,NIFRA,Global IME Securities Limited,Imperial Securities Company Pvt. Ltd.,50,257.0,12850.0,2025-09-21 11:15:27.528017
2025-09-21,90650,2025092105006026,NIFRA,Global IME Securities Limited,Deevyaa Securities & Stock House Pvt. Ltd,64,257.0,16448.0,2025-09-21 11:15:32.627690
2025-09-21,90623,2025092105006034,NIFRA,Naasa Securities Co. Ltd.,Sharepro Securities Private Limited,10,257.1,2571.0,2025-09-21 11:15:34.174840
2025-09-21,90514,2025092105006070,NIFRA,Nepal Investment And Securities Trading Private Limited,Sharepro Securities Private Limited,75,257.1,19282.5,2025-09-21 11:15:39.701949
2025-09-21,90493,2025092105006078,NIFRA,Global IME Securities Limited,Imperial Securities Company Pvt. Ltd.,10,257.0,2570.0,2025-09-21 11:15:41.705248
2025-09-21,90425,2025092105006099,NIFRA,Global IME Securities Limited,Capital Max Securities Ltd,273,257.0,70161.0,2025-09-21 11:15:44.975232
2025-09-21,90379,2025092105006111,NIFRA,Global IME Securities Limited,Vision Securities Pvt. Ltd,64,257.0,16448.0,2025-09-21 11:15:47.074399
2025-09-21,90372,2025092105006116,NIFRA,Global IME Securities Limited,Sri Hari Securities Pvt. Ltd.,248,257.0,63736.0,2025-09-21 11:15:47.160906
2025-09-21,90317,2025092105006132,NIFRA,Dynamic Money Managers Securities Pvt. Ltd.,Secured Securities Ltd.,122,258.0,31476.0,2025-09-21 11:15:50.300642
2025-09-21,89922,2025092105006287,NIFRA,ABC Securities Private Limited,Trishakti Securities Public Limited,64,257.5,16480.0,2025-09-21 11:16:10.980288
2025-09-21,89832,2025092105006314,NIFRA,ABC Securities Private Limited,Imperial Securities Company Pvt. Ltd.,36,257.5,9270.0,2025-09-21 11:16:16.295069
2025-09-21,89593,2025092105006398,NIFRA,Global IME Securities Limited,Imperial Securities Company Pvt. Ltd.,64,257.0,16448.0,2025-09-21 11:16:29.891481
2025-09-21,89529,2025092105006420,NIFRA,Global IME Securities Limited,Imperial Securities Company Pvt. Ltd.,227,257.0,58339.0,2025-09-21 11:16:33.470178
2025-09-21,89466,2025092105006448,NIFRA,Imperial Securities Company Pvt. Ltd.,Imperial Securities Company Pvt. Ltd.,10,257.0,2570.0,2025-09-21 11:16:37.240787
2025-09-21,89450,2025092105006453,NIFRA,Naasa Securities Co. Ltd.,Sani Securities Company Ltd.,4,255.0,1020.0,2025-09-21 11:16:37.959767
2025-09-21,89377,2025092105006471,NIFRA,Linch Stock Market Ltd.,Capital Max Securities Ltd,54,256.0,13824.0,2025-09-21 11:16:42.615138
2025-09-21,89063,2025092105006575,NIFRA,Linch Stock Market Ltd.,Kalika Securities Pvt. Ltd.,54,256.0,13824.0,2025-09-21 11:17:00.752747
2025-09-21,89019,2025092105006594,NIFRA,Linch Stock Market Ltd.,Kohinoor Investment & Securities Pvt. Ltd.,54,256.0,13824.0,2025-09-21 11:17:03.349235
2025-09-21,88844,2025092105006665,NIFRA,Linch Stock Market Ltd.,Imperial Securities Company Pvt. Ltd.,31,256.0,7936.0,2025-09-21 11:17:16.186247
2025-09-21,88619,2025092105006774,NIFRA,Linch Stock Market Ltd.,Siprabi Securities Pvt. Ltd.,53,256.0,13568.0,2025-09-21 11:17:30.284730
2025-09-21,88568,2025092105006796,NIFRA,Malla & Malla Stock Broking Company Pvt. Limited,Online Securities Pvt. Ltd.,54,256.0,13824.0,2025-09-21 11:17:36.189601
2025-09-21,88531,2025092105006807,NIFRA,Malla & Malla Stock Broking Company Pvt. Limited,Asian Securities Private Ltd.,46,256.0,11776.0,2025-09-21 11:17:38.153797
2025-09-21,88088,2025092105006957,NIFRA,Primo Securities (PVT) Ltd.,Linch Stock Market Ltd.,54,256.0,13824.0,2025-09-21 11:18:05.614778
2025-09-21,88080,2025092105006961,NIFRA,Primo Securities (PVT) Ltd.,Imperial Securities Company Pvt. Ltd.,20,256.0,5120.0,2025-09-21 11:18:06.154824
2025-09-21,87935,2025092105006996,NIFRA,Dynamic Money Managers Securities Pvt. Ltd.,ABC Securities Private Limited,20,256.6,5132.0,2025-09-21 11:18:17.084425
2025-09-21,87496,2025092105007136,NIFRA,Midas Stock Broking Company Private Limited,Sweta Securities Private Limited,54,256.1,13829.4,2025-09-21 11:18:45.149181
2025-09-21,87440,2025092105007148,NIFRA,Online Securities Pvt. Ltd.,ABC Securities Private Limited,480,256.6,123168.0,2025-09-21 11:18:48.652589
2025-09-21,87349,2025092105007175,NIFRA,Shree Krishna Securities Ltd.,Dynamic Money Managers Securities Pvt. Ltd.,64,256.6,16422.4,2025-09-21 11:18:54.294422
2025-09-21,87265,2025092105007224,NIFRA,Shree Krishna Securities Ltd.,Dynamic Money Managers Securities Pvt. Ltd.,34,256.6,8724.4,2025-09-21 11:19:00.148215
2025-09-21,87201,2025092105007237,NIFRA,Shree Krishna Securities Ltd.,Sweta Securities Private Limited,11,256.6,2822.6,2025-09-21 11:19:04.745660
2025-09-21,87200,2025092105007238,NIFRA,Midas Stock Broking Company Private Limited,Sweta Securities Private Limited,53,256.1,13573.3,2025-09-21 11:19:04.745883
2025-09-21,87182,2025092105007242,NIFRA,Midas Stock Broking Company Private Limited,Sweta Securities Private Limited,30,256.1,7683.0,2025-09-21 11:19:06.379802
2025-09-21,87058,2025092105007296,NIFRA,Midas Stock Broking Company Private Limited,Sani Securities Company Ltd.,54,256.1,13829.4,2025-09-21 11:19:14.916923
2025-09-21,86413,2025092105007519,NIFRA,Midas Stock Broking Company Private Limited,Thrive Brokerage House Pvt. Ltd,40,256.1,10244.0,2025-09-21 11:19:57.489280
2025-09-21,86272,2025092105007573,NIFRA,Midas Stock Broking Company Private Limited,Sweta Securities Private Limited,54,256.1,13829.4,2025-09-21 11:20:08.835206
2025-09-21,86267,2025092105007576,NIFRA,Midas Stock Broking Company Private Limited,Sundhara Securities Limited,54,256.1,13829.4,2025-09-21 11:20:09.101123
2025-09-21,86205,2025092105007594,NIFRA,Dynamic Money Managers Securities Pvt. Ltd.,Naasa Securities Co. Ltd.,80,256.6,20528.0,2025-09-21 11:20:14.181797
2025-09-21,86200,2025092105007596,NIFRA,Dynamic Money Managers Securities Pvt. Ltd.,Imperial Securities Company Pvt. Ltd.,64,256.6,16422.4,2025-09-21 11:20:14.627992
2025-09-21,86199,2025092105007597,NIFRA,Dynamic Money Managers Securities Pvt. Ltd.,Online Securities Pvt. Ltd.,80,256.6,20528.0,2025-09-21 11:20:14.641471
2025-09-21,86154,2025092105007607,NIFRA,Midas Stock Broking Company Private Limited,Imperial Securities Company Pvt. Ltd.,14,256.1,3585.4,2025-09-21 11:20:18.313528
2025-09-21,85916,2025092105007679,NIFRA,Bhrikuti Stock Broking Co. Pvt. Ltd.,Sundhara Securities Limited,20,257.0,5140.0,2025-09-21 11:20:35.438294
2025-09-21,85586,2025092105007812,NIFRA,Bhrikuti Stock Broking Co. Pvt. Ltd.,Siprabi Securities Pvt. Ltd.,64,257.0,16448.0,2025-09-21 11:21:01.539148
2025-09-21,85565,2025092105007824,NIFRA,Midas Stock Broking Company Private Limited,Secured Securities Ltd.,262,258.0,67596.0,2025-09-21 11:21:02.425839
2025-09-21,85564,2025092105007825,NIFRA,Midas Stock Broking Company Private Limited,ABC Securities Private Limited,54,258.0,13932.0,2025-09-21 11:21:02.425975
2025-09-21,85563,2025092105007826,NIFRA,Midas Stock Broking Company Private Limited,Naasa Securities Co. Ltd.,43,258.0,11094.0,2025-09-21 11:21:02.426034
2025-09-21,85562,2025092105007827,NIFRA,Midas Stock Broking Company Private Limited,Bhrikuti Stock Broking Co. Pvt. Ltd.,100,258.0,25800.0,2025-09-21 11:21:02.426094
2025-09-21,85561,2025092105007828,NIFRA,Midas Stock Broking Company Private Limited,Midas Stock Broking Company Private Limited,30,258.0,7740.0,2025-09-21 11:21:02.426152
2025-09-21,85560,2025092105007829,NIFRA,Midas Stock Broking Company Private Limited,Agrawal Securities (PVT) Ltd.,211,258.0,54438.0,2025-09-21 11:21:02.426225
2025-09-21,85483,2025092105007866,NIFRA,Bhrikuti Stock Broking Co. Pvt. Ltd.,Imperial Securities Company Pvt. Ltd.,64,257.0,16448.0,2025-09-21 11:21:07.845846
2025-09-21,85432,2025092105007885,NIFRA,Dynamic Money Managers Securities Pvt. Ltd.,Nepal Stock House (PVT) Ltd.,10,257.2,2572.0,2025-09-21 11:21:10.436623
2025-09-21,85407,2025092105007893,NIFRA,APPLE SECURITIES PRIVATE LIMITED,Nepal Stock House (PVT) Ltd.,20,257.2,5144.0,2025-09-21 11:21:12.469081
2025-09-21,85145,2025092105007987,NIFRA,APPLE SECURITIES PRIVATE LIMITED,Oxford Securities Pvt. Ltd.,100,257.2,25720.0,2025-09-21 11:21:32.461257
2025-09-21,85084,2025092105008000,NIFRA,Midas Stock Broking Company Private Limited,Thrive Brokerage House Pvt. Ltd,50,257.3,12865.0,2025-09-21 11:21:37.797384
2025-09-21,85080,2025092105008002,NIFRA,APPLE SECURITIES PRIVATE LIMITED,Sundhara Securities Limited,160,257.2,41152.0,2025-09-21 11:21:38.811511
2025-09-21,85027,2025092105008025,NIFRA,APPLE SECURITIES PRIVATE LIMITED,Online Securities Pvt. Ltd.,54,257.2,13888.8,2025-09-21 11:21:43.752095
2025-09-21,84778,2025092105008094,NIFRA,Ashutosh Brokerage & Securities (PVT) Ltd.,Agrawal Securities (PVT) Ltd.,39,258.0,10062.0,2025-09-21 11:22:01.309801
2025-09-21,84576,2025092105008165,NIFRA,Vision Securities Pvt. Ltd,KALASH STOCK MARKET PVT. LTD.,95,260.0,24700.0,2025-09-21 11:22:16.644969
2025-09-21,84527,2025092105008184,NIFRA,Dynamic Money Managers Securities Pvt. Ltd.,KALASH STOCK MARKET PVT. LTD.,78,260.0,20280.0,2025-09-21 11:22:19.314708
2025-09-21,84526,2025092105008185,NIFRA,Dynamic Money Managers Securities Pvt. Ltd.,Thrive Brokerage House Pvt. Ltd,36,260.0,9360.0,2025-09-21 11:22:19.314834
2025-09-21,84514,2025092105008191,NIFRA,Siprabi Securities Pvt. Ltd.,Thrive Brokerage House Pvt. Ltd,100,260.0,26000.0,2025-09-21 11:22:20.097340
2025-09-21,84507,2025092105008192,NIFRA,Midas Stock Broking Company Private Limited,Thrive Brokerage House Pvt. Ltd,250,260.0,65000.0,2025-09-21 11:22:20.490238
2025-09-21,84377,2025092105008234,NIFRA,Imperial Securities Company Pvt. Ltd.,Kohinoor Investment & Securities Pvt. Ltd.,100,260.0,26000.0,2025-09-21 11:22:26.996676
2025-09-21,84376,2025092105008235,NIFRA,Imperial Securities Company Pvt. Ltd.,Naasa Securities Co. Ltd.,24,260.0,6240.0,2025-09-21 11:22:26.996852
2025-09-21,84375,2025092105008236,NIFRA,Imperial Securities Company Pvt. Ltd.,Sani Securities Company Ltd.,54,260.0,14040.0,2025-09-21 11:22:26.996920
2025-09-21,84374,2025092105008237,NIFRA,Imperial Securities Company Pvt. Ltd.,Naasa Securities Co. Ltd.,64,260.0,16640.0,2025-09-21 11:22:26.997000
2025-09-21,84373,2025092105008238,NIFRA,Imperial Securities Company Pvt. Ltd.,Linch Stock Market Ltd.,258,260.0,67080.0,2025-09-21 11:22:26.997078
2025-09-21,84352,2025092105008246,NIFRA,Premier Securities Company Ltd.,Linch Stock Market Ltd.,40,260.0,10400.0,2025-09-21 11:22:28.452304
2025-09-21,84235,2025092105008278,NIFRA,J.F. Securites (PVT) Ltd.,Secured Securities Ltd.,100,258.0,25800.0,2025-09-21 11:22:35.048682
2025-09-21,84234,2025092105008279,NIFRA,Swarna Laxmi Securities Pvt. Ltd.,Secured Securities Ltd.,1000,258.0,258000.0,2025-09-21 11:22:35.048822
2025-09-21,84233,2025092105008280,NIFRA,Citizens Share Broker Limited,Secured Securities Ltd.,146,258.0,37668.0,2025-09-21 11:22:35.048884
2025-09-21,84232,2025092105008281,NIFRA,Dynamic Money Managers Securities Pvt. Ltd.,Secured Securities Ltd.,1754,257.6,451830.4,2025-09-21 11:22:35.048948
2025-09-21,84144,2025092105008310,NIFRA,Naasa Securities Co. Ltd.,Linch Stock Market Ltd.,100,260.0,26000.0,2025-09-21 11:22:42.642636
2025-09-21,84138,2025092105008311,NIFRA,KALASH STOCK MARKET PVT. LTD.,Linch Stock Market Ltd.,102,260.0,26520.0,2025-09-21 11:22:43.013481
2025-09-21,84137,2025092105008312,NIFRA,KALASH STOCK MARKET PVT. LTD.,Trisul Securities & Invt. Ltd.,398,260.0,103480.0,2025-09-21 11:22:43.013668
2025-09-21,84041,2025092105008328,NIFRA,Investment Management Nepal Pvt. Ltd.,Trisul Securities & Invt. Ltd.,500,260.0,130000.0,2025-09-21 11:22:49.189734
2025-09-21,83690,2025092105008431,NIFRA,Ashutosh Brokerage & Securities (PVT) Ltd.,Trisul Securities & Invt. Ltd.,1000,260.0,260000.0,2025-09-21 11:23:13.661549
2025-09-21,83421,2025092105008523,NIFRA,Capital Max Securities Ltd,Sweta Securities Private Limited,100,259.9,25990.0,2025-09-21 11:23:32.775057
2025-09-21,83420,2025092105008524,NIFRA,Capital Max Securities Ltd,Capital Max Securities Ltd,20,260.0,5200.0,2025-09-21 11:23:32.775209
2025-09-21,83419,2025092105008525,NIFRA,Capital Max Securities Ltd,Imperial Securities Company Pvt. Ltd.,64,260.0,16640.0,2025-09-21 11:23:32.775385
2025-09-21,83275,2025092105008572,NIFRA,Midas Stock Broking Company Private Limited,Nepal Investment And Securities Trading Private Limited,23,261.0,6003.0,2025-09-21 11:23:43.273825
2025-09-21,83274,2025092105008573,NIFRA,Midas Stock Broking Company Private Limited,Dipshikha Dhitopatra Karobar Co. Pvt Ltd.,100,261.0,26100.0,2025-09-21 11:23:43.273969
2025-09-21,83273,2025092105008574,NIFRA,Midas Stock Broking Company Private Limited,Sri Hari Securities Pvt. Ltd.,24,261.0,6264.0,2025-09-21 11:23:43.274035
2025-09-21,83265,2025092105008576,NIFRA,Capital Max Securities Ltd,Imperial Securities Company Pvt. Ltd.,40,260.0,10400.0,2025-09-21 11:23:44.229245
2025-09-21,82888,2025092105008682,NIFRA,Thrive Brokerage House Pvt. Ltd,Sri Hari Securities Pvt. Ltd.,20,261.0,5220.0,2025-09-21 11:24:11.805521
2025-09-21,82855,2025092105008693,NIFRA,Naasa Securities Co. Ltd.,Sipla Securities Private Limited,10,260.1,2601.0,2025-09-21 11:24:14.348712
2025-09-21,82595,2025092105008756,NIFRA,Naasa Securities Co. Ltd.,Naasa Securities Co. Ltd.,90,260.1,23409.0,2025-09-21 11:24:31.344588
2025-09-21,82594,2025092105008757,NIFRA,Sundhara Securities Limited,Naasa Securities Co. Ltd.,90,260.1,23409.0,2025-09-21 11:24:31.344785
2025-09-21,82499,2025092105008791,NIFRA,Sundhara Securities Limited,Aryatara Investment & Securities,10,260.1,2601.0,2025-09-21 11:24:39.677219
2025-09-21,82497,2025092105008792,NIFRA,Linch Stock Market Ltd.,Sri Hari Securities Pvt. Ltd.,10,261.0,2610.0,2025-09-21 11:24:39.690011
2025-09-21,82496,2025092105008793,NIFRA,Linch Stock Market Ltd.,Imperial Securities Company Pvt. Ltd.,70,262.0,18340.0,2025-09-21 11:24:39.690155
2025-09-21,82495,2025092105008794,NIFRA,Linch Stock Market Ltd.,Vision Securities Pvt. Ltd,118,262.0,30916.0,2025-09-21 11:24:39.690229
2025-09-21,82433,2025092105008815,NIFRA,Linch Stock Market Ltd.,Midas Stock Broking Company Private Limited,54,262.0,14148.0,2025-09-21 11:24:45.743296
2025-09-21,82330,2025092105008843,NIFRA,Linch Stock Market Ltd.,Magnet Securities and Investment Company Private Limited,148,263.0,38924.0,2025-09-21 11:24:56.544597
2025-09-21,82319,2025092105008849,NIFRA,APPLE SECURITIES PRIVATE LIMITED,Vision Securities Pvt. Ltd,64,262.1,16774.4,2025-09-21 11:24:56.971952
2025-09-21,82286,2025092105008860,NIFRA,Aryatara Investment & Securities,Magnet Securities and Investment Company Private Limited,852,263.0,224076.0,2025-09-21 11:25:00.831964
2025-09-21,82285,2025092105008861,NIFRA,Aryatara Investment & Securities,Naasa Securities Co. Ltd.,50,263.0,13150.0,2025-09-21 11:25:00.832137
2025-09-21,82284,2025092105008862,NIFRA,Aryatara Investment & Securities,Kohinoor Investment & Securities Pvt. Ltd.,100,263.0,26300.0,2025-09-21 11:25:00.832213
2025-09-21,82283,2025092105008863,NIFRA,Aryatara Investment & Securities,Sani Securities Company Ltd.,1470,263.0,386610.0,2025-09-21 11:25:00.832335
2025-09-21,82282,2025092105008864,NIFRA,Aryatara Investment & Securities,Nepal Stock House (PVT) Ltd.,10,263.0,2630.0,2025-09-21 11:25:00.856300
2025-09-21,82117,2025092105008904,NIFRA,Aryatara Investment & Securities,Investment Management Nepal Pvt. Ltd.,18,263.0,4734.0,2025-09-21 11:25:17.369002
2025-09-21,82116,2025092105008905,NIFRA,Deevyaa Securities & Stock House Pvt. Ltd,Investment Management Nepal Pvt. Ltd.,25,263.0,6575.0,2025-09-21 11:25:17.369221
2025-09-21,81374,2025092105009163,NIFRA,BHOLE GANESH SECURITIES LTD,Naasa Securities Co. Ltd.,20,263.2,5264.0,2025-09-21 11:26:30.300647
2025-09-21,81373,2025092105009164,NIFRA,Deevyaa Securities & Stock House Pvt. Ltd,Naasa Securities Co. Ltd.,175,263.0,46025.0,2025-09-21 11:26:30.300760
2025-09-21,81372,2025092105009165,NIFRA,Naasa Securities Co. Ltd.,Naasa Securities Co. Ltd.,70,263.0,18410.0,2025-09-21 11:26:30.300833
2025-09-21,81371,2025092105009166,NIFRA,APPLE SECURITIES PRIVATE LIMITED,Naasa Securities Co. Ltd.,102,262.1,26734.2,2025-09-21 11:26:30.300907
2025-09-21,81370,2025092105009167,NIFRA,Sewa Securities Pvt. Ltd.,Naasa Securities Co. Ltd.,100,261.0,26100.0,2025-09-21 11:26:30.300993
2025-09-21,81369,2025092105009168,NIFRA,Swarna Laxmi Securities Pvt. Ltd.,Naasa Securities Co. Ltd.,100,260.2,26020.0,2025-09-21 11:26:30.301068
2025-09-21,81368,2025092105009169,NIFRA,Naasa Securities Co. Ltd.,Naasa Securities Co. Ltd.,10,260.1,2601.0,2025-09-21 11:26:30.301142
2025-09-21,81367,2025092105009170,NIFRA,Capital Max Securities Ltd,Naasa Securities Co. Ltd.,276,260.0,71760.0,2025-09-21 11:26:30.301218
2025-09-21,81366,2025092105009171,NIFRA,Premier Securities Company Ltd.,Naasa Securities Co. Ltd.,147,260.0,38220.0,2025-09-21 11:26:30.301307
2025-09-21,81314,2025092105009186,NIFRA,Creative Securities Pvt Ltd,Naasa Securities Co. Ltd.,141,264.0,37224.0,2025-09-21 11:26:33.203157
2025-09-21,81313,2025092105009187,NIFRA,Creative Securities Pvt Ltd,Sumeru Securities Pvt. Ltd.,70,264.0,18480.0,2025-09-21 11:26:33.203193
2025-09-21,81312,2025092105009188,NIFRA,Creative Securities Pvt Ltd,Vision Securities Pvt. Ltd,100,264.0,26400.0,2025-09-21 11:26:33.203216
2025-09-21,81311,2025092105009189,NIFRA,Creative Securities Pvt Ltd,Investment Management Nepal Pvt. Ltd.,689,264.6,182309.4,2025-09-21 11:26:33.203243
2025-09-21,80953,2025092105009310,NIFRA,Vision Securities Pvt. Ltd,Investment Management Nepal Pvt. Ltd.,25,264.6,6615.0,2025-09-21 11:27:06.460476
2025-09-21,80857,2025092105009346,NIFRA,Trishakti Securities Public Limited,Magnet Securities and Investment Company Private Limited,54,260.1,14045.4,2025-09-21 11:27:14.844000
2025-09-21,80431,2025092105009480,NIFRA,Trishakti Securities Public Limited,Imperial Securities Company Pvt. Ltd.,32,260.1,8323.2,2025-09-21 11:27:58.538646
2025-09-21,80133,2025092105009572,NIFRA,Trishakti Securities Public Limited,Midas Stock Broking Company Private Limited,54,260.1,14045.4,2025-09-21 11:28:28.725073
2025-09-21,80037,2025092105009606,NIFRA,Agrawal Securities (PVT) Ltd.,ABC Securities Private Limited,500,263.0,131500.0,2025-09-21 11:28:39.375110
2025-09-21,79329,2025092105009790,NIFRA,Siprabi Securities Pvt. Ltd.,Trishakti Securities Public Limited,32,260.5,8336.0,2025-09-21 11:29:49.903739
2025-09-21,79269,2025092105009815,NIFRA,Opal Securities Investment (PVT) Ltd.,Dipshikha Dhitopatra Karobar Co. Pvt Ltd.,10,263.0,2630.0,2025-09-21 11:29:55.651823
2025-09-21,79209,2025092105009829,NIFRA,Bhrikuti Stock Broking Co. Pvt. Ltd.,Dipshikha Dhitopatra Karobar Co. Pvt Ltd.,152,263.0,39976.0,2025-09-21 11:30:00.771060
2025-09-21,78928,2025092105009933,NIFRA,Neev Securities Pvt. Ltd.,Nabil Stock Dealer Ltd.,54,261.0,14094.0,2025-09-21 11:30:34.873062
2025-09-21,78472,2025092105010078,NIFRA,Neev Securities Pvt. Ltd.,Siprabi Securities Pvt. Ltd.,25,261.0,6525.0,2025-09-21 11:31:16.153578
2025-09-21,78160,2025092105010152,NIFRA,Neev Securities Pvt. Ltd.,Imperial Securities Company Pvt. Ltd.,80,262.9,21032.0,2025-09-21 11:31:44.921048
2025-09-21,78159,2025092105010153,NIFRA,Neev Securities Pvt. Ltd.,Bhrikuti Stock Broking Co. Pvt. Ltd.,54,262.9,14196.6,2025-09-21 11:31:44.921241
2025-09-21,78158,2025092105010154,NIFRA,Neev Securities Pvt. Ltd.,Dipshikha Dhitopatra Karobar Co. Pvt Ltd.,866,263.0,227758.0,2025-09-21 11:31:44.921351
2025-09-21,78064,2025092105010201,NIFRA,Neev Securities Pvt. Ltd.,Shree Krishna Securities Ltd.,54,261.0,14094.0,2025-09-21 11:31:55.503232
2025-09-21,77942,2025092105010250,NIFRA,Midas Stock Broking Company Private Limited,Secured Securities Ltd.,1000,262.0,262000.0,2025-09-21 11:32:07.880523
2025-09-21,77934,2025092105010252,NIFRA,Neev Securities Pvt. Ltd.,Kalika Securities Pvt. Ltd.,64,262.0,16768.0,2025-09-21 11:32:09.283875
2025-09-21,77852,2025092105010280,NIFRA,Linch Stock Market Ltd.,Dipshikha Dhitopatra Karobar Co. Pvt Ltd.,200,263.0,52600.0,2025-09-21 11:32:18.718629
2025-09-21,77789,2025092105010310,NIFRA,Sewa Securities Pvt. Ltd.,Dipshikha Dhitopatra Karobar Co. Pvt Ltd.,281,263.0,73903.0,2025-09-21 11:32:26.491573
2025-09-21,77695,2025092105010340,NIFRA,Sewa Securities Pvt. Ltd.,South Asian Bulls Pvt. Ltd.,21,263.0,5523.0,2025-09-21 11:32:36.661245
2025-09-21,77623,2025092105010362,NIFRA,KALASH STOCK MARKET PVT. LTD.,Imperial Securities Company Pvt. Ltd.,200,263.9,52780.0,2025-09-21 11:32:43.840194
2025-09-21,77524,2025092105010403,NIFRA,Kohinoor Investment & Securities Pvt. Ltd.,Kohinoor Investment & Securities Pvt. Ltd.,80,263.1,21048.0,2025-09-21 11:32:54.684349
2025-09-21,77487,2025092105010415,NIFRA,Malla & Malla Stock Broking Company Pvt. Limited,Imperial Securities Company Pvt. Ltd.,100,263.9,26390.0,2025-09-21 11:32:58.044111
2025-09-21,77281,2025092105010481,NIFRA,Kohinoor Investment & Securities Pvt. Ltd.,Sumeru Securities Pvt. Ltd.,64,263.1,16838.4,2025-09-21 11:33:21.510717
2025-09-21,77234,2025092105010500,NIFRA,Online Securities Pvt. Ltd.,Investment Management Nepal Pvt. Ltd.,90,263.8,23742.0,2025-09-21 11:33:25.104893
2025-09-21,77046,2025092105010561,NIFRA,KALASH STOCK MARKET PVT. LTD.,Investment Management Nepal Pvt. Ltd.,500,263.8,131900.0,2025-09-21 11:33:43.357210
2025-09-21,76994,2025092105010570,NIFRA,Kohinoor Investment & Securities Pvt. Ltd.,Property Wiard Limited,856,263.1,225213.6,2025-09-21 11:33:47.264111
2025-09-21,76993,2025092105010571,NIFRA,Creative Securities Pvt Ltd,Property Wiard Limited,144,263.1,37886.4,2025-09-21 11:33:47.264504
2025-09-21,76991,2025092105010573,NIFRA,Creative Securities Pvt Ltd,Agrawal Securities (PVT) Ltd.,200,263.1,52620.0,2025-09-21 11:33:47.651994
2025-09-21,76796,2025092105010628,NIFRA,Creative Securities Pvt Ltd,Imperial Securities Company Pvt. Ltd.,1656,263.1,435693.6,2025-09-21 11:34:04.852342
2025-09-21,76795,2025092105010629,NIFRA,Sewa Securities Pvt. Ltd.,Imperial Securities Company Pvt. Ltd.,398,263.0,104674.0,2025-09-21 11:34:04.852529
2025-09-21,76794,2025092105010630,NIFRA,Naasa Securities Co. Ltd.,Imperial Securities Company Pvt. Ltd.,35,263.0,9205.0,2025-09-21 11:34:04.852611
2025-09-21,76609,2025092105010676,NIFRA,Naasa Securities Co. Ltd.,Sani Securities Company Ltd.,2,257.8,515.6,2025-09-21 11:34:20.323870
2025-09-21,76567,2025092105010694,NIFRA,Vision Securities Pvt. Ltd,Dakshinkali Investment & Securities Pvt. Ltd.,1000,262.0,262000.0,2025-09-21 11:34:25.168096
2025-09-21,76566,2025092105010695,NIFRA,Sharepro Securities Private Limited,Dakshinkali Investment & Securities Pvt. Ltd.,100,262.0,26200.0,2025-09-21 11:34:25.168332
2025-09-21,76565,2025092105010696,NIFRA,Midas Stock Broking Company Private Limited,Dakshinkali Investment & Securities Pvt. Ltd.,90,262.0,23580.0,2025-09-21 11:34:25.168448
2025-09-21,76564,2025092105010697,NIFRA,Dipshikha Dhitopatra Karobar Co. Pvt Ltd.,Dakshinkali Investment & Securities Pvt. Ltd.,500,262.0,131000.0,2025-09-21 11:34:25.168530
2025-09-21,76432,2025092105010734,NIFRA,Vision Securities Pvt. Ltd,Capital Max Securities Ltd,54,261.1,14099.4,2025-09-21 11:34:41.015020
2025-09-21,76237,2025092105010770,NIFRA,Online Securities Pvt. Ltd.,Dakshinkali Investment & Securities Pvt. Ltd.,75,262.0,19650.0,2025-09-21 11:34:55.754360
2025-09-21,76225,2025092105010776,NIFRA,Vision Securities Pvt. Ltd,Imperial Securities Company Pvt. Ltd.,54,261.1,14099.4,2025-09-21 11:34:56.825696
2025-09-21,76208,2025092105010777,NIFRA,Vision Securities Pvt. Ltd,Property Wiard Limited,64,261.1,16710.4,2025-09-21 11:34:59.459868
2025-09-21,76177,2025092105010793,NIFRA,Vision Securities Pvt. Ltd,Asian Securities Private Ltd.,54,261.1,14099.4,2025-09-21 11:35:05.045640
2025-09-21,76000,2025092105010853,NIFRA,Naasa Securities Co. Ltd.,Imperial Securities Company Pvt. Ltd.,400,261.9,104760.0,2025-09-21 11:35:25.786593
2025-09-21,75925,2025092105010879,NIFRA,Vision Securities Pvt. Ltd,Imperial Securities Company Pvt. Ltd.,54,261.1,14099.4,2025-09-21 11:35:35.830098
2025-09-21,75903,2025092105010882,NIFRA,Vision Securities Pvt. Ltd,Imperial Securities Company Pvt. Ltd.,41,261.9,10737.9,2025-09-21 11:35:39.123553
2025-09-21,75614,2025092105010963,NIFRA,Imperial Securities Company Pvt. Ltd.,Sundhara Securities Limited,30,261.4,7842.0,2025-09-21 11:36:13.415597
2025-09-21,75598,2025092105010970,NIFRA,Sri Hari Securities Pvt. Ltd.,Imperial Securities Company Pvt. Ltd.,170,261.9,44523.0,2025-09-21 11:36:16.615362
2025-09-21,75597,2025092105010971,NIFRA,Sri Hari Securities Pvt. Ltd.,Dakshinkali Investment & Securities Pvt. Ltd.,235,262.0,61570.0,2025-09-21 11:36:16.615731
2025-09-21,75596,2025092105010972,NIFRA,Sri Hari Securities Pvt. Ltd.,Sundhara Securities Limited,54,262.0,14148.0,2025-09-21 11:36:16.615982
2025-09-21,75505,2025092105011003,NIFRA,Sri Hari Securities Pvt. Ltd.,Trishakti Securities Public Limited,41,262.0,10742.0,2025-09-21 11:36:29.225773
2025-09-21,75122,2025092105011117,NIFRA,Imperial Securities Company Pvt. Ltd.,Sri Hari Securities Pvt. Ltd.,20,261.4,5228.0,2025-09-21 11:37:06.510097
2025-09-21,75121,2025092105011118,NIFRA,Sewa Securities Pvt. Ltd.,Sri Hari Securities Pvt. Ltd.,34,261.4,8887.6,2025-09-21 11:37:06.510414
2025-09-21,75045,2025092105011156,NIFRA,J.F. Securites (PVT) Ltd.,Trishakti Securities Public Limited,13,262.0,3406.0,2025-09-21 11:37:19.343042
2025-09-21,75044,2025092105011157,NIFRA,J.F. Securites (PVT) Ltd.,Sani Securities Company Ltd.,25,262.0,6550.0,2025-09-21 11:37:19.343279
2025-09-21,75043,2025092105011158,NIFRA,J.F. Securites (PVT) Ltd.,Siprabi Securities Pvt. Ltd.,38,263.0,9994.0,2025-09-21 11:37:19.343383
2025-09-21,74675,2025092105011280,NIFRA,Cristal Kanchanjanga Securites Pvt. Ltd.,Siprabi Securities Pvt. Ltd.,300,263.0,78900.0,2025-09-21 11:38:14.004309
2025-09-21,74591,2025092105011297,NIFRA,Sajilo Broker Limited,Siprabi Securities Pvt. Ltd.,50,263.0,13150.0,2025-09-21 11:38:22.979205
2025-09-21,74475,2025092105011336,NIFRA,Global IME Securities Limited,Siprabi Securities Pvt. Ltd.,100,263.0,26300.0,2025-09-21 11:38:38.656845
2025-09-21,74366,2025092105011371,NIFRA,ABC Securities Private Limited,Malla & Malla Stock Broking Company Pvt. Limited,25,261.8,6545.0,2025-09-21 11:38:58.684960
2025-09-21,74365,2025092105011372,NIFRA,Sewa Securities Pvt. Ltd.,Malla & Malla Stock Broking Company Pvt. Limited,29,261.7,7589.3,2025-09-21 11:38:58.685427
2025-09-21,73890,2025092105011506,NIFRA,Sewa Securities Pvt. Ltd.,Sani Securities Company Ltd.,54,261.7,14131.8,2025-09-21 11:40:06.114504
2025-09-21,73879,2025092105011509,NIFRA,Sewa Securities Pvt. Ltd.,Kalika Securities Pvt. Ltd.,10,261.7,2617.0,2025-09-21 11:40:07.171256
2025-09-21,73872,2025092105011511,NIFRA,Sewa Securities Pvt. Ltd.,Aryatara Investment & Securities,52,261.7,13608.4,2025-09-21 11:40:08.189377
2025-09-21,73528,2025092105011634,NIFRA,Vision Securities Pvt. Ltd,Agrawal Securities (PVT) Ltd.,58,262.0,15196.0,2025-09-21 11:40:58.432023
2025-09-21,73509,2025092105011641,NIFRA,Capital Max Securities Ltd,Sharepro Securities Private Limited,3,257.1,771.3,2025-09-21 11:40:59.878196
2025-09-21,73423,2025092105011684,NIFRA,Vision Securities Pvt. Ltd,Opal Securities Investment (PVT) Ltd.,500,262.0,131000.0,2025-09-21 11:41:09.256429
2025-09-21,73332,2025092105011709,NIFRA,Capital Max Securities Ltd,Thrive Brokerage House Pvt. Ltd,4,257.3,1029.2,2025-09-21 11:41:22.701973
2025-09-21,73275,2025092105011719,NIFRA,Sani Securities Company Ltd.,Siprabi Securities Pvt. Ltd.,12,263.0,3156.0,2025-09-21 11:41:28.969005
2025-09-21,73274,2025092105011720,NIFRA,Sani Securities Company Ltd.,Premier Securities Company Ltd.,100,263.0,26300.0,2025-09-21 11:41:28.969088
2025-09-21,73273,2025092105011721,NIFRA,Sani Securities Company Ltd.,Linch Stock Market Ltd.,54,263.0,14202.0,2025-09-21 11:41:28.969117
2025-09-21,73272,2025092105011722,NIFRA,Sani Securities Company Ltd.,Vision Securities Pvt. Ltd,54,263.0,14202.0,2025-09-21 11:41:28.969146
2025-09-21,73271,2025092105011723,NIFRA,Sani Securities Company Ltd.,Naasa Securities Co. Ltd.,44,263.0,11572.0,2025-09-21 11:41:28.969179
2025-09-21,73270,2025092105011724,NIFRA,Sani Securities Company Ltd.,Sani Securities Company Ltd.,100,263.2,26320.0,2025-09-21 11:41:28.969210
2025-09-21,73269,2025092105011725,NIFRA,Sani Securities Company Ltd.,Elite Stock House Limited,136,263.7,35863.2,2025-09-21 11:41:28.969239
2025-09-21,73002,2025092105011805,NIFRA,Sani Securities Company Ltd.,Thrive Brokerage House Pvt. Ltd,50,263.0,13150.0,2025-09-21 11:42:00.338858
2025-09-21,72826,2025092105011846,NIFRA,Sani Securities Company Ltd.,Midas Stock Broking Company Private Limited,22,263.0,5786.0,2025-09-21 11:42:19.438792
2025-09-21,72766,2025092105011859,NIFRA,Thrive Brokerage House Pvt. Ltd,Elite Stock House Limited,150,263.7,39555.0,2025-09-21 11:42:23.428819
2025-09-21,72685,2025092105011880,NIFRA,Sani Securities Company Ltd.,Sani Securities Company Ltd.,54,263.0,14202.0,2025-09-21 11:42:35.909547
2025-09-21,72640,2025092105011894,NIFRA,Sani Securities Company Ltd.,Linch Stock Market Ltd.,59,263.0,15517.0,2025-09-21 11:42:39.974547
2025-09-21,72581,2025092105011915,NIFRA,ABC Securities Private Limited,Sweta Securities Private Limited,50,262.1,13105.0,2025-09-21 11:42:48.565634
2025-09-21,72580,2025092105011916,NIFRA,Vision Securities Pvt. Ltd,Sweta Securities Private Limited,250,262.0,65500.0,2025-09-21 11:42:48.565854
2025-09-21,72337,2025092105011984,NIFRA,Vision Securities Pvt. Ltd,Naasa Securities Co. Ltd.,54,262.0,14148.0,2025-09-21 11:43:17.850538
2025-09-21,72062,2025092105012048,NIFRA,Sani Securities Company Ltd.,Linch Stock Market Ltd.,500,263.0,131500.0,2025-09-21 11:43:50.675007
2025-09-21,71987,2025092105012071,NIFRA,ABC Securities Private Limited,Kumari Securities Private Limited,385,262.8,101178.0,2025-09-21 11:44:00.340530
2025-09-21,71895,2025092105012098,NIFRA,Imperial Securities Company Pvt. Ltd.,Kumari Securities Private Limited,115,262.8,30222.0,2025-09-21 11:44:13.947304
2025-09-21,71894,2025092105012099,NIFRA,Imperial Securities Company Pvt. Ltd.,Linch Stock Market Ltd.,191,263.0,50233.0,2025-09-21 11:44:13.947802
2025-09-21,71893,2025092105012100,NIFRA,Imperial Securities Company Pvt. Ltd.,Aryatara Investment & Securities,64,263.0,16832.0,2025-09-21 11:44:13.948134
2025-09-21,71892,2025092105012101,NIFRA,Imperial Securities Company Pvt. Ltd.,Elite Stock House Limited,364,263.7,95986.8,2025-09-21 11:44:13.948462
2025-09-21,71891,2025092105012102,NIFRA,Imperial Securities Company Pvt. Ltd.,Investment Management Nepal Pvt. Ltd.,410,263.8,108158.0,2025-09-21 11:44:13.948802
2025-09-21,71890,2025092105012103,NIFRA,Imperial Securities Company Pvt. Ltd.,Arun Securities (PVT) Ltd.,108,264.0,28512.0,2025-09-21 11:44:13.949189
2025-09-21,71889,2025092105012104,NIFRA,Imperial Securities Company Pvt. Ltd.,Neev Securities Pvt. Ltd.,40,264.0,10560.0,2025-09-21 11:44:13.949538
2025-09-21,71888,2025092105012105,NIFRA,Imperial Securities Company Pvt. Ltd.,Agrawal Securities (PVT) Ltd.,300,264.0,79200.0,2025-09-21 11:44:13.949806
2025-09-21,71887,2025092105012106,NIFRA,Imperial Securities Company Pvt. Ltd.,Sri Hari Securities Pvt. Ltd.,2000,264.4,528800.0,2025-09-21 11:44:13.950187
2025-09-21,71841,2025092105012124,NIFRA,Imperial Securities Company Pvt. Ltd.,Imperial Securities Company Pvt. Ltd.,54,264.4,14277.6,2025-09-21 11:44:20.648131
2025-09-21,71806,2025092105012128,NIFRA,Imperial Securities Company Pvt. Ltd.,Kohinoor Investment & Securities Pvt. Ltd.,54,264.4,14277.6,2025-09-21 11:44:23.804873
2025-09-21,71768,2025092105012141,NIFRA,Imperial Securities Company Pvt. Ltd.,Creative Securities Pvt Ltd,54,264.4,14277.6,2025-09-21 11:44:31.287319
2025-09-21,71717,2025092105012169,NIFRA,Imperial Securities Company Pvt. Ltd.,Trisul Securities & Invt. Ltd.,54,264.4,14277.6,2025-09-21 11:44:37.304608
2025-09-21,71707,2025092105012174,NIFRA,Imperial Securities Company Pvt. Ltd.,Vision Securities Pvt. Ltd,21,264.4,5552.4,2025-09-21 11:44:38.491964
2025-09-21,71687,2025092105012179,NIFRA,Imperial Securities Company Pvt. Ltd.,Kalika Securities Pvt. Ltd.,50,264.4,13220.0,2025-09-21 11:44:40.120637
2025-09-21,71653,2025092105012195,NIFRA,Vision Securities Pvt. Ltd,Sweta Securities Private Limited,138,264.5,36501.0,2025-09-21 11:44:46.401650
2025-09-21,71463,2025092105012252,NIFRA,Imperial Securities Company Pvt. Ltd.,Online Securities Pvt. Ltd.,10,264.4,2644.0,2025-09-21 11:45:04.159773
2025-09-21,71347,2025092105012298,NIFRA,Imperial Securities Company Pvt. Ltd.,Naasa Securities Co. Ltd.,43,264.4,11369.2,2025-09-21 11:45:18.939728
2025-09-21,71256,2025092105012324,NIFRA,Imperial Securities Company Pvt. Ltd.,Primo Securities (PVT) Ltd.,64,264.4,16921.6,2025-09-21 11:45:32.728361
2025-09-21,71084,2025092105012381,NIFRA,Imperial Securities Company Pvt. Ltd.,Linch Stock Market Ltd.,54,264.4,14277.6,2025-09-21 11:45:56.795150
2025-09-21,70914,2025092105012430,NIFRA,Imperial Securities Company Pvt. Ltd.,Linch Stock Market Ltd.,946,264.4,250122.4,2025-09-21 11:46:18.718323
2025-09-21,70809,2025092105012464,NIFRA,Deevyaa Securities & Stock House Pvt. Ltd,Agrawal Securities (PVT) Ltd.,24,264.0,6336.0,2025-09-21 11:46:38.031063
2025-09-21,70728,2025092105012485,NIFRA,Deevyaa Securities & Stock House Pvt. Ltd,Naasa Securities Co. Ltd.,350,264.0,92400.0,2025-09-21 11:46:45.324794
2025-09-21,70612,2025092105012525,NIFRA,Deevyaa Securities & Stock House Pvt. Ltd,Premier Securities Company Ltd.,54,264.0,14256.0,2025-09-21 11:47:03.962749
2025-09-21,70589,2025092105012530,NIFRA,Deevyaa Securities & Stock House Pvt. Ltd,Sri Hari Securities Pvt. Ltd.,32,264.0,8448.0,2025-09-21 11:47:06.743924
2025-09-21,70431,2025092105012593,NIFRA,Deevyaa Securities & Stock House Pvt. Ltd,Linch Stock Market Ltd.,25,264.4,6610.0,2025-09-21 11:47:31.478696
2025-09-21,70265,2025092105012641,NIFRA,Deevyaa Securities & Stock House Pvt. Ltd,Secured Securities Ltd.,64,264.0,16896.0,2025-09-21 11:47:59.233906
2025-09-21,70247,2025092105012643,NIFRA,Deevyaa Securities & Stock House Pvt. Ltd,Kohinoor Investment & Securities Pvt. Ltd.,54,264.0,14256.0,2025-09-21 11:48:01.097820
2025-09-21,70206,2025092105012657,NIFRA,Deevyaa Securities & Stock House Pvt. Ltd,Naasa Securities Co. Ltd.,54,264.0,14256.0,2025-09-21 11:48:04.455593
2025-09-21,70147,2025092105012673,NIFRA,Deevyaa Securities & Stock House Pvt. Ltd,Linch Stock Market Ltd.,168,264.0,44352.0,2025-09-21 11:48:12.208682
2025-09-21,70146,2025092105012674,NIFRA,ABC Securities Private Limited,Linch Stock Market Ltd.,10,264.0,2640.0,2025-09-21 11:48:12.209101
2025-09-21,69973,2025092105012733,NIFRA,Naasa Securities Co. Ltd.,Linch Stock Market Ltd.,29,263.0,7627.0,2025-09-21 11:48:32.910087
2025-09-21,69951,2025092105012735,NIFRA,Naasa Securities Co. Ltd.,SUN SECURITIES PVT LTD,10,263.0,2630.0,2025-09-21 11:48:34.616517
2025-09-21,69780,2025092105012814,NIFRA,Naasa Securities Co. Ltd.,Shree Krishna Securities Ltd.,461,263.0,121243.0,2025-09-21 11:48:54.323323
2025-09-21,69702,2025092105012833,NIFRA,Imperial Securities Company Pvt. Ltd.,Sani Securities Company Ltd.,100,262.2,26220.0,2025-09-21 11:49:06.508934
2025-09-21,69701,2025092105012834,NIFRA,Naasa Securities Co. Ltd.,Sani Securities Company Ltd.,15,262.2,3933.0,2025-09-21 11:49:06.509219
2025-09-21,69632,2025092105012857,NIFRA,Naasa Securities Co. Ltd.,Kalika Securities Pvt. Ltd.,75,262.3,19672.5,2025-09-21 11:49:14.027236
2025-09-21,69631,2025092105012858,NIFRA,Naasa Securities Co. Ltd.,Kalika Securities Pvt. Ltd.,175,262.2,45885.0,2025-09-21 11:49:14.027652
2025-09-21,69590,2025092105012872,NIFRA,Linch Stock Market Ltd.,Kalika Securities Pvt. Ltd.,396,262.2,103831.2,2025-09-21 11:49:19.878839
2025-09-21,69485,2025092105012907,NIFRA,Linch Stock Market Ltd.,Linch Stock Market Ltd.,22,263.0,5786.0,2025-09-21 11:49:35.501177
2025-09-21,69363,2025092105012951,NIFRA,Linch Stock Market Ltd.,Linch Stock Market Ltd.,382,263.0,100466.0,2025-09-21 11:49:48.991835
2025-09-21,69292,2025092105012981,NIFRA,Agrawal Securities (PVT) Ltd.,Linch Stock Market Ltd.,150,263.0,39450.0,2025-09-21 11:49:57.675132
2025-09-21,69125,2025092105013069,NIFRA,Secured Securities Ltd.,Deevyaa Securities & Stock House Pvt. Ltd,140,262.1,36694.0,2025-09-21 11:50:13.832511
2025-09-21,69003,2025092105013104,NIFRA,Bhrikuti Stock Broking Co. Pvt. Ltd.,Linch Stock Market Ltd.,500,263.0,131500.0,2025-09-21 11:50:26.928658
2025-09-21,68743,2025092105013184,NIFRA,Secured Securities Ltd.,South Asian Bulls Pvt. Ltd.,1000,262.1,262100.0,2025-09-21 11:51:01.417546
2025-09-21,68697,2025092105013205,NIFRA,Imperial Securities Company Pvt. Ltd.,Opal Securities Investment (PVT) Ltd.,4,264.4,1057.6,2025-09-21 11:51:06.286139
2025-09-21,68649,2025092105013225,NIFRA,Secured Securities Ltd.,Vision Securities Pvt. Ltd,750,262.1,196575.0,2025-09-21 11:51:09.906980
2025-09-21,68370,2025092105013343,NIFRA,Secured Securities Ltd.,Kalika Securities Pvt. Ltd.,54,262.1,14153.4,2025-09-21 11:51:54.057521
2025-09-21,68296,2025092105013371,NIFRA,Dynamic Money Managers Securities Pvt. Ltd.,Linch Stock Market Ltd.,468,263.0,123084.0,2025-09-21 11:52:06.034125
2025-09-21,68295,2025092105013372,NIFRA,Dynamic Money Managers Securities Pvt. Ltd.,Naasa Securities Co. Ltd.,32,263.0,8416.0,2025-09-21 11:52:06.034423
2025-09-21,68268,2025092105013377,NIFRA,Secured Securities Ltd.,Dynamic Money Managers Securities Pvt. Ltd.,54,262.1,14153.4,2025-09-21 11:52:09.526159
2025-09-21,68076,2025092105013418,NIFRA,Secured Securities Ltd.,Neev Securities Pvt. Ltd.,300,262.1,78630.0,2025-09-21 11:52:35.404832
2025-09-21,68002,2025092105013436,NIFRA,Secured Securities Ltd.,Sani Securities Company Ltd.,490,262.1,128429.0,2025-09-21 11:52:46.060949
2025-09-21,67924,2025092105013446,NIFRA,Capital Max Securities Ltd,Midas Stock Broking Company Private Limited,4,258.0,1032.0,2025-09-21 11:52:55.704634
2025-09-21,67626,2025092105013565,NIFRA,Secured Securities Ltd.,Sani Securities Company Ltd.,2000,262.1,524200.0,2025-09-21 11:53:38.673399
2025-09-21,67316,2025092105013700,NIFRA,Secured Securities Ltd.,Dipshikha Dhitopatra Karobar Co. Pvt Ltd.,30,262.1,7863.0,2025-09-21 11:54:28.705666
2025-09-21,66892,2025092105013857,NIFRA,Naasa Securities Co. Ltd.,Naasa Securities Co. Ltd.,114,263.0,29982.0,2025-09-21 11:55:35.321131
2025-09-21,66647,2025092105013936,NIFRA,Secured Securities Ltd.,Sani Securities Company Ltd.,182,262.1,47702.2,2025-09-21 11:56:15.413469
2025-09-21,66646,2025092105013937,NIFRA,Dipshikha Dhitopatra Karobar Co. Pvt Ltd.,Sani Securities Company Ltd.,20,262.1,5242.0,2025-09-21 11:56:15.413919
2025-09-21,66645,2025092105013938,NIFRA,Nepal Investment And Securities Trading Private Limited,Sani Securities Company Ltd.,50,262.1,13105.0,2025-09-21 11:56:15.414213
2025-09-21,66644,2025092105013939,NIFRA,Trishakti Securities Public Limited,Sani Securities Company Ltd.,10,262.0,2620.0,2025-09-21 11:56:15.414535
2025-09-21,66643,2025092105013940,NIFRA,Deevyaa Securities & Stock House Pvt. Ltd,Sani Securities Company Ltd.,300,262.0,78600.0,2025-09-21 11:56:15.414824
2025-09-21,66642,2025092105013941,NIFRA,Agrawal Securities (PVT) Ltd.,Sani Securities Company Ltd.,100,262.0,26200.0,2025-09-21 11:56:15.415105
2025-09-21,66641,2025092105013942,NIFRA,Neev Securities Pvt. Ltd.,Sani Securities Company Ltd.,338,262.0,88556.0,2025-09-21 11:56:15.415389
2025-09-21,66550,2025092105013965,NIFRA,Agrawal Securities (PVT) Ltd.,Naasa Securities Co. Ltd.,20,263.0,5260.0,2025-09-21 11:56:25.432621
2025-09-21,66299,2025092105014058,NIFRA,Neev Securities Pvt. Ltd.,South Asian Bulls Pvt. Ltd.,64,262.0,16768.0,2025-09-21 11:57:03.190112
2025-09-21,66279,2025092105014068,NIFRA,Dynamic Money Managers Securities Pvt. Ltd.,Dakshinkali Investment & Securities Pvt. Ltd.,16,262.1,4193.6,2025-09-21 11:57:08.250470
2025-09-21,66278,2025092105014069,NIFRA,Neev Securities Pvt. Ltd.,Dakshinkali Investment & Securities Pvt. Ltd.,84,262.0,22008.0,2025-09-21 11:57:08.250699
2025-09-21,66188,2025092105014094,NIFRA,Neev Securities Pvt. Ltd.,Midas Stock Broking Company Private Limited,14,262.0,3668.0,2025-09-21 11:57:21.133651
2025-09-21,66187,2025092105014095,NIFRA,Sani Securities Company Ltd.,Midas Stock Broking Company Private Limited,86,262.0,22532.0,2025-09-21 11:57:21.134103
2025-09-21,66141,2025092105014120,NIFRA,Sani Securities Company Ltd.,Kohinoor Investment & Securities Pvt. Ltd.,54,262.0,14148.0,2025-09-21 11:57:31.092183
2025-09-21,65977,2025092105014175,NIFRA,Online Securities Pvt. Ltd.,Dynamic Money Managers Securities Pvt. Ltd.,500,262.9,131450.0,2025-09-21 11:57:55.264163
2025-09-21,65974,2025092105014177,NIFRA,Online Securities Pvt. Ltd.,South Asian Bulls Pvt. Ltd.,23,262.9,6046.7,2025-09-21 11:57:56.281029
2025-09-21,65934,2025092105014202,NIFRA,Online Securities Pvt. Ltd.,Naasa Securities Co. Ltd.,546,263.0,143598.0,2025-09-21 11:58:05.341658
2025-09-21,65933,2025092105014203,NIFRA,Online Securities Pvt. Ltd.,Naasa Securities Co. Ltd.,50,263.0,13150.0,2025-09-21 11:58:05.342188
2025-09-21,65932,2025092105014204,NIFRA,Online Securities Pvt. Ltd.,Sani Securities Company Ltd.,54,263.0,14202.0,2025-09-21 11:58:05.342636
2025-09-21,65931,2025092105014205,NIFRA,Online Securities Pvt. Ltd.,Imperial Securities Company Pvt. Ltd.,200,263.0,52600.0,2025-09-21 11:58:05.343017
2025-09-21,65930,2025092105014206,NIFRA,Online Securities Pvt. Ltd.,Agrawal Securities (PVT) Ltd.,54,263.0,14202.0,2025-09-21 11:58:05.343430
2025-09-21,65929,2025092105014207,NIFRA,Online Securities Pvt. Ltd.,Agrawal Securities (PVT) Ltd.,54,263.0,14202.0,2025-09-21 11:58:05.343825
2025-09-21,65928,2025092105014208,NIFRA,Online Securities Pvt. Ltd.,Sani Securities Company Ltd.,500,263.0,131500.0,2025-09-21 11:58:05.344221
2025-09-21,65927,2025092105014209,NIFRA,Online Securities Pvt. Ltd.,Naasa Securities Co. Ltd.,64,263.0,16832.0,2025-09-21 11:58:05.344582
2025-09-21,65604,2025092105014306,NIFRA,Midas Stock Broking Company Private Limited,Shree Krishna Securities Ltd.,178,263.9,46974.2,2025-09-21 11:59:01.865469
2025-09-21,65603,2025092105014307,NIFRA,Midas Stock Broking Company Private Limited,Sri Hari Securities Pvt. Ltd.,81,263.9,21375.9,2025-09-21 11:59:01.865727
2025-09-21,65602,2025092105014308,NIFRA,Midas Stock Broking Company Private Limited,Imperial Securities Company Pvt. Ltd.,100,264.0,26400.0,2025-09-21 11:59:01.865854
2025-09-21,65601,2025092105014309,NIFRA,Midas Stock Broking Company Private Limited,Naasa Securities Co. Ltd.,141,264.0,37224.0,2025-09-21 11:59:01.865953
2025-09-21,65545,2025092105014345,NIFRA,Naasa Securities Co. Ltd.,Bhrikuti Stock Broking Co. Pvt. Ltd.,100,263.1,26310.0,2025-09-21 11:59:10.661923
2025-09-21,65428,2025092105014379,NIFRA,Naasa Securities Co. Ltd.,Secured Securities Ltd.,150,263.2,39480.0,2025-09-21 11:59:37.953046
2025-09-21,65427,2025092105014380,NIFRA,Naasa Securities Co. Ltd.,Secured Securities Ltd.,50,263.1,13155.0,2025-09-21 11:59:37.953583
2025-09-21,65426,2025092105014381,NIFRA,Online Securities Pvt. Ltd.,Secured Securities Ltd.,800,263.1,210480.0,2025-09-21 11:59:37.953878
2025-09-21,65257,2025092105014446,NIFRA,Online Securities Pvt. Ltd.,Trishakti Securities Public Limited,200,263.1,52620.0,2025-09-21 12:00:07.659403
2025-09-21,65248,2025092105014449,NIFRA,Online Securities Pvt. Ltd.,Naasa Securities Co. Ltd.,64,264.0,16896.0,2025-09-21 12:00:09.670133
2025-09-21,65247,2025092105014450,NIFRA,Online Securities Pvt. Ltd.,N.I.M.B. Stock Markets Limited,100,264.0,26400.0,2025-09-21 12:00:09.670227
2025-09-21,65246,2025092105014451,NIFRA,Online Securities Pvt. Ltd.,ABC Securities Private Limited,25,264.4,6610.0,2025-09-21 12:00:09.670297
2025-09-21,65245,2025092105014452,NIFRA,Online Securities Pvt. Ltd.,Sweta Securities Private Limited,562,264.5,148649.0,2025-09-21 12:00:09.670404
2025-09-21,65244,2025092105014453,NIFRA,Online Securities Pvt. Ltd.,Siprabi Securities Pvt. Ltd.,54,264.5,14283.0,2025-09-21 12:00:09.670462
2025-09-21,65243,2025092105014454,NIFRA,Online Securities Pvt. Ltd.,Siprabi Securities Pvt. Ltd.,3128,264.5,827356.0,2025-09-21 12:00:09.670524
2025-09-21,65242,2025092105014455,NIFRA,Online Securities Pvt. Ltd.,KALASH STOCK MARKET PVT. LTD.,162,264.5,42849.0,2025-09-21 12:00:09.670586
2025-09-21,65241,2025092105014456,NIFRA,Online Securities Pvt. Ltd.,Sani Securities Company Ltd.,2405,264.5,636122.5,2025-09-21 12:00:09.670648
2025-09-21,65158,2025092105014468,NIFRA,Neev Securities Pvt. Ltd.,Sani Securities Company Ltd.,95,264.5,25127.5,2025-09-21 12:00:22.041209
2025-09-21,65140,2025092105014477,NIFRA,Neev Securities Pvt. Ltd.,Midas Stock Broking Company Private Limited,24,264.5,6348.0,2025-09-21 12:00:27.986607
2025-09-21,65097,2025092105014485,NIFRA,Sani Securities Company Ltd.,Investment Management Nepal Pvt. Ltd.,286,264.6,75675.6,2025-09-21 12:00:34.788912
2025-09-21,65096,2025092105014486,NIFRA,Sani Securities Company Ltd.,Sweta Securities Private Limited,200,264.8,52960.0,2025-09-21 12:00:34.788987
2025-09-21,65095,2025092105014487,NIFRA,Sani Securities Company Ltd.,Sweta Securities Private Limited,514,264.9,136158.6,2025-09-21 12:00:34.789018
2025-09-21,64974,2025092105014513,NIFRA,Online Securities Pvt. Ltd.,Trademow Securities Private Limited,64,264.0,16896.0,2025-09-21 12:00:58.834547
2025-09-21,64973,2025092105014514,NIFRA,Online Securities Pvt. Ltd.,Siprabi Securities Pvt. Ltd.,500,264.0,132000.0,2025-09-21 12:00:58.834786
2025-09-21,64972,2025092105014515,NIFRA,Online Securities Pvt. Ltd.,Sweta Securities Private Limited,286,264.9,75761.4,2025-09-21 12:00:58.834887
2025-09-21,64971,2025092105014516,NIFRA,Online Securities Pvt. Ltd.,Secured Securities Ltd.,214,265.0,56710.0,2025-09-21 12:00:58.834984
2025-09-21,64970,2025092105014517,NIFRA,Online Securities Pvt. Ltd.,Agrawal Securities (PVT) Ltd.,120,265.0,31800.0,2025-09-21 12:00:58.835082
2025-09-21,64969,2025092105014518,NIFRA,Online Securities Pvt. Ltd.,ABC Securities Private Limited,54,265.0,14310.0,2025-09-21 12:00:58.835178
2025-09-21,64968,2025092105014519,NIFRA,Online Securities Pvt. Ltd.,Aryatara Investment & Securities,54,265.0,14310.0,2025-09-21 12:00:58.835291
2025-09-21,64967,2025092105014520,NIFRA,Online Securities Pvt. Ltd.,Oxford Securities Pvt. Ltd.,50,265.0,13250.0,2025-09-21 12:00:58.835394
2025-09-21,64966,2025092105014521,NIFRA,Online Securities Pvt. Ltd.,Sweta Securities Private Limited,314,265.0,83210.0,2025-09-21 12:00:58.835494
2025-09-21,64965,2025092105014522,NIFRA,Online Securities Pvt. Ltd.,Sani Securities Company Ltd.,10,265.0,2650.0,2025-09-21 12:00:58.835593
2025-09-21,64964,2025092105014523,NIFRA,Online Securities Pvt. Ltd.,Premier Securities Company Ltd.,54,265.0,14310.0,2025-09-21 12:00:58.835711
2025-09-21,64963,2025092105014524,NIFRA,Online Securities Pvt. Ltd.,Online Securities Pvt. Ltd.,10,265.0,2650.0,2025-09-21 12:00:58.835824
2025-09-21,64962,2025092105014525,NIFRA,Online Securities Pvt. Ltd.,Naasa Securities Co. Ltd.,30,265.0,7950.0,2025-09-21 12:00:58.835921
2025-09-21,64961,2025092105014526,NIFRA,Online Securities Pvt. Ltd.,Secured Securities Ltd.,3000,265.0,795000.0,2025-09-21 12:00:58.836025
2025-09-21,64960,2025092105014527,NIFRA,Online Securities Pvt. Ltd.,Neev Securities Pvt. Ltd.,10,265.0,2650.0,2025-09-21 12:00:58.836133
2025-09-21,64959,2025092105014528,NIFRA,Online Securities Pvt. Ltd.,Kohinoor Investment & Securities Pvt. Ltd.,100,265.0,26500.0,2025-09-21 12:00:58.836225
2025-09-21,64958,2025092105014529,NIFRA,Online Securities Pvt. Ltd.,Arun Securities (PVT) Ltd.,172,265.0,45580.0,2025-09-21 12:00:58.836327
2025-09-21,64957,2025092105014530,NIFRA,Online Securities Pvt. Ltd.,Sani Securities Company Ltd.,1958,265.0,518870.0,2025-09-21 12:00:58.836423
2025-09-21,64931,2025092105014536,NIFRA,Vision Securities Pvt. Ltd,Thrive Brokerage House Pvt. Ltd,10,263.1,2631.0,2025-09-21 12:01:05.667648
2025-09-21,64567,2025092105014657,NIFRA,Midas Stock Broking Company Private Limited,Linch Stock Market Ltd.,1000,264.0,264000.0,2025-09-21 12:02:04.763711
2025-09-21,64510,2025092105014667,NIFRA,Vision Securities Pvt. Ltd,Siprabi Securities Pvt. Ltd.,10,263.1,2631.0,2025-09-21 12:02:15.268406
2025-09-21,64307,2025092105014735,NIFRA,Oxford Securities Pvt. Ltd.,Opal Securities Investment (PVT) Ltd.,10,263.2,2632.0,2025-09-21 12:02:47.083933
2025-09-21,64244,2025092105014750,NIFRA,Online Securities Pvt. Ltd.,Linch Stock Market Ltd.,10,264.0,2640.0,2025-09-21 12:02:55.918024
2025-09-21,64182,2025092105014770,NIFRA,Sri Hari Securities Pvt. Ltd.,Dynamic Money Managers Securities Pvt. Ltd.,54,263.3,14218.2,2025-09-21 12:03:08.254078
2025-09-21,64178,2025092105014772,NIFRA,Kumari Securities Private Limited,Linch Stock Market Ltd.,300,264.0,79200.0,2025-09-21 12:03:09.133227
2025-09-21,63936,2025092105014865,NIFRA,Midas Stock Broking Company Private Limited,Linch Stock Market Ltd.,36,264.0,9504.0,2025-09-21 12:03:49.221569
2025-09-21,63635,2025092105014956,NIFRA,Linch Stock Market Ltd.,Linch Stock Market Ltd.,42,264.0,11088.0,2025-09-21 12:04:43.578711
2025-09-21,63634,2025092105014957,NIFRA,Linch Stock Market Ltd.,Kohinoor Investment & Securities Pvt. Ltd.,58,264.0,15312.0,2025-09-21 12:04:43.578980
2025-09-21,63543,2025092105014982,NIFRA,Vision Securities Pvt. Ltd,Dakshinkali Investment & Securities Pvt. Ltd.,54,263.4,14223.6,2025-09-21 12:04:57.609715
2025-09-21,63449,2025092105015008,NIFRA,Vision Securities Pvt. Ltd,Dynamic Money Managers Securities Pvt. Ltd.,500,263.4,131700.0,2025-09-21 12:05:14.976302
2025-09-21,63177,2025092105015082,NIFRA,Sani Securities Company Ltd.,Kohinoor Investment & Securities Pvt. Ltd.,50,264.0,13200.0,2025-09-21 12:05:56.578135
2025-09-21,63176,2025092105015083,NIFRA,Sani Securities Company Ltd.,Sani Securities Company Ltd.,42,265.0,11130.0,2025-09-21 12:05:56.578395
2025-09-21,63175,2025092105015084,NIFRA,Sani Securities Company Ltd.,Sweta Securities Private Limited,100,265.0,26500.0,2025-09-21 12:05:56.578501
2025-09-21,63174,2025092105015085,NIFRA,Sani Securities Company Ltd.,Dynamic Money Managers Securities Pvt. Ltd.,54,265.0,14310.0,2025-09-21 12:05:56.578594
2025-09-21,63173,2025092105015086,NIFRA,Sani Securities Company Ltd.,Siprabi Securities Pvt. Ltd.,10,265.0,2650.0,2025-09-21 12:05:56.578685
2025-09-21,63172,2025092105015087,NIFRA,Sani Securities Company Ltd.,Linch Stock Market Ltd.,44,265.0,11660.0,2025-09-21 12:05:56.578778
2025-09-21,62955,2025092105015142,NIFRA,Imperial Securities Company Pvt. Ltd.,Bhrikuti Stock Broking Co. Pvt. Ltd.,50,264.0,13200.0,2025-09-21 12:06:38.585456
2025-09-21,62853,2025092105015171,NIFRA,Malla & Malla Stock Broking Company Pvt. Limited,Kohinoor Investment & Securities Pvt. Ltd.,54,263.5,14229.0,2025-09-21 12:06:55.324416
2025-09-21,62755,2025092105015191,NIFRA,Malla & Malla Stock Broking Company Pvt. Limited,Midas Stock Broking Company Private Limited,54,263.5,14229.0,2025-09-21 12:07:09.945288
2025-09-21,62687,2025092105015202,NIFRA,Malla & Malla Stock Broking Company Pvt. Limited,Naasa Securities Co. Ltd.,14,263.5,3689.0,2025-09-21 12:07:18.570161
2025-09-21,62598,2025092105015226,NIFRA,Malla & Malla Stock Broking Company Pvt. Limited,Naasa Securities Co. Ltd.,40,263.5,10540.0,2025-09-21 12:07:30.326662
2025-09-21,62484,2025092105015265,NIFRA,Malla & Malla Stock Broking Company Pvt. Limited,Naasa Securities Co. Ltd.,21,263.5,5533.5,2025-09-21 12:07:52.134657
2025-09-21,62031,2025092105015417,NIFRA,Imperial Securities Company Pvt. Ltd.,Aryatara Investment & Securities,54,264.0,14256.0,2025-09-21 12:08:58.459108
2025-09-21,61565,2025092105015563,NIFRA,Premier Securities Company Ltd.,Linch Stock Market Ltd.,10,265.0,2650.0,2025-09-21 12:09:58.423513
2025-09-21,61564,2025092105015564,NIFRA,Premier Securities Company Ltd.,Siprabi Securities Pvt. Ltd.,190,265.0,50350.0,2025-09-21 12:09:58.423787
2025-09-21,61522,2025092105015574,NIFRA,Sharepro Securities Private Limited,Siprabi Securities Pvt. Ltd.,11,265.0,2915.0,2025-09-21 12:10:03.025081
2025-09-21,61360,2025092105015628,NIFRA,Capital Max Securities Ltd,Sundhara Securities Limited,4,259.7,1038.8,2025-09-21 12:10:19.055945
2025-09-21,61239,2025092105015663,NIFRA,Imperial Securities Company Pvt. Ltd.,Thrive Brokerage House Pvt. Ltd,40,264.0,10560.0,2025-09-21 12:10:36.909655
2025-09-21,61099,2025092105015705,NIFRA,Sundhara Securities Limited,Thrive Brokerage House Pvt. Ltd,14,264.0,3696.0,2025-09-21 12:10:56.694643
2025-09-21,60977,2025092105015753,NIFRA,Sundhara Securities Limited,Kalika Securities Pvt. Ltd.,54,264.0,14256.0,2025-09-21 12:11:12.049784
2025-09-21,60855,2025092105015813,NIFRA,Sundhara Securities Limited,Sajilo Broker Limited,82,264.0,21648.0,2025-09-21 12:11:34.570169
2025-09-21,60854,2025092105015814,NIFRA,Naasa Securities Co. Ltd.,Sajilo Broker Limited,190,264.0,50160.0,2025-09-21 12:11:34.570457
2025-09-21,60853,2025092105015815,NIFRA,Midas Stock Broking Company Private Limited,Sajilo Broker Limited,370,264.0,97680.0,2025-09-21 12:11:34.570571
2025-09-21,60607,2025092105015918,NIFRA,Sajilo Broker Limited,Sajilo Broker Limited,100,264.0,26400.0,2025-09-21 12:12:08.919023
2025-09-21,60552,2025092105015935,NIFRA,Investment Management Nepal Pvt. Ltd.,Sajilo Broker Limited,1000,264.0,264000.0,2025-09-21 12:12:19.023093
2025-09-21,60499,2025092105015959,NIFRA,Vision Securities Pvt. Ltd,Sajilo Broker Limited,258,264.0,68112.0,2025-09-21 12:12:27.653936
2025-09-21,60466,2025092105015971,NIFRA,Vision Securities Pvt. Ltd,Sani Securities Company Ltd.,54,264.0,14256.0,2025-09-21 12:12:33.750559
2025-09-21,60266,2025092105016038,NIFRA,Sharepro Securities Private Limited,Siprabi Securities Pvt. Ltd.,199,265.0,52735.0,2025-09-21 12:13:00.175646
2025-09-21,60265,2025092105016039,NIFRA,Sharepro Securities Private Limited,Sani Securities Company Ltd.,10,265.0,2650.0,2025-09-21 12:13:00.176106
2025-09-21,60264,2025092105016040,NIFRA,Sharepro Securities Private Limited,Vision Securities Pvt. Ltd,100,265.0,26500.0,2025-09-21 12:13:00.176442
2025-09-21,60043,2025092105016120,NIFRA,Sundhara Securities Limited,South Asian Bulls Pvt. Ltd.,10,265.1,2651.0,2025-09-21 12:13:36.528231
2025-09-21,60005,2025092105016135,NIFRA,Vision Securities Pvt. Ltd,Aryatara Investment & Securities,10,264.0,2640.0,2025-09-21 12:13:40.527586
2025-09-21,59787,2025092105016205,NIFRA,Naasa Securities Co. Ltd.,South Asian Bulls Pvt. Ltd.,90,265.1,23859.0,2025-09-21 12:14:09.856677
2025-09-21,59714,2025092105016219,NIFRA,Naasa Securities Co. Ltd.,Bhrikuti Stock Broking Co. Pvt. Ltd.,10,265.1,2651.0,2025-09-21 12:14:22.238330
2025-09-21,59713,2025092105016220,NIFRA,Premier Securities Company Ltd.,Bhrikuti Stock Broking Co. Pvt. Ltd.,160,265.0,42400.0,2025-09-21 12:14:22.238602
2025-09-21,59654,2025092105016243,NIFRA,Vision Securities Pvt. Ltd,Bhrikuti Stock Broking Co. Pvt. Ltd.,195,265.0,51675.0,2025-09-21 12:14:31.965846
2025-09-21,59637,2025092105016253,NIFRA,Secured Securities Ltd.,Naasa Securities Co. Ltd.,10,264.1,2641.0,2025-09-21 12:14:34.570097
2025-09-21,59594,2025092105016267,NIFRA,Secured Securities Ltd.,Online Securities Pvt. Ltd.,20,264.1,5282.0,2025-09-21 12:14:41.062666
2025-09-21,59395,2025092105016338,NIFRA,Ashutosh Brokerage & Securities (PVT) Ltd.,Aryatara Investment & Securities,64,265.0,16960.0,2025-09-21 12:15:09.225731
2025-09-21,58918,2025092105016496,NIFRA,Secured Securities Ltd.,Siprabi Securities Pvt. Ltd.,50,265.2,13260.0,2025-09-21 12:16:04.467215
2025-09-21,58917,2025092105016497,NIFRA,Secured Securities Ltd.,Aryatara Investment & Securities,500,266.0,133000.0,2025-09-21 12:16:04.467700
2025-09-21,58916,2025092105016498,NIFRA,Secured Securities Ltd.,Sri Hari Securities Pvt. Ltd.,450,266.0,119700.0,2025-09-21 12:16:04.468059
2025-09-21,58865,2025092105016517,NIFRA,Ashutosh Brokerage & Securities (PVT) Ltd.,Dipshikha Dhitopatra Karobar Co. Pvt Ltd.,36,265.0,9540.0,2025-09-21 12:16:11.134206
2025-09-21,58864,2025092105016518,NIFRA,Naasa Securities Co. Ltd.,Dipshikha Dhitopatra Karobar Co. Pvt Ltd.,18,265.0,4770.0,2025-09-21 12:16:11.134485
2025-09-21,58705,2025092105016561,NIFRA,Naasa Securities Co. Ltd.,Premier Securities Company Ltd.,24,265.0,6360.0,2025-09-21 12:16:31.598423
2025-09-21,58504,2025092105016636,NIFRA,Sani Securities Company Ltd.,Sri Hari Securities Pvt. Ltd.,500,266.0,133000.0,2025-09-21 12:17:01.869678
2025-09-21,58297,2025092105016719,NIFRA,Naasa Securities Co. Ltd.,Investment Management Nepal Pvt. Ltd.,58,265.0,15370.0,2025-09-21 12:17:29.723059
2025-09-21,58061,2025092105016796,NIFRA,Kalika Securities Pvt. Ltd.,Sri Hari Securities Pvt. Ltd.,50,266.0,13300.0,2025-09-21 12:18:05.113703
2025-09-21,58060,2025092105016797,NIFRA,Kalika Securities Pvt. Ltd.,Imperial Securities Company Pvt. Ltd.,20,266.0,5320.0,2025-09-21 12:18:05.113978
2025-09-21,58059,2025092105016798,NIFRA,Kalika Securities Pvt. Ltd.,ABC Securities Private Limited,100,266.0,26600.0,2025-09-21 12:18:05.114080
2025-09-21,58058,2025092105016799,NIFRA,Kalika Securities Pvt. Ltd.,Sewa Securities Pvt. Ltd.,54,266.0,14364.0,2025-09-21 12:18:05.114178
2025-09-21,57684,2025092105016934,NIFRA,Kalika Securities Pvt. Ltd.,Thrive Brokerage House Pvt. Ltd,100,266.0,26600.0,2025-09-21 12:18:54.726426
2025-09-21,57408,2025092105017017,NIFRA,Thrive Brokerage House Pvt. Ltd,Nepal Stock House (PVT) Ltd.,200,266.1,53220.0,2025-09-21 12:19:32.267400
2025-09-21,57397,2025092105017022,NIFRA,Malla & Malla Stock Broking Company Pvt. Limited,Kumari Securities Private Limited,400,266.1,106440.0,2025-09-21 12:19:33.690112
2025-09-21,57396,2025092105017023,NIFRA,Malla & Malla Stock Broking Company Pvt. Limited,Secured Securities Ltd.,54,266.1,14369.4,2025-09-21 12:19:33.690366
2025-09-21,57395,2025092105017024,NIFRA,Malla & Malla Stock Broking Company Pvt. Limited,Premier Securities Company Ltd.,24,267.0,6408.0,2025-09-21 12:19:33.690473
2025-09-21,57394,2025092105017025,NIFRA,Malla & Malla Stock Broking Company Pvt. Limited,Market Securities & Exchange (PVT) Ltd.,500,267.0,133500.0,2025-09-21 12:19:33.690578
2025-09-21,57393,2025092105017026,NIFRA,Malla & Malla Stock Broking Company Pvt. Limited,Malla & Malla Stock Broking Company Pvt. Limited,50,267.0,13350.0,2025-09-21 12:19:33.690680
2025-09-21,57392,2025092105017027,NIFRA,Malla & Malla Stock Broking Company Pvt. Limited,Kumari Securities Private Limited,500,267.0,133500.0,2025-09-21 12:19:33.690780
2025-09-21,57391,2025092105017028,NIFRA,Malla & Malla Stock Broking Company Pvt. Limited,Naasa Securities Co. Ltd.,54,267.0,14418.0,2025-09-21 12:19:33.690882
2025-09-21,57390,2025092105017029,NIFRA,Malla & Malla Stock Broking Company Pvt. Limited,Imperial Securities Company Pvt. Ltd.,300,267.0,80100.0,2025-09-21 12:19:33.690985
2025-09-21,57067,2025092105017146,NIFRA,Kumari Securities Private Limited,Thrive Brokerage House Pvt. Ltd,100,267.1,26710.0,2025-09-21 12:20:11.722086
2025-09-21,57015,2025092105017161,NIFRA,Linch Stock Market Ltd.,SHUBHAKAMANA SECURITIES PVT. LTD,100,267.2,26720.0,2025-09-21 12:20:17.635033
2025-09-21,56884,2025092105017198,NIFRA,Sweta Securities Private Limited,Imperial Securities Company Pvt. Ltd.,50,268.0,13400.0,2025-09-21 12:20:39.119454
2025-09-21,56688,2025092105017273,NIFRA,Naasa Securities Co. Ltd.,Imperial Securities Company Pvt. Ltd.,14,268.0,3752.0,2025-09-21 12:21:10.350548
2025-09-21,56687,2025092105017274,NIFRA,Naasa Securities Co. Ltd.,Naasa Securities Co. Ltd.,120,268.0,32160.0,2025-09-21 12:21:10.350805
2025-09-21,56684,2025092105017275,NIFRA,Kumari Securities Private Limited,Bhrikuti Stock Broking Co. Pvt. Ltd.,25,267.1,6677.5,2025-09-21 12:21:11.029837
2025-09-21,56615,2025092105017281,NIFRA,Kumari Securities Private Limited,Online Securities Pvt. Ltd.,54,267.1,14423.4,2025-09-21 12:21:13.887062
2025-09-21,56437,2025092105017361,NIFRA,Kumari Securities Private Limited,Naasa Securities Co. Ltd.,16,267.1,4273.6,2025-09-21 12:21:35.219463
2025-09-21,56372,2025092105017383,NIFRA,KALASH STOCK MARKET PVT. LTD.,Naasa Securities Co. Ltd.,385,268.0,103180.0,2025-09-21 12:21:41.689130
2025-09-21,56371,2025092105017384,NIFRA,KALASH STOCK MARKET PVT. LTD.,Sundhara Securities Limited,500,268.0,134000.0,2025-09-21 12:21:41.689225
2025-09-21,56370,2025092105017385,NIFRA,KALASH STOCK MARKET PVT. LTD.,Kalika Securities Pvt. Ltd.,64,268.0,17152.0,2025-09-21 12:21:41.689297
2025-09-21,56369,2025092105017386,NIFRA,KALASH STOCK MARKET PVT. LTD.,Sani Securities Company Ltd.,54,268.0,14472.0,2025-09-21 12:21:41.689394
2025-09-21,56368,2025092105017387,NIFRA,KALASH STOCK MARKET PVT. LTD.,Sajilo Broker Limited,200,268.0,53600.0,2025-09-21 12:21:41.689463
2025-09-21,56367,2025092105017388,NIFRA,KALASH STOCK MARKET PVT. LTD.,Linch Stock Market Ltd.,20,268.2,5364.0,2025-09-21 12:21:41.689541
2025-09-21,56366,2025092105017389,NIFRA,KALASH STOCK MARKET PVT. LTD.,Dakshinkali Investment & Securities Pvt. Ltd.,250,268.2,67050.0,2025-09-21 12:21:41.689635
2025-09-21,56365,2025092105017390,NIFRA,KALASH STOCK MARKET PVT. LTD.,Ashutosh Brokerage & Securities (PVT) Ltd.,27,268.2,7241.4,2025-09-21 12:21:41.689729
2025-09-21,56282,2025092105017437,NIFRA,Linch Stock Market Ltd.,Agrawal Securities (PVT) Ltd.,100,267.9,26790.0,2025-09-21 12:21:52.141746
2025-09-21,56115,2025092105017492,NIFRA,Linch Stock Market Ltd.,Thrive Brokerage House Pvt. Ltd,364,268.0,97552.0,2025-09-21 12:22:16.621827
2025-09-21,56105,2025092105017494,NIFRA,Vision Securities Pvt. Ltd,Thrive Brokerage House Pvt. Ltd,500,268.0,134000.0,2025-09-21 12:22:17.458076
2025-09-21,56049,2025092105017524,NIFRA,Dipshikha Dhitopatra Karobar Co. Pvt Ltd.,Vision Securities Pvt. Ltd,21,267.9,5625.9,2025-09-21 12:22:22.586741
2025-09-21,55949,2025092105017545,NIFRA,Shree Krishna Securities Ltd.,Thrive Brokerage House Pvt. Ltd,288,268.0,77184.0,2025-09-21 12:22:31.558396
2025-09-21,55948,2025092105017546,NIFRA,Shree Krishna Securities Ltd.,Primo Securities (PVT) Ltd.,812,268.5,218022.0,2025-09-21 12:22:31.558691
2025-09-21,55762,2025092105017605,NIFRA,Vision Securities Pvt. Ltd,Dynamic Money Managers Securities Pvt. Ltd.,178,268.0,47704.0,2025-09-21 12:22:55.071801
2025-09-21,55745,2025092105017607,NIFRA,Thrive Brokerage House Pvt. Ltd,Dynamic Money Managers Securities Pvt. Ltd.,822,268.0,220296.0,2025-09-21 12:22:57.040795
2025-09-21,55598,2025092105017676,NIFRA,Thrive Brokerage House Pvt. Ltd,Primo Securities (PVT) Ltd.,148,268.5,39738.0,2025-09-21 12:23:18.657648
2025-09-21,55411,2025092105017751,NIFRA,Naasa Securities Co. Ltd.,Kohinoor Investment & Securities Pvt. Ltd.,150,268.0,40200.0,2025-09-21 12:23:42.015739
2025-09-21,54964,2025092105017902,NIFRA,Naasa Securities Co. Ltd.,Naasa Securities Co. Ltd.,54,268.0,14472.0,2025-09-21 12:24:39.817891
2025-09-21,54936,2025092105017914,NIFRA,Naasa Securities Co. Ltd.,Elite Stock House Limited,64,268.0,17152.0,2025-09-21 12:24:44.862053
2025-09-21,54935,2025092105017915,NIFRA,Malla & Malla Stock Broking Company Pvt. Limited,Elite Stock House Limited,50,268.0,13400.0,2025-09-21 12:24:44.862342
2025-09-21,54934,2025092105017916,NIFRA,Sewa Securities Pvt. Ltd.,Elite Stock House Limited,100,268.0,26800.0,2025-09-21 12:24:44.862471
2025-09-21,54933,2025092105017917,NIFRA,Bhrikuti Stock Broking Co. Pvt. Ltd.,Elite Stock House Limited,100,268.0,26800.0,2025-09-21 12:24:44.862580
2025-09-21,54932,2025092105017918,NIFRA,Kohinoor Investment & Securities Pvt. Ltd.,Elite Stock House Limited,20,268.0,5360.0,2025-09-21 12:24:44.862706
2025-09-21,54605,2025092105018036,NIFRA,Linch Stock Market Ltd.,Elite Stock House Limited,50,268.0,13400.0,2025-09-21 12:25:18.745738
2025-09-21,54327,2025092105018141,NIFRA,Linch Stock Market Ltd.,Elite Stock House Limited,216,268.0,57888.0,2025-09-21 12:26:00.685596
2025-09-21,54300,2025092105018155,NIFRA,Linch Stock Market Ltd.,Naasa Securities Co. Ltd.,64,268.0,17152.0,2025-09-21 12:26:04.770746
2025-09-21,54129,2025092105018217,NIFRA,Naasa Securities Co. Ltd.,Primo Securities (PVT) Ltd.,100,268.5,26850.0,2025-09-21 12:26:27.144144
2025-09-21,54051,2025092105018257,NIFRA,Linch Stock Market Ltd.,Premier Securities Company Ltd.,15,268.0,4020.0,2025-09-21 12:26:35.753265
2025-09-21,53778,2025092105018324,NIFRA,Linch Stock Market Ltd.,Naasa Securities Co. Ltd.,2000,268.0,536000.0,2025-09-21 12:27:13.142307
2025-09-21,53562,2025092105018383,NIFRA,Naasa Securities Co. Ltd.,Primo Securities (PVT) Ltd.,50,268.5,13425.0,2025-09-21 12:27:43.743048
2025-09-21,53561,2025092105018384,NIFRA,Naasa Securities Co. Ltd.,Siprabi Securities Pvt. Ltd.,44,268.5,11814.0,2025-09-21 12:27:43.743093
2025-09-21,53426,2025092105018438,NIFRA,Linch Stock Market Ltd.,Dipshikha Dhitopatra Karobar Co. Pvt Ltd.,54,268.0,14472.0,2025-09-21 12:28:05.330029
2025-09-21,53289,2025092105018478,NIFRA,Linch Stock Market Ltd.,Oxford Securities Pvt. Ltd.,54,268.0,14472.0,2025-09-21 12:28:20.262174
2025-09-21,53238,2025092105018496,NIFRA,Linch Stock Market Ltd.,Midas Stock Broking Company Private Limited,54,268.0,14472.0,2025-09-21 12:28:28.829717
2025-09-21,53195,2025092105018507,NIFRA,Naasa Securities Co. Ltd.,Sri Hari Securities Pvt. Ltd.,535,268.9,143861.5,2025-09-21 12:28:35.167085
2025-09-21,53123,2025092105018525,NIFRA,ABC Securities Private Limited,Sri Hari Securities Pvt. Ltd.,984,268.9,264597.6,2025-09-21 12:28:47.679249
2025-09-21,53122,2025092105018526,NIFRA,ABC Securities Private Limited,Agrawal Securities (PVT) Ltd.,100,268.9,26890.0,2025-09-21 12:28:47.679317
2025-09-21,53121,2025092105018527,NIFRA,ABC Securities Private Limited,Linch Stock Market Ltd.,700,269.0,188300.0,2025-09-21 12:28:47.679392
2025-09-21,53120,2025092105018528,NIFRA,ABC Securities Private Limited,Sundhara Securities Limited,500,269.0,134500.0,2025-09-21 12:28:47.679419
2025-09-21,53119,2025092105018529,NIFRA,ABC Securities Private Limited,Thrive Brokerage House Pvt. Ltd,10,269.0,2690.0,2025-09-21 12:28:47.679444
2025-09-21,53118,2025092105018530,NIFRA,ABC Securities Private Limited,Opal Securities Investment (PVT) Ltd.,800,269.0,215200.0,2025-09-21 12:28:47.679467
2025-09-21,53117,2025092105018531,NIFRA,ABC Securities Private Limited,Agrawal Securities (PVT) Ltd.,10,269.0,2690.0,2025-09-21 12:28:47.679490
2025-09-21,53116,2025092105018532,NIFRA,ABC Securities Private Limited,Linch Stock Market Ltd.,54,269.0,14526.0,2025-09-21 12:28:47.679513
2025-09-21,53115,2025092105018533,NIFRA,ABC Securities Private Limited,Deevyaa Securities & Stock House Pvt. Ltd,1842,269.0,495498.0,2025-09-21 12:28:47.679538
2025-09-21,52909,2025092105018618,NIFRA,Linch Stock Market Ltd.,Online Securities Pvt. Ltd.,54,268.0,14472.0,2025-09-21 12:29:10.955655
2025-09-21,52835,2025092105018653,NIFRA,Sewa Securities Pvt. Ltd.,Deevyaa Securities & Stock House Pvt. Ltd,100,269.0,26900.0,2025-09-21 12:29:18.943411
2025-09-21,52255,2025092105018867,NIFRA,Naasa Securities Co. Ltd.,South Asian Bulls Pvt. Ltd.,70,268.2,18774.0,2025-09-21 12:30:28.495794
2025-09-21,52242,2025092105018873,NIFRA,Linch Stock Market Ltd.,Secured Securities Ltd.,989,268.0,265052.0,2025-09-21 12:30:31.935396
2025-09-21,52241,2025092105018874,NIFRA,Nepal Investment And Securities Trading Private Limited,Secured Securities Ltd.,11,268.0,2948.0,2025-09-21 12:30:31.935649
2025-09-21,51619,2025092105019112,NIFRA,Nepal Investment And Securities Trading Private Limited,Naasa Securities Co. Ltd.,54,268.0,14472.0,2025-09-21 12:31:53.906627
2025-09-21,51297,2025092105019223,NIFRA,Imperial Securities Company Pvt. Ltd.,Trisul Securities & Invt. Ltd.,28,268.5,7518.0,2025-09-21 12:32:35.667630
