Date,S.N.,Contract ID,Symbol,Buyer Broker,Seller Broker,volume,rate,amount,transaction_time
2025-09-21,108477,2025092101000124,NMB,Nepal Stock House (PVT) Ltd.,Nepal Stock House (PVT) Ltd.,50,239.0,11950.0,2025-09-21 10:46:00.052044
2025-09-21,103971,2025092101001263,NMB,KALASH STOCK MARKET PVT. LTD.,Nepal Stock House (PVT) Ltd.,200,238.9,47780.0,2025-09-21 11:04:08.290574
2025-09-21,103910,2025092101001283,NMB,Malla & Malla Stock Broking Company Pvt. Limited,Nepal Stock House (PVT) Ltd.,150,238.9,35835.0,2025-09-21 11:04:12.169671
2025-09-21,103909,2025092101001284,NMB,Malla & Malla Stock Broking Company Pvt. Limited,Naasa Securities Co. Ltd.,500,238.9,119450.0,2025-09-21 11:04:12.169723
2025-09-21,103908,2025092101001285,NMB,Malla & Malla Stock Broking Company Pvt. Limited,Linch Stock Market Ltd.,42,239.0,10038.0,2025-09-21 11:04:12.169750
2025-09-21,103907,2025092101001286,NMB,Malla & Malla Stock Broking Company Pvt. Limited,Kohinoor Investment & Securities Pvt. Ltd.,26,239.0,6214.0,2025-09-21 11:04:12.169772
2025-09-21,103607,2025092101001372,NMB,Creative Securities Pvt Ltd,Nepal Stock House (PVT) Ltd.,400,239.9,95960.0,2025-09-21 11:04:29.054534
2025-09-21,103606,2025092101001373,NMB,Creative Securities Pvt Ltd,Dipshikha Dhitopatra Karobar Co. Pvt Ltd.,50,240.0,12000.0,2025-09-21 11:04:29.054605
2025-09-21,103178,2025092101001475,NMB,Creative Securities Pvt Ltd,Deevyaa Securities & Stock House Pvt. Ltd,50,240.0,12000.0,2025-09-21 11:04:54.027225
2025-09-21,102244,2025092101001704,NMB,Sewa Securities Pvt. Ltd.,Deevyaa Securities & Stock House Pvt. Ltd,90,240.0,21600.0,2025-09-21 11:05:49.519363
2025-09-21,102243,2025092101001705,NMB,Sewa Securities Pvt. Ltd.,Vision Securities Pvt. Ltd,500,240.8,120400.0,2025-09-21 11:05:49.519413
2025-09-21,102242,2025092101001706,NMB,Sewa Securities Pvt. Ltd.,Nepal Stock House (PVT) Ltd.,400,240.9,96360.0,2025-09-21 11:05:49.519439
2025-09-21,102168,2025092101001735,NMB,Sewa Securities Pvt. Ltd.,Vision Securities Pvt. Ltd,10,240.9,2409.0,2025-09-21 11:05:53.946245
2025-09-21,102167,2025092101001736,NMB,Malla & Malla Stock Broking Company Pvt. Limited,Vision Securities Pvt. Ltd,132,239.0,31548.0,2025-09-21 11:05:53.946299
2025-09-21,101840,2025092101001791,NMB,Naasa Securities Co. Ltd.,Vision Securities Pvt. Ltd,50,239.0,11950.0,2025-09-21 11:06:12.923233
2025-09-21,101586,2025092101001849,NMB,Sani Securities Company Ltd.,Nepal Stock House (PVT) Ltd.,400,241.9,96760.0,2025-09-21 11:06:25.953810
2025-09-21,101585,2025092101001850,NMB,Sani Securities Company Ltd.,Neev Securities Pvt. Ltd.,333,242.9,80885.7,2025-09-21 11:06:25.953867
2025-09-21,101584,2025092101001851,NMB,Sani Securities Company Ltd.,Nepal Stock House (PVT) Ltd.,400,242.9,97160.0,2025-09-21 11:06:25.953895
2025-09-21,101583,2025092101001852,NMB,Sani Securities Company Ltd.,Thrive Brokerage House Pvt. Ltd,11,243.0,2673.0,2025-09-21 11:06:25.953937
2025-09-21,101582,2025092101001853,NMB,Sani Securities Company Ltd.,J.F. Securites (PVT) Ltd.,1000,243.0,243000.0,2025-09-21 11:06:25.953963
2025-09-21,101341,2025092101001907,NMB,Sani Securities Company Ltd.,Aryatara Investment & Securities,200,243.0,48600.0,2025-09-21 11:06:39.644586
2025-09-21,101035,2025092101001963,NMB,Online Securities Pvt. Ltd.,Nepal Stock House (PVT) Ltd.,400,243.7,97480.0,2025-09-21 11:06:55.037209
2025-09-21,101034,2025092101001964,NMB,Online Securities Pvt. Ltd.,Arun Securities (PVT) Ltd.,100,243.7,24370.0,2025-09-21 11:06:55.037251
2025-09-21,101033,2025092101001965,NMB,Online Securities Pvt. Ltd.,Vision Securities Pvt. Ltd,100,243.7,24370.0,2025-09-21 11:06:55.037276
2025-09-21,100712,2025092101002017,NMB,Sani Securities Company Ltd.,Bhrikuti Stock Broking Co. Pvt. Ltd.,200,243.0,48600.0,2025-09-21 11:07:16.803498
2025-09-21,100051,2025092101002176,NMB,Sani Securities Company Ltd.,Nepal Investment And Securities Trading Private Limited,500,243.0,121500.0,2025-09-21 11:07:51.676091
2025-09-21,99174,2025092101002399,NMB,ABC Securities Private Limited,Bhrikuti Stock Broking Co. Pvt. Ltd.,51,243.1,12398.1,2025-09-21 11:08:45.881247
2025-09-21,99173,2025092101002400,NMB,Vision Securities Pvt. Ltd,Bhrikuti Stock Broking Co. Pvt. Ltd.,100,243.1,24310.0,2025-09-21 11:08:45.881311
2025-09-21,99172,2025092101002401,NMB,Sani Securities Company Ltd.,Bhrikuti Stock Broking Co. Pvt. Ltd.,249,243.0,60507.0,2025-09-21 11:08:45.881341
2025-09-21,98927,2025092101002448,NMB,Sani Securities Company Ltd.,Sri Hari Securities Pvt. Ltd.,15000,243.0,3645000.0,2025-09-21 11:08:59.617265
2025-09-21,98361,2025092101002594,NMB,Nepal Investment And Securities Trading Private Limited,Opal Securities Investment (PVT) Ltd.,200,244.0,48800.0,2025-09-21 11:09:34.588363
2025-09-21,98360,2025092101002595,NMB,Sani Securities Company Ltd.,Opal Securities Investment (PVT) Ltd.,100,243.1,24310.0,2025-09-21 11:09:34.588413
2025-09-21,98359,2025092101002596,NMB,Sani Securities Company Ltd.,Opal Securities Investment (PVT) Ltd.,1557,243.0,378351.0,2025-09-21 11:09:34.588440
2025-09-21,97688,2025092101002779,NMB,Sani Securities Company Ltd.,Neev Securities Pvt. Ltd.,100,243.0,24300.0,2025-09-21 11:10:17.535286
2025-09-21,97126,2025092101002879,NMB,Sani Securities Company Ltd.,Opal Securities Investment (PVT) Ltd.,50,243.0,12150.0,2025-09-21 11:10:40.879096
2025-09-21,97125,2025092101002880,NMB,South Asian Bulls Pvt. Ltd.,Opal Securities Investment (PVT) Ltd.,150,243.0,36450.0,2025-09-21 11:10:40.879175
2025-09-21,94412,2025092101003541,NMB,Linch Stock Market Ltd.,Dynamic Money Managers Securities Pvt. Ltd.,20,244.0,4880.0,2025-09-21 11:12:28.857716
2025-09-21,93748,2025092101003727,NMB,Malla & Malla Stock Broking Company Pvt. Limited,Kumari Securities Private Limited,100,243.9,24390.0,2025-09-21 11:13:01.222453
2025-09-21,93023,2025092101003871,NMB,Naasa Securities Co. Ltd.,Trishakti Securities Public Limited,90,242.0,21780.0,2025-09-21 11:13:35.247192
2025-09-21,92537,2025092101003992,NMB,Malla & Malla Stock Broking Company Pvt. Limited,Kohinoor Investment & Securities Pvt. Ltd.,100,241.0,24100.0,2025-09-21 11:13:55.751245
2025-09-21,92461,2025092101004009,NMB,Malla & Malla Stock Broking Company Pvt. Limited,Dakshinkali Investment & Securities Pvt. Ltd.,250,241.0,60250.0,2025-09-21 11:13:59.388703
2025-09-21,91630,2025092101004204,NMB,Malla & Malla Stock Broking Company Pvt. Limited,ABC Securities Private Limited,50,241.0,12050.0,2025-09-21 11:14:42.601322
2025-09-21,91629,2025092101004205,NMB,ABC Securities Private Limited,ABC Securities Private Limited,41,241.0,9881.0,2025-09-21 11:14:42.601377
2025-09-21,91628,2025092101004206,NMB,Shree Krishna Securities Ltd.,ABC Securities Private Limited,409,240.0,98160.0,2025-09-21 11:14:42.601407
2025-09-21,91088,2025092101004333,NMB,Shree Krishna Securities Ltd.,Vision Securities Pvt. Ltd,291,240.0,69840.0,2025-09-21 11:15:13.141110
2025-09-21,91087,2025092101004334,NMB,ABC Securities Private Limited,Vision Securities Pvt. Ltd,52,240.0,12480.0,2025-09-21 11:15:13.141196
2025-09-21,89616,2025092101004682,NMB,Online Securities Pvt. Ltd.,Secured Securities Ltd.,300,239.2,71760.0,2025-09-21 11:16:28.583940
2025-09-21,89186,2025092101004804,NMB,Premier Securities Company Ltd.,Vision Securities Pvt. Ltd,157,240.0,37680.0,2025-09-21 11:16:52.607330
2025-09-21,88865,2025092101004878,NMB,Premier Securities Company Ltd.,Imperial Securities Company Pvt. Ltd.,1000,240.0,240000.0,2025-09-21 11:17:14.109841
2025-09-21,88843,2025092101004880,NMB,J.F. Securites (PVT) Ltd.,Imperial Securities Company Pvt. Ltd.,200,240.0,48000.0,2025-09-21 11:17:16.201192
2025-09-21,87570,2025092101005177,NMB,Naasa Securities Co. Ltd.,Ashutosh Brokerage & Securities (PVT) Ltd.,10,241.0,2410.0,2025-09-21 11:18:40.802331
2025-09-21,86983,2025092101005322,NMB,J.F. Securites (PVT) Ltd.,Primo Securities (PVT) Ltd.,504,239.2,120556.8,2025-09-21 11:19:20.001551
2025-09-21,86608,2025092101005405,NMB,J.F. Securites (PVT) Ltd.,Linch Stock Market Ltd.,50,239.2,11960.0,2025-09-21 11:19:45.852070
2025-09-21,86149,2025092101005511,NMB,J.F. Securites (PVT) Ltd.,Trishakti Securities Public Limited,117,239.2,27986.4,2025-09-21 11:20:18.703548
2025-09-21,85782,2025092101005602,NMB,J.F. Securites (PVT) Ltd.,J.F. Securites (PVT) Ltd.,129,239.2,30856.8,2025-09-21 11:20:45.737776
2025-09-21,85781,2025092101005603,NMB,Trisul Securities & Invt. Ltd.,J.F. Securites (PVT) Ltd.,500,239.1,119550.0,2025-09-21 11:20:45.737843
2025-09-21,85780,2025092101005604,NMB,ABC Securities Private Limited,J.F. Securites (PVT) Ltd.,41,239.0,9799.0,2025-09-21 11:20:45.737883
2025-09-21,85779,2025092101005605,NMB,Midas Stock Broking Company Private Limited,J.F. Securites (PVT) Ltd.,330,239.0,78870.0,2025-09-21 11:20:45.737939
2025-09-21,84861,2025092101005818,NMB,Midas Stock Broking Company Private Limited,Premier Securities Company Ltd.,25,239.0,5975.0,2025-09-21 11:21:54.740059
2025-09-21,82343,2025092101006506,NMB,Midas Stock Broking Company Private Limited,Midas Stock Broking Company Private Limited,50,239.0,11950.0,2025-09-21 11:24:55.193002
2025-09-21,81744,2025092101006653,NMB,ABC Securities Private Limited,Siprabi Securities Pvt. Ltd.,50,239.1,11955.0,2025-09-21 11:25:53.000040
2025-09-21,81743,2025092101006654,NMB,Midas Stock Broking Company Private Limited,Siprabi Securities Pvt. Ltd.,95,239.0,22705.0,2025-09-21 11:25:53.000141
2025-09-21,81742,2025092101006655,NMB,Cristal Kanchanjanga Securites Pvt. Ltd.,Siprabi Securities Pvt. Ltd.,20,239.0,4780.0,2025-09-21 11:25:53.000182
2025-09-21,81741,2025092101006656,NMB,Online Securities Pvt. Ltd.,Siprabi Securities Pvt. Ltd.,100,239.0,23900.0,2025-09-21 11:25:53.000225
2025-09-21,81740,2025092101006657,NMB,Dipshikha Dhitopatra Karobar Co. Pvt Ltd.,Siprabi Securities Pvt. Ltd.,235,239.0,56165.0,2025-09-21 11:25:53.000256
2025-09-21,81164,2025092101006816,NMB,J.F. Securites (PVT) Ltd.,J.F. Securites (PVT) Ltd.,500,241.0,120500.0,2025-09-21 11:26:47.981303
2025-09-21,81163,2025092101006817,NMB,J.F. Securites (PVT) Ltd.,Opal Securities Investment (PVT) Ltd.,1500,241.9,362850.0,2025-09-21 11:26:47.981370
2025-09-21,81162,2025092101006818,NMB,J.F. Securites (PVT) Ltd.,Midas Stock Broking Company Private Limited,100,242.0,24200.0,2025-09-21 11:26:47.981402
2025-09-21,81161,2025092101006819,NMB,J.F. Securites (PVT) Ltd.,Online Securities Pvt. Ltd.,78,242.0,18876.0,2025-09-21 11:26:47.981434
2025-09-21,81160,2025092101006820,NMB,J.F. Securites (PVT) Ltd.,Sweta Securities Private Limited,350,242.0,84700.0,2025-09-21 11:26:47.981462
2025-09-21,81159,2025092101006821,NMB,J.F. Securites (PVT) Ltd.,Aryatara Investment & Securities,200,242.0,48400.0,2025-09-21 11:26:47.981495
2025-09-21,81158,2025092101006822,NMB,J.F. Securites (PVT) Ltd.,Dipshikha Dhitopatra Karobar Co. Pvt Ltd.,84,243.0,20412.0,2025-09-21 11:26:47.981523
2025-09-21,81157,2025092101006823,NMB,J.F. Securites (PVT) Ltd.,South Asian Bulls Pvt. Ltd.,188,243.0,45684.0,2025-09-21 11:26:47.981550
2025-09-21,80948,2025092101006869,NMB,J.F. Securites (PVT) Ltd.,South Asian Bulls Pvt. Ltd.,12,243.0,2916.0,2025-09-21 11:27:06.716615
2025-09-21,80947,2025092101006870,NMB,J.F. Securites (PVT) Ltd.,Sweta Securities Private Limited,1000,243.0,243000.0,2025-09-21 11:27:06.716673
2025-09-21,80367,2025092101007046,NMB,Sani Securities Company Ltd.,Kumari Securities Private Limited,100,243.6,24360.0,2025-09-21 11:28:03.663499
2025-09-21,80366,2025092101007047,NMB,Sani Securities Company Ltd.,South Asian Bulls Pvt. Ltd.,50,243.7,12185.0,2025-09-21 11:28:03.663637
2025-09-21,80365,2025092101007048,NMB,Sani Securities Company Ltd.,Kumari Securities Private Limited,412,243.7,100404.4,2025-09-21 11:28:03.663734
2025-09-21,80364,2025092101007049,NMB,Sani Securities Company Ltd.,Vision Securities Pvt. Ltd,700,243.7,170590.0,2025-09-21 11:28:03.663823
2025-09-21,80363,2025092101007050,NMB,Sani Securities Company Ltd.,Nepal Stock House (PVT) Ltd.,300,243.9,73170.0,2025-09-21 11:28:03.663914
2025-09-21,80362,2025092101007051,NMB,Sani Securities Company Ltd.,Dynamic Money Managers Securities Pvt. Ltd.,280,244.0,68320.0,2025-09-21 11:28:03.664039
2025-09-21,80361,2025092101007052,NMB,Sani Securities Company Ltd.,Online Securities Pvt. Ltd.,30,244.0,7320.0,2025-09-21 11:28:03.664154
2025-09-21,80360,2025092101007053,NMB,Sani Securities Company Ltd.,Arun Securities (PVT) Ltd.,500,244.8,122400.0,2025-09-21 11:28:03.664244
2025-09-21,80359,2025092101007054,NMB,Sani Securities Company Ltd.,Neev Securities Pvt. Ltd.,200,245.0,49000.0,2025-09-21 11:28:03.664334
2025-09-21,80358,2025092101007055,NMB,Sani Securities Company Ltd.,Kohinoor Investment & Securities Pvt. Ltd.,274,245.0,67130.0,2025-09-21 11:28:03.664440
2025-09-21,80357,2025092101007056,NMB,Sani Securities Company Ltd.,Sani Securities Company Ltd.,130,245.0,31850.0,2025-09-21 11:28:03.664522
2025-09-21,80246,2025092101007079,NMB,Sani Securities Company Ltd.,Siprabi Securities Pvt. Ltd.,20,245.0,4900.0,2025-09-21 11:28:15.311692
2025-09-21,79144,2025092101007420,NMB,Secured Securities Ltd.,Dynamic Money Managers Securities Pvt. Ltd.,300,246.9,74070.0,2025-09-21 11:30:08.809191
2025-09-21,78205,2025092101007779,NMB,Secured Securities Ltd.,ABC Securities Private Limited,200,246.9,49380.0,2025-09-21 11:31:40.796426
2025-09-21,78204,2025092101007780,NMB,Cristal Kanchanjanga Securites Pvt. Ltd.,ABC Securities Private Limited,40,246.9,9876.0,2025-09-21 11:31:40.796579
2025-09-21,77964,2025092101007823,NMB,Sani Securities Company Ltd.,Vision Securities Pvt. Ltd,500,245.0,122500.0,2025-09-21 11:32:05.701299
2025-09-21,77362,2025092101007960,NMB,Sani Securities Company Ltd.,N.I.M.B. Stock Markets Limited,621,245.0,152145.0,2025-09-21 11:33:11.938282
2025-09-21,77137,2025092101008015,NMB,Sani Securities Company Ltd.,Dakshinkali Investment & Securities Pvt. Ltd.,200,245.0,49000.0,2025-09-21 11:33:31.988905
2025-09-21,77097,2025092101008021,NMB,Sani Securities Company Ltd.,Sundhara Securities Limited,5500,245.0,1347500.0,2025-09-21 11:33:37.585737
2025-09-21,77085,2025092101008026,NMB,Sani Securities Company Ltd.,Vision Securities Pvt. Ltd,500,245.0,122500.0,2025-09-21 11:33:38.562597
2025-09-21,76883,2025092101008077,NMB,Trishakti Securities Public Limited,KALASH STOCK MARKET PVT. LTD.,150,246.5,36975.0,2025-09-21 11:33:58.146975
2025-09-21,76882,2025092101008078,NMB,Trishakti Securities Public Limited,Nepal Stock House (PVT) Ltd.,150,246.9,37035.0,2025-09-21 11:33:58.147087
2025-09-21,76736,2025092101008112,NMB,Sani Securities Company Ltd.,Agrawal Securities (PVT) Ltd.,1000,245.0,245000.0,2025-09-21 11:34:09.832562
2025-09-21,76570,2025092101008164,NMB,Sani Securities Company Ltd.,Sumeru Securities Pvt. Ltd.,58,245.0,14210.0,2025-09-21 11:34:24.904500
2025-09-21,76502,2025092101008181,NMB,Sani Securities Company Ltd.,Vision Securities Pvt. Ltd,500,245.0,122500.0,2025-09-21 11:34:33.096046
2025-09-21,76415,2025092101008211,NMB,Sani Securities Company Ltd.,Sri Hari Securities Pvt. Ltd.,903,245.0,221235.0,2025-09-21 11:34:42.674993
2025-09-21,76340,2025092101008231,NMB,Sani Securities Company Ltd.,Opal Securities Investment (PVT) Ltd.,1148,245.0,281260.0,2025-09-21 11:34:50.687390
2025-09-21,76317,2025092101008236,NMB,Sani Securities Company Ltd.,J.F. Securites (PVT) Ltd.,499,245.0,122255.0,2025-09-21 11:34:52.927820
2025-09-21,76201,2025092101008292,NMB,Sani Securities Company Ltd.,N.I.M.B. Stock Markets Limited,38,245.0,9310.0,2025-09-21 11:35:01.021822
2025-09-21,76041,2025092101008338,NMB,Sani Securities Company Ltd.,Vision Securities Pvt. Ltd,268,245.0,65660.0,2025-09-21 11:35:21.564357
2025-09-21,75416,2025092101008542,NMB,Sani Securities Company Ltd.,Neev Securities Pvt. Ltd.,269,245.0,65905.0,2025-09-21 11:36:36.841453
2025-09-21,74006,2025092101008963,NMB,Sani Securities Company Ltd.,Linch Stock Market Ltd.,15,245.0,3675.0,2025-09-21 11:39:49.652405
2025-09-21,73306,2025092101009148,NMB,ABC Securities Private Limited,Online Securities Pvt. Ltd.,28,242.0,6776.0,2025-09-21 11:41:25.793381
2025-09-21,73140,2025092101009201,NMB,ABC Securities Private Limited,Sani Securities Company Ltd.,14,242.0,3388.0,2025-09-21 11:41:45.967880
2025-09-21,73139,2025092101009202,NMB,Primo Securities (PVT) Ltd.,Sani Securities Company Ltd.,501,242.0,121242.0,2025-09-21 11:41:45.967949
2025-09-21,72742,2025092101009298,NMB,Primo Securities (PVT) Ltd.,Secured Securities Ltd.,599,242.0,144958.0,2025-09-21 11:42:25.966985
2025-09-21,72741,2025092101009299,NMB,Shree Krishna Securities Ltd.,Secured Securities Ltd.,300,242.0,72600.0,2025-09-21 11:42:25.967069
2025-09-21,72551,2025092101009347,NMB,Nepal Stock House (PVT) Ltd.,Midas Stock Broking Company Private Limited,20,241.0,4820.0,2025-09-21 11:42:51.887741
2025-09-21,72425,2025092101009389,NMB,Nepal Stock House (PVT) Ltd.,Aryatara Investment & Securities,30,241.0,7230.0,2025-09-21 11:43:07.947985
2025-09-21,71928,2025092101009543,NMB,Aryatara Investment & Securities,Aryatara Investment & Securities,37,241.0,8917.0,2025-09-21 11:44:08.212738
2025-09-21,71927,2025092101009544,NMB,Aryatara Investment & Securities,Nepal Stock House (PVT) Ltd.,40,241.0,9640.0,2025-09-21 11:44:08.212817
2025-09-21,71926,2025092101009545,NMB,Aryatara Investment & Securities,J.F. Securites (PVT) Ltd.,23,241.0,5543.0,2025-09-21 11:44:08.212850
2025-09-21,70121,2025092101010041,NMB,Secured Securities Ltd.,J.F. Securites (PVT) Ltd.,50,241.0,12050.0,2025-09-21 11:48:15.042501
2025-09-21,68677,2025092101010386,NMB,Oxford Securities Pvt. Ltd.,J.F. Securites (PVT) Ltd.,127,241.0,30607.0,2025-09-21 11:51:06.895596
2025-09-21,68676,2025092101010387,NMB,Oxford Securities Pvt. Ltd.,Kohinoor Investment & Securities Pvt. Ltd.,36,241.0,8676.0,2025-09-21 11:51:06.895673
2025-09-21,68501,2025092101010429,NMB,Siprabi Securities Pvt. Ltd.,Deevyaa Securities & Stock House Pvt. Ltd,100,241.1,24110.0,2025-09-21 11:51:34.394924
2025-09-21,68190,2025092101010504,NMB,Oxford Securities Pvt. Ltd.,Sri Hari Securities Pvt. Ltd.,5837,241.0,1406717.0,2025-09-21 11:52:17.731711
2025-09-21,66969,2025092101010821,NMB,Kohinoor Investment & Securities Pvt. Ltd.,Secured Securities Ltd.,200,240.5,48100.0,2025-09-21 11:55:22.635047
2025-09-21,66968,2025092101010822,NMB,Shree Krishna Securities Ltd.,Secured Securities Ltd.,26,240.5,6253.0,2025-09-21 11:55:22.635197
2025-09-21,64271,2025092101011522,NMB,Shree Krishna Securities Ltd.,Aryatara Investment & Securities,50,240.5,12025.0,2025-09-21 12:02:53.080537
2025-09-21,63580,2025092101011700,NMB,Kohinoor Investment & Securities Pvt. Ltd.,Sani Securities Company Ltd.,60,241.0,14460.0,2025-09-21 12:04:50.976416
2025-09-21,63579,2025092101011701,NMB,Shree Krishna Securities Ltd.,Sani Securities Company Ltd.,24,240.5,5772.0,2025-09-21 12:04:50.976525
2025-09-21,63578,2025092101011702,NMB,Naasa Securities Co. Ltd.,Sani Securities Company Ltd.,10,240.5,2405.0,2025-09-21 12:04:50.976566
2025-09-21,63577,2025092101011703,NMB,Sani Securities Company Ltd.,Sani Securities Company Ltd.,50,240.2,12010.0,2025-09-21 12:04:50.976620
2025-09-21,63576,2025092101011704,NMB,ABC Securities Private Limited,Sani Securities Company Ltd.,41,240.2,9848.2,2025-09-21 12:04:50.976659
2025-09-21,63575,2025092101011705,NMB,South Asian Bulls Pvt. Ltd.,Sani Securities Company Ltd.,100,240.2,24020.0,2025-09-21 12:04:50.976697
2025-09-21,63574,2025092101011706,NMB,Vision Securities Pvt. Ltd,Sani Securities Company Ltd.,89,240.1,21368.9,2025-09-21 12:04:50.976736
2025-09-21,63479,2025092101011730,NMB,Vision Securities Pvt. Ltd,Thrive Brokerage House Pvt. Ltd,11,240.1,2641.1,2025-09-21 12:05:09.010653
2025-09-21,63478,2025092101011731,NMB,Dipshikha Dhitopatra Karobar Co. Pvt Ltd.,Thrive Brokerage House Pvt. Ltd,47,240.1,11284.7,2025-09-21 12:05:09.010734
2025-09-21,63002,2025092101011908,NMB,Sri Hari Securities Pvt. Ltd.,Kumari Securities Private Limited,100,241.0,24100.0,2025-09-21 12:06:28.029469
2025-09-21,63000,2025092101011909,NMB,Dipshikha Dhitopatra Karobar Co. Pvt Ltd.,Imperial Securities Company Pvt. Ltd.,53,240.1,12725.3,2025-09-21 12:06:28.358158
2025-09-21,62999,2025092101011910,NMB,Sani Securities Company Ltd.,Imperial Securities Company Pvt. Ltd.,47,240.1,11284.7,2025-09-21 12:06:28.358315
2025-09-21,62462,2025092101012034,NMB,Cristal Kanchanjanga Securites Pvt. Ltd.,Naasa Securities Co. Ltd.,20,240.1,4802.0,2025-09-21 12:07:55.313148
2025-09-21,62461,2025092101012035,NMB,Midas Stock Broking Company Private Limited,Naasa Securities Co. Ltd.,100,240.0,24000.0,2025-09-21 12:07:55.313240
2025-09-21,62460,2025092101012036,NMB,Imperial Securities Company Pvt. Ltd.,Naasa Securities Co. Ltd.,100,240.0,24000.0,2025-09-21 12:07:55.313284
2025-09-21,62316,2025092101012065,NMB,Malla & Malla Stock Broking Company Pvt. Limited,Naasa Securities Co. Ltd.,10,239.4,2394.0,2025-09-21 12:08:15.053686
2025-09-21,62315,2025092101012066,NMB,Market Securities & Exchange (PVT) Ltd.,Naasa Securities Co. Ltd.,20,239.3,4786.0,2025-09-21 12:08:15.053779
2025-09-21,62152,2025092101012096,NMB,Nepal Stock House (PVT) Ltd.,Kohinoor Investment & Securities Pvt. Ltd.,62,242.0,15004.0,2025-09-21 12:08:40.859753
2025-09-21,62151,2025092101012097,NMB,Nepal Stock House (PVT) Ltd.,Naasa Securities Co. Ltd.,38,242.0,9196.0,2025-09-21 12:08:40.859847
2025-09-21,62119,2025092101012107,NMB,Imperial Securities Company Pvt. Ltd.,Naasa Securities Co. Ltd.,11,242.0,2662.0,2025-09-21 12:08:46.152057
2025-09-21,61435,2025092101012308,NMB,Imperial Securities Company Pvt. Ltd.,Vision Securities Pvt. Ltd,79,242.0,19118.0,2025-09-21 12:10:12.104573
2025-09-21,60904,2025092101012446,NMB,Trishakti Securities Public Limited,Vision Securities Pvt. Ltd,400,242.0,96800.0,2025-09-21 12:11:24.547208
2025-09-21,59496,2025092101012727,NMB,Opal Securities Investment (PVT) Ltd.,Vision Securities Pvt. Ltd,2,239.0,478.0,2025-09-21 12:14:54.442677
2025-09-21,59455,2025092101012740,NMB,Online Securities Pvt. Ltd.,Vision Securities Pvt. Ltd,77,242.0,18634.0,2025-09-21 12:15:01.565093
2025-09-21,59215,2025092101012800,NMB,Deevyaa Securities & Stock House Pvt. Ltd,Opal Securities Investment (PVT) Ltd.,250,241.0,60250.0,2025-09-21 12:15:30.388871
2025-09-21,57703,2025092101013215,NMB,Nepal Stock House (PVT) Ltd.,Vision Securities Pvt. Ltd,50,242.0,12100.0,2025-09-21 12:18:52.478275
2025-09-21,56775,2025092101013495,NMB,Aryatara Investment & Securities,Vision Securities Pvt. Ltd,150,242.0,36300.0,2025-09-21 12:20:57.024624
2025-09-21,56465,2025092101013606,NMB,Nabil Stock Dealer Ltd.,Vision Securities Pvt. Ltd,244,241.5,58926.0,2025-09-21 12:21:31.907866
2025-09-21,55797,2025092101013760,NMB,Online Securities Pvt. Ltd.,Sharepro Securities Private Limited,1000,242.5,242500.0,2025-09-21 12:22:50.981746
2025-09-21,55796,2025092101013761,NMB,Online Securities Pvt. Ltd.,Ashutosh Brokerage & Securities (PVT) Ltd.,250,242.9,60725.0,2025-09-21 12:22:50.981862
2025-09-21,55795,2025092101013762,NMB,Online Securities Pvt. Ltd.,Opal Securities Investment (PVT) Ltd.,1750,243.0,425250.0,2025-09-21 12:22:50.981914
2025-09-21,55702,2025092101013781,NMB,Malla & Malla Stock Broking Company Pvt. Limited,Vision Securities Pvt. Ltd,100,242.0,24200.0,2025-09-21 12:23:03.697588
2025-09-21,55024,2025092101013954,NMB,South Asian Bulls Pvt. Ltd.,Vision Securities Pvt. Ltd,100,242.0,24200.0,2025-09-21 12:24:33.167416
2025-09-21,54667,2025092101014032,NMB,SUN SECURITIES PVT LTD,Vision Securities Pvt. Ltd,610,242.0,147620.0,2025-09-21 12:25:12.134076
2025-09-21,54604,2025092101014060,NMB,Nepal Stock House (PVT) Ltd.,Vision Securities Pvt. Ltd,100,242.0,24200.0,2025-09-21 12:25:19.033087
2025-09-21,54451,2025092101014095,NMB,Neev Securities Pvt. Ltd.,Vision Securities Pvt. Ltd,40,241.8,9672.0,2025-09-21 12:25:42.533548
2025-09-21,54109,2025092101014157,NMB,Agrawal Securities (PVT) Ltd.,Vision Securities Pvt. Ltd,30,242.0,7260.0,2025-09-21 12:26:30.506148
2025-09-21,54108,2025092101014158,NMB,Agrawal Securities (PVT) Ltd.,Premier Securities Company Ltd.,11,242.0,2662.0,2025-09-21 12:26:30.506345
2025-09-21,54096,2025092101014159,NMB,N.I.M.B. Stock Markets Limited,Premier Securities Company Ltd.,66,242.0,15972.0,2025-09-21 12:26:32.277726
2025-09-21,53636,2025092101014297,NMB,Neev Securities Pvt. Ltd.,J.F. Securites (PVT) Ltd.,40,241.8,9672.0,2025-09-21 12:27:27.927943
2025-09-21,52017,2025092101014608,NMB,Neev Securities Pvt. Ltd.,Premier Securities Company Ltd.,50,241.8,12090.0,2025-09-21 12:31:01.034781
2025-09-21,50642,2025092101014888,NMB,Malla & Malla Stock Broking Company Pvt. Limited,Opal Securities Investment (PVT) Ltd.,120,243.0,29160.0,2025-09-21 12:33:53.211189
2025-09-21,50384,2025092101014943,NMB,Bhrikuti Stock Broking Co. Pvt. Ltd.,ABC Securities Private Limited,200,242.0,48400.0,2025-09-21 12:34:25.243818
2025-09-21,50241,2025092101014980,NMB,Neev Securities Pvt. Ltd.,ABC Securities Private Limited,800,242.0,193600.0,2025-09-21 12:34:44.050931
2025-09-21,49899,2025092101015082,NMB,Dipshikha Dhitopatra Karobar Co. Pvt Ltd.,Nepal Stock House (PVT) Ltd.,100,241.9,24190.0,2025-09-21 12:35:22.432374
2025-09-21,49898,2025092101015083,NMB,Kohinoor Investment & Securities Pvt. Ltd.,Nepal Stock House (PVT) Ltd.,60,241.9,14514.0,2025-09-21 12:35:22.432479
2025-09-21,49897,2025092101015084,NMB,Neev Securities Pvt. Ltd.,Nepal Stock House (PVT) Ltd.,20,241.8,4836.0,2025-09-21 12:35:22.432526
2025-09-21,48191,2025092101015404,NMB,Vision Securities Pvt. Ltd,Opal Securities Investment (PVT) Ltd.,130,243.0,31590.0,2025-09-21 12:39:10.002252
2025-09-21,48190,2025092101015405,NMB,Vision Securities Pvt. Ltd,Bhrikuti Stock Broking Co. Pvt. Ltd.,132,243.0,32076.0,2025-09-21 12:39:10.002377
2025-09-21,46193,2025092101015977,NMB,Trishakti Securities Public Limited,Siprabi Securities Pvt. Ltd.,40,243.5,9740.0,2025-09-21 12:43:22.734939
2025-09-21,46192,2025092101015978,NMB,Trishakti Securities Public Limited,Primo Securities (PVT) Ltd.,10,243.5,2435.0,2025-09-21 12:43:22.735061
2025-09-21,45796,2025092101016073,NMB,Bhrikuti Stock Broking Co. Pvt. Ltd.,Online Securities Pvt. Ltd.,65,243.2,15808.0,2025-09-21 12:44:24.796095
2025-09-21,43101,2025092101016610,NMB,Primo Securities (PVT) Ltd.,Naasa Securities Co. Ltd.,50,244.0,12200.0,2025-09-21 12:51:08.406627
2025-09-21,43100,2025092101016611,NMB,Primo Securities (PVT) Ltd.,Primo Securities (PVT) Ltd.,50,244.0,12200.0,2025-09-21 12:51:08.406863
2025-09-21,43046,2025092101016615,NMB,Bhrikuti Stock Broking Co. Pvt. Ltd.,Imperial Securities Company Pvt. Ltd.,21,243.6,5115.6,2025-09-21 12:51:15.046758
2025-09-21,41702,2025092101017029,NMB,Bhrikuti Stock Broking Co. Pvt. Ltd.,Vision Securities Pvt. Ltd,79,243.6,19244.4,2025-09-21 12:53:57.942647
2025-09-21,41698,2025092101017030,NMB,Opal Securities Investment (PVT) Ltd.,Vision Securities Pvt. Ltd,40,243.6,9744.0,2025-09-21 12:53:59.186210
2025-09-21,41362,2025092101017132,NMB,Hatemalo Financial Services Private Limited,Vision Securities Pvt. Ltd,381,243.6,92811.6,2025-09-21 12:54:49.507426
2025-09-21,40539,2025092101017343,NMB,Sri Hari Securities Pvt. Ltd.,Primo Securities (PVT) Ltd.,100,244.0,24400.0,2025-09-21 12:56:51.666399
2025-09-21,40538,2025092101017344,NMB,Sri Hari Securities Pvt. Ltd.,Premier Securities Company Ltd.,100,244.0,24400.0,2025-09-21 12:56:51.666543
2025-09-21,39778,2025092101017517,NMB,Dakshinkali Investment & Securities Pvt. Ltd.,Swarna Laxmi Securities Pvt. Ltd.,150,244.3,36645.0,2025-09-21 12:58:37.488299
2025-09-21,39777,2025092101017518,NMB,Dakshinkali Investment & Securities Pvt. Ltd.,Opal Securities Investment (PVT) Ltd.,2000,244.4,488800.0,2025-09-21 12:58:37.488457
2025-09-21,39776,2025092101017519,NMB,Dakshinkali Investment & Securities Pvt. Ltd.,Aryatara Investment & Securities,225,244.5,55012.5,2025-09-21 12:58:37.488507
2025-09-21,39775,2025092101017520,NMB,Dakshinkali Investment & Securities Pvt. Ltd.,Imperial Securities Company Pvt. Ltd.,106,244.9,25959.4,2025-09-21 12:58:37.488557
2025-09-21,39774,2025092101017521,NMB,Dakshinkali Investment & Securities Pvt. Ltd.,Online Securities Pvt. Ltd.,57,245.0,13965.0,2025-09-21 12:58:37.488611
2025-09-21,39773,2025092101017522,NMB,Dakshinkali Investment & Securities Pvt. Ltd.,Nepal Stock House (PVT) Ltd.,1000,245.0,245000.0,2025-09-21 12:58:37.488657
2025-09-21,39772,2025092101017523,NMB,Dakshinkali Investment & Securities Pvt. Ltd.,Investment Management Nepal Pvt. Ltd.,50,245.0,12250.0,2025-09-21 12:58:37.488713
2025-09-21,39771,2025092101017524,NMB,Dakshinkali Investment & Securities Pvt. Ltd.,ABC Securities Private Limited,72,245.0,17640.0,2025-09-21 12:58:37.488756
2025-09-21,39770,2025092101017525,NMB,Dakshinkali Investment & Securities Pvt. Ltd.,Imperial Securities Company Pvt. Ltd.,100,245.0,24500.0,2025-09-21 12:58:37.488796
2025-09-21,39769,2025092101017526,NMB,Dakshinkali Investment & Securities Pvt. Ltd.,Naasa Securities Co. Ltd.,194,245.0,47530.0,2025-09-21 12:58:37.488840
2025-09-21,39006,2025092101017690,NMB,Imperial Securities Company Pvt. Ltd.,Sri Hari Securities Pvt. Ltd.,100,245.2,24520.0,2025-09-21 13:00:25.075338
2025-09-21,39005,2025092101017691,NMB,Investment Management Nepal Pvt. Ltd.,Sri Hari Securities Pvt. Ltd.,237,245.1,58088.7,2025-09-21 13:00:25.075517
2025-09-21,38626,2025092101017764,NMB,Investment Management Nepal Pvt. Ltd.,Opal Securities Investment (PVT) Ltd.,63,245.1,15441.3,2025-09-21 13:01:31.698253
2025-09-21,38625,2025092101017765,NMB,Imperial Securities Company Pvt. Ltd.,Opal Securities Investment (PVT) Ltd.,173,245.1,42402.3,2025-09-21 13:01:31.698374
2025-09-21,38484,2025092101017805,NMB,Thrive Brokerage House Pvt. Ltd,Premier Securities Company Ltd.,10,246.6,2466.0,2025-09-21 13:01:54.069458
2025-09-21,38483,2025092101017806,NMB,Thrive Brokerage House Pvt. Ltd,Premier Securities Company Ltd.,190,246.7,46873.0,2025-09-21 13:01:54.069571
2025-09-21,38156,2025092101017907,NMB,Imperial Securities Company Pvt. Ltd.,N.I.M.B. Stock Markets Limited,272,245.1,66667.2,2025-09-21 13:02:38.904491
2025-09-21,38037,2025092101017941,NMB,Dakshinkali Investment & Securities Pvt. Ltd.,Opal Securities Investment (PVT) Ltd.,5000,246.6,1233000.0,2025-09-21 13:02:55.724353
2025-09-21,38036,2025092101017942,NMB,Dakshinkali Investment & Securities Pvt. Ltd.,Premier Securities Company Ltd.,810,246.7,199827.0,2025-09-21 13:02:55.724464
2025-09-21,38035,2025092101017943,NMB,Dakshinkali Investment & Securities Pvt. Ltd.,Sri Hari Securities Pvt. Ltd.,236,246.8,58244.8,2025-09-21 13:02:55.724514
2025-09-21,37573,2025092101018029,NMB,Sri Hari Securities Pvt. Ltd.,Sri Hari Securities Pvt. Ltd.,400,246.8,98720.0,2025-09-21 13:03:57.781453
2025-09-21,36329,2025092101018342,NMB,Kumari Securities Private Limited,Secured Securities Ltd.,50,246.7,12335.0,2025-09-21 13:06:53.478594
2025-09-21,35237,2025092101018591,NMB,Hatemalo Financial Services Private Limited,Online Securities Pvt. Ltd.,1000,245.3,245300.0,2025-09-21 13:09:11.692292
2025-09-21,34684,2025092101018752,NMB,Imperial Securities Company Pvt. Ltd.,Online Securities Pvt. Ltd.,500,245.2,122600.0,2025-09-21 13:10:31.182466
2025-09-21,34471,2025092101018825,NMB,Imperial Securities Company Pvt. Ltd.,Bhrikuti Stock Broking Co. Pvt. Ltd.,55,245.1,13480.5,2025-09-21 13:10:51.450762
2025-09-21,34470,2025092101018826,NMB,Sani Securities Company Ltd.,Bhrikuti Stock Broking Co. Pvt. Ltd.,45,245.1,11029.5,2025-09-21 13:10:51.450878
2025-09-21,33455,2025092101019049,NMB,Linch Stock Market Ltd.,South Asian Bulls Pvt. Ltd.,200,245.0,49000.0,2025-09-21 13:12:13.726287
2025-09-21,33454,2025092101019050,NMB,Sipla Securities Private Limited,South Asian Bulls Pvt. Ltd.,10,245.0,2450.0,2025-09-21 13:12:13.726428
2025-09-21,32806,2025092101019189,NMB,Premier Securities Company Ltd.,South Asian Bulls Pvt. Ltd.,880,245.0,215600.0,2025-09-21 13:13:06.009979
2025-09-21,32805,2025092101019190,NMB,Naasa Securities Co. Ltd.,South Asian Bulls Pvt. Ltd.,1,245.0,245.0,2025-09-21 13:13:06.010142
2025-09-21,32364,2025092101019290,NMB,Sri Hari Securities Pvt. Ltd.,Linch Stock Market Ltd.,10,244.0,2440.0,2025-09-21 13:13:39.898681
2025-09-21,32363,2025092101019291,NMB,Naasa Securities Co. Ltd.,Linch Stock Market Ltd.,100,244.0,24400.0,2025-09-21 13:13:39.898924
2025-09-21,32362,2025092101019292,NMB,Naasa Securities Co. Ltd.,Linch Stock Market Ltd.,15,244.0,3660.0,2025-09-21 13:13:39.899103
2025-09-21,31869,2025092101019387,NMB,Hatemalo Financial Services Private Limited,Magnet Securities and Investment Company Private Limited,500,243.6,121800.0,2025-09-21 13:14:20.791620
2025-09-21,29586,2025092101019916,NMB,Hatemalo Financial Services Private Limited,Naasa Securities Co. Ltd.,19,243.6,4628.4,2025-09-21 13:17:41.075323
2025-09-21,28672,2025092101020199,NMB,Hatemalo Financial Services Private Limited,Online Securities Pvt. Ltd.,100,243.6,24360.0,2025-09-21 13:19:23.167238
2025-09-21,28671,2025092101020200,NMB,Oxford Securities Pvt. Ltd.,Online Securities Pvt. Ltd.,62,243.6,15103.2,2025-09-21 13:19:23.167391
2025-09-21,28670,2025092101020201,NMB,Global IME Securities Limited,Online Securities Pvt. Ltd.,50,243.6,12180.0,2025-09-21 13:19:23.167438
2025-09-21,28669,2025092101020202,NMB,Linch Stock Market Ltd.,Online Securities Pvt. Ltd.,100,243.1,24310.0,2025-09-21 13:19:23.167485
2025-09-21,28668,2025092101020203,NMB,Vision Securities Pvt. Ltd,Online Securities Pvt. Ltd.,38,243.0,9234.0,2025-09-21 13:19:23.167532
2025-09-21,28667,2025092101020204,NMB,N.I.M.B. Stock Markets Limited,Online Securities Pvt. Ltd.,100,243.0,24300.0,2025-09-21 13:19:23.167589
2025-09-21,28666,2025092101020205,NMB,Shree Krishna Securities Ltd.,Online Securities Pvt. Ltd.,30,243.0,7290.0,2025-09-21 13:19:23.167631
2025-09-21,28611,2025092101020217,NMB,Nepal Stock House (PVT) Ltd.,Online Securities Pvt. Ltd.,20,243.0,4860.0,2025-09-21 13:19:32.625129
2025-09-21,27656,2025092101020456,NMB,Premier Securities Company Ltd.,Kohinoor Investment & Securities Pvt. Ltd.,50,243.0,12150.0,2025-09-21 13:21:55.834143
2025-09-21,27350,2025092101020524,NMB,Premier Securities Company Ltd.,Linch Stock Market Ltd.,437,244.0,106628.0,2025-09-21 13:22:58.476215
2025-09-21,27349,2025092101020525,NMB,Premier Securities Company Ltd.,Capital Max Securities Ltd,563,245.0,137935.0,2025-09-21 13:22:58.476330
2025-09-21,26839,2025092101020660,NMB,Sani Securities Company Ltd.,Capital Max Securities Ltd,437,245.0,107065.0,2025-09-21 13:24:36.554250
2025-09-21,26586,2025092101020711,NMB,Sani Securities Company Ltd.,Naasa Securities Co. Ltd.,20,245.0,4900.0,2025-09-21 13:25:41.482244
2025-09-21,26298,2025092101020774,NMB,Naasa Securities Co. Ltd.,South Asian Bulls Pvt. Ltd.,10,246.4,2464.0,2025-09-21 13:26:46.875101
2025-09-21,23795,2025092101021360,NMB,Siprabi Securities Pvt. Ltd.,Trisul Securities & Invt. Ltd.,30,245.2,7356.0,2025-09-21 13:38:11.096495
2025-09-21,23794,2025092101021361,NMB,Bhrikuti Stock Broking Co. Pvt. Ltd.,Trisul Securities & Invt. Ltd.,10,245.1,2451.0,2025-09-21 13:38:11.096741
2025-09-21,23793,2025092101021362,NMB,Sani Securities Company Ltd.,Trisul Securities & Invt. Ltd.,43,245.0,10535.0,2025-09-21 13:38:11.096881
2025-09-21,23792,2025092101021363,NMB,Market Securities & Exchange (PVT) Ltd.,Trisul Securities & Invt. Ltd.,100,245.0,24500.0,2025-09-21 13:38:11.097014
2025-09-21,23791,2025092101021364,NMB,Premier Securities Company Ltd.,Trisul Securities & Invt. Ltd.,317,244.0,77348.0,2025-09-21 13:38:11.097162
2025-09-21,23129,2025092101021557,NMB,Naasa Securities Co. Ltd.,Sani Securities Company Ltd.,30,244.5,7335.0,2025-09-21 13:41:06.345464
2025-09-21,22599,2025092101021737,NMB,Sani Securities Company Ltd.,Imperial Securities Company Pvt. Ltd.,11,245.0,2695.0,2025-09-21 13:43:31.341473
2025-09-21,22559,2025092101021747,NMB,Naasa Securities Co. Ltd.,Kumari Securities Private Limited,185,244.5,45232.5,2025-09-21 13:43:43.017131
2025-09-21,22503,2025092101021761,NMB,Premier Securities Company Ltd.,Aryatara Investment & Securities,683,244.0,166652.0,2025-09-21 13:44:02.384987
2025-09-21,22502,2025092101021762,NMB,Bhrikuti Stock Broking Co. Pvt. Ltd.,Aryatara Investment & Securities,435,243.2,105792.0,2025-09-21 13:44:02.385160
2025-09-21,22501,2025092101021763,NMB,Sani Securities Company Ltd.,Aryatara Investment & Securities,10,243.2,2432.0,2025-09-21 13:44:02.385215
2025-09-21,22500,2025092101021764,NMB,Neev Securities Pvt. Ltd.,Aryatara Investment & Securities,872,243.1,211983.2,2025-09-21 13:44:02.385271
2025-09-21,22451,2025092101021775,NMB,Neev Securities Pvt. Ltd.,Aryatara Investment & Securities,128,243.1,31116.8,2025-09-21 13:44:20.768162
2025-09-21,22450,2025092101021776,NMB,Bhrikuti Stock Broking Co. Pvt. Ltd.,Aryatara Investment & Securities,100,242.4,24240.0,2025-09-21 13:44:20.768293
2025-09-21,22449,2025092101021777,NMB,Nepal Stock House (PVT) Ltd.,Aryatara Investment & Securities,280,242.3,67844.0,2025-09-21 13:44:20.768349
2025-09-21,22448,2025092101021778,NMB,Capital Hub P. Ltd,Aryatara Investment & Securities,500,242.2,121100.0,2025-09-21 13:44:20.768400
2025-09-21,22447,2025092101021779,NMB,Aryatara Investment & Securities,Aryatara Investment & Securities,10,242.0,2420.0,2025-09-21 13:44:20.768448
2025-09-21,22446,2025092101021780,NMB,Aryatara Investment & Securities,Aryatara Investment & Securities,20,242.0,4840.0,2025-09-21 13:44:20.768496
2025-09-21,22445,2025092101021781,NMB,Opal Securities Investment (PVT) Ltd.,Aryatara Investment & Securities,50,242.0,12100.0,2025-09-21 13:44:20.768540
2025-09-21,22444,2025092101021782,NMB,Trishakti Securities Public Limited,Aryatara Investment & Securities,80,242.0,19360.0,2025-09-21 13:44:20.768584
2025-09-21,22443,2025092101021783,NMB,Online Securities Pvt. Ltd.,Aryatara Investment & Securities,10,242.0,2420.0,2025-09-21 13:44:20.768626
2025-09-21,22365,2025092101021803,NMB,Neev Securities Pvt. Ltd.,Aryatara Investment & Securities,822,242.0,198924.0,2025-09-21 13:44:40.928059
2025-09-21,22339,2025092101021814,NMB,Neev Securities Pvt. Ltd.,Aryatara Investment & Securities,50,241.8,12090.0,2025-09-21 13:44:50.422972
2025-09-21,22338,2025092101021815,NMB,Nepal Stock House (PVT) Ltd.,Aryatara Investment & Securities,300,241.7,72510.0,2025-09-21 13:44:50.423104
2025-09-21,22337,2025092101021816,NMB,Shree Krishna Securities Ltd.,Aryatara Investment & Securities,100,241.6,24160.0,2025-09-21 13:44:50.423154
2025-09-21,22336,2025092101021817,NMB,Ashutosh Brokerage & Securities (PVT) Ltd.,Aryatara Investment & Securities,400,241.6,96640.0,2025-09-21 13:44:50.423197
2025-09-21,22335,2025092101021818,NMB,Ashutosh Brokerage & Securities (PVT) Ltd.,Aryatara Investment & Securities,485,241.5,117127.5,2025-09-21 13:44:50.423242
2025-09-21,22334,2025092101021819,NMB,Oxford Securities Pvt. Ltd.,Aryatara Investment & Securities,207,241.5,49990.5,2025-09-21 13:44:50.423286
2025-09-21,22333,2025092101021820,NMB,Vision Securities Pvt. Ltd,Aryatara Investment & Securities,290,241.0,69890.0,2025-09-21 13:44:50.423332
2025-09-21,22332,2025092101021821,NMB,Sani Securities Company Ltd.,Aryatara Investment & Securities,50,241.0,12050.0,2025-09-21 13:44:50.423373
2025-09-21,22331,2025092101021822,NMB,Sumeru Securities Pvt. Ltd.,Aryatara Investment & Securities,118,241.0,28438.0,2025-09-21 13:44:50.423418
2025-09-21,22293,2025092101021830,NMB,Sumeru Securities Pvt. Ltd.,Aryatara Investment & Securities,182,241.0,43862.0,2025-09-21 13:45:10.188272
2025-09-21,22292,2025092101021831,NMB,Capital Hub P. Ltd,Aryatara Investment & Securities,500,241.0,120500.0,2025-09-21 13:45:10.188419
2025-09-21,22291,2025092101021832,NMB,Malla & Malla Stock Broking Company Pvt. Limited,Aryatara Investment & Securities,50,240.5,12025.0,2025-09-21 13:45:10.188468
2025-09-21,22290,2025092101021833,NMB,Opal Securities Investment (PVT) Ltd.,Aryatara Investment & Securities,30,240.4,7212.0,2025-09-21 13:45:10.188511
2025-09-21,22289,2025092101021834,NMB,Pragyan Securities (PVT) Ltd.,Aryatara Investment & Securities,600,240.1,144060.0,2025-09-21 13:45:10.188553
2025-09-21,22288,2025092101021835,NMB,Imperial Securities Company Pvt. Ltd.,Aryatara Investment & Securities,100,240.0,24000.0,2025-09-21 13:45:10.188596
2025-09-21,22287,2025092101021836,NMB,Sweta Securities Private Limited,Aryatara Investment & Securities,99,240.0,23760.0,2025-09-21 13:45:10.188676
2025-09-21,22286,2025092101021837,NMB,Ashutosh Brokerage & Securities (PVT) Ltd.,Aryatara Investment & Securities,436,240.0,104640.0,2025-09-21 13:45:10.188729
2025-09-21,22092,2025092101021888,NMB,Sani Securities Company Ltd.,Aryatara Investment & Securities,90,242.0,21780.0,2025-09-21 13:46:07.065353
2025-09-21,22091,2025092101021889,NMB,Ashutosh Brokerage & Securities (PVT) Ltd.,Aryatara Investment & Securities,64,240.0,15360.0,2025-09-21 13:46:07.065557
2025-09-21,22090,2025092101021890,NMB,Kumari Securities Private Limited,Aryatara Investment & Securities,1000,240.0,240000.0,2025-09-21 13:46:07.065678
2025-09-21,22089,2025092101021891,NMB,Oxford Securities Pvt. Ltd.,Aryatara Investment & Securities,100,240.0,24000.0,2025-09-21 13:46:07.065794
2025-09-21,22088,2025092101021892,NMB,Dipshikha Dhitopatra Karobar Co. Pvt Ltd.,Aryatara Investment & Securities,20,240.0,4800.0,2025-09-21 13:46:07.065919
2025-09-21,22087,2025092101021893,NMB,Dipshikha Dhitopatra Karobar Co. Pvt Ltd.,Aryatara Investment & Securities,100,240.0,24000.0,2025-09-21 13:46:07.066045
2025-09-21,22086,2025092101021894,NMB,Nabil Stock Dealer Ltd.,Aryatara Investment & Securities,556,240.0,133440.0,2025-09-21 13:46:07.066147
2025-09-21,22085,2025092101021895,NMB,Capital Hub P. Ltd,Aryatara Investment & Securities,70,240.0,16800.0,2025-09-21 13:46:07.066254
2025-09-21,21848,2025092101021950,NMB,Capital Max Securities Ltd,Aryatara Investment & Securities,270,240.1,64827.0,2025-09-21 13:47:19.816448
2025-09-21,21847,2025092101021951,NMB,Capital Hub P. Ltd,Aryatara Investment & Securities,430,240.0,103200.0,2025-09-21 13:47:19.816576
2025-09-21,21846,2025092101021952,NMB,Market Securities & Exchange (PVT) Ltd.,Aryatara Investment & Securities,80,239.3,19144.0,2025-09-21 13:47:19.816619
2025-09-21,21845,2025092101021953,NMB,ABC Securities Private Limited,Aryatara Investment & Securities,50,239.2,11960.0,2025-09-21 13:47:19.816659
2025-09-21,21844,2025092101021954,NMB,Siprabi Securities Pvt. Ltd.,Aryatara Investment & Securities,1000,239.2,239200.0,2025-09-21 13:47:19.816695
2025-09-21,21843,2025092101021955,NMB,J.F. Securites (PVT) Ltd.,Aryatara Investment & Securities,170,239.1,40647.0,2025-09-21 13:47:19.816769
2025-09-21,18810,2025092101022870,NMB,Neev Securities Pvt. Ltd.,Siprabi Securities Pvt. Ltd.,890,241.7,215113.0,2025-09-21 14:02:10.311970
2025-09-21,18782,2025092101022878,NMB,Neev Securities Pvt. Ltd.,Nepal Investment And Securities Trading Private Limited,127,242.0,30734.0,2025-09-21 14:02:25.239512
2025-09-21,17725,2025092101023147,NMB,Naasa Securities Co. Ltd.,Neev Securities Pvt. Ltd.,80,242.0,19360.0,2025-09-21 14:07:58.812355
2025-09-21,17724,2025092101023148,NMB,Linch Stock Market Ltd.,Neev Securities Pvt. Ltd.,45,242.0,10890.0,2025-09-21 14:07:58.812521
2025-09-21,17627,2025092101023183,NMB,Dipshikha Dhitopatra Karobar Co. Pvt Ltd.,Kalika Securities Pvt. Ltd.,50,243.0,12150.0,2025-09-21 14:08:31.467272
2025-09-21,17205,2025092101023275,NMB,Vision Securities Pvt. Ltd,Premier Securities Company Ltd.,15,243.0,3645.0,2025-09-21 14:10:42.481606
2025-09-21,17198,2025092101023278,NMB,Premier Securities Company Ltd.,Premier Securities Company Ltd.,197,243.0,47871.0,2025-09-21 14:10:44.733994
2025-09-21,16989,2025092101023360,NMB,Secured Securities Ltd.,Imperial Securities Company Pvt. Ltd.,200,243.8,48760.0,2025-09-21 14:11:51.786551
2025-09-21,15109,2025092101023890,NMB,Creative Securities Pvt Ltd,Kohinoor Investment & Securities Pvt. Ltd.,10,243.8,2438.0,2025-09-21 14:19:57.460268
2025-09-21,15108,2025092101023891,NMB,Creative Securities Pvt Ltd,Primo Securities (PVT) Ltd.,990,244.0,241560.0,2025-09-21 14:19:57.460514
2025-09-21,14619,2025092101024033,NMB,ABC Securities Private Limited,Primo Securities (PVT) Ltd.,702,244.0,171288.0,2025-09-21 14:22:00.039917
2025-09-21,14618,2025092101024034,NMB,ABC Securities Private Limited,Kumari Securities Private Limited,298,244.5,72861.0,2025-09-21 14:22:00.040074
2025-09-21,14297,2025092101024124,NMB,Midas Stock Broking Company Private Limited,Kumari Securities Private Limited,17,244.5,4156.5,2025-09-21 14:23:09.089285
2025-09-21,13942,2025092101024250,NMB,Agrawal Securities (PVT) Ltd.,Cristal Kanchanjanga Securites Pvt. Ltd.,500,243.1,121550.0,2025-09-21 14:24:29.292829
2025-09-21,13941,2025092101024251,NMB,Naasa Securities Co. Ltd.,Cristal Kanchanjanga Securites Pvt. Ltd.,10,243.1,2431.0,2025-09-21 14:24:29.292961
2025-09-21,13933,2025092101024256,NMB,Midas Stock Broking Company Private Limited,Cristal Kanchanjanga Securites Pvt. Ltd.,24,243.1,5834.4,2025-09-21 14:24:31.376380
2025-09-21,13758,2025092101024303,NMB,Midas Stock Broking Company Private Limited,Dipshikha Dhitopatra Karobar Co. Pvt Ltd.,19,243.5,4626.5,2025-09-21 14:25:18.509493
2025-09-21,13580,2025092101024364,NMB,Secured Securities Ltd.,Kumari Securities Private Limited,200,245.0,49000.0,2025-09-21 14:26:02.680921
2025-09-21,13418,2025092101024407,NMB,South Asian Bulls Pvt. Ltd.,Naasa Securities Co. Ltd.,33,243.0,8019.0,2025-09-21 14:26:41.583336
2025-09-21,12398,2025092101024647,NMB,Linch Stock Market Ltd.,Kumari Securities Private Limited,11,245.0,2695.0,2025-09-21 14:30:41.141056
2025-09-21,11104,2025092101024961,NMB,Online Securities Pvt. Ltd.,Neev Securities Pvt. Ltd.,30,244.0,7320.0,2025-09-21 14:35:15.998630
2025-09-21,11103,2025092101024962,NMB,Sani Securities Company Ltd.,Neev Securities Pvt. Ltd.,20,244.0,4880.0,2025-09-21 14:35:15.998797
2025-09-21,10988,2025092101025005,NMB,J.F. Securites (PVT) Ltd.,Shree Krishna Securities Ltd.,30,243.1,7293.0,2025-09-21 14:35:44.418974
2025-09-21,10945,2025092101025019,NMB,J.F. Securites (PVT) Ltd.,Deevyaa Securities & Stock House Pvt. Ltd,56,243.1,13613.6,2025-09-21 14:35:53.157760
2025-09-21,10416,2025092101025168,NMB,ABC Securities Private Limited,Naasa Securities Co. Ltd.,100,244.9,24490.0,2025-09-21 14:37:47.271629
2025-09-21,10415,2025092101025169,NMB,ABC Securities Private Limited,Kumari Securities Private Limited,289,245.0,70805.0,2025-09-21 14:37:47.271687
2025-09-21,10414,2025092101025170,NMB,ABC Securities Private Limited,Imperial Securities Company Pvt. Ltd.,50,246.0,12300.0,2025-09-21 14:37:47.271713
2025-09-21,10413,2025092101025171,NMB,ABC Securities Private Limited,Property Wiard Limited,10,246.0,2460.0,2025-09-21 14:37:47.271740
2025-09-21,10412,2025092101025172,NMB,ABC Securities Private Limited,Cristal Kanchanjanga Securites Pvt. Ltd.,50,246.1,12305.0,2025-09-21 14:37:47.271767
2025-09-21,8758,2025092101025644,NMB,Sani Securities Company Ltd.,South Asian Bulls Pvt. Ltd.,10,246.4,2464.0,2025-09-21 14:43:47.172282
2025-09-21,8480,2025092101025735,NMB,Sani Securities Company Ltd.,South Asian Bulls Pvt. Ltd.,12,246.4,2956.8,2025-09-21 14:44:31.926944
2025-09-21,7901,2025092101025874,NMB,KALASH STOCK MARKET PVT. LTD.,South Asian Bulls Pvt. Ltd.,38,246.4,9363.2,2025-09-21 14:46:04.851852
2025-09-21,7900,2025092101025875,NMB,KALASH STOCK MARKET PVT. LTD.,Opal Securities Investment (PVT) Ltd.,462,246.4,113836.8,2025-09-21 14:46:04.851996
2025-09-21,6443,2025092101026259,NMB,Sweta Securities Private Limited,Neev Securities Pvt. Ltd.,50,244.8,12240.0,2025-09-21 14:49:42.897040
2025-09-21,6442,2025092101026260,NMB,Sri Hari Securities Pvt. Ltd.,Neev Securities Pvt. Ltd.,60,244.7,14682.0,2025-09-21 14:49:42.897162
2025-09-21,6390,2025092101026275,NMB,J.F. Securites (PVT) Ltd.,Kohinoor Investment & Securities Pvt. Ltd.,12,244.4,2932.8,2025-09-21 14:49:49.287479
2025-09-21,5981,2025092101026350,NMB,N.I.M.B. Stock Markets Limited,Market Securities & Exchange (PVT) Ltd.,60,245.0,14700.0,2025-09-21 14:50:44.070894
2025-09-21,5123,2025092101026547,NMB,J.F. Securites (PVT) Ltd.,Market Securities & Exchange (PVT) Ltd.,259,245.0,63455.0,2025-09-21 14:52:27.709375
2025-09-21,4831,2025092101026610,NMB,J.F. Securites (PVT) Ltd.,Investment Management Nepal Pvt. Ltd.,50,245.0,12250.0,2025-09-21 14:53:07.950495
2025-09-21,4803,2025092101026619,NMB,KALASH STOCK MARKET PVT. LTD.,Opal Securities Investment (PVT) Ltd.,500,246.4,123200.0,2025-09-21 14:53:10.417447
2025-09-21,4062,2025092101026793,NMB,Siprabi Securities Pvt. Ltd.,Dipshikha Dhitopatra Karobar Co. Pvt Ltd.,43,244.5,10513.5,2025-09-21 14:54:46.917287
2025-09-21,4001,2025092101026798,NMB,Aryatara Investment & Securities,Opal Securities Investment (PVT) Ltd.,515,246.4,126896.0,2025-09-21 14:54:53.534885
2025-09-21,3952,2025092101026803,NMB,J.F. Securites (PVT) Ltd.,Dipshikha Dhitopatra Karobar Co. Pvt Ltd.,20,244.3,4886.0,2025-09-21 14:54:59.113377
2025-09-21,2504,2025092101027142,NMB,Online Securities Pvt. Ltd.,Neev Securities Pvt. Ltd.,10,246.0,2460.0,2025-09-21 14:57:40.975630
2025-09-21,2503,2025092101027143,NMB,Sani Securities Company Ltd.,Neev Securities Pvt. Ltd.,10,245.5,2455.0,2025-09-21 14:57:40.975774
2025-09-21,2502,2025092101027144,NMB,Sani Securities Company Ltd.,Neev Securities Pvt. Ltd.,20,245.0,4900.0,2025-09-21 14:57:40.975875
2025-09-21,2198,2025092101027237,NMB,Linch Stock Market Ltd.,Dipshikha Dhitopatra Karobar Co. Pvt Ltd.,200,245.0,49000.0,2025-09-21 14:58:03.406978
2025-09-21,2197,2025092101027238,NMB,Linch Stock Market Ltd.,Opal Securities Investment (PVT) Ltd.,100,246.4,24640.0,2025-09-21 14:58:03.407137
2025-09-21,1151,2025092101027498,NMB,Secured Securities Ltd.,Bhrikuti Stock Broking Co. Pvt. Ltd.,50,245.0,12250.0,2025-09-21 14:59:19.954898
2025-09-21,657,2025092101027619,NMB,Siprabi Securities Pvt. Ltd.,Kohinoor Investment & Securities Pvt. Ltd.,55,246.0,13530.0,2025-09-21 14:59:40.029499
2025-09-21,656,2025092101027620,NMB,Siprabi Securities Pvt. Ltd.,Dakshinkali Investment & Securities Pvt. Ltd.,10,246.3,2463.0,2025-09-21 14:59:40.029558
