Date,S.N.,contract_id,symbol,buyer_broker,seller_broker,volume,price,amount,transaction_time
2025-09-21,108470,2025092101000125,PRVU,Sewa Securities Pvt. Ltd.,Dipshikha Dhitopatra Karobar Co. Pvt Ltd.,100,188.0,18800.0,2025-09-21 10:46:00.054263
2025-09-21,108468,2025092101000126,PRVU,Dynamic Money Managers Securities Pvt. Ltd.,Dipshikha Dhitopatra Karobar Co. Pvt Ltd.,700,188.0,131600.0,2025-09-21 10:46:00.054349
2025-09-21,108466,2025092101000127,PRVU,Dynamic Money Managers Securities Pvt. Ltd.,Capital Max Securities Ltd,150,188.0,28200.0,2025-09-21 10:46:00.054383
2025-09-21,108465,2025092101000128,PRVU,Dynamic Money Managers Securities Pvt. Ltd.,Kohinoor Investment & Securities Pvt. Ltd.,1150,188.0,216200.0,2025-09-21 10:46:00.054414
2025-09-21,108463,2025092101000129,PRVU,Sundhara Securities Limited,Kohinoor Investment & Securities Pvt. Ltd.,20,188.0,3760.0,2025-09-21 10:46:00.054475
2025-09-21,108462,2025092101000130,PRVU,Dynamic Money Managers Securities Pvt. Ltd.,Kohinoor Investment & Securities Pvt. Ltd.,27,188.0,5076.0,2025-09-21 10:46:00.054522
2025-09-21,108461,2025092101000131,PRVU,Dynamic Money Managers Securities Pvt. Ltd.,Cristal Kanchanjanga Securites Pvt. Ltd.,320,188.0,60160.0,2025-09-21 10:46:00.054555
2025-09-21,107755,2025092101000317,PRVU,Dynamic Money Managers Securities Pvt. Ltd.,Imperial Securities Company Pvt. Ltd.,1653,188.9,312251.7,2025-09-21 11:00:38.548449
2025-09-21,107562,2025092101000359,PRVU,Secured Securities Ltd.,Imperial Securities Company Pvt. Ltd.,847,188.9,159998.3,2025-09-21 11:00:49.922464
2025-09-21,107561,2025092101000360,PRVU,Secured Securities Ltd.,Aryatara Investment & Securities,95,188.9,17945.5,2025-09-21 11:00:49.922588
2025-09-21,107264,2025092101000437,PRVU,Naasa Securities Co. Ltd.,Bhrikuti Stock Broking Co. Pvt. Ltd.,100,191.7,19170.0,2025-09-21 11:01:08.802281
2025-09-21,107206,2025092101000460,PRVU,Sri Hari Securities Pvt. Ltd.,Bhrikuti Stock Broking Co. Pvt. Ltd.,250,191.7,47925.0,2025-09-21 11:01:11.809314
2025-09-21,107127,2025092101000482,PRVU,Asian Securities Private Ltd.,Imperial Securities Company Pvt. Ltd.,268,191.0,51188.0,2025-09-21 11:01:16.759840
2025-09-21,106877,2025092101000545,PRVU,KALASH STOCK MARKET PVT. LTD.,Aryatara Investment & Securities,120,191.1,22932.0,2025-09-21 11:01:28.113403
2025-09-21,106852,2025092101000555,PRVU,Naasa Securities Co. Ltd.,Bhrikuti Stock Broking Co. Pvt. Ltd.,50,191.7,9585.0,2025-09-21 11:01:29.633366
2025-09-21,106692,2025092101000603,PRVU,Naasa Securities Co. Ltd.,Vision Securities Pvt. Ltd,50,192.0,9600.0,2025-09-21 11:01:37.912286
2025-09-21,105910,2025092101000819,PRVU,Garima Securities Limited,ABC Securities Private Limited,100,195.8,19580.0,2025-09-21 11:02:18.225346
2025-09-21,104897,2025092101001072,PRVU,Online Securities Pvt. Ltd.,Arun Securities (PVT) Ltd.,10,195.0,1950.0,2025-09-21 11:03:14.238767
2025-09-21,104896,2025092101001073,PRVU,Agrawal Securities (PVT) Ltd.,Arun Securities (PVT) Ltd.,500,195.0,97500.0,2025-09-21 11:03:14.238862
2025-09-21,104862,2025092101001079,PRVU,Opal Securities Investment (PVT) Ltd.,Arun Securities (PVT) Ltd.,21,195.0,4095.0,2025-09-21 11:03:16.114358
2025-09-21,104859,2025092101001081,PRVU,Nepal Stock House (PVT) Ltd.,Online Securities Pvt. Ltd.,1000,197.9,197900.0,2025-09-21 11:03:16.298231
2025-09-21,104695,2025092101001119,PRVU,Nagarik Stock Dealer ,ABC Securities Private Limited,100,197.8,19780.0,2025-09-21 11:03:23.550259
2025-09-21,104694,2025092101001120,PRVU,Nagarik Stock Dealer ,Online Securities Pvt. Ltd.,1000,197.9,197900.0,2025-09-21 11:03:23.550339
2025-09-21,104693,2025092101001121,PRVU,Nagarik Stock Dealer ,Cristal Kanchanjanga Securites Pvt. Ltd.,900,198.0,178200.0,2025-09-21 11:03:23.550390
2025-09-21,104527,2025092101001154,PRVU,Secured Securities Ltd.,Cristal Kanchanjanga Securites Pvt. Ltd.,50,198.0,9900.0,2025-09-21 11:03:35.122621
2025-09-21,104470,2025092101001171,PRVU,Bhrikuti Stock Broking Co. Pvt. Ltd.,Cristal Kanchanjanga Securites Pvt. Ltd.,50,198.0,9900.0,2025-09-21 11:03:38.403316
2025-09-21,104072,2025092101001238,PRVU,Bhrikuti Stock Broking Co. Pvt. Ltd.,Pragyan Securities (PVT) Ltd.,230,198.0,45540.0,2025-09-21 11:04:02.786415
2025-09-21,104071,2025092101001239,PRVU,Sani Securities Company Ltd.,Pragyan Securities (PVT) Ltd.,50,198.0,9900.0,2025-09-21 11:04:02.786518
2025-09-21,103882,2025092101001291,PRVU,Sundhara Securities Limited,Pragyan Securities (PVT) Ltd.,500,198.0,99000.0,2025-09-21 11:04:13.354372
2025-09-21,103802,2025092101001321,PRVU,Aryatara Investment & Securities,Pragyan Securities (PVT) Ltd.,50,198.0,9900.0,2025-09-21 11:04:17.848331
2025-09-21,103788,2025092101001328,PRVU,Kohinoor Investment & Securities Pvt. Ltd.,Pragyan Securities (PVT) Ltd.,500,198.0,99000.0,2025-09-21 11:04:18.544585
2025-09-21,103636,2025092101001367,PRVU,Linch Stock Market Ltd.,Pragyan Securities (PVT) Ltd.,90,198.0,17820.0,2025-09-21 11:04:27.594592
2025-09-21,103588,2025092101001378,PRVU,Linch Stock Market Ltd.,SUN SECURITIES PVT LTD,50,197.9,9895.0,2025-09-21 11:04:30.099957
2025-09-21,103587,2025092101001379,PRVU,Linch Stock Market Ltd.,Pragyan Securities (PVT) Ltd.,100,198.0,19800.0,2025-09-21 11:04:30.100057
2025-09-21,103418,2025092101001416,PRVU,Secured Securities Ltd.,Pragyan Securities (PVT) Ltd.,480,198.0,95040.0,2025-09-21 11:04:40.784347
2025-09-21,102898,2025092101001536,PRVU,Secured Securities Ltd.,SHUBHAKAMANA SECURITIES PVT. LTD,500,198.0,99000.0,2025-09-21 11:05:11.090053
2025-09-21,102896,2025092101001538,PRVU,Sweta Securities Private Limited,Naasa Securities Co. Ltd.,340,201.9,68646.0,2025-09-21 11:05:11.145914
2025-09-21,102895,2025092101001539,PRVU,Sweta Securities Private Limited,Vision Securities Pvt. Ltd,500,201.9,100950.0,2025-09-21 11:05:11.145987
2025-09-21,102833,2025092101001554,PRVU,Sani Securities Company Ltd.,Deevyaa Securities & Stock House Pvt. Ltd,96,199.0,19104.0,2025-09-21 11:05:14.162688
2025-09-21,102695,2025092101001590,PRVU,Aryatara Investment & Securities,Imperial Securities Company Pvt. Ltd.,10,201.0,2010.0,2025-09-21 11:05:22.290973
2025-09-21,102680,2025092101001598,PRVU,Linch Stock Market Ltd.,Vision Securities Pvt. Ltd,100,201.9,20190.0,2025-09-21 11:05:22.894780
2025-09-21,102616,2025092101001607,PRVU,Thrive Brokerage House Pvt. Ltd,Vision Securities Pvt. Ltd,50,201.9,10095.0,2025-09-21 11:05:27.013407
2025-09-21,102315,2025092101001691,PRVU,Sani Securities Company Ltd.,Pragyan Securities (PVT) Ltd.,300,201.8,60540.0,2025-09-21 11:05:45.546726
2025-09-21,102221,2025092101001718,PRVU,Sani Securities Company Ltd.,Pragyan Securities (PVT) Ltd.,500,201.8,100900.0,2025-09-21 11:05:50.566725
2025-09-21,102166,2025092101001737,PRVU,Vision Securities Pvt. Ltd,Pragyan Securities (PVT) Ltd.,300,201.8,60540.0,2025-09-21 11:05:53.947146
2025-09-21,101934,2025092101001772,PRVU,Naasa Securities Co. Ltd.,Pragyan Securities (PVT) Ltd.,450,201.8,90810.0,2025-09-21 11:06:08.255374
2025-09-21,101811,2025092101001798,PRVU,Trishakti Securities Public Limited,Pragyan Securities (PVT) Ltd.,50,201.8,10090.0,2025-09-21 11:06:14.284590
2025-09-21,101798,2025092101001800,PRVU,Creative Securities Pvt Ltd,Pragyan Securities (PVT) Ltd.,150,201.8,30270.0,2025-09-21 11:06:14.726261
2025-09-21,101503,2025092101001861,PRVU,Malla & Malla Stock Broking Company Pvt. Limited,Vision Securities Pvt. Ltd,150,201.9,30285.0,2025-09-21 11:06:30.993779
2025-09-21,101502,2025092101001862,PRVU,Malla & Malla Stock Broking Company Pvt. Limited,Secured Securities Ltd.,850,201.9,171615.0,2025-09-21 11:06:30.993861
2025-09-21,101197,2025092101001933,PRVU,Premier Securities Company Ltd.,Secured Securities Ltd.,2000,201.9,403800.0,2025-09-21 11:06:47.094674
2025-09-21,101186,2025092101001934,PRVU,Creative Securities Pvt Ltd,Secured Securities Ltd.,740,201.9,149406.0,2025-09-21 11:06:47.335271
2025-09-21,100976,2025092101001974,PRVU,Naasa Securities Co. Ltd.,Naasa Securities Co. Ltd.,21,203.0,4263.0,2025-09-21 11:06:59.221261
2025-09-21,100746,2025092101002005,PRVU,Naasa Securities Co. Ltd.,Dynamic Money Managers Securities Pvt. Ltd.,29,204.9,5942.1,2025-09-21 11:07:14.364093
2025-09-21,100563,2025092101002056,PRVU,Sweta Securities Private Limited,Dynamic Money Managers Securities Pvt. Ltd.,600,204.9,122940.0,2025-09-21 11:07:24.422798
2025-09-21,100402,2025092101002088,PRVU,Vision Securities Pvt. Ltd,Dynamic Money Managers Securities Pvt. Ltd.,371,204.9,76017.9,2025-09-21 11:07:31.060671
2025-09-21,100401,2025092101002089,PRVU,Vision Securities Pvt. Ltd,Linch Stock Market Ltd.,129,204.9,26432.1,2025-09-21 11:07:31.060764
2025-09-21,100156,2025092101002150,PRVU,Agrawal Securities (PVT) Ltd.,Asian Securities Private Ltd.,50,204.0,10200.0,2025-09-21 11:07:45.251058
2025-09-21,100097,2025092101002165,PRVU,Agrawal Securities (PVT) Ltd.,Aryatara Investment & Securities,350,204.0,71400.0,2025-09-21 11:07:48.892112
2025-09-21,100096,2025092101002166,PRVU,Ashutosh Brokerage & Securities (PVT) Ltd.,Aryatara Investment & Securities,1650,203.0,334950.0,2025-09-21 11:07:48.892213
2025-09-21,100081,2025092101002171,PRVU,Dipshikha Dhitopatra Karobar Co. Pvt Ltd.,Linch Stock Market Ltd.,871,204.9,178467.9,2025-09-21 11:07:49.697372
2025-09-21,100038,2025092101002179,PRVU,Dipshikha Dhitopatra Karobar Co. Pvt Ltd.,Bhrikuti Stock Broking Co. Pvt. Ltd.,129,204.9,26432.1,2025-09-21 11:07:52.170523
2025-09-21,100037,2025092101002180,PRVU,Ashutosh Brokerage & Securities (PVT) Ltd.,Bhrikuti Stock Broking Co. Pvt. Ltd.,350,203.0,71050.0,2025-09-21 11:07:52.170563
2025-09-21,100036,2025092101002181,PRVU,Malla & Malla Stock Broking Company Pvt. Limited,Bhrikuti Stock Broking Co. Pvt. Ltd.,129,203.0,26187.0,2025-09-21 11:07:52.170588
2025-09-21,99908,2025092101002216,PRVU,Malla & Malla Stock Broking Company Pvt. Limited,SHUBHAKAMANA SECURITIES PVT. LTD,271,203.0,55013.0,2025-09-21 11:07:58.991712
2025-09-21,99907,2025092101002217,PRVU,Infinity Securities Limited,SHUBHAKAMANA SECURITIES PVT. LTD,100,203.0,20300.0,2025-09-21 11:07:58.991805
2025-09-21,99906,2025092101002218,PRVU,Nagarik Stock Dealer ,SHUBHAKAMANA SECURITIES PVT. LTD,129,203.0,26187.0,2025-09-21 11:07:58.991868
2025-09-21,99873,2025092101002233,PRVU,Opal Securities Investment (PVT) Ltd.,Capital Max Securities Ltd,100,205.0,20500.0,2025-09-21 11:08:01.037034
2025-09-21,99826,2025092101002240,PRVU,Nagarik Stock Dealer ,Aryatara Investment & Securities,50,203.0,10150.0,2025-09-21 11:08:03.983510
2025-09-21,99703,2025092101002276,PRVU,Nagarik Stock Dealer ,Imperial Securities Company Pvt. Ltd.,321,203.0,65163.0,2025-09-21 11:08:10.783619
2025-09-21,99702,2025092101002277,PRVU,Ashutosh Brokerage & Securities (PVT) Ltd.,Imperial Securities Company Pvt. Ltd.,600,203.0,121800.0,2025-09-21 11:08:10.783735
2025-09-21,99701,2025092101002278,PRVU,Thrive Brokerage House Pvt. Ltd,Imperial Securities Company Pvt. Ltd.,50,203.0,10150.0,2025-09-21 11:08:10.783794
2025-09-21,99651,2025092101002287,PRVU,Neev Securities Pvt. Ltd.,Imperial Securities Company Pvt. Ltd.,29,203.0,5887.0,2025-09-21 11:08:15.707220
2025-09-21,99615,2025092101002294,PRVU,Neev Securities Pvt. Ltd.,Thrive Brokerage House Pvt. Ltd,271,203.0,55013.0,2025-09-21 11:08:17.676255
2025-09-21,99614,2025092101002295,PRVU,Naasa Securities Co. Ltd.,Thrive Brokerage House Pvt. Ltd,729,202.0,147258.0,2025-09-21 11:08:17.676375
2025-09-21,98783,2025092101002486,PRVU,Naasa Securities Co. Ltd.,Pragyan Securities (PVT) Ltd.,50,202.0,10100.0,2025-09-21 11:09:08.488771
2025-09-21,98577,2025092101002523,PRVU,Naasa Securities Co. Ltd.,ABC Securities Private Limited,221,202.0,44642.0,2025-09-21 11:09:20.755810
2025-09-21,98576,2025092101002524,PRVU,Naasa Securities Co. Ltd.,ABC Securities Private Limited,40,202.0,8080.0,2025-09-21 11:09:20.756013
2025-09-21,98406,2025092101002578,PRVU,Naasa Securities Co. Ltd.,ABC Securities Private Limited,240,202.0,48480.0,2025-09-21 11:09:31.834903
2025-09-21,98232,2025092101002628,PRVU,Creative Securities Pvt Ltd,Imperial Securities Company Pvt. Ltd.,110,201.9,22209.0,2025-09-21 11:09:43.897800
2025-09-21,98231,2025092101002629,PRVU,Vision Securities Pvt. Ltd,Imperial Securities Company Pvt. Ltd.,190,201.9,38361.0,2025-09-21 11:09:43.897921
2025-09-21,98056,2025092101002661,PRVU,Imperial Securities Company Pvt. Ltd.,ABC Securities Private Limited,100,202.0,20200.0,2025-09-21 11:09:55.281079
2025-09-21,97879,2025092101002707,PRVU,Vision Securities Pvt. Ltd,Imperial Securities Company Pvt. Ltd.,10,201.9,2019.0,2025-09-21 11:10:07.657854
2025-09-21,97613,2025092101002792,PRVU,Kohinoor Investment & Securities Pvt. Ltd.,Online Securities Pvt. Ltd.,200,201.8,40360.0,2025-09-21 11:10:21.500262
2025-09-21,97612,2025092101002793,PRVU,Secured Securities Ltd.,Online Securities Pvt. Ltd.,800,201.8,161440.0,2025-09-21 11:10:21.500367
2025-09-21,97488,2025092101002817,PRVU,Secured Securities Ltd.,Bhrikuti Stock Broking Co. Pvt. Ltd.,50,201.8,10090.0,2025-09-21 11:10:26.180942
2025-09-21,96923,2025092101002939,PRVU,Sweta Securities Private Limited,Aryatara Investment & Securities,50,201.7,10085.0,2025-09-21 11:10:49.314938
2025-09-21,96740,2025092101002973,PRVU,Siprabi Securities Pvt. Ltd.,Online Securities Pvt. Ltd.,400,201.8,80720.0,2025-09-21 11:10:57.789855
2025-09-21,96739,2025092101002974,PRVU,Siprabi Securities Pvt. Ltd.,ABC Securities Private Limited,600,202.0,121200.0,2025-09-21 11:10:57.790052
2025-09-21,96705,2025092101002980,PRVU,Sweta Securities Private Limited,Imperial Securities Company Pvt. Ltd.,150,201.7,30255.0,2025-09-21 11:10:59.674779
2025-09-21,96421,2025092101003020,PRVU,Prabhu Stock Market Limited,Nepal Stock House (PVT) Ltd.,200,201.1,40220.0,2025-09-21 11:11:10.606245
2025-09-21,96417,2025092101003021,PRVU,Prabhu Stock Market Limited,Online Securities Pvt. Ltd.,800,201.1,160880.0,2025-09-21 11:11:10.795539
2025-09-21,96174,2025092101003094,PRVU,Premier Securities Company Ltd.,Sundhara Securities Limited,500,201.0,100500.0,2025-09-21 11:11:19.445345
2025-09-21,96173,2025092101003095,PRVU,Sweta Securities Private Limited,Sundhara Securities Limited,100,201.0,20100.0,2025-09-21 11:11:19.445471
2025-09-21,96023,2025092101003123,PRVU,Premier Securities Company Ltd.,Linch Stock Market Ltd.,10,200.0,2000.0,2025-09-21 11:11:27.076676
2025-09-21,96022,2025092101003124,PRVU,Asian Securities Private Ltd.,Linch Stock Market Ltd.,35,200.0,7000.0,2025-09-21 11:11:27.076779
2025-09-21,96021,2025092101003125,PRVU,Cristal Kanchanjanga Securites Pvt. Ltd.,Linch Stock Market Ltd.,486,200.0,97200.0,2025-09-21 11:11:27.076828
2025-09-21,95959,2025092101003139,PRVU,Cristal Kanchanjanga Securites Pvt. Ltd.,Investment Management Nepal Pvt. Ltd.,14,200.0,2800.0,2025-09-21 11:11:29.399752
2025-09-21,95958,2025092101003140,PRVU,Naasa Securities Co. Ltd.,Investment Management Nepal Pvt. Ltd.,38,200.0,7600.0,2025-09-21 11:11:29.399882
2025-09-21,95918,2025092101003149,PRVU,Trisul Securities & Invt. Ltd.,Sundhara Securities Limited,300,201.0,60300.0,2025-09-21 11:11:31.255945
2025-09-21,95879,2025092101003167,PRVU,Naasa Securities Co. Ltd.,Agrawal Securities (PVT) Ltd.,42,200.0,8400.0,2025-09-21 11:11:32.390576
2025-09-21,95875,2025092101003169,PRVU,Naasa Securities Co. Ltd.,Kohinoor Investment & Securities Pvt. Ltd.,120,200.0,24000.0,2025-09-21 11:11:32.643518
2025-09-21,95874,2025092101003170,PRVU,Sani Securities Company Ltd.,Kohinoor Investment & Securities Pvt. Ltd.,100,199.0,19900.0,2025-09-21 11:11:32.643730
2025-09-21,95873,2025092101003171,PRVU,K.B.L. Securities Limited ,Kohinoor Investment & Securities Pvt. Ltd.,50,199.0,9950.0,2025-09-21 11:11:32.643865
2025-09-21,95872,2025092101003172,PRVU,Global IME Securities Limited,Kohinoor Investment & Securities Pvt. Ltd.,50,199.0,9950.0,2025-09-21 11:11:32.643995
2025-09-21,95871,2025092101003173,PRVU,Secured Securities Ltd.,Kohinoor Investment & Securities Pvt. Ltd.,20,198.0,3960.0,2025-09-21 11:11:32.644145
2025-09-21,95870,2025092101003174,PRVU,ABC Securities Private Limited,Kohinoor Investment & Securities Pvt. Ltd.,100,198.0,19800.0,2025-09-21 11:11:32.644256
2025-09-21,95869,2025092101003175,PRVU,Linch Stock Market Ltd.,Kohinoor Investment & Securities Pvt. Ltd.,500,198.0,99000.0,2025-09-21 11:11:32.644382
2025-09-21,95868,2025092101003176,PRVU,Neev Securities Pvt. Ltd.,Kohinoor Investment & Securities Pvt. Ltd.,50,198.0,9900.0,2025-09-21 11:11:32.644504
2025-09-21,95867,2025092101003177,PRVU,Trishakti Securities Public Limited,Kohinoor Investment & Securities Pvt. Ltd.,10,198.0,1980.0,2025-09-21 11:11:32.644629
2025-09-21,95603,2025092101003230,PRVU,Trishakti Securities Public Limited,SHUBHAKAMANA SECURITIES PVT. LTD,20,198.0,3960.0,2025-09-21 11:11:44.577186
2025-09-21,95602,2025092101003231,PRVU,ABC Securities Private Limited,SHUBHAKAMANA SECURITIES PVT. LTD,480,198.0,95040.0,2025-09-21 11:11:44.577398
2025-09-21,95506,2025092101003248,PRVU,ABC Securities Private Limited,Siprabi Securities Pvt. Ltd.,20,198.0,3960.0,2025-09-21 11:11:48.716460
2025-09-21,95505,2025092101003249,PRVU,Sundhara Securities Limited,Siprabi Securities Pvt. Ltd.,30,198.0,5940.0,2025-09-21 11:11:48.716546
2025-09-21,95477,2025092101003256,PRVU,Sundhara Securities Limited,Online Securities Pvt. Ltd.,20,198.0,3960.0,2025-09-21 11:11:50.328588
2025-09-21,95321,2025092101003312,PRVU,N.I.M.B. Stock Markets Limited,Online Securities Pvt. Ltd.,500,198.0,99000.0,2025-09-21 11:11:55.485980
2025-09-21,95314,2025092101003313,PRVU,Ashutosh Brokerage & Securities (PVT) Ltd.,Online Securities Pvt. Ltd.,300,198.0,59400.0,2025-09-21 11:11:55.884808
2025-09-21,95170,2025092101003355,PRVU,Naasa Securities Co. Ltd.,Online Securities Pvt. Ltd.,50,198.0,9900.0,2025-09-21 11:12:01.051957
2025-09-21,94918,2025092101003398,PRVU,ABC Securities Private Limited,Online Securities Pvt. Ltd.,30,198.0,5940.0,2025-09-21 11:12:08.417815
2025-09-21,94909,2025092101003403,PRVU,Dipshikha Dhitopatra Karobar Co. Pvt Ltd.,Online Securities Pvt. Ltd.,50,198.0,9900.0,2025-09-21 11:12:08.796427
2025-09-21,94711,2025092101003453,PRVU,Aryatara Investment & Securities,Property Wiard Limited,500,197.0,98500.0,2025-09-21 11:12:16.754853
2025-09-21,94710,2025092101003454,PRVU,Vision Securities Pvt. Ltd,Property Wiard Limited,500,196.0,98000.0,2025-09-21 11:12:16.754982
2025-09-21,94709,2025092101003455,PRVU,Opal Securities Investment (PVT) Ltd.,Property Wiard Limited,479,195.1,93452.9,2025-09-21 11:12:16.755079
2025-09-21,94708,2025092101003456,PRVU,Sewa Securities Pvt. Ltd.,Property Wiard Limited,200,195.0,39000.0,2025-09-21 11:12:16.755154
2025-09-21,94707,2025092101003457,PRVU,Naasa Securities Co. Ltd.,Property Wiard Limited,100,195.0,19500.0,2025-09-21 11:12:16.755225
2025-09-21,94706,2025092101003458,PRVU,Asian Securities Private Ltd.,Property Wiard Limited,400,195.0,78000.0,2025-09-21 11:12:16.755295
2025-09-21,94705,2025092101003459,PRVU,Asian Securities Private Ltd.,Property Wiard Limited,100,194.1,19410.0,2025-09-21 11:12:16.755366
2025-09-21,94704,2025092101003460,PRVU,Kohinoor Investment & Securities Pvt. Ltd.,Property Wiard Limited,50,192.1,9605.0,2025-09-21 11:12:16.755435
2025-09-21,94703,2025092101003461,PRVU,Naasa Securities Co. Ltd.,Property Wiard Limited,49,192.1,9412.9,2025-09-21 11:12:16.755532
2025-09-21,94702,2025092101003462,PRVU,Online Securities Pvt. Ltd.,Property Wiard Limited,500,192.0,96000.0,2025-09-21 11:12:16.755607
2025-09-21,94701,2025092101003463,PRVU,ABC Securities Private Limited,Property Wiard Limited,200,192.0,38400.0,2025-09-21 11:12:16.755672
2025-09-21,94700,2025092101003464,PRVU,Bhrikuti Stock Broking Co. Pvt. Ltd.,Property Wiard Limited,100,192.0,19200.0,2025-09-21 11:12:16.755742
2025-09-21,94699,2025092101003465,PRVU,Nagarik Stock Dealer ,Property Wiard Limited,1822,192.0,349824.0,2025-09-21 11:12:16.755810
2025-09-21,92705,2025092101003951,PRVU,Sewa Securities Pvt. Ltd.,Shree Krishna Securities Ltd.,200,195.8,39160.0,2025-09-21 11:13:48.237695
2025-09-21,92672,2025092101003964,PRVU,Capital Max Securities Ltd,Imperial Securities Company Pvt. Ltd.,100,195.0,19500.0,2025-09-21 11:13:48.964627
2025-09-21,92435,2025092101004013,PRVU,Oxford Securities Pvt. Ltd.,Siprabi Securities Pvt. Ltd.,40,194.1,7764.0,2025-09-21 11:14:00.296868
2025-09-21,92413,2025092101004019,PRVU,Oxford Securities Pvt. Ltd.,Agrawal Securities (PVT) Ltd.,100,194.1,19410.0,2025-09-21 11:14:01.652182
2025-09-21,92089,2025092101004112,PRVU,Sani Securities Company Ltd.,Imperial Securities Company Pvt. Ltd.,20,195.0,3900.0,2025-09-21 11:14:16.026586
2025-09-21,91970,2025092101004144,PRVU,Midas Stock Broking Company Private Limited,Imperial Securities Company Pvt. Ltd.,20,195.0,3900.0,2025-09-21 11:14:21.816247
2025-09-21,91838,2025092101004163,PRVU,Kohinoor Investment & Securities Pvt. Ltd.,Imperial Securities Company Pvt. Ltd.,100,195.0,19500.0,2025-09-21 11:14:30.616601
2025-09-21,91540,2025092101004229,PRVU,Primo Securities (PVT) Ltd.,Imperial Securities Company Pvt. Ltd.,40,195.0,7800.0,2025-09-21 11:14:47.898722
2025-09-21,91439,2025092101004246,PRVU,Kohinoor Investment & Securities Pvt. Ltd.,Imperial Securities Company Pvt. Ltd.,100,195.0,19500.0,2025-09-21 11:14:52.784129
2025-09-21,91316,2025092101004289,PRVU,Kohinoor Investment & Securities Pvt. Ltd.,Imperial Securities Company Pvt. Ltd.,80,195.0,15600.0,2025-09-21 11:15:00.315343
2025-09-21,90785,2025092101004412,PRVU,Siprabi Securities Pvt. Ltd.,Imperial Securities Company Pvt. Ltd.,209,195.0,40755.0,2025-09-21 11:15:26.064387
2025-09-21,90784,2025092101004413,PRVU,Siprabi Securities Pvt. Ltd.,ABC Securities Private Limited,52,195.0,10140.0,2025-09-21 11:15:26.064566
2025-09-21,90678,2025092101004427,PRVU,Oxford Securities Pvt. Ltd.,Sweta Securities Private Limited,200,194.2,38840.0,2025-09-21 11:15:31.467548
2025-09-21,90448,2025092101004479,PRVU,Oxford Securities Pvt. Ltd.,Imperial Securities Company Pvt. Ltd.,150,194.1,29115.0,2025-09-21 11:15:43.917005
2025-09-21,90447,2025092101004480,PRVU,Oxford Securities Pvt. Ltd.,Siprabi Securities Pvt. Ltd.,200,194.1,38820.0,2025-09-21 11:15:43.918271
2025-09-21,90340,2025092101004490,PRVU,Naasa Securities Co. Ltd.,Sweta Securities Private Limited,10,194.2,1942.0,2025-09-21 11:15:49.322347
2025-09-21,89814,2025092101004628,PRVU,South Asian Bulls Pvt. Ltd.,Sweta Securities Private Limited,290,194.2,56318.0,2025-09-21 11:16:17.512039
2025-09-21,89813,2025092101004629,PRVU,South Asian Bulls Pvt. Ltd.,Nepal Stock House (PVT) Ltd.,90,194.2,17478.0,2025-09-21 11:16:17.512139
2025-09-21,89235,2025092101004775,PRVU,South Asian Bulls Pvt. Ltd.,Premier Securities Company Ltd.,100,194.2,19420.0,2025-09-21 11:16:50.635926
2025-09-21,89234,2025092101004776,PRVU,South Asian Bulls Pvt. Ltd.,Kumari Securities Private Limited,140,194.2,27188.0,2025-09-21 11:16:50.640777
2025-09-21,89228,2025092101004779,PRVU,South Asian Bulls Pvt. Ltd.,Dipshikha Dhitopatra Karobar Co. Pvt Ltd.,380,194.2,73796.0,2025-09-21 11:16:51.296566
2025-09-21,89179,2025092101004805,PRVU,Oxford Securities Pvt. Ltd.,Opal Securities Investment (PVT) Ltd.,60,194.1,11646.0,2025-09-21 11:16:53.062091
2025-09-21,89178,2025092101004806,PRVU,Kumari Securities Private Limited,Opal Securities Investment (PVT) Ltd.,90,194.1,17469.0,2025-09-21 11:16:53.062152
2025-09-21,88958,2025092101004856,PRVU,Kohinoor Investment & Securities Pvt. Ltd.,Dipshikha Dhitopatra Karobar Co. Pvt Ltd.,240,194.2,46608.0,2025-09-21 11:17:08.026019
2025-09-21,88950,2025092101004860,PRVU,Kohinoor Investment & Securities Pvt. Ltd.,Malla & Malla Stock Broking Company Pvt. Limited,60,194.3,11658.0,2025-09-21 11:17:08.529015
2025-09-21,88949,2025092101004861,PRVU,Kumari Securities Private Limited,Malla & Malla Stock Broking Company Pvt. Limited,126,194.1,24456.6,2025-09-21 11:17:08.529149
2025-09-21,88867,2025092101004877,PRVU,Kumari Securities Private Limited,Asian Securities Private Ltd.,200,194.1,38820.0,2025-09-21 11:17:13.859673
2025-09-21,88760,2025092101004900,PRVU,Kumari Securities Private Limited,Imperial Securities Company Pvt. Ltd.,1000,194.1,194100.0,2025-09-21 11:17:21.786072
2025-09-21,88287,2025092101004996,PRVU,Secured Securities Ltd.,Aryatara Investment & Securities,155,194.9,30209.5,2025-09-21 11:17:52.298839
2025-09-21,88279,2025092101004997,PRVU,Kumari Securities Private Limited,Siprabi Securities Pvt. Ltd.,28,194.1,5434.8,2025-09-21 11:17:52.951107
2025-09-21,88026,2025092101005054,PRVU,Linch Stock Market Ltd.,Creative Securities Pvt Ltd,500,194.2,97100.0,2025-09-21 11:18:11.384123
2025-09-21,88025,2025092101005055,PRVU,Ashutosh Brokerage & Securities (PVT) Ltd.,Creative Securities Pvt Ltd,500,194.2,97100.0,2025-09-21 11:18:11.384223
2025-09-21,88024,2025092101005056,PRVU,Cristal Kanchanjanga Securites Pvt. Ltd.,Creative Securities Pvt Ltd,720,194.2,139824.0,2025-09-21 11:18:11.384269
2025-09-21,87976,2025092101005073,PRVU,Cristal Kanchanjanga Securites Pvt. Ltd.,Malla & Malla Stock Broking Company Pvt. Limited,70,194.2,13594.0,2025-09-21 11:18:13.889307
2025-09-21,87765,2025092101005128,PRVU,Arun Securities (PVT) Ltd.,Aryatara Investment & Securities,128,194.9,24947.2,2025-09-21 11:18:27.557854
2025-09-21,87471,2025092101005194,PRVU,Asian Securities Private Ltd.,Aryatara Investment & Securities,10,194.9,1949.0,2025-09-21 11:18:47.197222
2025-09-21,87415,2025092101005209,PRVU,Ashutosh Brokerage & Securities (PVT) Ltd.,Aryatara Investment & Securities,207,194.9,40344.3,2025-09-21 11:18:50.151871
2025-09-21,87363,2025092101005223,PRVU,Ashutosh Brokerage & Securities (PVT) Ltd.,Aryatara Investment & Securities,50,194.9,9745.0,2025-09-21 11:18:53.938873
2025-09-21,86333,2025092101005478,PRVU,Shree Krishna Securities Ltd.,ABC Securities Private Limited,448,195.0,87360.0,2025-09-21 11:20:04.013084
2025-09-21,86050,2025092101005538,PRVU,Aryatara Investment & Securities,Naasa Securities Co. Ltd.,130,195.0,25350.0,2025-09-21 11:20:25.663290
2025-09-21,86049,2025092101005539,PRVU,Sundhara Securities Limited,Naasa Securities Co. Ltd.,100,194.3,19430.0,2025-09-21 11:20:25.663505
2025-09-21,86048,2025092101005540,PRVU,Ashutosh Brokerage & Securities (PVT) Ltd.,Naasa Securities Co. Ltd.,43,194.3,8354.9,2025-09-21 11:20:25.663644
2025-09-21,86047,2025092101005541,PRVU,Online Securities Pvt. Ltd.,Naasa Securities Co. Ltd.,27,194.3,5246.1,2025-09-21 11:20:25.663783
2025-09-21,85948,2025092101005570,PRVU,Premier Securities Company Ltd.,Asian Securities Private Ltd.,100,195.8,19580.0,2025-09-21 11:20:33.573789
2025-09-21,85917,2025092101005576,PRVU,Premier Securities Company Ltd.,Thrive Brokerage House Pvt. Ltd,200,195.8,39160.0,2025-09-21 11:20:35.437554
2025-09-21,85760,2025092101005613,PRVU,Naasa Securities Co. Ltd.,Creative Securities Pvt Ltd,50,196.0,9800.0,2025-09-21 11:20:48.566784
2025-09-21,85479,2025092101005676,PRVU,Cristal Kanchanjanga Securites Pvt. Ltd.,Creative Securities Pvt Ltd,100,196.0,19600.0,2025-09-21 11:21:08.506367
2025-09-21,85430,2025092101005680,PRVU,Investment Management Nepal Pvt. Ltd.,Creative Securities Pvt Ltd,100,196.0,19600.0,2025-09-21 11:21:10.548260
2025-09-21,85410,2025092101005684,PRVU,Imperial Securities Company Pvt. Ltd.,Creative Securities Pvt Ltd,80,196.0,15680.0,2025-09-21 11:21:11.798286
2025-09-21,84965,2025092101005782,PRVU,Cristal Kanchanjanga Securites Pvt. Ltd.,Creative Securities Pvt Ltd,100,196.0,19600.0,2025-09-21 11:21:47.182203
2025-09-21,84859,2025092101005820,PRVU,Sani Securities Company Ltd.,Creative Securities Pvt Ltd,50,196.0,9800.0,2025-09-21 11:21:55.092993
2025-09-21,84706,2025092101005856,PRVU,Naasa Securities Co. Ltd.,Creative Securities Pvt Ltd,20,196.0,3920.0,2025-09-21 11:22:07.549046
2025-09-21,84705,2025092101005857,PRVU,Naasa Securities Co. Ltd.,Neev Securities Pvt. Ltd.,23,196.0,4508.0,2025-09-21 11:22:07.549190
2025-09-21,84670,2025092101005867,PRVU,Dipshikha Dhitopatra Karobar Co. Pvt Ltd.,Neev Securities Pvt. Ltd.,77,196.0,15092.0,2025-09-21 11:22:10.259340
2025-09-21,84513,2025092101005900,PRVU,Vision Securities Pvt. Ltd,Sani Securities Company Ltd.,50,197.0,9850.0,2025-09-21 11:22:20.100943
2025-09-21,84512,2025092101005901,PRVU,Vision Securities Pvt. Ltd,Creative Securities Pvt Ltd,500,197.0,98500.0,2025-09-21 11:22:20.101120
2025-09-21,84511,2025092101005902,PRVU,Vision Securities Pvt. Ltd,Premier Securities Company Ltd.,20,197.0,3940.0,2025-09-21 11:22:20.101173
2025-09-21,84470,2025092101005914,PRVU,Aryatara Investment & Securities,Sagarmatha Securities Private Limited,94,197.9,18602.6,2025-09-21 11:22:22.347464
2025-09-21,84469,2025092101005915,PRVU,Aryatara Investment & Securities,Sewa Securities Pvt. Ltd.,100,198.0,19800.0,2025-09-21 11:22:22.347508
2025-09-21,84468,2025092101005916,PRVU,Aryatara Investment & Securities,Linch Stock Market Ltd.,100,198.7,19870.0,2025-09-21 11:22:22.347536
2025-09-21,84467,2025092101005917,PRVU,Aryatara Investment & Securities,Aryatara Investment & Securities,50,199.0,9950.0,2025-09-21 11:22:22.347560
2025-09-21,84466,2025092101005918,PRVU,Aryatara Investment & Securities,Sewa Securities Pvt. Ltd.,156,199.9,31184.4,2025-09-21 11:22:22.347600
2025-09-21,84274,2025092101005961,PRVU,Vision Securities Pvt. Ltd,Sani Securities Company Ltd.,100,197.0,19700.0,2025-09-21 11:22:33.415656
2025-09-21,84181,2025092101005983,PRVU,Sani Securities Company Ltd.,Naasa Securities Co. Ltd.,20,199.9,3998.0,2025-09-21 11:22:39.471429
2025-09-21,83681,2025092101006130,PRVU,Naasa Securities Co. Ltd.,Citizens Share Broker Limited,25,200.0,5000.0,2025-09-21 11:23:14.183877
2025-09-21,83272,2025092101006241,PRVU,Dipshikha Dhitopatra Karobar Co. Pvt Ltd.,Citizens Share Broker Limited,100,200.0,20000.0,2025-09-21 11:23:43.284761
2025-09-21,83253,2025092101006254,PRVU,Nepal Stock House (PVT) Ltd.,Citizens Share Broker Limited,375,200.0,75000.0,2025-09-21 11:23:45.631740
2025-09-21,82902,2025092101006339,PRVU,Pragyan Securities (PVT) Ltd.,Online Securities Pvt. Ltd.,200,201.1,40220.0,2025-09-21 11:24:10.161357
2025-09-21,82542,2025092101006464,PRVU,Shree Krishna Securities Ltd.,ABC Securities Private Limited,299,202.0,60398.0,2025-09-21 11:24:35.676100
2025-09-21,82541,2025092101006465,PRVU,Shree Krishna Securities Ltd.,Nepal Investment And Securities Trading Private Limited,100,203.9,20390.0,2025-09-21 11:24:35.676220
2025-09-21,82540,2025092101006466,PRVU,Shree Krishna Securities Ltd.,Primo Securities (PVT) Ltd.,100,204.0,20400.0,2025-09-21 11:24:35.676285
2025-09-21,82539,2025092101006467,PRVU,Shree Krishna Securities Ltd.,Online Securities Pvt. Ltd.,1000,204.9,204900.0,2025-09-21 11:24:35.676353
2025-09-21,81567,2025092101006718,PRVU,Investment Management Nepal Pvt. Ltd.,Asian Securities Private Ltd.,100,202.1,20210.0,2025-09-21 11:26:11.414463
2025-09-21,81566,2025092101006719,PRVU,Nepal Stock House (PVT) Ltd.,Asian Securities Private Ltd.,100,202.0,20200.0,2025-09-21 11:26:11.414605
2025-09-21,81565,2025092101006720,PRVU,Pragyan Securities (PVT) Ltd.,Asian Securities Private Ltd.,100,202.0,20200.0,2025-09-21 11:26:11.414657
2025-09-21,81564,2025092101006721,PRVU,Sani Securities Company Ltd.,Asian Securities Private Ltd.,40,201.1,8044.0,2025-09-21 11:26:11.414706
2025-09-21,81563,2025092101006722,PRVU,Neev Securities Pvt. Ltd.,Asian Securities Private Ltd.,760,201.0,152760.0,2025-09-21 11:26:11.414754
2025-09-21,81558,2025092101006723,PRVU,Cristal Kanchanjanga Securites Pvt. Ltd.,Imperial Securities Company Pvt. Ltd.,100,204.8,20480.0,2025-09-21 11:26:11.488370
2025-09-21,81122,2025092101006829,PRVU,Asian Securities Private Ltd.,Imperial Securities Company Pvt. Ltd.,37,202.0,7474.0,2025-09-21 11:26:50.768933
2025-09-21,81121,2025092101006830,PRVU,Neev Securities Pvt. Ltd.,Imperial Securities Company Pvt. Ltd.,63,201.0,12663.0,2025-09-21 11:26:50.769197
2025-09-21,80935,2025092101006877,PRVU,Neev Securities Pvt. Ltd.,Nepal Stock House (PVT) Ltd.,100,201.0,20100.0,2025-09-21 11:27:07.480319
2025-09-21,80934,2025092101006878,PRVU,Neev Securities Pvt. Ltd.,Naasa Securities Co. Ltd.,77,201.0,15477.0,2025-09-21 11:27:07.514605
2025-09-21,80933,2025092101006879,PRVU,Swarna Laxmi Securities Pvt. Ltd.,Naasa Securities Co. Ltd.,261,201.0,52461.0,2025-09-21 11:27:07.514767
2025-09-21,80927,2025092101006881,PRVU,Swarna Laxmi Securities Pvt. Ltd.,Dipshikha Dhitopatra Karobar Co. Pvt Ltd.,70,201.0,14070.0,2025-09-21 11:27:08.273191
2025-09-21,80875,2025092101006899,PRVU,Swarna Laxmi Securities Pvt. Ltd.,Imperial Securities Company Pvt. Ltd.,169,201.0,33969.0,2025-09-21 11:27:13.047395
2025-09-21,80874,2025092101006900,PRVU,Premier Securities Company Ltd.,Imperial Securities Company Pvt. Ltd.,50,201.0,10050.0,2025-09-21 11:27:13.047541
2025-09-21,80475,2025092101007001,PRVU,Shree Krishna Securities Ltd.,Imperial Securities Company Pvt. Ltd.,81,201.0,16281.0,2025-09-21 11:27:54.656728
2025-09-21,80474,2025092101007002,PRVU,Shree Krishna Securities Ltd.,Naasa Securities Co. Ltd.,100,203.0,20300.0,2025-09-21 11:27:54.656996
2025-09-21,80473,2025092101007003,PRVU,Shree Krishna Securities Ltd.,Premier Securities Company Ltd.,20,204.0,4080.0,2025-09-21 11:27:54.657177
2025-09-21,80472,2025092101007004,PRVU,Shree Krishna Securities Ltd.,Sumeru Securities Pvt. Ltd.,100,204.0,20400.0,2025-09-21 11:27:54.657329
2025-09-21,80471,2025092101007005,PRVU,Shree Krishna Securities Ltd.,Neev Securities Pvt. Ltd.,500,204.5,102250.0,2025-09-21 11:27:54.657476
2025-09-21,80470,2025092101007006,PRVU,Shree Krishna Securities Ltd.,Nepal Investment And Securities Trading Private Limited,500,204.6,102300.0,2025-09-21 11:27:54.657630
2025-09-21,80469,2025092101007007,PRVU,Shree Krishna Securities Ltd.,Imperial Securities Company Pvt. Ltd.,199,204.6,40715.4,2025-09-21 11:27:54.657774
2025-09-21,80238,2025092101007081,PRVU,Ashutosh Brokerage & Securities (PVT) Ltd.,Naasa Securities Co. Ltd.,10,204.0,2040.0,2025-09-21 11:28:16.551834
2025-09-21,80237,2025092101007082,PRVU,Nepal Investment And Securities Trading Private Limited,Opal Securities Investment (PVT) Ltd.,76,200.9,15268.4,2025-09-21 11:28:16.928087
2025-09-21,80166,2025092101007101,PRVU,KALASH STOCK MARKET PVT. LTD.,Naasa Securities Co. Ltd.,90,204.0,18360.0,2025-09-21 11:28:25.574646
2025-09-21,80165,2025092101007102,PRVU,KALASH STOCK MARKET PVT. LTD.,Neev Securities Pvt. Ltd.,100,204.5,20450.0,2025-09-21 11:28:25.574791
2025-09-21,80164,2025092101007103,PRVU,KALASH STOCK MARKET PVT. LTD.,South Asian Bulls Pvt. Ltd.,10,204.5,2045.0,2025-09-21 11:28:25.574842
2025-09-21,79632,2025092101007273,PRVU,Capital Max Securities Ltd,Sweta Securities Private Limited,200,202.0,40400.0,2025-09-21 11:29:20.814985
2025-09-21,79491,2025092101007315,PRVU,Opal Securities Investment (PVT) Ltd.,Kohinoor Investment & Securities Pvt. Ltd.,10,202.0,2020.0,2025-09-21 11:29:36.398457
2025-09-21,79452,2025092101007329,PRVU,Online Securities Pvt. Ltd.,Kohinoor Investment & Securities Pvt. Ltd.,256,202.0,51712.0,2025-09-21 11:29:38.589716
2025-09-21,79451,2025092101007330,PRVU,Online Securities Pvt. Ltd.,Imperial Securities Company Pvt. Ltd.,244,203.9,49751.6,2025-09-21 11:29:38.589854
2025-09-21,79067,2025092101007442,PRVU,Online Securities Pvt. Ltd.,Primo Securities (PVT) Ltd.,21,203.0,4263.0,2025-09-21 11:30:17.866878
2025-09-21,79009,2025092101007453,PRVU,Online Securities Pvt. Ltd.,Kohinoor Investment & Securities Pvt. Ltd.,400,203.0,81200.0,2025-09-21 11:30:25.253848
2025-09-21,78995,2025092101007462,PRVU,Naasa Securities Co. Ltd.,Imperial Securities Company Pvt. Ltd.,10,203.9,2039.0,2025-09-21 11:30:27.182151
2025-09-21,78758,2025092101007524,PRVU,Online Securities Pvt. Ltd.,Neev Securities Pvt. Ltd.,79,203.0,16037.0,2025-09-21 11:30:50.015118
2025-09-21,78437,2025092101007662,PRVU,Vision Securities Pvt. Ltd,Neev Securities Pvt. Ltd.,330,203.0,66990.0,2025-09-21 11:31:19.915932
2025-09-21,78196,2025092101007782,PRVU,Siprabi Securities Pvt. Ltd.,Neev Securities Pvt. Ltd.,10,203.0,2030.0,2025-09-21 11:31:42.695838
2025-09-21,78187,2025092101007783,PRVU,Primo Securities (PVT) Ltd.,Neev Securities Pvt. Ltd.,10,203.0,2030.0,2025-09-21 11:31:42.937651
2025-09-21,77828,2025092101007856,PRVU,Neev Securities Pvt. Ltd.,Dynamic Money Managers Securities Pvt. Ltd.,10,202.2,2022.0,2025-09-21 11:32:22.672767
2025-09-21,77566,2025092101007921,PRVU,Trishakti Securities Public Limited,Online Securities Pvt. Ltd.,20,203.0,4060.0,2025-09-21 11:32:50.680440
2025-09-21,77073,2025092101008030,PRVU,Neev Securities Pvt. Ltd.,Sumeru Securities Pvt. Ltd.,390,202.2,78858.0,2025-09-21 11:33:39.620892
2025-09-21,77072,2025092101008031,PRVU,Capital Hub P. Ltd,Sumeru Securities Pvt. Ltd.,610,202.1,123281.0,2025-09-21 11:33:39.620993
2025-09-21,77001,2025092101008049,PRVU,Capital Hub P. Ltd,Aryatara Investment & Securities,390,202.1,78819.0,2025-09-21 11:33:46.889438
2025-09-21,77000,2025092101008050,PRVU,Aryatara Investment & Securities,Aryatara Investment & Securities,1000,202.0,202000.0,2025-09-21 11:33:46.889477
2025-09-21,76999,2025092101008051,PRVU,Naasa Securities Co. Ltd.,Aryatara Investment & Securities,940,202.0,189880.0,2025-09-21 11:33:46.889504
2025-09-21,76998,2025092101008052,PRVU,Online Securities Pvt. Ltd.,Aryatara Investment & Securities,490,202.0,98980.0,2025-09-21 11:33:46.889529
2025-09-21,76997,2025092101008053,PRVU,Sundhara Securities Limited,Aryatara Investment & Securities,100,201.0,20100.0,2025-09-21 11:33:46.889552
2025-09-21,76996,2025092101008054,PRVU,Arun Securities (PVT) Ltd.,Aryatara Investment & Securities,80,201.0,16080.0,2025-09-21 11:33:46.889582
2025-09-21,76842,2025092101008084,PRVU,Arun Securities (PVT) Ltd.,Opal Securities Investment (PVT) Ltd.,20,201.0,4020.0,2025-09-21 11:34:00.544782
2025-09-21,76841,2025092101008085,PRVU,Dipshikha Dhitopatra Karobar Co. Pvt Ltd.,Opal Securities Investment (PVT) Ltd.,324,201.0,65124.0,2025-09-21 11:34:00.544938
2025-09-21,76744,2025092101008110,PRVU,Oxford Securities Pvt. Ltd.,Dipshikha Dhitopatra Karobar Co. Pvt Ltd.,58,202.0,11716.0,2025-09-21 11:34:09.764328
2025-09-21,76608,2025092101008152,PRVU,Vision Securities Pvt. Ltd,Dipshikha Dhitopatra Karobar Co. Pvt Ltd.,400,202.0,80800.0,2025-09-21 11:34:20.383734
2025-09-21,76352,2025092101008227,PRVU,Dipshikha Dhitopatra Karobar Co. Pvt Ltd.,Arun Securities (PVT) Ltd.,176,201.0,35376.0,2025-09-21 11:34:49.572203
2025-09-21,76351,2025092101008228,PRVU,Nepal Investment And Securities Trading Private Limited,Arun Securities (PVT) Ltd.,19,200.9,3817.1,2025-09-21 11:34:49.572347
2025-09-21,76326,2025092101008234,PRVU,Nepal Investment And Securities Trading Private Limited,Imperial Securities Company Pvt. Ltd.,246,200.9,49421.4,2025-09-21 11:34:51.985269
2025-09-21,76228,2025092101008282,PRVU,Naasa Securities Co. Ltd.,Dipshikha Dhitopatra Karobar Co. Pvt Ltd.,100,202.0,20200.0,2025-09-21 11:34:56.391980
2025-09-21,76217,2025092101008287,PRVU,Nepal Investment And Securities Trading Private Limited,Vision Securities Pvt. Ltd,659,200.9,132393.1,2025-09-21 11:34:58.249050
2025-09-21,76216,2025092101008288,PRVU,Online Securities Pvt. Ltd.,Vision Securities Pvt. Ltd,100,200.5,20050.0,2025-09-21 11:34:58.249360
2025-09-21,76215,2025092101008289,PRVU,Nepal Stock House (PVT) Ltd.,Vision Securities Pvt. Ltd,50,200.5,10025.0,2025-09-21 11:34:58.249541
2025-09-21,76214,2025092101008290,PRVU,Dynamic Money Managers Securities Pvt. Ltd.,Vision Securities Pvt. Ltd,100,200.5,20050.0,2025-09-21 11:34:58.249706
2025-09-21,76213,2025092101008291,PRVU,J.F. Securites (PVT) Ltd.,Vision Securities Pvt. Ltd,91,200.5,18245.5,2025-09-21 11:34:58.249880
2025-09-21,76158,2025092101008304,PRVU,Aryatara Investment & Securities,Elite Stock House Limited,500,201.0,100500.0,2025-09-21 11:35:06.319713
2025-09-21,75884,2025092101008387,PRVU,Aryatara Investment & Securities,KALASH STOCK MARKET PVT. LTD.,50,202.0,10100.0,2025-09-21 11:35:41.148251
2025-09-21,75883,2025092101008388,PRVU,Aryatara Investment & Securities,Online Securities Pvt. Ltd.,750,202.0,151500.0,2025-09-21 11:35:41.148349
2025-09-21,75836,2025092101008407,PRVU,Nepal Stock House (PVT) Ltd.,Cristal Kanchanjanga Securites Pvt. Ltd.,625,200.0,125000.0,2025-09-21 11:35:45.236095
2025-09-21,75835,2025092101008408,PRVU,Naasa Securities Co. Ltd.,Cristal Kanchanjanga Securites Pvt. Ltd.,275,200.0,55000.0,2025-09-21 11:35:45.236245
2025-09-21,75182,2025092101008610,PRVU,Premier Securities Company Ltd.,Opal Securities Investment (PVT) Ltd.,500,201.0,100500.0,2025-09-21 11:37:01.458090
2025-09-21,75181,2025092101008611,PRVU,Investment Management Nepal Pvt. Ltd.,Opal Securities Investment (PVT) Ltd.,500,201.0,100500.0,2025-09-21 11:37:01.458254
2025-09-21,74977,2025092101008682,PRVU,Siprabi Securities Pvt. Ltd.,Sumeru Securities Pvt. Ltd.,30,201.0,6030.0,2025-09-21 11:37:29.285039
2025-09-21,74787,2025092101008725,PRVU,Cristal Kanchanjanga Securites Pvt. Ltd.,Premier Securities Company Ltd.,100,200.1,20010.0,2025-09-21 11:37:57.168360
2025-09-21,74632,2025092101008773,PRVU,Cristal Kanchanjanga Securites Pvt. Ltd.,Sumeru Securities Pvt. Ltd.,53,200.1,10605.3,2025-09-21 11:38:20.009909
2025-09-21,74334,2025092101008868,PRVU,Aryatara Investment & Securities,Siprabi Securities Pvt. Ltd.,200,201.0,40200.0,2025-09-21 11:39:03.466847
2025-09-21,74274,2025092101008879,PRVU,Naasa Securities Co. Ltd.,Siprabi Securities Pvt. Ltd.,20,201.0,4020.0,2025-09-21 11:39:16.978153
2025-09-21,74182,2025092101008917,PRVU,Premier Securities Company Ltd.,Siprabi Securities Pvt. Ltd.,10,201.0,2010.0,2025-09-21 11:39:26.690315
2025-09-21,74178,2025092101008918,PRVU,Cristal Kanchanjanga Securites Pvt. Ltd.,Midas Stock Broking Company Private Limited,100,200.1,20010.0,2025-09-21 11:39:26.978110
2025-09-21,74118,2025092101008932,PRVU,Cristal Kanchanjanga Securites Pvt. Ltd.,Sumeru Securities Pvt. Ltd.,40,200.1,8004.0,2025-09-21 11:39:33.630998
2025-09-21,74100,2025092101008935,PRVU,Siprabi Securities Pvt. Ltd.,Siprabi Securities Pvt. Ltd.,10,201.0,2010.0,2025-09-21 11:39:36.158313
2025-09-21,74028,2025092101008959,PRVU,Aryatara Investment & Securities,Naasa Securities Co. Ltd.,10,200.1,2001.0,2025-09-21 11:39:45.951745
2025-09-21,73885,2025092101008992,PRVU,Aryatara Investment & Securities,Premier Securities Company Ltd.,31,200.1,6203.1,2025-09-21 11:40:06.592353
2025-09-21,73637,2025092101009069,PRVU,Premier Securities Company Ltd.,Dynamic Money Managers Securities Pvt. Ltd.,500,200.2,100100.0,2025-09-21 11:40:39.508846
2025-09-21,73543,2025092101009090,PRVU,Trishakti Securities Public Limited,N.I.M.B. Stock Markets Limited,30,200.2,6006.0,2025-09-21 11:40:54.604288
2025-09-21,73384,2025092101009126,PRVU,Trishakti Securities Public Limited,Kalika Securities Pvt. Ltd.,10,200.2,2002.0,2025-09-21 11:41:14.898183
2025-09-21,73161,2025092101009190,PRVU,Sri Hari Securities Pvt. Ltd.,Siprabi Securities Pvt. Ltd.,10,201.0,2010.0,2025-09-21 11:41:43.321633
2025-09-21,73160,2025092101009191,PRVU,Sri Hari Securities Pvt. Ltd.,Online Securities Pvt. Ltd.,90,201.0,18090.0,2025-09-21 11:41:43.321974
2025-09-21,73121,2025092101009204,PRVU,Trishakti Securities Public Limited,Vision Securities Pvt. Ltd,160,200.2,32032.0,2025-09-21 11:41:47.033143
2025-09-21,73120,2025092101009205,PRVU,Malla & Malla Stock Broking Company Pvt. Limited,Vision Securities Pvt. Ltd,185,200.2,37037.0,2025-09-21 11:41:47.033359
2025-09-21,73053,2025092101009228,PRVU,Malla & Malla Stock Broking Company Pvt. Limited,Secured Securities Ltd.,115,200.2,23023.0,2025-09-21 11:41:54.385308
2025-09-21,72914,2025092101009267,PRVU,Aryatara Investment & Securities,Cristal Kanchanjanga Securites Pvt. Ltd.,50,200.1,10005.0,2025-09-21 11:42:08.916055
2025-09-21,72849,2025092101009277,PRVU,Dipshikha Dhitopatra Karobar Co. Pvt Ltd.,Secured Securities Ltd.,85,200.2,17017.0,2025-09-21 11:42:15.847183
2025-09-21,72848,2025092101009278,PRVU,Dipshikha Dhitopatra Karobar Co. Pvt Ltd.,Online Securities Pvt. Ltd.,55,201.0,11055.0,2025-09-21 11:42:15.847376
2025-09-21,72613,2025092101009334,PRVU,Aryatara Investment & Securities,Midas Stock Broking Company Private Limited,50,200.1,10005.0,2025-09-21 11:42:43.731142
2025-09-21,72289,2025092101009421,PRVU,Aryatara Investment & Securities,Online Securities Pvt. Ltd.,29,200.1,5802.9,2025-09-21 11:43:22.913093
2025-09-21,72288,2025092101009422,PRVU,Online Securities Pvt. Ltd.,Online Securities Pvt. Ltd.,395,200.1,79039.5,2025-09-21 11:43:22.913294
2025-09-21,72287,2025092101009423,PRVU,Naasa Securities Co. Ltd.,Online Securities Pvt. Ltd.,225,200.0,45000.0,2025-09-21 11:43:22.913368
2025-09-21,72286,2025092101009424,PRVU,Naasa Securities Co. Ltd.,Online Securities Pvt. Ltd.,50,200.0,10000.0,2025-09-21 11:43:22.913443
2025-09-21,72285,2025092101009425,PRVU,Kohinoor Investment & Securities Pvt. Ltd.,Online Securities Pvt. Ltd.,10,200.0,2000.0,2025-09-21 11:43:22.913513
2025-09-21,72284,2025092101009426,PRVU,Nepal Stock House (PVT) Ltd.,Online Securities Pvt. Ltd.,20,200.0,4000.0,2025-09-21 11:43:22.913582
2025-09-21,72283,2025092101009427,PRVU,Premier Securities Company Ltd.,Online Securities Pvt. Ltd.,100,200.0,20000.0,2025-09-21 11:43:22.913652
2025-09-21,72282,2025092101009428,PRVU,Sweta Securities Private Limited,Online Securities Pvt. Ltd.,26,200.0,5200.0,2025-09-21 11:43:22.913721
2025-09-21,72093,2025092101009499,PRVU,ABC Securities Private Limited,Online Securities Pvt. Ltd.,355,201.0,71355.0,2025-09-21 11:43:44.367637
2025-09-21,72092,2025092101009500,PRVU,ABC Securities Private Limited,Capital Hub P. Ltd,645,201.0,129645.0,2025-09-21 11:43:44.367947
2025-09-21,72069,2025092101009512,PRVU,Sweta Securities Private Limited,Kumari Securities Private Limited,30,200.0,6000.0,2025-09-21 11:43:49.199964
2025-09-21,71994,2025092101009525,PRVU,SUN SECURITIES PVT LTD,Kumari Securities Private Limited,1000,200.1,200100.0,2025-09-21 11:43:59.816962
2025-09-21,71834,2025092101009569,PRVU,Cristal Kanchanjanga Securites Pvt. Ltd.,Kumari Securities Private Limited,100,200.9,20090.0,2025-09-21 11:44:20.767468
2025-09-21,71785,2025092101009579,PRVU,SUN SECURITIES PVT LTD,ABC Securities Private Limited,15,200.1,3001.5,2025-09-21 11:44:27.575371
2025-09-21,71345,2025092101009719,PRVU,SUN SECURITIES PVT LTD,Midas Stock Broking Company Private Limited,10,200.1,2001.0,2025-09-21 11:45:19.264735
2025-09-21,71327,2025092101009721,PRVU,SUN SECURITIES PVT LTD,Sani Securities Company Ltd.,500,200.1,100050.0,2025-09-21 11:45:20.996124
2025-09-21,70237,2025092101010014,PRVU,Sewa Securities Pvt. Ltd.,Capital Hub P. Ltd,100,201.0,20100.0,2025-09-21 11:48:01.828484
2025-09-21,70179,2025092101010029,PRVU,Naasa Securities Co. Ltd.,Capital Hub P. Ltd,170,201.0,34170.0,2025-09-21 11:48:09.332778
2025-09-21,70001,2025092101010067,PRVU,Naasa Securities Co. Ltd.,Capital Hub P. Ltd,11,201.0,2211.0,2025-09-21 11:48:27.493702
2025-09-21,69831,2025092101010106,PRVU,Dipshikha Dhitopatra Karobar Co. Pvt Ltd.,Neev Securities Pvt. Ltd.,50,200.9,10045.0,2025-09-21 11:48:48.465038
2025-09-21,69830,2025092101010107,PRVU,Kohinoor Investment & Securities Pvt. Ltd.,Neev Securities Pvt. Ltd.,10,200.3,2003.0,2025-09-21 11:48:48.465084
2025-09-21,69829,2025092101010108,PRVU,Agrawal Securities (PVT) Ltd.,Neev Securities Pvt. Ltd.,40,200.2,8008.0,2025-09-21 11:48:48.465152
2025-09-21,69362,2025092101010206,PRVU,Naasa Securities Co. Ltd.,Dakshinkali Investment & Securities Pvt. Ltd.,195,200.9,39175.5,2025-09-21 11:49:49.137346
2025-09-21,69361,2025092101010207,PRVU,Agrawal Securities (PVT) Ltd.,Sundhara Securities Limited,100,200.2,20020.0,2025-09-21 11:49:49.200648
2025-09-21,68809,2025092101010353,PRVU,Creative Securities Pvt Ltd,Sweta Securities Private Limited,1000,200.3,200300.0,2025-09-21 11:50:52.272334
2025-09-21,68329,2025092101010458,PRVU,Naasa Securities Co. Ltd.,Dipshikha Dhitopatra Karobar Co. Pvt Ltd.,20,200.4,4008.0,2025-09-21 11:51:59.545019
2025-09-21,68187,2025092101010505,PRVU,Creative Securities Pvt Ltd,Midas Stock Broking Company Private Limited,25,200.3,5007.5,2025-09-21 11:52:18.658903
2025-09-21,68136,2025092101010537,PRVU,Creative Securities Pvt Ltd,Siprabi Securities Pvt. Ltd.,555,200.3,111166.5,2025-09-21 11:52:25.375842
2025-09-21,68009,2025092101010574,PRVU,Creative Securities Pvt Ltd,Linch Stock Market Ltd.,420,200.3,84126.0,2025-09-21 11:52:45.072871
2025-09-21,67883,2025092101010600,PRVU,Sewa Securities Pvt. Ltd.,Linch Stock Market Ltd.,80,200.3,16024.0,2025-09-21 11:53:00.776301
2025-09-21,67882,2025092101010601,PRVU,Sewa Securities Pvt. Ltd.,J.F. Securites (PVT) Ltd.,120,200.4,24048.0,2025-09-21 11:53:00.776686
2025-09-21,67847,2025092101010612,PRVU,Capital Max Securities Ltd,J.F. Securites (PVT) Ltd.,50,200.4,10020.0,2025-09-21 11:53:05.547748
2025-09-21,67773,2025092101010627,PRVU,Bhrikuti Stock Broking Co. Pvt. Ltd.,J.F. Securites (PVT) Ltd.,30,200.4,6012.0,2025-09-21 11:53:17.692163
2025-09-21,67772,2025092101010628,PRVU,Bhrikuti Stock Broking Co. Pvt. Ltd.,Online Securities Pvt. Ltd.,120,200.4,24048.0,2025-09-21 11:53:17.692357
2025-09-21,67456,2025092101010697,PRVU,Creative Securities Pvt Ltd,Agrawal Securities (PVT) Ltd.,20,200.3,4006.0,2025-09-21 11:54:03.820415
2025-09-21,67455,2025092101010698,PRVU,Creative Securities Pvt Ltd,Online Securities Pvt. Ltd.,360,200.4,72144.0,2025-09-21 11:54:03.820789
2025-09-21,67371,2025092101010713,PRVU,Creative Securities Pvt Ltd,Naasa Securities Co. Ltd.,412,200.4,82564.8,2025-09-21 11:54:16.234828
2025-09-21,67361,2025092101010715,PRVU,Creative Securities Pvt Ltd,Sundhara Securities Limited,100,200.4,20040.0,2025-09-21 11:54:18.714405
2025-09-21,67311,2025092101010730,PRVU,Malla & Malla Stock Broking Company Pvt. Limited,Nepal Investment And Securities Trading Private Limited,200,200.5,40100.0,2025-09-21 11:54:29.389126
2025-09-21,67287,2025092101010733,PRVU,Creative Securities Pvt Ltd,Sumeru Securities Pvt. Ltd.,108,200.4,21643.2,2025-09-21 11:54:33.250982
2025-09-21,67286,2025092101010734,PRVU,Agrawal Securities (PVT) Ltd.,Sumeru Securities Pvt. Ltd.,10,200.2,2002.0,2025-09-21 11:54:33.251198
2025-09-21,67285,2025092101010735,PRVU,SUN SECURITIES PVT LTD,Sumeru Securities Pvt. Ltd.,382,200.1,76438.2,2025-09-21 11:54:33.251286
2025-09-21,67169,2025092101010762,PRVU,Naasa Securities Co. Ltd.,Nepal Investment And Securities Trading Private Limited,49,200.5,9824.5,2025-09-21 11:54:57.057907
2025-09-21,67077,2025092101010788,PRVU,Naasa Securities Co. Ltd.,Capital Hub P. Ltd,74,201.0,14874.0,2025-09-21 11:55:08.229283
2025-09-21,67076,2025092101010789,PRVU,Naasa Securities Co. Ltd.,Aryatara Investment & Securities,526,201.0,105726.0,2025-09-21 11:55:08.229514
2025-09-21,66847,2025092101010852,PRVU,Naasa Securities Co. Ltd.,Aryatara Investment & Securities,100,201.0,20100.0,2025-09-21 11:55:42.414276
2025-09-21,66803,2025092101010863,PRVU,Aryatara Investment & Securities,Aryatara Investment & Securities,100,201.0,20100.0,2025-09-21 11:55:51.720420
2025-09-21,66614,2025092101010922,PRVU,Nepal Stock House (PVT) Ltd.,Aryatara Investment & Securities,30,201.0,6030.0,2025-09-21 11:56:18.563507
2025-09-21,66457,2025092101010985,PRVU,Pragyan Securities (PVT) Ltd.,Aryatara Investment & Securities,19,201.0,3819.0,2025-09-21 11:56:40.512046
2025-09-21,65809,2025092101011158,PRVU,Sani Securities Company Ltd.,Aryatara Investment & Securities,50,201.0,10050.0,2025-09-21 11:58:23.449332
2025-09-21,65771,2025092101011168,PRVU,Sani Securities Company Ltd.,Aryatara Investment & Securities,20,201.0,4020.0,2025-09-21 11:58:32.449471
2025-09-21,65680,2025092101011190,PRVU,Dynamic Money Managers Securities Pvt. Ltd.,Aryatara Investment & Securities,1155,201.0,232155.0,2025-09-21 11:58:47.033272
2025-09-21,65679,2025092101011191,PRVU,Dynamic Money Managers Securities Pvt. Ltd.,Imperial Securities Company Pvt. Ltd.,116,201.0,23316.0,2025-09-21 11:58:47.033682
2025-09-21,65678,2025092101011192,PRVU,Dynamic Money Managers Securities Pvt. Ltd.,Online Securities Pvt. Ltd.,14,201.0,2814.0,2025-09-21 11:58:47.033937
2025-09-21,65677,2025092101011193,PRVU,Dynamic Money Managers Securities Pvt. Ltd.,Bhrikuti Stock Broking Co. Pvt. Ltd.,300,201.0,60300.0,2025-09-21 11:58:47.034211
2025-09-21,65676,2025092101011194,PRVU,Dynamic Money Managers Securities Pvt. Ltd.,Nepal Stock House (PVT) Ltd.,100,201.0,20100.0,2025-09-21 11:58:47.034459
2025-09-21,65675,2025092101011195,PRVU,Dynamic Money Managers Securities Pvt. Ltd.,Sani Securities Company Ltd.,50,201.0,10050.0,2025-09-21 11:58:47.034695
2025-09-21,65674,2025092101011196,PRVU,Dynamic Money Managers Securities Pvt. Ltd.,Asian Securities Private Ltd.,51,201.0,10251.0,2025-09-21 11:58:47.034945
2025-09-21,65673,2025092101011197,PRVU,Dynamic Money Managers Securities Pvt. Ltd.,Naasa Securities Co. Ltd.,15,201.0,3015.0,2025-09-21 11:58:47.035213
2025-09-21,65672,2025092101011198,PRVU,Dynamic Money Managers Securities Pvt. Ltd.,Vision Securities Pvt. Ltd,1262,201.5,254293.0,2025-09-21 11:58:47.035470
2025-09-21,65671,2025092101011199,PRVU,Dynamic Money Managers Securities Pvt. Ltd.,Online Securities Pvt. Ltd.,250,202.0,50500.0,2025-09-21 11:58:47.035730
2025-09-21,65670,2025092101011200,PRVU,Dynamic Money Managers Securities Pvt. Ltd.,South Asian Bulls Pvt. Ltd.,687,202.0,138774.0,2025-09-21 11:58:47.035975
2025-09-21,65469,2025092101011245,PRVU,Naasa Securities Co. Ltd.,South Asian Bulls Pvt. Ltd.,10,202.0,2020.0,2025-09-21 11:59:26.432975
2025-09-21,65384,2025092101011263,PRVU,Online Securities Pvt. Ltd.,South Asian Bulls Pvt. Ltd.,203,202.0,41006.0,2025-09-21 11:59:43.478111
2025-09-21,65383,2025092101011264,PRVU,Online Securities Pvt. Ltd.,Sewa Securities Pvt. Ltd.,50,202.0,10100.0,2025-09-21 11:59:43.478349
2025-09-21,65382,2025092101011265,PRVU,Online Securities Pvt. Ltd.,Sri Hari Securities Pvt. Ltd.,90,202.0,18180.0,2025-09-21 11:59:43.478493
2025-09-21,65381,2025092101011266,PRVU,Online Securities Pvt. Ltd.,Imperial Securities Company Pvt. Ltd.,607,202.0,122614.0,2025-09-21 11:59:43.478625
2025-09-21,65146,2025092101011310,PRVU,Linch Stock Market Ltd.,Imperial Securities Company Pvt. Ltd.,100,202.0,20200.0,2025-09-21 12:00:26.623959
2025-09-21,64762,2025092101011405,PRVU,Trishakti Securities Public Limited,Imperial Securities Company Pvt. Ltd.,100,201.0,20100.0,2025-09-21 12:01:36.232242
2025-09-21,64213,2025092101011536,PRVU,Dakshinkali Investment & Securities Pvt. Ltd.,Imperial Securities Company Pvt. Ltd.,120,202.0,24240.0,2025-09-21 12:03:01.885343
2025-09-21,64212,2025092101011537,PRVU,Dakshinkali Investment & Securities Pvt. Ltd.,Naasa Securities Co. Ltd.,40,202.0,8080.0,2025-09-21 12:03:01.885773
2025-09-21,64211,2025092101011538,PRVU,Dakshinkali Investment & Securities Pvt. Ltd.,Trishakti Securities Public Limited,40,202.0,8080.0,2025-09-21 12:03:01.886054
2025-09-21,63842,2025092101011634,PRVU,Deevyaa Securities & Stock House Pvt. Ltd,Aryatara Investment & Securities,200,201.9,40380.0,2025-09-21 12:04:07.202887
2025-09-21,63837,2025092101011635,PRVU,Creative Securities Pvt Ltd,Aryatara Investment & Securities,150,201.9,30285.0,2025-09-21 12:04:07.517788
2025-09-21,63763,2025092101011648,PRVU,Sani Securities Company Ltd.,Sani Securities Company Ltd.,59,201.1,11864.9,2025-09-21 12:04:20.995073
2025-09-21,63732,2025092101011657,PRVU,Sani Securities Company Ltd.,Linch Stock Market Ltd.,200,201.1,40220.0,2025-09-21 12:04:26.851184
2025-09-21,63289,2025092101011788,PRVU,Shree Krishna Securities Ltd.,Trishakti Securities Public Limited,10,202.0,2020.0,2025-09-21 12:05:48.012411
2025-09-21,63283,2025092101011794,PRVU,Linch Stock Market Ltd.,Imperial Securities Company Pvt. Ltd.,20,201.6,4032.0,2025-09-21 12:05:48.971322
2025-09-21,63282,2025092101011795,PRVU,Oxford Securities Pvt. Ltd.,Imperial Securities Company Pvt. Ltd.,55,201.5,11082.5,2025-09-21 12:05:48.971562
2025-09-21,63281,2025092101011796,PRVU,Sani Securities Company Ltd.,Imperial Securities Company Pvt. Ltd.,25,201.1,5027.5,2025-09-21 12:05:48.971723
2025-09-21,63095,2025092101011865,PRVU,Thrive Brokerage House Pvt. Ltd,Trishakti Securities Public Limited,10,202.0,2020.0,2025-09-21 12:06:13.182056
2025-09-21,62740,2025092101011965,PRVU,Sani Securities Company Ltd.,Imperial Securities Company Pvt. Ltd.,156,201.1,31371.6,2025-09-21 12:07:10.548858
2025-09-21,62230,2025092101012083,PRVU,Online Securities Pvt. Ltd.,Kumari Securities Private Limited,50,201.5,10075.0,2025-09-21 12:08:28.671075
2025-09-21,62225,2025092101012084,PRVU,Kalika Securities Pvt. Ltd.,Kumari Securities Private Limited,56,201.5,11284.0,2025-09-21 12:08:30.711200
2025-09-21,61562,2025092101012277,PRVU,SUN SECURITIES PVT LTD,Trishakti Securities Public Limited,26,202.0,5252.0,2025-09-21 12:09:58.581905
2025-09-21,61532,2025092101012280,PRVU,Kohinoor Investment & Securities Pvt. Ltd.,Trishakti Securities Public Limited,114,202.0,23028.0,2025-09-21 12:10:00.849143
2025-09-21,61531,2025092101012281,PRVU,Kohinoor Investment & Securities Pvt. Ltd.,Imperial Securities Company Pvt. Ltd.,84,202.0,16968.0,2025-09-21 12:10:00.849576
2025-09-21,61511,2025092101012284,PRVU,Vision Securities Pvt. Ltd,Imperial Securities Company Pvt. Ltd.,32,202.0,6464.0,2025-09-21 12:10:04.912755
2025-09-21,61358,2025092101012332,PRVU,Aryatara Investment & Securities,Naasa Securities Co. Ltd.,195,202.0,39390.0,2025-09-21 12:10:19.756986
2025-09-21,61283,2025092101012344,PRVU,Naasa Securities Co. Ltd.,Naasa Securities Co. Ltd.,20,202.0,4040.0,2025-09-21 12:10:32.782598
2025-09-21,60180,2025092101012575,PRVU,Online Securities Pvt. Ltd.,Naasa Securities Co. Ltd.,30,202.0,6060.0,2025-09-21 12:13:13.719063
2025-09-21,60179,2025092101012576,PRVU,Online Securities Pvt. Ltd.,Primo Securities (PVT) Ltd.,10,202.0,2020.0,2025-09-21 12:13:13.719498
2025-09-21,60178,2025092101012577,PRVU,Online Securities Pvt. Ltd.,Opal Securities Investment (PVT) Ltd.,80,202.0,16160.0,2025-09-21 12:13:13.719777
2025-09-21,59878,2025092101012642,PRVU,Online Securities Pvt. Ltd.,Trishakti Securities Public Limited,80,202.0,16160.0,2025-09-21 12:13:56.879493
2025-09-21,59877,2025092101012643,PRVU,Trishakti Securities Public Limited,Trishakti Securities Public Limited,220,202.0,44440.0,2025-09-21 12:13:56.879749
2025-09-21,59869,2025092101012645,PRVU,Trishakti Securities Public Limited,Dipshikha Dhitopatra Karobar Co. Pvt Ltd.,680,202.0,137360.0,2025-09-21 12:13:58.705206
2025-09-21,59663,2025092101012696,PRVU,Nepal Stock House (PVT) Ltd.,Dipshikha Dhitopatra Karobar Co. Pvt Ltd.,35,202.0,7070.0,2025-09-21 12:14:30.119276
2025-09-21,59577,2025092101012713,PRVU,Sani Securities Company Ltd.,Kalika Securities Pvt. Ltd.,60,201.9,12114.0,2025-09-21 12:14:42.163199
2025-09-21,59576,2025092101012714,PRVU,Midas Stock Broking Company Private Limited,Kalika Securities Pvt. Ltd.,40,201.7,8068.0,2025-09-21 12:14:42.163434
2025-09-21,59525,2025092101012723,PRVU,Online Securities Pvt. Ltd.,Dipshikha Dhitopatra Karobar Co. Pvt Ltd.,45,202.0,9090.0,2025-09-21 12:14:50.745103
2025-09-21,59495,2025092101012728,PRVU,Primo Securities (PVT) Ltd.,Dipshikha Dhitopatra Karobar Co. Pvt Ltd.,50,202.0,10100.0,2025-09-21 12:14:54.519179
2025-09-21,59488,2025092101012730,PRVU,Dipshikha Dhitopatra Karobar Co. Pvt Ltd.,Dakshinkali Investment & Securities Pvt. Ltd.,5,200.9,1004.5,2025-09-21 12:14:55.203317
2025-09-21,59280,2025092101012784,PRVU,Midas Stock Broking Company Private Limited,Dipshikha Dhitopatra Karobar Co. Pvt Ltd.,190,202.0,38380.0,2025-09-21 12:15:22.434552
2025-09-21,58937,2025092101012880,PRVU,Naasa Securities Co. Ltd.,Opal Securities Investment (PVT) Ltd.,100,202.3,20230.0,2025-09-21 12:16:02.939925
2025-09-21,58936,2025092101012881,PRVU,Naasa Securities Co. Ltd.,Vision Securities Pvt. Ltd,50,202.5,10125.0,2025-09-21 12:16:02.940413
2025-09-21,58624,2025092101012959,PRVU,Vision Securities Pvt. Ltd,Sani Securities Company Ltd.,20,203.0,4060.0,2025-09-21 12:16:43.115978
2025-09-21,58623,2025092101012960,PRVU,Vision Securities Pvt. Ltd,Midas Stock Broking Company Private Limited,430,203.0,87290.0,2025-09-21 12:16:43.116209
2025-09-21,58225,2025092101013054,PRVU,Trishakti Securities Public Limited,Midas Stock Broking Company Private Limited,70,203.0,14210.0,2025-09-21 12:17:42.650058
2025-09-21,58224,2025092101013055,PRVU,Trishakti Securities Public Limited,Aryatara Investment & Securities,231,203.0,46893.0,2025-09-21 12:17:42.650168
2025-09-21,57646,2025092101013240,PRVU,Naasa Securities Co. Ltd.,KALASH STOCK MARKET PVT. LTD.,50,202.5,10125.0,2025-09-21 12:18:59.942183
2025-09-21,57645,2025092101013241,PRVU,Dakshinkali Investment & Securities Pvt. Ltd.,KALASH STOCK MARKET PVT. LTD.,400,202.5,81000.0,2025-09-21 12:18:59.942422
2025-09-21,57644,2025092101013242,PRVU,Midas Stock Broking Company Private Limited,KALASH STOCK MARKET PVT. LTD.,248,202.0,50096.0,2025-09-21 12:18:59.942553
2025-09-21,57643,2025092101013243,PRVU,Himalayan Brokerage Company Limited,KALASH STOCK MARKET PVT. LTD.,170,202.0,34340.0,2025-09-21 12:18:59.942663
2025-09-21,57642,2025092101013244,PRVU,Naasa Securities Co. Ltd.,KALASH STOCK MARKET PVT. LTD.,200,202.0,40400.0,2025-09-21 12:18:59.942791
2025-09-21,57641,2025092101013245,PRVU,Imperial Securities Company Pvt. Ltd.,KALASH STOCK MARKET PVT. LTD.,200,202.0,40400.0,2025-09-21 12:18:59.942899
2025-09-21,57640,2025092101013246,PRVU,Online Securities Pvt. Ltd.,KALASH STOCK MARKET PVT. LTD.,200,202.0,40400.0,2025-09-21 12:18:59.942997
2025-09-21,57639,2025092101013247,PRVU,Online Securities Pvt. Ltd.,KALASH STOCK MARKET PVT. LTD.,10,202.0,2020.0,2025-09-21 12:18:59.943105
2025-09-21,57377,2025092101013338,PRVU,Dipshikha Dhitopatra Karobar Co. Pvt Ltd.,Nepal Investment And Securities Trading Private Limited,1,200.5,200.5,2025-09-21 12:19:35.833300
2025-09-21,57088,2025092101013426,PRVU,Sani Securities Company Ltd.,KALASH STOCK MARKET PVT. LTD.,24,202.0,4848.0,2025-09-21 12:20:08.823421
2025-09-21,57087,2025092101013427,PRVU,Sani Securities Company Ltd.,Himalayan Brokerage Company Limited,476,202.0,96152.0,2025-09-21 12:20:08.823661
2025-09-21,57075,2025092101013431,PRVU,Naasa Securities Co. Ltd.,Himalayan Brokerage Company Limited,500,202.0,101000.0,2025-09-21 12:20:09.881694
2025-09-21,56570,2025092101013581,PRVU,Premier Securities Company Ltd.,Aryatara Investment & Securities,100,201.8,20180.0,2025-09-21 12:21:18.938165
2025-09-21,56464,2025092101013607,PRVU,Shree Krishna Securities Ltd.,Himalayan Brokerage Company Limited,24,202.0,4848.0,2025-09-21 12:21:31.962291
2025-09-21,56463,2025092101013608,PRVU,Shree Krishna Securities Ltd.,ABC Securities Private Limited,500,202.0,101000.0,2025-09-21 12:21:31.962520
2025-09-21,55657,2025092101013789,PRVU,Primo Securities (PVT) Ltd.,Neev Securities Pvt. Ltd.,60,202.9,12174.0,2025-09-21 12:23:08.958520
2025-09-21,55589,2025092101013802,PRVU,Imperial Securities Company Pvt. Ltd.,Aryatara Investment & Securities,20,203.0,4060.0,2025-09-21 12:23:21.792559
2025-09-21,55367,2025092101013872,PRVU,Online Securities Pvt. Ltd.,Aryatara Investment & Securities,249,203.0,50547.0,2025-09-21 12:23:49.667904
2025-09-21,55366,2025092101013873,PRVU,Online Securities Pvt. Ltd.,Cristal Kanchanjanga Securites Pvt. Ltd.,1047,203.0,212541.0,2025-09-21 12:23:49.668138
2025-09-21,55365,2025092101013874,PRVU,Online Securities Pvt. Ltd.,Naasa Securities Co. Ltd.,1000,203.0,203000.0,2025-09-21 12:23:49.668241
2025-09-21,55132,2025092101013932,PRVU,Online Securities Pvt. Ltd.,Neev Securities Pvt. Ltd.,704,203.0,142912.0,2025-09-21 12:24:19.180118
2025-09-21,55109,2025092101013939,PRVU,Nagarik Stock Dealer ,Naasa Securities Co. Ltd.,55,203.0,11165.0,2025-09-21 12:24:23.602552
2025-09-21,54607,2025092101014058,PRVU,Online Securities Pvt. Ltd.,Sani Securities Company Ltd.,21,203.2,4267.2,2025-09-21 12:25:17.738617
2025-09-21,54606,2025092101014059,PRVU,Online Securities Pvt. Ltd.,Oxford Securities Pvt. Ltd.,224,203.4,45561.6,2025-09-21 12:25:17.739105
2025-09-21,54448,2025092101014096,PRVU,Nagarik Stock Dealer ,Naasa Securities Co. Ltd.,100,203.0,20300.0,2025-09-21 12:25:42.666698
2025-09-21,54407,2025092101014103,PRVU,Naasa Securities Co. Ltd.,Oxford Securities Pvt. Ltd.,100,203.4,20340.0,2025-09-21 12:25:47.231402
2025-09-21,54352,2025092101014124,PRVU,Kohinoor Investment & Securities Pvt. Ltd.,Oxford Securities Pvt. Ltd.,20,203.4,4068.0,2025-09-21 12:25:56.621270
2025-09-21,54011,2025092101014190,PRVU,Neev Securities Pvt. Ltd.,Oxford Securities Pvt. Ltd.,200,203.4,40680.0,2025-09-21 12:26:40.874371
2025-09-21,53848,2025092101014229,PRVU,Dynamic Money Managers Securities Pvt. Ltd.,Oxford Securities Pvt. Ltd.,98,203.4,19933.2,2025-09-21 12:27:01.748239
2025-09-21,53828,2025092101014232,PRVU,Himalayan Brokerage Company Limited,Sweta Securities Private Limited,47,203.2,9550.4,2025-09-21 12:27:05.341219
2025-09-21,53697,2025092101014260,PRVU,Nepal Stock House (PVT) Ltd.,Oxford Securities Pvt. Ltd.,100,203.4,20340.0,2025-09-21 12:27:22.832556
2025-09-21,53552,2025092101014319,PRVU,Himalayan Brokerage Company Limited,Kohinoor Investment & Securities Pvt. Ltd.,100,203.2,20320.0,2025-09-21 12:27:45.307297
2025-09-21,53372,2025092101014342,PRVU,Himalayan Brokerage Company Limited,Neev Securities Pvt. Ltd.,353,203.2,71729.6,2025-09-21 12:28:09.699437
2025-09-21,53371,2025092101014343,PRVU,Sani Securities Company Ltd.,Neev Securities Pvt. Ltd.,70,203.2,14224.0,2025-09-21 12:28:09.699957
2025-09-21,53370,2025092101014344,PRVU,Premier Securities Company Ltd.,Neev Securities Pvt. Ltd.,20,203.2,4064.0,2025-09-21 12:28:09.700350
2025-09-21,53249,2025092101014372,PRVU,Cristal Kanchanjanga Securites Pvt. Ltd.,Oxford Securities Pvt. Ltd.,30,203.4,6102.0,2025-09-21 12:28:27.722213
2025-09-21,53130,2025092101014397,PRVU,Cristal Kanchanjanga Securites Pvt. Ltd.,Oxford Securities Pvt. Ltd.,30,203.4,6102.0,2025-09-21 12:28:45.466807
2025-09-21,53021,2025092101014412,PRVU,Oxford Securities Pvt. Ltd.,Oxford Securities Pvt. Ltd.,771,203.4,156821.4,2025-09-21 12:28:58.442906
2025-09-21,52971,2025092101014419,PRVU,Oxford Securities Pvt. Ltd.,Naasa Securities Co. Ltd.,500,203.5,101750.0,2025-09-21 12:29:04.631449
2025-09-21,52262,2025092101014553,PRVU,Oxford Securities Pvt. Ltd.,Arun Securities (PVT) Ltd.,1000,203.5,203500.0,2025-09-21 12:30:27.493427
2025-09-21,51890,2025092101014629,PRVU,Deevyaa Securities & Stock House Pvt. Ltd,Asian Securities Private Ltd.,10,203.6,2036.0,2025-09-21 12:31:18.838594
2025-09-21,51854,2025092101014633,PRVU,Siprabi Securities Pvt. Ltd.,Nagarik Stock Dealer ,200,203.9,40780.0,2025-09-21 12:31:21.692956
2025-09-21,51853,2025092101014634,PRVU,Siprabi Securities Pvt. Ltd.,Oxford Securities Pvt. Ltd.,40,203.9,8156.0,2025-09-21 12:31:21.693191
2025-09-21,51763,2025092101014648,PRVU,Deevyaa Securities & Stock House Pvt. Ltd,Neev Securities Pvt. Ltd.,140,203.6,28504.0,2025-09-21 12:31:36.636740
2025-09-21,51700,2025092101014659,PRVU,Online Securities Pvt. Ltd.,Oxford Securities Pvt. Ltd.,1960,203.9,399644.0,2025-09-21 12:31:43.989494
2025-09-21,51699,2025092101014660,PRVU,Online Securities Pvt. Ltd.,Imperial Securities Company Pvt. Ltd.,100,204.0,20400.0,2025-09-21 12:31:43.989723
2025-09-21,51698,2025092101014661,PRVU,Online Securities Pvt. Ltd.,Sani Securities Company Ltd.,100,204.0,20400.0,2025-09-21 12:31:43.989826
2025-09-21,51697,2025092101014662,PRVU,Online Securities Pvt. Ltd.,Neev Securities Pvt. Ltd.,100,204.0,20400.0,2025-09-21 12:31:43.989922
2025-09-21,51696,2025092101014663,PRVU,Online Securities Pvt. Ltd.,Sewa Securities Pvt. Ltd.,50,204.0,10200.0,2025-09-21 12:31:43.990045
2025-09-21,51695,2025092101014664,PRVU,Online Securities Pvt. Ltd.,Aryatara Investment & Securities,1690,204.0,344760.0,2025-09-21 12:31:43.990172
2025-09-21,51613,2025092101014677,PRVU,Oxford Securities Pvt. Ltd.,Linch Stock Market Ltd.,144,203.5,29304.0,2025-09-21 12:31:54.586631
2025-09-21,51597,2025092101014686,PRVU,Siprabi Securities Pvt. Ltd.,Aryatara Investment & Securities,45,204.0,9180.0,2025-09-21 12:31:55.800953
2025-09-21,50996,2025092101014805,PRVU,Opal Securities Investment (PVT) Ltd.,Aryatara Investment & Securities,1000,204.0,204000.0,2025-09-21 12:33:11.722730
2025-09-21,50928,2025092101014832,PRVU,Siprabi Securities Pvt. Ltd.,Aryatara Investment & Securities,150,204.0,30600.0,2025-09-21 12:33:16.891608
2025-09-21,50927,2025092101014833,PRVU,Aryatara Investment & Securities,Aryatara Investment & Securities,250,204.0,51000.0,2025-09-21 12:33:16.936184
2025-09-21,50896,2025092101014843,PRVU,Sani Securities Company Ltd.,Aryatara Investment & Securities,215,204.0,43860.0,2025-09-21 12:33:20.473400
2025-09-21,50806,2025092101014856,PRVU,Nepal Stock House (PVT) Ltd.,Aryatara Investment & Securities,100,204.0,20400.0,2025-09-21 12:33:28.674518
2025-09-21,50769,2025092101014865,PRVU,Shree Krishna Securities Ltd.,Aryatara Investment & Securities,550,204.0,112200.0,2025-09-21 12:33:32.534454
2025-09-21,50768,2025092101014866,PRVU,Shree Krishna Securities Ltd.,Capital Max Securities Ltd,700,204.0,142800.0,2025-09-21 12:33:32.534715
2025-09-21,50688,2025092101014883,PRVU,Naasa Securities Co. Ltd.,Capital Max Securities Ltd,10,204.0,2040.0,2025-09-21 12:33:45.259924
2025-09-21,50328,2025092101014956,PRVU,Sani Securities Company Ltd.,Capital Max Securities Ltd,500,204.0,102000.0,2025-09-21 12:34:33.203698
2025-09-21,50142,2025092101014999,PRVU,Oxford Securities Pvt. Ltd.,Capital Max Securities Ltd,790,204.0,161160.0,2025-09-21 12:34:55.520939
2025-09-21,50141,2025092101015000,PRVU,Oxford Securities Pvt. Ltd.,Aryatara Investment & Securities,4000,204.0,816000.0,2025-09-21 12:34:55.521217
2025-09-21,50140,2025092101015001,PRVU,Oxford Securities Pvt. Ltd.,Aryatara Investment & Securities,4000,204.0,816000.0,2025-09-21 12:34:55.521359
2025-09-21,50139,2025092101015002,PRVU,Oxford Securities Pvt. Ltd.,Aryatara Investment & Securities,1700,204.0,346800.0,2025-09-21 12:34:55.521496
2025-09-21,50138,2025092101015003,PRVU,Oxford Securities Pvt. Ltd.,Imperial Securities Company Pvt. Ltd.,500,204.0,102000.0,2025-09-21 12:34:55.521654
2025-09-21,50137,2025092101015004,PRVU,Oxford Securities Pvt. Ltd.,Vision Securities Pvt. Ltd,500,204.0,102000.0,2025-09-21 12:34:55.521790
2025-09-21,50136,2025092101015005,PRVU,Oxford Securities Pvt. Ltd.,Vision Securities Pvt. Ltd,95,204.0,19380.0,2025-09-21 12:34:55.521926
2025-09-21,50100,2025092101015038,PRVU,Sundhara Securities Limited,Siprabi Securities Pvt. Ltd.,100,204.0,20400.0,2025-09-21 12:34:56.995311
2025-09-21,50099,2025092101015039,PRVU,Sundhara Securities Limited,Opal Securities Investment (PVT) Ltd.,13,204.0,2652.0,2025-09-21 12:34:56.995752
2025-09-21,49763,2025092101015104,PRVU,Cristal Kanchanjanga Securites Pvt. Ltd.,Opal Securities Investment (PVT) Ltd.,285,204.0,58140.0,2025-09-21 12:35:40.656680
2025-09-21,49762,2025092101015105,PRVU,Cristal Kanchanjanga Securites Pvt. Ltd.,Ashutosh Brokerage & Securities (PVT) Ltd.,50,204.0,10200.0,2025-09-21 12:35:40.656907
2025-09-21,49761,2025092101015106,PRVU,Cristal Kanchanjanga Securites Pvt. Ltd.,Neev Securities Pvt. Ltd.,100,204.0,20400.0,2025-09-21 12:35:40.657002
2025-09-21,49671,2025092101015130,PRVU,Cristal Kanchanjanga Securites Pvt. Ltd.,Neev Securities Pvt. Ltd.,65,204.0,13260.0,2025-09-21 12:35:53.621849
2025-09-21,48917,2025092101015272,PRVU,Vision Securities Pvt. Ltd,Dipshikha Dhitopatra Karobar Co. Pvt Ltd.,442,204.4,90344.8,2025-09-21 12:37:23.770893
2025-09-21,48916,2025092101015273,PRVU,Vision Securities Pvt. Ltd,South Asian Bulls Pvt. Ltd.,48,204.5,9816.0,2025-09-21 12:37:23.771155
2025-09-21,48388,2025092101015366,PRVU,Linch Stock Market Ltd.,Dipshikha Dhitopatra Karobar Co. Pvt Ltd.,200,204.0,40800.0,2025-09-21 12:38:32.929480
2025-09-21,48006,2025092101015445,PRVU,Linch Stock Market Ltd.,Sani Securities Company Ltd.,24,204.0,4896.0,2025-09-21 12:39:32.216366
2025-09-21,47946,2025092101015461,PRVU,Linch Stock Market Ltd.,Naasa Securities Co. Ltd.,776,204.0,158304.0,2025-09-21 12:39:39.895070
2025-09-21,47945,2025092101015462,PRVU,Online Securities Pvt. Ltd.,Naasa Securities Co. Ltd.,100,204.0,20400.0,2025-09-21 12:39:39.895301
2025-09-21,47944,2025092101015463,PRVU,Kohinoor Investment & Securities Pvt. Ltd.,Naasa Securities Co. Ltd.,38,204.0,7752.0,2025-09-21 12:39:39.895397
2025-09-21,47943,2025092101015464,PRVU,Capital Max Securities Ltd,Naasa Securities Co. Ltd.,86,204.0,17544.0,2025-09-21 12:39:39.895488
2025-09-21,47915,2025092101015474,PRVU,Capital Max Securities Ltd,Kohinoor Investment & Securities Pvt. Ltd.,100,204.0,20400.0,2025-09-21 12:39:41.632875
2025-09-21,47221,2025092101015669,PRVU,Kohinoor Investment & Securities Pvt. Ltd.,South Asian Bulls Pvt. Ltd.,192,204.5,39264.0,2025-09-21 12:41:09.445510
2025-09-21,47057,2025092101015727,PRVU,Online Securities Pvt. Ltd.,Primo Securities (PVT) Ltd.,45,204.5,9202.5,2025-09-21 12:41:28.019979
2025-09-21,47056,2025092101015728,PRVU,Online Securities Pvt. Ltd.,Neev Securities Pvt. Ltd.,50,204.5,10225.0,2025-09-21 12:41:28.020426
2025-09-21,46918,2025092101015764,PRVU,Online Securities Pvt. Ltd.,Neev Securities Pvt. Ltd.,15,204.5,3067.5,2025-09-21 12:41:46.339680
2025-09-21,46807,2025092101015778,PRVU,Sundhara Securities Limited,Neev Securities Pvt. Ltd.,35,204.5,7157.5,2025-09-21 12:42:03.465819
2025-09-21,46806,2025092101015779,PRVU,Sundhara Securities Limited,Trishakti Securities Public Limited,100,204.9,20490.0,2025-09-21 12:42:03.466044
2025-09-21,46805,2025092101015780,PRVU,Sundhara Securities Limited,Sani Securities Company Ltd.,71,204.9,14547.9,2025-09-21 12:42:03.466141
2025-09-21,46804,2025092101015781,PRVU,Sundhara Securities Limited,Creative Securities Pvt Ltd,794,204.9,162690.6,2025-09-21 12:42:03.466230
2025-09-21,46648,2025092101015816,PRVU,Midas Stock Broking Company Private Limited,Naasa Securities Co. Ltd.,10,204.1,2041.0,2025-09-21 12:42:23.734925
2025-09-21,46188,2025092101015979,PRVU,Linch Stock Market Ltd.,Creative Securities Pvt Ltd,100,204.9,20490.0,2025-09-21 12:43:23.559143
2025-09-21,45728,2025092101016084,PRVU,Midas Stock Broking Company Private Limited,Neev Securities Pvt. Ltd.,50,204.1,10205.0,2025-09-21 12:44:36.092032
2025-09-21,45017,2025092101016212,PRVU,Capital Max Securities Ltd,Naasa Securities Co. Ltd.,1000,204.0,204000.0,2025-09-21 12:46:30.203938
2025-09-21,44819,2025092101016252,PRVU,Global IME Securities Limited,Kumari Securities Private Limited,100,204.8,20480.0,2025-09-21 12:46:55.170537
2025-09-21,44721,2025092101016279,PRVU,Imperial Securities Company Pvt. Ltd.,Kumari Securities Private Limited,35,204.8,7168.0,2025-09-21 12:47:05.969802
2025-09-21,44606,2025092101016304,PRVU,Capital Max Securities Ltd,Sweta Securities Private Limited,240,204.0,48960.0,2025-09-21 12:47:26.895832
2025-09-21,44413,2025092101016332,PRVU,Sani Securities Company Ltd.,Kumari Securities Private Limited,265,204.8,54272.0,2025-09-21 12:47:56.692992
2025-09-21,44072,2025092101016408,PRVU,Sani Securities Company Ltd.,Neev Securities Pvt. Ltd.,203,204.8,41574.4,2025-09-21 12:48:43.102874
2025-09-21,43923,2025092101016436,PRVU,Opal Securities Investment (PVT) Ltd.,Creative Securities Pvt Ltd,150,204.9,30735.0,2025-09-21 12:49:05.736204
2025-09-21,43499,2025092101016514,PRVU,Nepal Investment And Securities Trading Private Limited,Creative Securities Pvt Ltd,100,204.9,20490.0,2025-09-21 12:50:04.930288
2025-09-21,43412,2025092101016547,PRVU,Siprabi Securities Pvt. Ltd.,Creative Securities Pvt Ltd,15,204.9,3073.5,2025-09-21 12:50:16.317685
2025-09-21,43113,2025092101016608,PRVU,Online Securities Pvt. Ltd.,Creative Securities Pvt Ltd,100,204.9,20490.0,2025-09-21 12:51:05.532577
2025-09-21,42534,2025092101016761,PRVU,Naasa Securities Co. Ltd.,Capital Max Securities Ltd,10,204.6,2046.0,2025-09-21 12:52:11.941972
2025-09-21,42533,2025092101016762,PRVU,Capital Max Securities Ltd,Capital Max Securities Ltd,90,204.0,18360.0,2025-09-21 12:52:11.942243
2025-09-21,42431,2025092101016783,PRVU,R.B.B. Securities Company Ltd,Creative Securities Pvt Ltd,741,204.9,151830.9,2025-09-21 12:52:25.964222
2025-09-21,42430,2025092101016784,PRVU,R.B.B. Securities Company Ltd,Sundhara Securities Limited,10,205.0,2050.0,2025-09-21 12:52:25.964292
2025-09-21,42429,2025092101016785,PRVU,R.B.B. Securities Company Ltd,Vision Securities Pvt. Ltd,500,205.0,102500.0,2025-09-21 12:52:25.964326
2025-09-21,42428,2025092101016786,PRVU,R.B.B. Securities Company Ltd,Siprabi Securities Pvt. Ltd.,50,205.0,10250.0,2025-09-21 12:52:25.964348
2025-09-21,42427,2025092101016787,PRVU,R.B.B. Securities Company Ltd,Citizens Share Broker Limited,10,205.0,2050.0,2025-09-21 12:52:25.964370
2025-09-21,42426,2025092101016788,PRVU,R.B.B. Securities Company Ltd,Vision Securities Pvt. Ltd,100,205.0,20500.0,2025-09-21 12:52:25.964390
2025-09-21,42425,2025092101016789,PRVU,R.B.B. Securities Company Ltd,Oxford Securities Pvt. Ltd.,100,205.0,20500.0,2025-09-21 12:52:25.964412
2025-09-21,42424,2025092101016790,PRVU,R.B.B. Securities Company Ltd,Thrive Brokerage House Pvt. Ltd,40,205.0,8200.0,2025-09-21 12:52:25.964434
2025-09-21,42423,2025092101016791,PRVU,R.B.B. Securities Company Ltd,Siprabi Securities Pvt. Ltd.,100,205.0,20500.0,2025-09-21 12:52:25.964457
2025-09-21,42422,2025092101016792,PRVU,R.B.B. Securities Company Ltd,Sundhara Securities Limited,50,205.0,10250.0,2025-09-21 12:52:25.964532
2025-09-21,42421,2025092101016793,PRVU,R.B.B. Securities Company Ltd,Vision Securities Pvt. Ltd,48,205.0,9840.0,2025-09-21 12:52:25.964573
2025-09-21,42420,2025092101016794,PRVU,R.B.B. Securities Company Ltd,Kohinoor Investment & Securities Pvt. Ltd.,100,205.0,20500.0,2025-09-21 12:52:25.964591
2025-09-21,42419,2025092101016795,PRVU,R.B.B. Securities Company Ltd,Cristal Kanchanjanga Securites Pvt. Ltd.,151,205.0,30955.0,2025-09-21 12:52:25.964612
2025-09-21,42025,2025092101016889,PRVU,Nepal Stock House (PVT) Ltd.,Agrawal Securities (PVT) Ltd.,510,204.9,104499.0,2025-09-21 12:53:16.581461
2025-09-21,42013,2025092101016894,PRVU,Nepal Investment And Securities Trading Private Limited,Cristal Kanchanjanga Securites Pvt. Ltd.,50,205.0,10250.0,2025-09-21 12:53:18.834458
2025-09-21,41824,2025092101016947,PRVU,Sewa Securities Pvt. Ltd.,Cristal Kanchanjanga Securites Pvt. Ltd.,299,205.0,61295.0,2025-09-21 12:53:46.603613
2025-09-21,41823,2025092101016948,PRVU,Sewa Securities Pvt. Ltd.,Dakshinkali Investment & Securities Pvt. Ltd.,36,205.0,7380.0,2025-09-21 12:53:46.603816
2025-09-21,41667,2025092101017041,PRVU,Dipshikha Dhitopatra Karobar Co. Pvt Ltd.,Dakshinkali Investment & Securities Pvt. Ltd.,14,205.0,2870.0,2025-09-21 12:54:02.936356
2025-09-21,41666,2025092101017042,PRVU,Dipshikha Dhitopatra Karobar Co. Pvt Ltd.,Bhrikuti Stock Broking Co. Pvt. Ltd.,26,205.0,5330.0,2025-09-21 12:54:02.936605
2025-09-21,41223,2025092101017168,PRVU,Nepal Stock House (PVT) Ltd.,ABC Securities Private Limited,800,204.9,163920.0,2025-09-21 12:55:07.706351
2025-09-21,41217,2025092101017171,PRVU,Himalayan Brokerage Company Limited,Bhrikuti Stock Broking Co. Pvt. Ltd.,19,205.0,3895.0,2025-09-21 12:55:08.701291
2025-09-21,41216,2025092101017172,PRVU,Himalayan Brokerage Company Limited,Linch Stock Market Ltd.,75,205.0,15375.0,2025-09-21 12:55:08.701701
2025-09-21,41215,2025092101017173,PRVU,Himalayan Brokerage Company Limited,Online Securities Pvt. Ltd.,500,205.0,102500.0,2025-09-21 12:55:08.701958
2025-09-21,41214,2025092101017174,PRVU,Himalayan Brokerage Company Limited,Nepal Stock House (PVT) Ltd.,40,205.0,8200.0,2025-09-21 12:55:08.702242
2025-09-21,40053,2025092101017454,PRVU,Himalayan Brokerage Company Limited,Sundhara Securities Limited,366,205.0,75030.0,2025-09-21 12:57:57.486826
2025-09-21,40052,2025092101017455,PRVU,Dipshikha Dhitopatra Karobar Co. Pvt Ltd.,Sundhara Securities Limited,60,205.0,12300.0,2025-09-21 12:57:57.487292
2025-09-21,40051,2025092101017456,PRVU,Vision Securities Pvt. Ltd,Sundhara Securities Limited,1000,205.0,205000.0,2025-09-21 12:57:57.487586
2025-09-21,40050,2025092101017457,PRVU,Trisul Securities & Invt. Ltd.,Sundhara Securities Limited,74,205.0,15170.0,2025-09-21 12:57:57.487903
2025-09-21,39747,2025092101017531,PRVU,Kohinoor Investment & Securities Pvt. Ltd.,Dynamic Money Managers Securities Pvt. Ltd.,3,204.5,613.5,2025-09-21 12:58:40.940376
2025-09-21,39671,2025092101017563,PRVU,Sani Securities Company Ltd.,Online Securities Pvt. Ltd.,25,205.8,5145.0,2025-09-21 12:58:48.677723
2025-09-21,39666,2025092101017564,PRVU,Investment Management Nepal Pvt. Ltd.,Sundhara Securities Limited,500,205.1,102550.0,2025-09-21 12:58:49.446546
2025-09-21,39578,2025092101017585,PRVU,Trisul Securities & Invt. Ltd.,Neev Securities Pvt. Ltd.,16,205.0,3280.0,2025-09-21 12:59:05.369267
2025-09-21,39577,2025092101017586,PRVU,Vision Securities Pvt. Ltd,Neev Securities Pvt. Ltd.,100,205.0,20500.0,2025-09-21 12:59:05.369484
2025-09-21,39576,2025092101017587,PRVU,Secured Securities Ltd.,Neev Securities Pvt. Ltd.,40,205.0,8200.0,2025-09-21 12:59:05.369610
2025-09-21,39364,2025092101017621,PRVU,Nepal Stock House (PVT) Ltd.,Vision Securities Pvt. Ltd,690,204.9,141381.0,2025-09-21 12:59:42.654150
2025-09-21,39016,2025092101017688,PRVU,ABC Securities Private Limited,Asian Securities Private Ltd.,100,204.5,20450.0,2025-09-21 13:00:24.497415
2025-09-21,38920,2025092101017708,PRVU,Dipshikha Dhitopatra Karobar Co. Pvt Ltd.,Vision Securities Pvt. Ltd,100,204.9,20490.0,2025-09-21 13:00:40.853907
2025-09-21,38858,2025092101017719,PRVU,SUN SECURITIES PVT LTD,Neev Securities Pvt. Ltd.,141,204.5,28834.5,2025-09-21 13:00:51.463763
2025-09-21,37852,2025092101017972,PRVU,SUN SECURITIES PVT LTD,Aryatara Investment & Securities,12,204.5,2454.0,2025-09-21 13:03:20.107081
2025-09-21,37782,2025092101017992,PRVU,Sweta Securities Private Limited,Vision Securities Pvt. Ltd,209,204.9,42824.1,2025-09-21 13:03:30.614379
2025-09-21,37527,2025092101018040,PRVU,Aryatara Investment & Securities,Sewa Securities Pvt. Ltd.,37,205.0,7585.0,2025-09-21 13:04:04.369820
2025-09-21,37526,2025092101018041,PRVU,Aryatara Investment & Securities,Dipshikha Dhitopatra Karobar Co. Pvt Ltd.,108,205.0,22140.0,2025-09-21 13:04:04.370087
2025-09-21,37348,2025092101018108,PRVU,Naasa Securities Co. Ltd.,Dipshikha Dhitopatra Karobar Co. Pvt Ltd.,227,205.0,46535.0,2025-09-21 13:04:27.753359
2025-09-21,37347,2025092101018109,PRVU,Naasa Securities Co. Ltd.,Bhrikuti Stock Broking Co. Pvt. Ltd.,92,205.0,18860.0,2025-09-21 13:04:27.753581
2025-09-21,37328,2025092101018111,PRVU,Naasa Securities Co. Ltd.,Dakshinkali Investment & Securities Pvt. Ltd.,166,205.0,34030.0,2025-09-21 13:04:30.387994
2025-09-21,36585,2025092101018272,PRVU,Vision Securities Pvt. Ltd,Dakshinkali Investment & Securities Pvt. Ltd.,100,205.0,20500.0,2025-09-21 13:06:16.270854
2025-09-21,36193,2025092101018372,PRVU,Trishakti Securities Public Limited,Dakshinkali Investment & Securities Pvt. Ltd.,100,205.0,20500.0,2025-09-21 13:07:10.597935
2025-09-21,36160,2025092101018380,PRVU,SUN SECURITIES PVT LTD,Secured Securities Ltd.,93,204.6,19027.8,2025-09-21 13:07:14.450931
2025-09-21,36159,2025092101018381,PRVU,Imperial Securities Company Pvt. Ltd.,Secured Securities Ltd.,30,204.6,6138.0,2025-09-21 13:07:14.451399
2025-09-21,36158,2025092101018382,PRVU,Linch Stock Market Ltd.,Secured Securities Ltd.,777,204.6,158974.2,2025-09-21 13:07:14.451663
2025-09-21,36077,2025092101018409,PRVU,Dipshikha Dhitopatra Karobar Co. Pvt Ltd.,Dakshinkali Investment & Securities Pvt. Ltd.,134,205.0,27470.0,2025-09-21 13:07:27.666668
2025-09-21,35539,2025092101018529,PRVU,Sani Securities Company Ltd.,Imperial Securities Company Pvt. Ltd.,4,202.0,808.0,2025-09-21 13:08:38.256130
2025-09-21,35287,2025092101018581,PRVU,Sani Securities Company Ltd.,Naasa Securities Co. Ltd.,1,200.9,200.9,2025-09-21 13:09:05.353314
2025-09-21,35161,2025092101018610,PRVU,Dipshikha Dhitopatra Karobar Co. Pvt Ltd.,Online Securities Pvt. Ltd.,166,205.0,34030.0,2025-09-21 13:09:22.094033
2025-09-21,35160,2025092101018611,PRVU,Agrawal Securities (PVT) Ltd.,Online Securities Pvt. Ltd.,200,205.0,41000.0,2025-09-21 13:09:22.094251
2025-09-21,35159,2025092101018612,PRVU,Creative Securities Pvt Ltd,Online Securities Pvt. Ltd.,50,205.0,10250.0,2025-09-21 13:09:22.094344
2025-09-21,34875,2025092101018697,PRVU,S.P.S.A. Securities Limited,Online Securities Pvt. Ltd.,19,205.0,3895.0,2025-09-21 13:10:03.162840
2025-09-21,34861,2025092101018698,PRVU,Linch Stock Market Ltd.,Bhrikuti Stock Broking Co. Pvt. Ltd.,223,204.6,45625.8,2025-09-21 13:10:04.988867
2025-09-21,34860,2025092101018699,PRVU,SUN SECURITIES PVT LTD,Bhrikuti Stock Broking Co. Pvt. Ltd.,77,204.5,15746.5,2025-09-21 13:10:04.988988
2025-09-21,34791,2025092101018717,PRVU,Agrawal Securities (PVT) Ltd.,Online Securities Pvt. Ltd.,65,205.0,13325.0,2025-09-21 13:10:16.115029
2025-09-21,34790,2025092101018718,PRVU,Agrawal Securities (PVT) Ltd.,Arun Securities (PVT) Ltd.,135,205.0,27675.0,2025-09-21 13:10:16.115296
2025-09-21,34748,2025092101018734,PRVU,Naasa Securities Co. Ltd.,Arun Securities (PVT) Ltd.,200,205.0,41000.0,2025-09-21 13:10:22.039297
2025-09-21,34505,2025092101018815,PRVU,Secured Securities Ltd.,Arun Securities (PVT) Ltd.,81,205.0,16605.0,2025-09-21 13:10:49.402528
2025-09-21,34257,2025092101018852,PRVU,Secured Securities Ltd.,Secured Securities Ltd.,110,205.0,22550.0,2025-09-21 13:11:09.403790
2025-09-21,33959,2025092101018939,PRVU,Secured Securities Ltd.,Investment Management Nepal Pvt. Ltd.,500,205.0,102500.0,2025-09-21 13:11:28.912803
2025-09-21,33903,2025092101018970,PRVU,Secured Securities Ltd.,Capital Max Securities Ltd,100,205.0,20500.0,2025-09-21 13:11:31.813466
2025-09-21,33516,2025092101019036,PRVU,Secured Securities Ltd.,Sani Securities Company Ltd.,100,205.0,20500.0,2025-09-21 13:12:07.181380
2025-09-21,33500,2025092101019039,PRVU,Kumari Securities Private Limited,Imperial Securities Company Pvt. Ltd.,300,205.1,61530.0,2025-09-21 13:12:09.991453
2025-09-21,33499,2025092101019040,PRVU,Secured Securities Ltd.,Imperial Securities Company Pvt. Ltd.,109,205.0,22345.0,2025-09-21 13:12:09.991688
2025-09-21,33297,2025092101019095,PRVU,SUN SECURITIES PVT LTD,Swarna Laxmi Securities Pvt. Ltd.,118,204.5,24131.0,2025-09-21 13:12:29.410470
2025-09-21,32462,2025092101019271,PRVU,SUN SECURITIES PVT LTD,Imperial Securities Company Pvt. Ltd.,152,204.5,31084.0,2025-09-21 13:13:32.900064
2025-09-21,32461,2025092101019272,PRVU,Linch Stock Market Ltd.,Imperial Securities Company Pvt. Ltd.,100,204.5,20450.0,2025-09-21 13:13:32.900180
2025-09-21,32460,2025092101019273,PRVU,ABC Securities Private Limited,Imperial Securities Company Pvt. Ltd.,100,204.5,20450.0,2025-09-21 13:13:32.900208
2025-09-21,32459,2025092101019274,PRVU,Sipla Securities Private Limited,Imperial Securities Company Pvt. Ltd.,10,204.5,2045.0,2025-09-21 13:13:32.900234
2025-09-21,32458,2025092101019275,PRVU,Sri Hari Securities Pvt. Ltd.,Imperial Securities Company Pvt. Ltd.,500,204.1,102050.0,2025-09-21 13:13:32.900260
2025-09-21,32457,2025092101019276,PRVU,Linch Stock Market Ltd.,Imperial Securities Company Pvt. Ltd.,10,204.0,2040.0,2025-09-21 13:13:32.900289
2025-09-21,32456,2025092101019277,PRVU,Sani Securities Company Ltd.,Imperial Securities Company Pvt. Ltd.,10,204.0,2040.0,2025-09-21 13:13:32.900316
2025-09-21,32455,2025092101019278,PRVU,Nabil Stock Dealer Ltd.,Imperial Securities Company Pvt. Ltd.,118,204.0,24072.0,2025-09-21 13:13:32.900357
2025-09-21,32182,2025092101019331,PRVU,Nabil Stock Dealer Ltd.,Vision Securities Pvt. Ltd,367,204.0,74868.0,2025-09-21 13:13:55.010864
2025-09-21,32181,2025092101019332,PRVU,Primo Securities (PVT) Ltd.,Vision Securities Pvt. Ltd,100,204.0,20400.0,2025-09-21 13:13:55.011152
2025-09-21,32180,2025092101019333,PRVU,Sumeru Securities Pvt. Ltd.,Vision Securities Pvt. Ltd,100,204.0,20400.0,2025-09-21 13:13:55.011244
2025-09-21,32179,2025092101019334,PRVU,Vision Securities Pvt. Ltd,Vision Securities Pvt. Ltd,20,204.0,4080.0,2025-09-21 13:13:55.011335
2025-09-21,32074,2025092101019347,PRVU,Malla & Malla Stock Broking Company Pvt. Limited,Vision Securities Pvt. Ltd,100,204.0,20400.0,2025-09-21 13:14:03.131914
2025-09-21,31897,2025092101019379,PRVU,Dipshikha Dhitopatra Karobar Co. Pvt Ltd.,Vision Securities Pvt. Ltd,113,204.0,23052.0,2025-09-21 13:14:17.220896
2025-09-21,31858,2025092101019388,PRVU,Sani Securities Company Ltd.,Siprabi Securities Pvt. Ltd.,9,200.0,1800.0,2025-09-21 13:14:21.229404
2025-09-21,31496,2025092101019451,PRVU,Sri Hari Securities Pvt. Ltd.,Naasa Securities Co. Ltd.,150,204.9,30735.0,2025-09-21 13:14:50.900126
2025-09-21,31110,2025092101019515,PRVU,Nepal Stock House (PVT) Ltd.,Naasa Securities Co. Ltd.,850,204.9,174165.0,2025-09-21 13:15:23.647953
2025-09-21,30796,2025092101019596,PRVU,Nepal Stock House (PVT) Ltd.,Nepal Investment And Securities Trading Private Limited,100,204.9,20490.0,2025-09-21 13:15:48.247083
2025-09-21,30343,2025092101019736,PRVU,Nepal Stock House (PVT) Ltd.,Nepal Investment And Securities Trading Private Limited,50,204.9,10245.0,2025-09-21 13:16:29.107789
2025-09-21,30341,2025092101019737,PRVU,Dipshikha Dhitopatra Karobar Co. Pvt Ltd.,Naasa Securities Co. Ltd.,50,204.6,10230.0,2025-09-21 13:16:29.391092
2025-09-21,30109,2025092101019790,PRVU,Shree Krishna Securities Ltd.,Secured Securities Ltd.,50,204.9,10245.0,2025-09-21 13:16:47.938353
2025-09-21,29627,2025092101019907,PRVU,Shree Krishna Securities Ltd.,Agrawal Securities (PVT) Ltd.,500,204.9,102450.0,2025-09-21 13:17:36.487078
2025-09-21,29528,2025092101019935,PRVU,Sani Securities Company Ltd.,Imperial Securities Company Pvt. Ltd.,10,205.0,2050.0,2025-09-21 13:17:46.856615
2025-09-21,29435,2025092101019979,PRVU,Naasa Securities Co. Ltd.,Imperial Securities Company Pvt. Ltd.,171,205.0,35055.0,2025-09-21 13:17:51.700361
2025-09-21,29434,2025092101019980,PRVU,Naasa Securities Co. Ltd.,Capital Max Securities Ltd,19,205.0,3895.0,2025-09-21 13:17:51.700600
2025-09-21,29263,2025092101020026,PRVU,Shree Krishna Securities Ltd.,Kohinoor Investment & Securities Pvt. Ltd.,200,204.9,40980.0,2025-09-21 13:18:11.975325
2025-09-21,28971,2025092101020132,PRVU,Online Securities Pvt. Ltd.,Capital Max Securities Ltd,10,205.0,2050.0,2025-09-21 13:18:43.580563
2025-09-21,28946,2025092101020138,PRVU,Shree Krishna Securities Ltd.,Sani Securities Company Ltd.,200,204.9,40980.0,2025-09-21 13:18:48.561034
2025-09-21,28885,2025092101020149,PRVU,Shree Krishna Securities Ltd.,Naasa Securities Co. Ltd.,100,204.9,20490.0,2025-09-21 13:18:58.481520
2025-09-21,28880,2025092101020152,PRVU,Shree Krishna Securities Ltd.,Kumari Securities Private Limited,400,204.9,81960.0,2025-09-21 13:18:59.523826
2025-09-21,28808,2025092101020164,PRVU,Shree Krishna Securities Ltd.,Sani Securities Company Ltd.,400,204.9,81960.0,2025-09-21 13:19:06.302223
2025-09-21,28798,2025092101020167,PRVU,Shree Krishna Securities Ltd.,Dynamic Money Managers Securities Pvt. Ltd.,150,204.9,30735.0,2025-09-21 13:19:07.651756
2025-09-21,28797,2025092101020168,PRVU,Online Securities Pvt. Ltd.,Dynamic Money Managers Securities Pvt. Ltd.,200,204.9,40980.0,2025-09-21 13:19:07.651961
2025-09-21,28796,2025092101020169,PRVU,Dipshikha Dhitopatra Karobar Co. Pvt Ltd.,Dynamic Money Managers Securities Pvt. Ltd.,1470,204.6,300762.0,2025-09-21 13:19:07.652064
2025-09-21,28795,2025092101020170,PRVU,Dipshikha Dhitopatra Karobar Co. Pvt Ltd.,Dynamic Money Managers Securities Pvt. Ltd.,180,204.6,36828.0,2025-09-21 13:19:07.652154
2025-09-21,28685,2025092101020195,PRVU,Dipshikha Dhitopatra Karobar Co. Pvt Ltd.,ABC Securities Private Limited,820,204.6,167772.0,2025-09-21 13:19:22.580446
2025-09-21,28684,2025092101020196,PRVU,Naasa Securities Co. Ltd.,ABC Securities Private Limited,10,204.1,2041.0,2025-09-21 13:19:22.580570
2025-09-21,28683,2025092101020197,PRVU,Dipshikha Dhitopatra Karobar Co. Pvt Ltd.,ABC Securities Private Limited,387,204.0,78948.0,2025-09-21 13:19:22.580649
2025-09-21,28682,2025092101020198,PRVU,Shree Krishna Securities Ltd.,ABC Securities Private Limited,1783,204.0,363732.0,2025-09-21 13:19:22.580720
2025-09-21,28437,2025092101020250,PRVU,Shree Krishna Securities Ltd.,Imperial Securities Company Pvt. Ltd.,100,204.0,20400.0,2025-09-21 13:19:50.419961
2025-09-21,28360,2025092101020272,PRVU,Shree Krishna Securities Ltd.,Dipshikha Dhitopatra Karobar Co. Pvt Ltd.,50,204.0,10200.0,2025-09-21 13:19:58.688194
2025-09-21,28330,2025092101020281,PRVU,Nepal Stock House (PVT) Ltd.,Arun Securities (PVT) Ltd.,300,204.9,61470.0,2025-09-21 13:20:03.157248
2025-09-21,28043,2025092101020347,PRVU,Shree Krishna Securities Ltd.,Deevyaa Securities & Stock House Pvt. Ltd,31,204.0,6324.0,2025-09-21 13:20:46.561813
2025-09-21,27860,2025092101020403,PRVU,Shree Krishna Securities Ltd.,Linch Stock Market Ltd.,36,204.0,7344.0,2025-09-21 13:21:18.394445
2025-09-21,27683,2025092101020449,PRVU,Nagarik Stock Dealer ,Naasa Securities Co. Ltd.,10,203.0,2030.0,2025-09-21 13:21:50.816655
2025-09-21,27628,2025092101020460,PRVU,Nagarik Stock Dealer ,Bhrikuti Stock Broking Co. Pvt. Ltd.,282,203.0,57246.0,2025-09-21 13:22:00.321246
2025-09-21,27625,2025092101020461,PRVU,Nagarik Stock Dealer ,Sri Hari Securities Pvt. Ltd.,500,203.0,101500.0,2025-09-21 13:22:01.449420
2025-09-21,27622,2025092101020463,PRVU,Nagarik Stock Dealer ,Imperial Securities Company Pvt. Ltd.,43,203.0,8729.0,2025-09-21 13:22:03.035952
2025-09-21,27620,2025092101020464,PRVU,Siprabi Securities Pvt. Ltd.,Sri Hari Securities Pvt. Ltd.,50,203.0,10150.0,2025-09-21 13:22:03.479075
2025-09-21,27619,2025092101020465,PRVU,Sundhara Securities Limited,Sri Hari Securities Pvt. Ltd.,69,203.0,14007.0,2025-09-21 13:22:03.479509
2025-09-21,27328,2025092101020529,PRVU,Sundhara Securities Limited,Deevyaa Securities & Stock House Pvt. Ltd,31,203.0,6293.0,2025-09-21 13:23:01.543308
2025-09-21,27284,2025092101020536,PRVU,Sri Hari Securities Pvt. Ltd.,Naasa Securities Co. Ltd.,40,203.0,8120.0,2025-09-21 13:23:05.432529
2025-09-21,27283,2025092101020537,PRVU,Ashutosh Brokerage & Securities (PVT) Ltd.,Naasa Securities Co. Ltd.,160,203.0,32480.0,2025-09-21 13:23:05.433021
2025-09-21,27118,2025092101020579,PRVU,Imperial Securities Company Pvt. Ltd.,Linch Stock Market Ltd.,164,204.0,33456.0,2025-09-21 13:23:45.235964
2025-09-21,26677,2025092101020697,PRVU,Imperial Securities Company Pvt. Ltd.,Secured Securities Ltd.,50,204.8,10240.0,2025-09-21 13:25:13.965259
2025-09-21,26614,2025092101020709,PRVU,Imperial Securities Company Pvt. Ltd.,Naasa Securities Co. Ltd.,50,204.8,10240.0,2025-09-21 13:25:36.897951
2025-09-21,26325,2025092101020766,PRVU,Imperial Securities Company Pvt. Ltd.,Arun Securities (PVT) Ltd.,79,204.9,16187.1,2025-09-21 13:26:39.175428
2025-09-21,25670,2025092101020917,PRVU,Vision Securities Pvt. Ltd,Vision Securities Pvt. Ltd,2000,204.5,409000.0,2025-09-21 13:29:07.816354
2025-09-21,25640,2025092101020925,PRVU,Vision Securities Pvt. Ltd,Vision Securities Pvt. Ltd,500,204.5,102250.0,2025-09-21 13:29:15.900733
2025-09-21,25484,2025092101020955,PRVU,Cristal Kanchanjanga Securites Pvt. Ltd.,Sani Securities Company Ltd.,126,204.0,25704.0,2025-09-21 13:30:06.736481
2025-09-21,24233,2025092101021249,PRVU,Cristal Kanchanjanga Securites Pvt. Ltd.,Premier Securities Company Ltd.,50,203.6,10180.0,2025-09-21 13:36:13.045400
2025-09-21,24175,2025092101021266,PRVU,Cristal Kanchanjanga Securites Pvt. Ltd.,Premier Securities Company Ltd.,50,203.6,10180.0,2025-09-21 13:36:24.971439
2025-09-21,24002,2025092101021306,PRVU,Creative Securities Pvt Ltd,Online Securities Pvt. Ltd.,140,204.0,28560.0,2025-09-21 13:37:07.670298
2025-09-21,24001,2025092101021307,PRVU,Creative Securities Pvt Ltd,Asian Securities Private Ltd.,279,204.0,56916.0,2025-09-21 13:37:07.670560
2025-09-21,23973,2025092101021315,PRVU,Creative Securities Pvt Ltd,Asian Securities Private Ltd.,160,204.0,32640.0,2025-09-21 13:37:18.174037
2025-09-21,23850,2025092101021342,PRVU,Creative Securities Pvt Ltd,SUN SECURITIES PVT LTD,421,204.0,85884.0,2025-09-21 13:37:57.324227
2025-09-21,23849,2025092101021343,PRVU,Vision Securities Pvt. Ltd,SUN SECURITIES PVT LTD,125,204.0,25500.0,2025-09-21 13:37:57.324464
2025-09-21,23848,2025092101021344,PRVU,Sani Securities Company Ltd.,SUN SECURITIES PVT LTD,100,204.0,20400.0,2025-09-21 13:37:57.324563
2025-09-21,23734,2025092101021371,PRVU,Sani Securities Company Ltd.,SUN SECURITIES PVT LTD,15,204.0,3060.0,2025-09-21 13:38:26.624988
2025-09-21,23724,2025092101021373,PRVU,Cristal Kanchanjanga Securites Pvt. Ltd.,SUN SECURITIES PVT LTD,874,203.6,177946.4,2025-09-21 13:38:28.767801
2025-09-21,23723,2025092101021374,PRVU,Kumari Securities Private Limited,SUN SECURITIES PVT LTD,126,203.6,25653.6,2025-09-21 13:38:28.768280
2025-09-21,23413,2025092101021456,PRVU,Vision Securities Pvt. Ltd,SUN SECURITIES PVT LTD,200,204.0,40800.0,2025-09-21 13:39:55.980805
2025-09-21,23368,2025092101021468,PRVU,Vision Securities Pvt. Ltd,SUN SECURITIES PVT LTD,200,204.0,40800.0,2025-09-21 13:40:07.024717
2025-09-21,23363,2025092101021472,PRVU,Kumari Securities Private Limited,Nepal Investment And Securities Trading Private Limited,19,203.6,3868.4,2025-09-21 13:40:08.968865
2025-09-21,23093,2025092101021568,PRVU,Kumari Securities Private Limited,Thrive Brokerage House Pvt. Ltd,355,203.6,72278.0,2025-09-21 13:41:21.022645
2025-09-21,22826,2025092101021664,PRVU,Linch Stock Market Ltd.,Thrive Brokerage House Pvt. Ltd,150,203.5,30525.0,2025-09-21 13:42:31.784181
2025-09-21,22817,2025092101021666,PRVU,Dipshikha Dhitopatra Karobar Co. Pvt Ltd.,SUN SECURITIES PVT LTD,500,204.0,102000.0,2025-09-21 13:42:36.116108
2025-09-21,22422,2025092101021785,PRVU,Sani Securities Company Ltd.,SUN SECURITIES PVT LTD,30,204.0,6120.0,2025-09-21 13:44:24.318020
2025-09-21,22254,2025092101021848,PRVU,Ashutosh Brokerage & Securities (PVT) Ltd.,Sewa Securities Pvt. Ltd.,27,203.0,5481.0,2025-09-21 13:45:18.559255
2025-09-21,21862,2025092101021948,PRVU,Vision Securities Pvt. Ltd,SUN SECURITIES PVT LTD,14,204.0,2856.0,2025-09-21 13:47:16.170916
2025-09-21,21632,2025092101022006,PRVU,Kumari Securities Private Limited,Thrive Brokerage House Pvt. Ltd,200,203.5,40700.0,2025-09-21 13:48:17.413483
2025-09-21,21631,2025092101022007,PRVU,Kumari Securities Private Limited,SUN SECURITIES PVT LTD,395,204.0,80580.0,2025-09-21 13:48:17.413740
2025-09-21,21630,2025092101022008,PRVU,Kumari Securities Private Limited,Secured Securities Ltd.,305,204.0,62220.0,2025-09-21 13:48:17.413847
2025-09-21,21431,2025092101022068,PRVU,BHOLE GANESH SECURITIES LTD,Secured Securities Ltd.,195,204.0,39780.0,2025-09-21 13:49:26.342122
2025-09-21,21430,2025092101022069,PRVU,BHOLE GANESH SECURITIES LTD,Vision Securities Pvt. Ltd,5,204.0,1020.0,2025-09-21 13:49:26.342391
2025-09-21,21365,2025092101022089,PRVU,Kohinoor Investment & Securities Pvt. Ltd.,Deevyaa Securities & Stock House Pvt. Ltd,20,204.0,4080.0,2025-09-21 13:49:53.624185
2025-09-21,21093,2025092101022175,PRVU,Kohinoor Investment & Securities Pvt. Ltd.,ABC Securities Private Limited,130,204.0,26520.0,2025-09-21 13:51:21.612363
2025-09-21,20747,2025092101022284,PRVU,Online Securities Pvt. Ltd.,ABC Securities Private Limited,50,204.0,10200.0,2025-09-21 13:53:05.812221
2025-09-21,20541,2025092101022349,PRVU,Dipshikha Dhitopatra Karobar Co. Pvt Ltd.,ABC Securities Private Limited,48,204.0,9792.0,2025-09-21 13:53:48.536451
2025-09-21,20119,2025092101022477,PRVU,Arun Securities (PVT) Ltd.,ABC Securities Private Limited,245,204.0,49980.0,2025-09-21 13:55:57.950605
2025-09-21,20108,2025092101022478,PRVU,Aryatara Investment & Securities,ABC Securities Private Limited,70,204.0,14280.0,2025-09-21 13:55:59.504095
2025-09-21,20063,2025092101022492,PRVU,Aryatara Investment & Securities,ABC Securities Private Limited,457,204.0,93228.0,2025-09-21 13:56:10.938617
2025-09-21,19453,2025092101022673,PRVU,Nepal Stock House (PVT) Ltd.,Sani Securities Company Ltd.,50,204.7,10235.0,2025-09-21 13:58:47.184166
2025-09-21,19220,2025092101022747,PRVU,Aryatara Investment & Securities,ABC Securities Private Limited,43,204.0,8772.0,2025-09-21 13:59:59.836942
2025-09-21,19219,2025092101022748,PRVU,Premier Securities Company Ltd.,ABC Securities Private Limited,500,204.0,102000.0,2025-09-21 13:59:59.837238
2025-09-21,19147,2025092101022760,PRVU,Imperial Securities Company Pvt. Ltd.,ABC Securities Private Limited,100,204.0,20400.0,2025-09-21 14:00:31.774537
2025-09-21,19054,2025092101022783,PRVU,Premier Securities Company Ltd.,ABC Securities Private Limited,200,204.0,40800.0,2025-09-21 14:00:54.074253
2025-09-21,18997,2025092101022799,PRVU,Sani Securities Company Ltd.,ABC Securities Private Limited,157,204.0,32028.0,2025-09-21 14:01:17.028964
2025-09-21,18996,2025092101022800,PRVU,Sani Securities Company Ltd.,Sani Securities Company Ltd.,50,204.7,10235.0,2025-09-21 14:01:17.029254
