contractId,stockSymbol,buyerMemberId,sellerMemberId,quantity,rate,amount,businessDate,tradeBookId,stockId,buyerBrokerName,sellerBrokerName,transaction_time,securityName
2026041701002577,ADBL,58,62,15,322.0,4830.0,2026-04-17,186763578,397,Naasa Securities Co. Ltd.,Capital Max Securities Ltd,2026-04-17 11:11:57.616284,Agricultural Development Bank Limited
2026041701003243,ADBL,58,62,10,319.0,3190.0,2026-04-17,186765998,397,Naasa Securities Co. Ltd.,Capital Max Securities Ltd,2026-04-17 11:15:25.704440,Agricultural Development Bank Limited
2026041701003244,ADBL,53,62,10,319.0,3190.0,2026-04-17,186765999,397,Investment Management Nepal Pvt. Ltd.,Capital Max Securities Ltd,2026-04-17 11:15:25.704500,Agricultural Development Bank Limited
2026041701003674,ADBL,25,35,150,322.0,48300.0,2026-04-17,186767938,397,Sweta Securities Private Limited,Kohinoor Investment & Securities Pvt. Ltd.,2026-04-17 11:17:29.871825,Agricultural Development Bank Limited
2026041701003712,ADBL,53,17,40,319.0,12760.0,2026-04-17,186768032,397,Investment Management Nepal Pvt. Ltd.,ABC Securities Private Limited,2026-04-17 11:17:35.094037,Agricultural Development Bank Limited
2026041701003790,ADBL,58,17,100,318.0,31800.0,2026-04-17,186768408,397,Naasa Securities Co. Ltd.,ABC Securities Private Limited,2026-04-17 11:17:56.778643,Agricultural Development Bank Limited
2026041701005328,ADBL,42,17,100,318.0,31800.0,2026-04-17,186774334,397,Sani Securities Company Ltd.,ABC Securities Private Limited,2026-04-17 11:23:47.454541,Agricultural Development Bank Limited
2026041701005545,ADBL,49,17,30,318.0,9540.0,2026-04-17,186775296,397,Online Securities Pvt. Ltd.,ABC Securities Private Limited,2026-04-17 11:24:40.669803,Agricultural Development Bank Limited
2026041701007244,ADBL,57,17,50,315.1,15755.0,2026-04-17,186781418,397,Aryatara Investment & Securities,ABC Securities Private Limited,2026-04-17 11:31:18.778944,Agricultural Development Bank Limited
2026041701007245,ADBL,58,17,50,315.1,15755.0,2026-04-17,186781420,397,Naasa Securities Co. Ltd.,ABC Securities Private Limited,2026-04-17 11:31:18.779043,Agricultural Development Bank Limited
2026041701007246,ADBL,3,17,100,315.0,31500.0,2026-04-17,186781421,397,Arun Securities (PVT) Ltd.,ABC Securities Private Limited,2026-04-17 11:31:18.779083,Agricultural Development Bank Limited
2026041701007531,ADBL,1,22,17,315.0,5355.0,2026-04-17,186782423,397,Kumari Securities Private Limited,Siprabi Securities Pvt. Ltd.,2026-04-17 11:32:25.900333,Agricultural Development Bank Limited
2026041701007753,ADBL,85,45,600,314.0,188400.0,2026-04-17,186783216,397,Capital Hub P. Ltd,Imperial Securities Company Pvt. Ltd.,2026-04-17 11:33:15.703649,Agricultural Development Bank Limited
2026041701007754,ADBL,1,45,100,313.1,31310.0,2026-04-17,186783217,397,Kumari Securities Private Limited,Imperial Securities Company Pvt. Ltd.,2026-04-17 11:33:15.703799,Agricultural Development Bank Limited
2026041701008486,ADBL,1,68,2,312.1,624.2,2026-04-17,186785593,397,Kumari Securities Private Limited,Elite Stock House Limited,2026-04-17 11:35:46.588082,Agricultural Development Bank Limited
2026041701008640,ADBL,1,22,1,313.0,313.0,2026-04-17,186786191,397,Kumari Securities Private Limited,Siprabi Securities Pvt. Ltd.,2026-04-17 11:36:31.070202,Agricultural Development Bank Limited
2026041701010423,ADBL,58,17,10,318.0,3180.0,2026-04-17,186792364,397,Naasa Securities Co. Ltd.,ABC Securities Private Limited,2026-04-17 11:44:21.786958,Agricultural Development Bank Limited
2026041701011473,ADBL,35,52,17,314.5,5346.5,2026-04-17,186796451,397,Kohinoor Investment & Securities Pvt. Ltd.,Sundhara Securities Limited,2026-04-17 11:49:56.380652,Agricultural Development Bank Limited
2026041701011547,ADBL,58,58,100,315.0,31500.0,2026-04-17,186796752,397,Naasa Securities Co. Ltd.,Naasa Securities Co. Ltd.,2026-04-17 11:50:28.376107,Agricultural Development Bank Limited
2026041701011563,ADBL,58,58,20,315.0,6300.0,2026-04-17,186796864,397,Naasa Securities Co. Ltd.,Naasa Securities Co. Ltd.,2026-04-17 11:50:42.280019,Agricultural Development Bank Limited
2026041701011680,ADBL,58,22,10,314.5,3145.0,2026-04-17,186797378,397,Naasa Securities Co. Ltd.,Siprabi Securities Pvt. Ltd.,2026-04-17 11:51:23.270954,Agricultural Development Bank Limited
2026041701011681,ADBL,21,22,90,314.4,28296.0,2026-04-17,186797379,397,Midas Stock Broking Company Private Limited,Siprabi Securities Pvt. Ltd.,2026-04-17 11:51:23.271053,Agricultural Development Bank Limited
2026041701011835,ADBL,21,57,17,314.4,5344.8,2026-04-17,186798065,397,Midas Stock Broking Company Private Limited,Aryatara Investment & Securities,2026-04-17 11:52:08.842239,Agricultural Development Bank Limited
2026041701011930,ADBL,21,38,30,314.4,9432.0,2026-04-17,186798559,397,Midas Stock Broking Company Private Limited,Dipshikha Dhitopatra Karobar Co. Pvt Ltd.,2026-04-17 11:52:52.239480,Agricultural Development Bank Limited
2026041701012234,ADBL,3,17,100,314.5,31450.0,2026-04-17,186799850,397,Arun Securities (PVT) Ltd.,ABC Securities Private Limited,2026-04-17 11:54:35.630701,Agricultural Development Bank Limited
2026041701012235,ADBL,58,17,100,314.5,31450.0,2026-04-17,186799851,397,Naasa Securities Co. Ltd.,ABC Securities Private Limited,2026-04-17 11:54:35.630897,Agricultural Development Bank Limited
2026041701012296,ADBL,58,17,100,314.5,31450.0,2026-04-17,186800191,397,Naasa Securities Co. Ltd.,ABC Securities Private Limited,2026-04-17 11:55:02.502118,Agricultural Development Bank Limited
2026041701012402,ADBL,21,14,276,314.4,86774.4,2026-04-17,186800656,397,Midas Stock Broking Company Private Limited,Nepal Stock House (PVT) Ltd.,2026-04-17 11:55:42.983995,Agricultural Development Bank Limited
2026041701012403,ADBL,53,14,10,314.4,3144.0,2026-04-17,186800658,397,Investment Management Nepal Pvt. Ltd.,Nepal Stock House (PVT) Ltd.,2026-04-17 11:55:42.984129,Agricultural Development Bank Limited
2026041701012404,ADBL,32,14,500,314.3,157150.0,2026-04-17,186800660,397,Premier Securities Company Ltd.,Nepal Stock House (PVT) Ltd.,2026-04-17 11:55:42.984197,Agricultural Development Bank Limited
2026041701012405,ADBL,58,14,66,314.2,20737.2,2026-04-17,186800662,397,Naasa Securities Co. Ltd.,Nepal Stock House (PVT) Ltd.,2026-04-17 11:55:42.984246,Agricultural Development Bank Limited
2026041701012406,ADBL,53,14,50,314.2,15710.0,2026-04-17,186800664,397,Investment Management Nepal Pvt. Ltd.,Nepal Stock House (PVT) Ltd.,2026-04-17 11:55:42.984319,Agricultural Development Bank Limited
2026041701012407,ADBL,38,14,1598,314.1,501931.8,2026-04-17,186800665,397,Dipshikha Dhitopatra Karobar Co. Pvt Ltd.,Nepal Stock House (PVT) Ltd.,2026-04-17 11:55:42.984360,Agricultural Development Bank Limited
2026041701012423,ADBL,1,47,3,312.0,936.0,2026-04-17,186800737,397,Kumari Securities Private Limited,Neev Securities Pvt. Ltd.,2026-04-17 11:55:52.118256,Agricultural Development Bank Limited
2026041701012448,ADBL,38,14,60,314.1,18846.0,2026-04-17,186800875,397,Dipshikha Dhitopatra Karobar Co. Pvt Ltd.,Nepal Stock House (PVT) Ltd.,2026-04-17 11:56:03.767366,Agricultural Development Bank Limited
2026041701012752,ADBL,85,7,100,314.9,31490.0,2026-04-17,186802320,397,Capital Hub P. Ltd,J.F. Securites (PVT) Ltd.,2026-04-17 11:57:44.307421,Agricultural Development Bank Limited
2026041701012837,ADBL,35,38,3,314.5,943.5,2026-04-17,186802773,397,Kohinoor Investment & Securities Pvt. Ltd.,Dipshikha Dhitopatra Karobar Co. Pvt Ltd.,2026-04-17 11:58:17.628842,Agricultural Development Bank Limited
2026041701012865,ADBL,77,38,2,318.0,636.0,2026-04-17,186802919,397,Nabil Stock Dealer Ltd.,Dipshikha Dhitopatra Karobar Co. Pvt Ltd.,2026-04-17 11:58:26.283797,Agricultural Development Bank Limited
2026041701013371,ADBL,58,7,50,314.3,15715.0,2026-04-17,186805312,397,Naasa Securities Co. Ltd.,J.F. Securites (PVT) Ltd.,2026-04-17 12:01:10.011072,Agricultural Development Bank Limited
2026041701013501,ADBL,1,42,10,314.8,3148.0,2026-04-17,186806070,397,Kumari Securities Private Limited,Sani Securities Company Ltd.,2026-04-17 12:02:05.546634,Agricultural Development Bank Limited
2026041701013608,ADBL,32,42,110,314.8,34628.0,2026-04-17,186806681,397,Premier Securities Company Ltd.,Sani Securities Company Ltd.,2026-04-17 12:02:52.976668,Agricultural Development Bank Limited
2026041701014341,ADBL,41,7,23,314.9,7242.7,2026-04-17,186810334,397,Linch Stock Market Ltd.,J.F. Securites (PVT) Ltd.,2026-04-17 12:07:01.231340,Agricultural Development Bank Limited
2026041701014370,ADBL,32,95,11,314.8,3462.8,2026-04-17,186810467,397,Premier Securities Company Ltd.,Magnet Securities and Investment Company Private Limited,2026-04-17 12:07:11.592427,Agricultural Development Bank Limited
2026041701014687,ADBL,32,58,50,314.8,15740.0,2026-04-17,186811913,397,Premier Securities Company Ltd.,Naasa Securities Co. Ltd.,2026-04-17 12:08:57.541879,Agricultural Development Bank Limited
2026041701014895,ADBL,32,14,40,314.8,12592.0,2026-04-17,186813349,397,Premier Securities Company Ltd.,Nepal Stock House (PVT) Ltd.,2026-04-17 12:10:31.156005,Agricultural Development Bank Limited
2026041701015285,ADBL,32,36,11,314.8,3462.8,2026-04-17,186815273,397,Premier Securities Company Ltd.,Secured Securities Ltd.,2026-04-17 12:12:27.937532,Agricultural Development Bank Limited
2026041701015602,ADBL,58,7,327,314.9,102972.3,2026-04-17,186816788,397,Naasa Securities Co. Ltd.,J.F. Securites (PVT) Ltd.,2026-04-17 12:14:02.050360,Agricultural Development Bank Limited
2026041701016207,ADBL,85,32,1000,314.2,314200.0,2026-04-17,186819522,397,Capital Hub P. Ltd,Premier Securities Company Ltd.,2026-04-17 12:17:47.605889,Agricultural Development Bank Limited
2026041701016208,ADBL,57,32,300,314.2,94260.0,2026-04-17,186819523,397,Aryatara Investment & Securities,Premier Securities Company Ltd.,2026-04-17 12:17:47.606129,Agricultural Development Bank Limited
2026041701016855,ADBL,57,13,234,314.2,73522.8,2026-04-17,186822095,397,Aryatara Investment & Securities,Thrive Brokerage House Pvt. Ltd,2026-04-17 12:20:26.925202,Agricultural Development Bank Limited
2026041701017131,ADBL,57,17,466,314.2,146417.2,2026-04-17,186823408,397,Aryatara Investment & Securities,ABC Securities Private Limited,2026-04-17 12:22:19.862204,Agricultural Development Bank Limited
2026041701017132,ADBL,38,17,134,314.1,42089.4,2026-04-17,186823409,397,Dipshikha Dhitopatra Karobar Co. Pvt Ltd.,ABC Securities Private Limited,2026-04-17 12:22:19.862312,Agricultural Development Bank Limited
2026041701017685,ADBL,38,45,25,314.1,7852.5,2026-04-17,186825619,397,Dipshikha Dhitopatra Karobar Co. Pvt Ltd.,Imperial Securities Company Pvt. Ltd.,2026-04-17 12:25:07.611434,Agricultural Development Bank Limited
2026041701017687,ADBL,38,56,51,314.1,16019.1,2026-04-17,186825625,397,Dipshikha Dhitopatra Karobar Co. Pvt Ltd.,Sri Hari Securities Pvt. Ltd.,2026-04-17 12:25:09.217048,Agricultural Development Bank Limited
2026041701018255,ADBL,53,54,300,314.9,94470.0,2026-04-17,186828074,397,Investment Management Nepal Pvt. Ltd.,Sewa Securities Pvt. Ltd.,2026-04-17 12:28:40.816056,Agricultural Development Bank Limited
2026041701018519,ADBL,38,48,132,314.1,41461.2,2026-04-17,186829030,397,Dipshikha Dhitopatra Karobar Co. Pvt Ltd.,Trishakti Securities Public Limited,2026-04-17 12:30:02.934661,Agricultural Development Bank Limited
2026041701018672,ADBL,3,48,72,314.0,22608.0,2026-04-17,186829705,397,Arun Securities (PVT) Ltd.,Trishakti Securities Public Limited,2026-04-17 12:30:59.693634,Agricultural Development Bank Limited
2026041701019495,ADBL,58,54,200,314.1,62820.0,2026-04-17,186832748,397,Naasa Securities Co. Ltd.,Sewa Securities Pvt. Ltd.,2026-04-17 12:34:31.984652,Agricultural Development Bank Limited
2026041701019496,ADBL,42,54,40,314.1,12564.0,2026-04-17,186832750,397,Sani Securities Company Ltd.,Sewa Securities Pvt. Ltd.,2026-04-17 12:34:31.984801,Agricultural Development Bank Limited
2026041701019521,ADBL,3,71,28,314.0,8792.0,2026-04-17,186832936,397,Arun Securities (PVT) Ltd.,SHUBHAKAMANA SECURITIES PVT. LTD,2026-04-17 12:34:49.944810,Agricultural Development Bank Limited
2026041701019522,ADBL,50,71,50,314.0,15700.0,2026-04-17,186832938,397,Cristal Kanchanjanga Securites Pvt. Ltd.,SHUBHAKAMANA SECURITIES PVT. LTD,2026-04-17 12:34:49.944929,Agricultural Development Bank Limited
2026041701019523,ADBL,77,71,49,314.0,15386.0,2026-04-17,186832939,397,Nabil Stock Dealer Ltd.,SHUBHAKAMANA SECURITIES PVT. LTD,2026-04-17 12:34:49.944993,Agricultural Development Bank Limited
2026041701019525,ADBL,77,54,51,314.0,16014.0,2026-04-17,186832948,397,Nabil Stock Dealer Ltd.,Sewa Securities Pvt. Ltd.,2026-04-17 12:34:50.460109,Agricultural Development Bank Limited
2026041701019526,ADBL,42,54,200,314.0,62800.0,2026-04-17,186832950,397,Sani Securities Company Ltd.,Sewa Securities Pvt. Ltd.,2026-04-17 12:34:50.460216,Agricultural Development Bank Limited
2026041701019527,ADBL,59,54,58,314.0,18212.0,2026-04-17,186832952,397,Deevyaa Securities & Stock House Pvt. Ltd,Sewa Securities Pvt. Ltd.,2026-04-17 12:34:50.460270,Agricultural Development Bank Limited
2026041701019528,ADBL,1,54,120,314.0,37680.0,2026-04-17,186832954,397,Kumari Securities Private Limited,Sewa Securities Pvt. Ltd.,2026-04-17 12:34:50.460320,Agricultural Development Bank Limited
2026041701019529,ADBL,29,54,20,314.0,6280.0,2026-04-17,186832956,397,Trisul Securities & Invt. Ltd.,Sewa Securities Pvt. Ltd.,2026-04-17 12:34:50.460367,Agricultural Development Bank Limited
2026041701020069,ADBL,5,52,16,313.5,5016.0,2026-04-17,186835265,397,Market Securities & Exchange (PVT) Ltd.,Sundhara Securities Limited,2026-04-17 12:38:16.315388,Agricultural Development Bank Limited
2026041701020291,ADBL,58,54,11,314.0,3454.0,2026-04-17,186836228,397,Naasa Securities Co. Ltd.,Sewa Securities Pvt. Ltd.,2026-04-17 12:39:53.306139,Agricultural Development Bank Limited
2026041701020427,ADBL,34,16,42,314.5,13209.0,2026-04-17,186836760,397,Vision Securities Pvt. Ltd,Primo Securities (PVT) Ltd.,2026-04-17 12:40:44.562076,Agricultural Development Bank Limited
2026041701020922,ADBL,3,58,27,313.5,8464.5,2026-04-17,186838597,397,Arun Securities (PVT) Ltd.,Naasa Securities Co. Ltd.,2026-04-17 12:43:31.404992,Agricultural Development Bank Limited
2026041701021096,ADBL,42,57,50,313.6,15680.0,2026-04-17,186839360,397,Sani Securities Company Ltd.,Aryatara Investment & Securities,2026-04-17 12:44:43.603278,Agricultural Development Bank Limited
2026041701021270,ADBL,58,57,53,313.6,16620.8,2026-04-17,186840201,397,Naasa Securities Co. Ltd.,Aryatara Investment & Securities,2026-04-17 12:45:59.160487,Agricultural Development Bank Limited
2026041701021413,ADBL,25,16,15,314.5,4717.5,2026-04-17,186840870,397,Sweta Securities Private Limited,Primo Securities (PVT) Ltd.,2026-04-17 12:47:09.061517,Agricultural Development Bank Limited
2026041701021682,ADBL,58,45,10,313.8,3138.0,2026-04-17,186842041,397,Naasa Securities Co. Ltd.,Imperial Securities Company Pvt. Ltd.,2026-04-17 12:48:46.879105,Agricultural Development Bank Limited
2026041701021839,ADBL,25,16,15,314.5,4717.5,2026-04-17,186842812,397,Sweta Securities Private Limited,Primo Securities (PVT) Ltd.,2026-04-17 12:49:36.764543,Agricultural Development Bank Limited
2026041701022040,ADBL,37,16,100,314.5,31450.0,2026-04-17,186843864,397,Swarna Laxmi Securities Pvt. Ltd.,Primo Securities (PVT) Ltd.,2026-04-17 12:51:02.327121,Agricultural Development Bank Limited
2026041701022194,ADBL,58,16,190,314.5,59755.0,2026-04-17,186844870,397,Naasa Securities Co. Ltd.,Primo Securities (PVT) Ltd.,2026-04-17 12:52:19.976381,Agricultural Development Bank Limited
2026041701022242,ADBL,45,16,18,314.5,5661.0,2026-04-17,186845246,397,Imperial Securities Company Pvt. Ltd.,Primo Securities (PVT) Ltd.,2026-04-17 12:52:43.700883,Agricultural Development Bank Limited
2026041701022366,ADBL,18,16,10,314.5,3145.0,2026-04-17,186845958,397,Sagarmatha Securities Private Limited,Primo Securities (PVT) Ltd.,2026-04-17 12:53:30.227877,Agricultural Development Bank Limited
2026041701022388,ADBL,65,16,610,314.5,191845.0,2026-04-17,186846077,397,Sharepro Securities Private Limited,Primo Securities (PVT) Ltd.,2026-04-17 12:53:39.311947,Agricultural Development Bank Limited
2026041701022389,ADBL,65,58,9390,315.0,2957850.0,2026-04-17,186846080,397,Sharepro Securities Private Limited,Naasa Securities Co. Ltd.,2026-04-17 12:53:39.312200,Agricultural Development Bank Limited
2026041701022462,ADBL,1,57,60,314.0,18840.0,2026-04-17,186846394,397,Kumari Securities Private Limited,Aryatara Investment & Securities,2026-04-17 12:53:57.997620,Agricultural Development Bank Limited
2026041701022963,ADBL,1,57,146,314.0,45844.0,2026-04-17,186849830,397,Kumari Securities Private Limited,Aryatara Investment & Securities,2026-04-17 12:58:09.213899,Agricultural Development Bank Limited
2026041701023784,ADBL,58,58,20,315.0,6300.0,2026-04-17,186853086,397,Naasa Securities Co. Ltd.,Naasa Securities Co. Ltd.,2026-04-17 13:05:11.918155,Agricultural Development Bank Limited
2026041701023877,ADBL,42,58,25,315.0,7875.0,2026-04-17,186853432,397,Sani Securities Company Ltd.,Naasa Securities Co. Ltd.,2026-04-17 13:06:03.054076,Agricultural Development Bank Limited
2026041701024675,ADBL,66,58,300,315.0,94500.0,2026-04-17,186857024,397,Miyo Securities Pvt Ltd,Naasa Securities Co. Ltd.,2026-04-17 13:14:42.231040,Agricultural Development Bank Limited
2026041701025253,ADBL,41,58,30,314.9,9447.0,2026-04-17,186858842,397,Linch Stock Market Ltd.,Naasa Securities Co. Ltd.,2026-04-17 13:18:11.899583,Agricultural Development Bank Limited
2026041701025304,ADBL,57,47,3,309.0,927.0,2026-04-17,186859097,397,Aryatara Investment & Securities,Neev Securities Pvt. Ltd.,2026-04-17 13:18:41.032353,Agricultural Development Bank Limited
2026041701025378,ADBL,41,29,1,309.0,309.0,2026-04-17,186859473,397,Linch Stock Market Ltd.,Trisul Securities & Invt. Ltd.,2026-04-17 13:19:32.247150,Agricultural Development Bank Limited
2026041701025439,ADBL,47,19,25,314.1,7852.5,2026-04-17,186859684,397,Neev Securities Pvt. Ltd.,Nepal Investment And Securities Trading Private Limited,2026-04-17 13:19:50.525258,Agricultural Development Bank Limited
2026041701025440,ADBL,58,19,20,314.0,6280.0,2026-04-17,186859686,397,Naasa Securities Co. Ltd.,Nepal Investment And Securities Trading Private Limited,2026-04-17 13:19:50.525525,Agricultural Development Bank Limited
2026041701025441,ADBL,22,19,129,314.0,40506.0,2026-04-17,186859687,397,Siprabi Securities Pvt. Ltd.,Nepal Investment And Securities Trading Private Limited,2026-04-17 13:19:50.525688,Agricultural Development Bank Limited
2026041701026057,ADBL,41,13,4,313.0,1252.0,2026-04-17,186861621,397,Linch Stock Market Ltd.,Thrive Brokerage House Pvt. Ltd,2026-04-17 13:22:07.956694,Agricultural Development Bank Limited
2026041701026330,ADBL,8,66,50,314.1,15705.0,2026-04-17,186862350,397,Brilliant Securities Pvt. Ltd.,Miyo Securities Pvt Ltd,2026-04-17 13:22:56.002130,Agricultural Development Bank Limited
2026041701026331,ADBL,22,66,26,314.0,8164.0,2026-04-17,186862352,397,Siprabi Securities Pvt. Ltd.,Miyo Securities Pvt Ltd,2026-04-17 13:22:56.002426,Agricultural Development Bank Limited
2026041701026332,ADBL,42,66,19,314.0,5966.0,2026-04-17,186862354,397,Sani Securities Company Ltd.,Miyo Securities Pvt Ltd,2026-04-17 13:22:56.002617,Agricultural Development Bank Limited
2026041701026333,ADBL,57,66,50,314.0,15700.0,2026-04-17,186862356,397,Aryatara Investment & Securities,Miyo Securities Pvt Ltd,2026-04-17 13:22:56.002785,Agricultural Development Bank Limited
2026041701026334,ADBL,54,66,25,314.0,7850.0,2026-04-17,186862358,397,Sewa Securities Pvt. Ltd.,Miyo Securities Pvt Ltd,2026-04-17 13:22:56.003006,Agricultural Development Bank Limited
2026041701026489,ADBL,58,66,130,314.0,40820.0,2026-04-17,186862887,397,Naasa Securities Co. Ltd.,Miyo Securities Pvt Ltd,2026-04-17 13:23:43.805380,Agricultural Development Bank Limited
2026041701026625,ADBL,7,58,10,314.9,3149.0,2026-04-17,186863548,397,J.F. Securites (PVT) Ltd.,Naasa Securities Co. Ltd.,2026-04-17 13:24:49.243214,Agricultural Development Bank Limited
2026041701026649,ADBL,58,34,1,321.1,321.1,2026-04-17,186863721,397,Naasa Securities Co. Ltd.,Vision Securities Pvt. Ltd,2026-04-17 13:25:14.080477,Agricultural Development Bank Limited
2026041701027228,ADBL,58,58,40,314.0,12560.0,2026-04-17,186866004,397,Naasa Securities Co. Ltd.,Naasa Securities Co. Ltd.,2026-04-17 13:29:40.222580,Agricultural Development Bank Limited
2026041701027229,ADBL,48,58,50,314.0,15700.0,2026-04-17,186866006,397,Trishakti Securities Public Limited,Naasa Securities Co. Ltd.,2026-04-17 13:29:40.222757,Agricultural Development Bank Limited
2026041701027230,ADBL,45,58,15,314.0,4710.0,2026-04-17,186866008,397,Imperial Securities Company Pvt. Ltd.,Naasa Securities Co. Ltd.,2026-04-17 13:29:40.222825,Agricultural Development Bank Limited
2026041701027265,ADBL,34,58,211,314.9,66443.9,2026-04-17,186866248,397,Vision Securities Pvt. Ltd,Naasa Securities Co. Ltd.,2026-04-17 13:30:17.062609,Agricultural Development Bank Limited
2026041701028210,ADBL,65,58,145,315.0,45675.0,2026-04-17,186870713,397,Sharepro Securities Private Limited,Naasa Securities Co. Ltd.,2026-04-17 13:35:42.807078,Agricultural Development Bank Limited
2026041701028211,ADBL,65,38,10,315.0,3150.0,2026-04-17,186870715,397,Sharepro Securities Private Limited,Dipshikha Dhitopatra Karobar Co. Pvt Ltd.,2026-04-17 13:35:42.807332,Agricultural Development Bank Limited
2026041701028212,ADBL,65,58,15,315.0,4725.0,2026-04-17,186870717,397,Sharepro Securities Private Limited,Naasa Securities Co. Ltd.,2026-04-17 13:35:42.807495,Agricultural Development Bank Limited
2026041701028213,ADBL,65,22,100,315.0,31500.0,2026-04-17,186870719,397,Sharepro Securities Private Limited,Siprabi Securities Pvt. Ltd.,2026-04-17 13:35:42.807663,Agricultural Development Bank Limited
2026041701028612,ADBL,47,11,25,315.9,7897.5,2026-04-17,186872632,397,Neev Securities Pvt. Ltd.,Malla & Malla Stock Broking Company Pvt. Limited,2026-04-17 13:38:28.510635,Agricultural Development Bank Limited
2026041701028635,ADBL,26,11,275,315.9,86872.5,2026-04-17,186872882,397,Asian Securities Private Ltd.,Malla & Malla Stock Broking Company Pvt. Limited,2026-04-17 13:38:46.709042,Agricultural Development Bank Limited
2026041701028826,ADBL,65,38,30,316.0,9480.0,2026-04-17,186873919,397,Sharepro Securities Private Limited,Dipshikha Dhitopatra Karobar Co. Pvt Ltd.,2026-04-17 13:40:13.515988,Agricultural Development Bank Limited
2026041701028827,ADBL,65,4,12,316.0,3792.0,2026-04-17,186873921,397,Sharepro Securities Private Limited,Opal Securities Investment (PVT) Ltd.,2026-04-17 13:40:13.516261,Agricultural Development Bank Limited
2026041701028828,ADBL,65,45,50,316.5,15825.0,2026-04-17,186873923,397,Sharepro Securities Private Limited,Imperial Securities Company Pvt. Ltd.,2026-04-17 13:40:13.516429,Agricultural Development Bank Limited
2026041701028829,ADBL,65,45,10,317.5,3175.0,2026-04-17,186873925,397,Sharepro Securities Private Limited,Imperial Securities Company Pvt. Ltd.,2026-04-17 13:40:13.516595,Agricultural Development Bank Limited
2026041701028830,ADBL,65,38,297,317.9,94416.3,2026-04-17,186873927,397,Sharepro Securities Private Limited,Dipshikha Dhitopatra Karobar Co. Pvt Ltd.,2026-04-17 13:40:13.516756,Agricultural Development Bank Limited
2026041701028831,ADBL,65,42,309,318.0,98262.0,2026-04-17,186873929,397,Sharepro Securities Private Limited,Sani Securities Company Ltd.,2026-04-17 13:40:13.516919,Agricultural Development Bank Limited
2026041701028832,ADBL,65,51,103,318.0,32754.0,2026-04-17,186873931,397,Sharepro Securities Private Limited,Oxford Securities Pvt. Ltd.,2026-04-17 13:40:13.517103,Agricultural Development Bank Limited
2026041701028833,ADBL,65,77,1500,318.0,477000.0,2026-04-17,186873933,397,Sharepro Securities Private Limited,Nabil Stock Dealer Ltd.,2026-04-17 13:40:13.517260,Agricultural Development Bank Limited
2026041701028834,ADBL,65,58,118,318.0,37524.0,2026-04-17,186873935,397,Sharepro Securities Private Limited,Naasa Securities Co. Ltd.,2026-04-17 13:40:13.517405,Agricultural Development Bank Limited
2026041701028835,ADBL,65,7,71,318.0,22578.0,2026-04-17,186873938,397,Sharepro Securities Private Limited,J.F. Securites (PVT) Ltd.,2026-04-17 13:40:13.517554,Agricultural Development Bank Limited
2026041701028868,ADBL,38,7,10,318.0,3180.0,2026-04-17,186874134,397,Dipshikha Dhitopatra Karobar Co. Pvt Ltd.,J.F. Securites (PVT) Ltd.,2026-04-17 13:40:38.795361,Agricultural Development Bank Limited
2026041701030398,ADBL,44,13,100,315.5,31550.0,2026-04-17,186882042,397,Dynamic Money Managers Securities Pvt. Ltd.,Thrive Brokerage House Pvt. Ltd,2026-04-17 13:54:36.301459,Agricultural Development Bank Limited
2026041701030399,ADBL,42,13,31,315.2,9771.2,2026-04-17,186882043,397,Sani Securities Company Ltd.,Thrive Brokerage House Pvt. Ltd,2026-04-17 13:54:36.301594,Agricultural Development Bank Limited
2026041701030403,ADBL,14,13,50,318.0,15900.0,2026-04-17,186882078,397,Nepal Stock House (PVT) Ltd.,Thrive Brokerage House Pvt. Ltd,2026-04-17 13:54:42.772139,Agricultural Development Bank Limited
2026041701030405,ADBL,42,51,69,315.2,21748.8,2026-04-17,186882110,397,Sani Securities Company Ltd.,Oxford Securities Pvt. Ltd.,2026-04-17 13:54:47.403208,Agricultural Development Bank Limited
2026041701030406,ADBL,4,51,100,315.1,31510.0,2026-04-17,186882112,397,Opal Securities Investment (PVT) Ltd.,Oxford Securities Pvt. Ltd.,2026-04-17 13:54:47.403471,Agricultural Development Bank Limited
2026041701030407,ADBL,65,51,331,315.0,104265.0,2026-04-17,186882113,397,Sharepro Securities Private Limited,Oxford Securities Pvt. Ltd.,2026-04-17 13:54:47.403626,Agricultural Development Bank Limited
2026041701030868,ADBL,53,49,41,315.1,12919.1,2026-04-17,186884234,397,Investment Management Nepal Pvt. Ltd.,Online Securities Pvt. Ltd.,2026-04-17 14:00:05.337087,Agricultural Development Bank Limited
2026041701030869,ADBL,65,49,135,315.0,42525.0,2026-04-17,186884235,397,Sharepro Securities Private Limited,Online Securities Pvt. Ltd.,2026-04-17 14:00:05.337352,Agricultural Development Bank Limited
2026041701030871,ADBL,44,42,69,316.0,21804.0,2026-04-17,186884244,397,Dynamic Money Managers Securities Pvt. Ltd.,Sani Securities Company Ltd.,2026-04-17 14:00:07.624617,Agricultural Development Bank Limited
2026041701031026,ADBL,42,42,250,316.0,79000.0,2026-04-17,186884892,397,Sani Securities Company Ltd.,Sani Securities Company Ltd.,2026-04-17 14:01:40.482480,Agricultural Development Bank Limited
2026041701035843,ADBL,62,13,49,318.0,15582.0,2026-04-17,186901922,397,Capital Max Securities Ltd,Thrive Brokerage House Pvt. Ltd,2026-04-17 14:20:22.745932,Agricultural Development Bank Limited
2026041701035905,ADBL,42,7,20,318.0,6360.0,2026-04-17,186902350,397,Sani Securities Company Ltd.,J.F. Securites (PVT) Ltd.,2026-04-17 14:20:55.675683,Agricultural Development Bank Limited
2026041701036022,ADBL,17,50,20,317.0,6340.0,2026-04-17,186903072,397,ABC Securities Private Limited,Cristal Kanchanjanga Securites Pvt. Ltd.,2026-04-17 14:21:57.837845,Agricultural Development Bank Limited
2026041701036073,ADBL,58,50,100,317.0,31700.0,2026-04-17,186903304,397,Naasa Securities Co. Ltd.,Cristal Kanchanjanga Securites Pvt. Ltd.,2026-04-17 14:22:16.537422,Agricultural Development Bank Limited
2026041701036232,ADBL,42,50,120,317.0,38040.0,2026-04-17,186904012,397,Sani Securities Company Ltd.,Cristal Kanchanjanga Securites Pvt. Ltd.,2026-04-17 14:23:16.696440,Agricultural Development Bank Limited
2026041701036530,ADBL,74,50,163,317.0,51671.0,2026-04-17,186905202,397,KALASH STOCK MARKET PVT. LTD.,Cristal Kanchanjanga Securites Pvt. Ltd.,2026-04-17 14:24:39.674223,Agricultural Development Bank Limited
2026041701036765,ADBL,42,40,10,316.3,3163.0,2026-04-17,186906120,397,Sani Securities Company Ltd.,Creative Securities Pvt Ltd,2026-04-17 14:25:36.150533,Agricultural Development Bank Limited
2026041701036912,ADBL,35,40,13,316.2,4110.6,2026-04-17,186906747,397,Kohinoor Investment & Securities Pvt. Ltd.,Creative Securities Pvt Ltd,2026-04-17 14:26:29.933671,Agricultural Development Bank Limited
2026041701037435,ADBL,58,4,10,317.0,3170.0,2026-04-17,186908928,397,Naasa Securities Co. Ltd.,Opal Securities Investment (PVT) Ltd.,2026-04-17 14:29:41.908570,Agricultural Development Bank Limited
2026041701039081,ADBL,46,4,150,317.0,47550.0,2026-04-17,186915722,397,Kalika Securities Pvt. Ltd.,Opal Securities Investment (PVT) Ltd.,2026-04-17 14:38:29.468442,Agricultural Development Bank Limited
2026041701039119,ADBL,35,26,18,316.2,5691.6,2026-04-17,186915946,397,Kohinoor Investment & Securities Pvt. Ltd.,Asian Securities Private Ltd.,2026-04-17 14:38:46.829464,Agricultural Development Bank Limited
2026041701039159,ADBL,17,26,87,316.2,27509.4,2026-04-17,186916165,397,ABC Securities Private Limited,Asian Securities Private Ltd.,2026-04-17 14:39:05.390982,Agricultural Development Bank Limited
2026041701039160,ADBL,17,4,13,317.0,4121.0,2026-04-17,186916168,397,ABC Securities Private Limited,Opal Securities Investment (PVT) Ltd.,2026-04-17 14:39:05.391131,Agricultural Development Bank Limited
2026041701039394,ADBL,8,38,100,316.2,31620.0,2026-04-17,186917252,397,Brilliant Securities Pvt. Ltd.,Dipshikha Dhitopatra Karobar Co. Pvt Ltd.,2026-04-17 14:40:40.145359,Agricultural Development Bank Limited
2026041701039395,ADBL,21,38,55,316.1,17385.5,2026-04-17,186917254,397,Midas Stock Broking Company Private Limited,Dipshikha Dhitopatra Karobar Co. Pvt Ltd.,2026-04-17 14:40:40.145403,Agricultural Development Bank Limited
2026041701039396,ADBL,28,38,65,316.1,20546.5,2026-04-17,186917255,397,Shree Krishna Securities Ltd.,Dipshikha Dhitopatra Karobar Co. Pvt Ltd.,2026-04-17 14:40:40.145429,Agricultural Development Bank Limited
2026041701039427,ADBL,28,40,185,316.1,58478.5,2026-04-17,186917414,397,Shree Krishna Securities Ltd.,Creative Securities Pvt Ltd,2026-04-17 14:40:51.789830,Agricultural Development Bank Limited
2026041701039547,ADBL,34,57,100,316.2,31620.0,2026-04-17,186918026,397,Vision Securities Pvt. Ltd,Aryatara Investment & Securities,2026-04-17 14:41:40.078890,Agricultural Development Bank Limited
2026041701039548,ADBL,34,4,127,317.0,40259.0,2026-04-17,186918032,397,Vision Securities Pvt. Ltd,Opal Securities Investment (PVT) Ltd.,2026-04-17 14:41:40.079049,Agricultural Development Bank Limited
2026041701039647,ADBL,74,45,89,316.2,28141.8,2026-04-17,186918537,397,KALASH STOCK MARKET PVT. LTD.,Imperial Securities Company Pvt. Ltd.,2026-04-17 14:42:10.364665,Agricultural Development Bank Limited
2026041701039691,ADBL,34,4,90,317.0,28530.0,2026-04-17,186918755,397,Vision Securities Pvt. Ltd,Opal Securities Investment (PVT) Ltd.,2026-04-17 14:42:24.193630,Agricultural Development Bank Limited
2026041701039692,ADBL,34,58,10,317.0,3170.0,2026-04-17,186918758,397,Vision Securities Pvt. Ltd,Naasa Securities Co. Ltd.,2026-04-17 14:42:24.193779,Agricultural Development Bank Limited
2026041701041083,ADBL,74,57,11,316.2,3478.2,2026-04-17,186924228,397,KALASH STOCK MARKET PVT. LTD.,Aryatara Investment & Securities,2026-04-17 14:48:09.868957,Agricultural Development Bank Limited
2026041701041084,ADBL,32,57,98,316.2,30987.6,2026-04-17,186924229,397,Premier Securities Company Ltd.,Aryatara Investment & Securities,2026-04-17 14:48:09.869261,Agricultural Development Bank Limited
2026041701041652,ADBL,21,57,370,316.1,116957.0,2026-04-17,186926019,397,Midas Stock Broking Company Private Limited,Aryatara Investment & Securities,2026-04-17 14:49:18.905853,Agricultural Development Bank Limited
2026041701041955,ADBL,21,44,130,316.1,41093.0,2026-04-17,186927202,397,Midas Stock Broking Company Private Limited,Dynamic Money Managers Securities Pvt. Ltd.,2026-04-17 14:50:03.757259,Agricultural Development Bank Limited
2026041701042193,ADBL,74,44,63,316.1,19914.3,2026-04-17,186928070,397,KALASH STOCK MARKET PVT. LTD.,Dynamic Money Managers Securities Pvt. Ltd.,2026-04-17 14:50:44.003350,Agricultural Development Bank Limited
2026041701042795,ADBL,29,7,10,318.0,3180.0,2026-04-17,186930882,397,Trisul Securities & Invt. Ltd.,J.F. Securites (PVT) Ltd.,2026-04-17 14:52:37.330838,Agricultural Development Bank Limited
2026041701043984,ADBL,65,7,21,318.0,6678.0,2026-04-17,186936709,397,Sharepro Securities Private Limited,J.F. Securites (PVT) Ltd.,2026-04-17 14:56:38.908939,Agricultural Development Bank Limited
2026041701043985,ADBL,65,39,1669,318.0,530742.0,2026-04-17,186936711,397,Sharepro Securities Private Limited,Sumeru Securities Pvt. Ltd.,2026-04-17 14:56:38.908976,Agricultural Development Bank Limited
2026041701043986,ADBL,65,41,21,318.0,6678.0,2026-04-17,186936713,397,Sharepro Securities Private Limited,Linch Stock Market Ltd.,2026-04-17 14:56:38.909003,Agricultural Development Bank Limited
2026041701043987,ADBL,65,19,175,318.8,55790.0,2026-04-17,186936715,397,Sharepro Securities Private Limited,Nepal Investment And Securities Trading Private Limited,2026-04-17 14:56:38.909042,Agricultural Development Bank Limited
2026041701043988,ADBL,65,17,50,318.9,15945.0,2026-04-17,186936717,397,Sharepro Securities Private Limited,ABC Securities Private Limited,2026-04-17 14:56:38.909068,Agricultural Development Bank Limited
2026041701043989,ADBL,65,58,64,319.0,20416.0,2026-04-17,186936720,397,Sharepro Securities Private Limited,Naasa Securities Co. Ltd.,2026-04-17 14:56:38.909096,Agricultural Development Bank Limited
2026041701044309,ADBL,38,49,168,317.0,53256.0,2026-04-17,186938609,397,Dipshikha Dhitopatra Karobar Co. Pvt Ltd.,Online Securities Pvt. Ltd.,2026-04-17 14:57:30.338388,Agricultural Development Bank Limited
2026041701044409,ADBL,38,49,32,317.0,10144.0,2026-04-17,186939196,397,Dipshikha Dhitopatra Karobar Co. Pvt Ltd.,Online Securities Pvt. Ltd.,2026-04-17 14:57:49.503827,Agricultural Development Bank Limited
2026041701044410,ADBL,4,49,168,317.0,53256.0,2026-04-17,186939197,397,Opal Securities Investment (PVT) Ltd.,Online Securities Pvt. Ltd.,2026-04-17 14:57:49.504178,Agricultural Development Bank Limited
2026041701045229,ADBL,29,35,10,318.8,3188.0,2026-04-17,186943076,397,Trisul Securities & Invt. Ltd.,Kohinoor Investment & Securities Pvt. Ltd.,2026-04-17 14:59:11.629216,Agricultural Development Bank Limited
2026041701045783,ADBL,91,4,53,318.0,16854.0,2026-04-17,186946335,397,Citizens Share Broker Limited,Opal Securities Investment (PVT) Ltd.,2026-04-17 14:59:52.112048,Agricultural Development Bank Limited
