contractId,stockSymbol,buyerMemberId,sellerMemberId,quantity,rate,amount,businessDate,tradeBookId,stockId,buyerBrokerName,sellerBrokerName,transaction_time,securityName
2026041704000017,AKJCL,17,35,10,390.0,3900.0,2026-04-17,186754823,2788,ABC Securities Private Limited,Kohinoor Investment & Securities Pvt. Ltd.,2026-04-17 10:46:00.052486,Ankhu Khola Jalvidhyut Company Ltd
2026041704000018,AKJCL,17,58,10,390.0,3900.0,2026-04-17,186754829,2788,ABC Securities Private Limited,Naasa Securities Co. Ltd.,2026-04-17 10:46:00.052515,Ankhu Khola Jalvidhyut Company Ltd
2026041704000079,AKJCL,94,58,300,390.0,117000.0,2026-04-17,186755346,2788,K.B.L. Securities Limited ,Naasa Securities Co. Ltd.,2026-04-17 11:00:55.861755,Ankhu Khola Jalvidhyut Company Ltd
2026041704000134,AKJCL,34,58,185,390.0,72150.0,2026-04-17,186755617,2788,Vision Securities Pvt. Ltd,Naasa Securities Co. Ltd.,2026-04-17 11:01:21.588844,Ankhu Khola Jalvidhyut Company Ltd
2026041704000169,AKJCL,34,75,315,390.0,122850.0,2026-04-17,186756186,2788,Vision Securities Pvt. Ltd,N.I.M.B. Stock Markets Limited,2026-04-17 11:02:05.832691,Ankhu Khola Jalvidhyut Company Ltd
2026041704000170,AKJCL,71,75,100,390.0,39000.0,2026-04-17,186756188,2788,SHUBHAKAMANA SECURITIES PVT. LTD,N.I.M.B. Stock Markets Limited,2026-04-17 11:02:05.832762,Ankhu Khola Jalvidhyut Company Ltd
2026041704000205,AKJCL,64,72,390,387.1,150969.0,2026-04-17,186756527,2788,SUN SECURITIES PVT LTD,Hatemalo Financial Services Private Limited,2026-04-17 11:02:26.809724,Ankhu Khola Jalvidhyut Company Ltd
2026041704000311,AKJCL,48,75,1000,387.3,387300.0,2026-04-17,186757576,2788,Trishakti Securities Public Limited,N.I.M.B. Stock Markets Limited,2026-04-17 11:03:44.880851,Ankhu Khola Jalvidhyut Company Ltd
2026041704000312,AKJCL,42,75,500,387.3,193650.0,2026-04-17,186757578,2788,Sani Securities Company Ltd.,N.I.M.B. Stock Markets Limited,2026-04-17 11:03:44.880982,Ankhu Khola Jalvidhyut Company Ltd
2026041704000313,AKJCL,21,75,2000,387.2,774400.0,2026-04-17,186757580,2788,Midas Stock Broking Company Private Limited,N.I.M.B. Stock Markets Limited,2026-04-17 11:03:44.881098,Ankhu Khola Jalvidhyut Company Ltd
2026041704000314,AKJCL,64,75,110,387.1,42581.0,2026-04-17,186757582,2788,SUN SECURITIES PVT LTD,N.I.M.B. Stock Markets Limited,2026-04-17 11:03:44.881198,Ankhu Khola Jalvidhyut Company Ltd
2026041704000315,AKJCL,35,75,390,387.0,150930.0,2026-04-17,186757583,2788,Kohinoor Investment & Securities Pvt. Ltd.,N.I.M.B. Stock Markets Limited,2026-04-17 11:03:44.881291,Ankhu Khola Jalvidhyut Company Ltd
2026041704000358,AKJCL,85,45,840,387.8,325752.0,2026-04-17,186758175,2788,Capital Hub P. Ltd,Imperial Securities Company Pvt. Ltd.,2026-04-17 11:04:32.078371,Ankhu Khola Jalvidhyut Company Ltd
2026041704000362,AKJCL,62,75,585,390.0,228150.0,2026-04-17,186758187,2788,Capital Max Securities Ltd,N.I.M.B. Stock Markets Limited,2026-04-17 11:04:33.455807,Ankhu Khola Jalvidhyut Company Ltd
2026041704000363,AKJCL,62,45,100,390.0,39000.0,2026-04-17,186758189,2788,Capital Max Securities Ltd,Imperial Securities Company Pvt. Ltd.,2026-04-17 11:04:33.455896,Ankhu Khola Jalvidhyut Company Ltd
2026041704000364,AKJCL,62,21,155,391.0,60605.0,2026-04-17,186758192,2788,Capital Max Securities Ltd,Midas Stock Broking Company Private Limited,2026-04-17 11:04:33.455962,Ankhu Khola Jalvidhyut Company Ltd
2026041704000402,AKJCL,64,75,600,391.9,235140.0,2026-04-17,186758608,2788,SUN SECURITIES PVT LTD,N.I.M.B. Stock Markets Limited,2026-04-17 11:05:18.749887,Ankhu Khola Jalvidhyut Company Ltd
2026041704000455,AKJCL,60,57,1000,390.0,390000.0,2026-04-17,186759055,2788,Nagarik Stock Dealer ,Aryatara Investment & Securities,2026-04-17 11:06:00.348471,Ankhu Khola Jalvidhyut Company Ltd
2026041704000507,AKJCL,60,75,4000,390.0,1560000.0,2026-04-17,186759371,2788,Nagarik Stock Dealer ,N.I.M.B. Stock Markets Limited,2026-04-17 11:06:21.797771,Ankhu Khola Jalvidhyut Company Ltd
2026041704000538,AKJCL,34,75,110,391.9,43109.0,2026-04-17,186759564,2788,Vision Securities Pvt. Ltd,N.I.M.B. Stock Markets Limited,2026-04-17 11:06:36.273541,Ankhu Khola Jalvidhyut Company Ltd
2026041704000554,AKJCL,65,57,20,390.0,7800.0,2026-04-17,186759774,2788,Sharepro Securities Private Limited,Aryatara Investment & Securities,2026-04-17 11:06:56.013135,Ankhu Khola Jalvidhyut Company Ltd
2026041704000721,AKJCL,87,57,980,390.0,382200.0,2026-04-17,186761197,2788,S.P.S.A. Securities Limited,Aryatara Investment & Securities,2026-04-17 11:08:50.461681,Ankhu Khola Jalvidhyut Company Ltd
2026041704000727,AKJCL,87,85,100,390.0,39000.0,2026-04-17,186761289,2788,S.P.S.A. Securities Limited,Capital Hub P. Ltd,2026-04-17 11:08:56.434893,Ankhu Khola Jalvidhyut Company Ltd
2026041704000817,AKJCL,42,64,10,391.0,3910.0,2026-04-17,186761882,2788,Sani Securities Company Ltd.,SUN SECURITIES PVT LTD,2026-04-17 11:09:47.913059,Ankhu Khola Jalvidhyut Company Ltd
2026041704000819,AKJCL,80,64,845,391.0,330395.0,2026-04-17,186761893,2788,Indira securities pvt. ltd,SUN SECURITIES PVT LTD,2026-04-17 11:09:49.305683,Ankhu Khola Jalvidhyut Company Ltd
2026041704000820,AKJCL,64,21,1845,391.2,721764.0,2026-04-17,186761895,2788,SUN SECURITIES PVT LTD,Midas Stock Broking Company Private Limited,2026-04-17 11:09:49.313750,Ankhu Khola Jalvidhyut Company Ltd
2026041704000821,AKJCL,64,75,1290,391.9,505551.0,2026-04-17,186761897,2788,SUN SECURITIES PVT LTD,N.I.M.B. Stock Markets Limited,2026-04-17 11:09:49.313904,Ankhu Khola Jalvidhyut Company Ltd
2026041704000822,AKJCL,64,22,90,392.0,35280.0,2026-04-17,186761899,2788,SUN SECURITIES PVT LTD,Siprabi Securities Pvt. Ltd.,2026-04-17 11:09:49.314032,Ankhu Khola Jalvidhyut Company Ltd
2026041704000839,AKJCL,64,35,50,392.0,19600.0,2026-04-17,186762075,2788,SUN SECURITIES PVT LTD,Kohinoor Investment & Securities Pvt. Ltd.,2026-04-17 11:10:04.747662,Ankhu Khola Jalvidhyut Company Ltd
2026041704000871,AKJCL,64,35,40,392.1,15684.0,2026-04-17,186762421,2788,SUN SECURITIES PVT LTD,Kohinoor Investment & Securities Pvt. Ltd.,2026-04-17 11:10:29.999454,Ankhu Khola Jalvidhyut Company Ltd
2026041704000947,AKJCL,36,14,165,392.9,64828.5,2026-04-17,186763285,2788,Secured Securities Ltd.,Nepal Stock House (PVT) Ltd.,2026-04-17 11:11:33.202203,Ankhu Khola Jalvidhyut Company Ltd
2026041704000987,AKJCL,88,49,10,393.5,3935.0,2026-04-17,186763662,2788,Blue Chip Securities Ltd,Online Securities Pvt. Ltd.,2026-04-17 11:12:04.924379,Ankhu Khola Jalvidhyut Company Ltd
2026041704001046,AKJCL,58,74,450,393.0,176850.0,2026-04-17,186764286,2788,Naasa Securities Co. Ltd.,KALASH STOCK MARKET PVT. LTD.,2026-04-17 11:13:10.019140,Ankhu Khola Jalvidhyut Company Ltd
2026041704001047,AKJCL,64,74,650,393.0,255450.0,2026-04-17,186764287,2788,SUN SECURITIES PVT LTD,KALASH STOCK MARKET PVT. LTD.,2026-04-17 11:13:10.019388,Ankhu Khola Jalvidhyut Company Ltd
2026041704001054,AKJCL,64,34,75,393.0,29475.0,2026-04-17,186764398,2788,SUN SECURITIES PVT LTD,Vision Securities Pvt. Ltd,2026-04-17 11:13:22.466938,Ankhu Khola Jalvidhyut Company Ltd
2026041704001071,AKJCL,36,34,85,393.0,33405.0,2026-04-17,186764578,2788,Secured Securities Ltd.,Vision Securities Pvt. Ltd,2026-04-17 11:13:32.054949,Ankhu Khola Jalvidhyut Company Ltd
2026041704001072,AKJCL,58,34,300,393.0,117900.0,2026-04-17,186764588,2788,Naasa Securities Co. Ltd.,Vision Securities Pvt. Ltd,2026-04-17 11:13:32.986864,Ankhu Khola Jalvidhyut Company Ltd
2026041704001186,AKJCL,94,21,200,392.2,78440.0,2026-04-17,186765622,2788,K.B.L. Securities Limited ,Midas Stock Broking Company Private Limited,2026-04-17 11:14:58.778353,Ankhu Khola Jalvidhyut Company Ltd
2026041704001187,AKJCL,64,21,960,392.1,376416.0,2026-04-17,186765624,2788,SUN SECURITIES PVT LTD,Midas Stock Broking Company Private Limited,2026-04-17 11:14:58.778577,Ankhu Khola Jalvidhyut Company Ltd
2026041704001217,AKJCL,62,92,100,390.0,39000.0,2026-04-17,186765838,2788,Capital Max Securities Ltd,Roadshow securities limited,2026-04-17 11:15:14.035595,Ankhu Khola Jalvidhyut Company Ltd
2026041704001218,AKJCL,58,92,60,390.0,23400.0,2026-04-17,186765840,2788,Naasa Securities Co. Ltd.,Roadshow securities limited,2026-04-17 11:15:14.035735,Ankhu Khola Jalvidhyut Company Ltd
2026041704001219,AKJCL,48,92,100,390.0,39000.0,2026-04-17,186765842,2788,Trishakti Securities Public Limited,Roadshow securities limited,2026-04-17 11:15:14.035825,Ankhu Khola Jalvidhyut Company Ltd
2026041704001220,AKJCL,35,92,240,390.0,93600.0,2026-04-17,186765843,2788,Kohinoor Investment & Securities Pvt. Ltd.,Roadshow securities limited,2026-04-17 11:15:14.035886,Ankhu Khola Jalvidhyut Company Ltd
2026041704001320,AKJCL,35,21,370,390.0,144300.0,2026-04-17,186766578,2788,Kohinoor Investment & Securities Pvt. Ltd.,Midas Stock Broking Company Private Limited,2026-04-17 11:16:08.003098,Ankhu Khola Jalvidhyut Company Ltd
2026041704001321,AKJCL,38,21,3630,390.0,1415700.0,2026-04-17,186766579,2788,Dipshikha Dhitopatra Karobar Co. Pvt Ltd.,Midas Stock Broking Company Private Limited,2026-04-17 11:16:08.003246,Ankhu Khola Jalvidhyut Company Ltd
2026041704001338,AKJCL,38,72,370,390.0,144300.0,2026-04-17,186766690,2788,Dipshikha Dhitopatra Karobar Co. Pvt Ltd.,Hatemalo Financial Services Private Limited,2026-04-17 11:16:17.553028,Ankhu Khola Jalvidhyut Company Ltd
2026041704001339,AKJCL,87,72,217,388.5,84304.5,2026-04-17,186766691,2788,S.P.S.A. Securities Limited,Hatemalo Financial Services Private Limited,2026-04-17 11:16:17.553161,Ankhu Khola Jalvidhyut Company Ltd
2026041704001457,AKJCL,39,75,100,388.6,38860.0,2026-04-17,186767370,2788,Sumeru Securities Pvt. Ltd.,N.I.M.B. Stock Markets Limited,2026-04-17 11:16:58.145952,Ankhu Khola Jalvidhyut Company Ltd
2026041704001458,AKJCL,98,75,500,388.5,194250.0,2026-04-17,186767372,2788,Trademow Securities Private Limited,N.I.M.B. Stock Markets Limited,2026-04-17 11:16:58.146179,Ankhu Khola Jalvidhyut Company Ltd
2026041704001459,AKJCL,72,75,780,388.3,302874.0,2026-04-17,186767374,2788,Hatemalo Financial Services Private Limited,N.I.M.B. Stock Markets Limited,2026-04-17 11:16:58.146342,Ankhu Khola Jalvidhyut Company Ltd
2026041704001460,AKJCL,87,75,703,388.1,272834.3,2026-04-17,186767376,2788,S.P.S.A. Securities Limited,N.I.M.B. Stock Markets Limited,2026-04-17 11:16:58.146478,Ankhu Khola Jalvidhyut Company Ltd
2026041704001461,AKJCL,87,75,694,388.1,269341.4,2026-04-17,186767377,2788,S.P.S.A. Securities Limited,N.I.M.B. Stock Markets Limited,2026-04-17 11:16:58.146620,Ankhu Khola Jalvidhyut Company Ltd
2026041704001541,AKJCL,94,49,40,389.0,15560.0,2026-04-17,186768039,2788,K.B.L. Securities Limited ,Online Securities Pvt. Ltd.,2026-04-17 11:17:35.333928,Ankhu Khola Jalvidhyut Company Ltd
2026041704001626,AKJCL,94,99,460,389.0,178940.0,2026-04-17,186768514,2788,K.B.L. Securities Limited ,Prabhu Stock Market Limited,2026-04-17 11:18:01.776466,Ankhu Khola Jalvidhyut Company Ltd
2026041704001627,AKJCL,91,99,5000,388.2,1941000.0,2026-04-17,186768516,2788,Citizens Share Broker Limited,Prabhu Stock Market Limited,2026-04-17 11:18:01.776587,Ankhu Khola Jalvidhyut Company Ltd
2026041704001628,AKJCL,87,99,1306,388.1,506858.6,2026-04-17,186768518,2788,S.P.S.A. Securities Limited,Prabhu Stock Market Limited,2026-04-17 11:18:01.776646,Ankhu Khola Jalvidhyut Company Ltd
2026041704001629,AKJCL,48,99,1000,388.0,388000.0,2026-04-17,186768520,2788,Trishakti Securities Public Limited,Prabhu Stock Market Limited,2026-04-17 11:18:01.776697,Ankhu Khola Jalvidhyut Company Ltd
2026041704001630,AKJCL,59,99,7234,388.0,2806792.0,2026-04-17,186768521,2788,Deevyaa Securities & Stock House Pvt. Ltd,Prabhu Stock Market Limited,2026-04-17 11:18:01.776748,Ankhu Khola Jalvidhyut Company Ltd
2026041704001753,AKJCL,59,21,2766,388.0,1073208.0,2026-04-17,186769864,2788,Deevyaa Securities & Stock House Pvt. Ltd,Midas Stock Broking Company Private Limited,2026-04-17 11:19:09.434213,Ankhu Khola Jalvidhyut Company Ltd
2026041704001754,AKJCL,64,21,200,388.0,77600.0,2026-04-17,186769866,2788,SUN SECURITIES PVT LTD,Midas Stock Broking Company Private Limited,2026-04-17 11:19:09.434480,Ankhu Khola Jalvidhyut Company Ltd
2026041704001755,AKJCL,49,21,34,388.0,13192.0,2026-04-17,186769867,2788,Online Securities Pvt. Ltd.,Midas Stock Broking Company Private Limited,2026-04-17 11:19:09.434638,Ankhu Khola Jalvidhyut Company Ltd
2026041704001757,AKJCL,49,54,18,388.0,6984.0,2026-04-17,186770022,2788,Online Securities Pvt. Ltd.,Sewa Securities Pvt. Ltd.,2026-04-17 11:19:13.197734,Ankhu Khola Jalvidhyut Company Ltd
2026041704001774,AKJCL,58,54,12,388.0,4656.0,2026-04-17,186770219,2788,Naasa Securities Co. Ltd.,Sewa Securities Pvt. Ltd.,2026-04-17 11:19:26.010872,Ankhu Khola Jalvidhyut Company Ltd
2026041704001808,AKJCL,58,99,68,388.0,26384.0,2026-04-17,186770580,2788,Naasa Securities Co. Ltd.,Prabhu Stock Market Limited,2026-04-17 11:19:43.002410,Ankhu Khola Jalvidhyut Company Ltd
2026041704001994,AKJCL,64,50,200,388.0,77600.0,2026-04-17,186772388,2788,SUN SECURITIES PVT LTD,Cristal Kanchanjanga Securites Pvt. Ltd.,2026-04-17 11:21:52.301244,Ankhu Khola Jalvidhyut Company Ltd
2026041704002070,AKJCL,70,4,2000,386.5,773000.0,2026-04-17,186773094,2788,Infinity Securities Limited,Opal Securities Investment (PVT) Ltd.,2026-04-17 11:22:37.992123,Ankhu Khola Jalvidhyut Company Ltd
2026041704002071,AKJCL,28,4,2000,386.4,772800.0,2026-04-17,186773096,2788,Shree Krishna Securities Ltd.,Opal Securities Investment (PVT) Ltd.,2026-04-17 11:22:37.992302,Ankhu Khola Jalvidhyut Company Ltd
2026041704002072,AKJCL,38,4,500,386.3,193150.0,2026-04-17,186773098,2788,Dipshikha Dhitopatra Karobar Co. Pvt Ltd.,Opal Securities Investment (PVT) Ltd.,2026-04-17 11:22:37.992374,Ankhu Khola Jalvidhyut Company Ltd
2026041704002073,AKJCL,91,4,3000,386.3,1158900.0,2026-04-17,186773100,2788,Citizens Share Broker Limited,Opal Securities Investment (PVT) Ltd.,2026-04-17 11:22:37.992434,Ankhu Khola Jalvidhyut Company Ltd
2026041704002074,AKJCL,85,4,160,386.2,61792.0,2026-04-17,186773102,2788,Capital Hub P. Ltd,Opal Securities Investment (PVT) Ltd.,2026-04-17 11:22:37.992489,Ankhu Khola Jalvidhyut Company Ltd
2026041704002075,AKJCL,71,4,1000,386.2,386200.0,2026-04-17,186773104,2788,SHUBHAKAMANA SECURITIES PVT. LTD,Opal Securities Investment (PVT) Ltd.,2026-04-17 11:22:37.992543,Ankhu Khola Jalvidhyut Company Ltd
2026041704002076,AKJCL,87,4,5000,386.2,1931000.0,2026-04-17,186773106,2788,S.P.S.A. Securities Limited,Opal Securities Investment (PVT) Ltd.,2026-04-17 11:22:37.992599,Ankhu Khola Jalvidhyut Company Ltd
2026041704002077,AKJCL,7,4,500,386.1,193050.0,2026-04-17,186773108,2788,J.F. Securites (PVT) Ltd.,Opal Securities Investment (PVT) Ltd.,2026-04-17 11:22:37.992653,Ankhu Khola Jalvidhyut Company Ltd
2026041704002078,AKJCL,64,4,1000,386.1,386100.0,2026-04-17,186773110,2788,SUN SECURITIES PVT LTD,Opal Securities Investment (PVT) Ltd.,2026-04-17 11:22:37.992713,Ankhu Khola Jalvidhyut Company Ltd
2026041704002079,AKJCL,22,4,130,386.0,50180.0,2026-04-17,186773112,2788,Siprabi Securities Pvt. Ltd.,Opal Securities Investment (PVT) Ltd.,2026-04-17 11:22:37.992769,Ankhu Khola Jalvidhyut Company Ltd
2026041704002080,AKJCL,19,4,20,386.0,7720.0,2026-04-17,186773114,2788,Nepal Investment And Securities Trading Private Limited,Opal Securities Investment (PVT) Ltd.,2026-04-17 11:22:37.992826,Ankhu Khola Jalvidhyut Company Ltd
2026041704002081,AKJCL,94,4,968,386.0,373648.0,2026-04-17,186773115,2788,K.B.L. Securities Limited ,Opal Securities Investment (PVT) Ltd.,2026-04-17 11:22:37.992883,Ankhu Khola Jalvidhyut Company Ltd
2026041704002142,AKJCL,10,50,500,388.0,194000.0,2026-04-17,186773652,2788,Pragyan Securities (PVT) Ltd.,Cristal Kanchanjanga Securites Pvt. Ltd.,2026-04-17 11:23:06.674460,Ankhu Khola Jalvidhyut Company Ltd
2026041704002373,AKJCL,10,19,500,387.5,193750.0,2026-04-17,186775936,2788,Pragyan Securities (PVT) Ltd.,Nepal Investment And Securities Trading Private Limited,2026-04-17 11:25:16.300532,Ankhu Khola Jalvidhyut Company Ltd
2026041704002382,AKJCL,34,19,500,387.5,193750.0,2026-04-17,186775985,2788,Vision Securities Pvt. Ltd,Nepal Investment And Securities Trading Private Limited,2026-04-17 11:25:19.538077,Ankhu Khola Jalvidhyut Company Ltd
2026041704002481,AKJCL,46,57,10,386.2,3862.0,2026-04-17,186777324,2788,Kalika Securities Pvt. Ltd.,Aryatara Investment & Securities,2026-04-17 11:26:42.276166,Ankhu Khola Jalvidhyut Company Ltd
2026041704002482,AKJCL,64,57,500,386.2,193100.0,2026-04-17,186777326,2788,SUN SECURITIES PVT LTD,Aryatara Investment & Securities,2026-04-17 11:26:42.276317,Ankhu Khola Jalvidhyut Company Ltd
2026041704002483,AKJCL,63,57,490,386.2,189238.0,2026-04-17,186777327,2788,Himalayan Brokerage Company Limited,Aryatara Investment & Securities,2026-04-17 11:26:42.276388,Ankhu Khola Jalvidhyut Company Ltd
2026041704002531,AKJCL,94,21,30,386.3,11589.0,2026-04-17,186777801,2788,K.B.L. Securities Limited ,Midas Stock Broking Company Private Limited,2026-04-17 11:27:24.079880,Ankhu Khola Jalvidhyut Company Ltd
2026041704002555,AKJCL,94,49,220,386.3,84986.0,2026-04-17,186778156,2788,K.B.L. Securities Limited ,Online Securities Pvt. Ltd.,2026-04-17 11:27:44.504202,Ankhu Khola Jalvidhyut Company Ltd
2026041704002556,AKJCL,63,49,1510,386.2,583162.0,2026-04-17,186778158,2788,Himalayan Brokerage Company Limited,Online Securities Pvt. Ltd.,2026-04-17 11:27:44.504398,Ankhu Khola Jalvidhyut Company Ltd
2026041704002568,AKJCL,28,49,500,386.2,193100.0,2026-04-17,186778352,2788,Shree Krishna Securities Ltd.,Online Securities Pvt. Ltd.,2026-04-17 11:28:00.642359,Ankhu Khola Jalvidhyut Company Ltd
2026041704002620,AKJCL,56,44,500,386.0,193000.0,2026-04-17,186779166,2788,Sri Hari Securities Pvt. Ltd.,Dynamic Money Managers Securities Pvt. Ltd.,2026-04-17 11:28:53.607272,Ankhu Khola Jalvidhyut Company Ltd
2026041704002621,AKJCL,64,44,7000,386.0,2702000.0,2026-04-17,186779168,2788,SUN SECURITIES PVT LTD,Dynamic Money Managers Securities Pvt. Ltd.,2026-04-17 11:28:53.607479,Ankhu Khola Jalvidhyut Company Ltd
2026041704002622,AKJCL,21,44,3000,385.8,1157400.0,2026-04-17,186779170,2788,Midas Stock Broking Company Private Limited,Dynamic Money Managers Securities Pvt. Ltd.,2026-04-17 11:28:53.607546,Ankhu Khola Jalvidhyut Company Ltd
2026041704002623,AKJCL,60,44,4500,385.7,1735650.0,2026-04-17,186779171,2788,Nagarik Stock Dealer ,Dynamic Money Managers Securities Pvt. Ltd.,2026-04-17 11:28:53.607614,Ankhu Khola Jalvidhyut Company Ltd
2026041704002666,AKJCL,38,69,100,385.9,38590.0,2026-04-17,186779816,2788,Dipshikha Dhitopatra Karobar Co. Pvt Ltd.,INDEX SECURITIES LIMITED,2026-04-17 11:29:37.652658,Ankhu Khola Jalvidhyut Company Ltd
2026041704002667,AKJCL,60,69,100,385.7,38570.0,2026-04-17,186779817,2788,Nagarik Stock Dealer ,INDEX SECURITIES LIMITED,2026-04-17 11:29:37.652826,Ankhu Khola Jalvidhyut Company Ltd
2026041704002700,AKJCL,60,36,25,385.7,9642.5,2026-04-17,186780297,2788,Nagarik Stock Dealer ,Secured Securities Ltd.,2026-04-17 11:30:07.993676,Ankhu Khola Jalvidhyut Company Ltd
2026041704002726,AKJCL,60,19,200,385.7,77140.0,2026-04-17,186780539,2788,Nagarik Stock Dealer ,Nepal Investment And Securities Trading Private Limited,2026-04-17 11:30:27.297414,Ankhu Khola Jalvidhyut Company Ltd
2026041704002766,AKJCL,60,41,175,385.7,67497.5,2026-04-17,186780872,2788,Nagarik Stock Dealer ,Linch Stock Market Ltd.,2026-04-17 11:30:49.678921,Ankhu Khola Jalvidhyut Company Ltd
2026041704002821,AKJCL,34,41,500,385.5,192750.0,2026-04-17,186781480,2788,Vision Securities Pvt. Ltd,Linch Stock Market Ltd.,2026-04-17 11:31:22.601337,Ankhu Khola Jalvidhyut Company Ltd
2026041704002852,AKJCL,48,41,67,385.3,25815.1,2026-04-17,186781967,2788,Trishakti Securities Public Limited,Linch Stock Market Ltd.,2026-04-17 11:31:50.583331,Ankhu Khola Jalvidhyut Company Ltd
2026041704002858,AKJCL,85,52,170,385.5,65535.0,2026-04-17,186782011,2788,Capital Hub P. Ltd,Sundhara Securities Limited,2026-04-17 11:31:55.975244,Ankhu Khola Jalvidhyut Company Ltd
2026041704002903,AKJCL,85,17,30,385.4,11562.0,2026-04-17,186782412,2788,Capital Hub P. Ltd,ABC Securities Private Limited,2026-04-17 11:32:24.294263,Ankhu Khola Jalvidhyut Company Ltd
2026041704002904,AKJCL,48,17,133,385.3,51244.9,2026-04-17,186782414,2788,Trishakti Securities Public Limited,ABC Securities Private Limited,2026-04-17 11:32:24.294512,Ankhu Khola Jalvidhyut Company Ltd
2026041704002905,AKJCL,70,17,37,385.3,14256.1,2026-04-17,186782415,2788,Infinity Securities Limited,ABC Securities Private Limited,2026-04-17 11:32:24.294582,Ankhu Khola Jalvidhyut Company Ltd
2026041704002976,AKJCL,70,65,963,385.3,371043.9,2026-04-17,186783266,2788,Infinity Securities Limited,Sharepro Securities Private Limited,2026-04-17 11:33:19.344102,Ankhu Khola Jalvidhyut Company Ltd
2026041704002977,AKJCL,98,65,37,385.3,14256.1,2026-04-17,186783267,2788,Trademow Securities Private Limited,Sharepro Securities Private Limited,2026-04-17 11:33:19.344271,Ankhu Khola Jalvidhyut Company Ltd
2026041704003021,AKJCL,98,19,213,385.3,82068.9,2026-04-17,186783958,2788,Trademow Securities Private Limited,Nepal Investment And Securities Trading Private Limited,2026-04-17 11:33:56.446120,Ankhu Khola Jalvidhyut Company Ltd
2026041704003022,AKJCL,34,19,787,385.3,303231.1,2026-04-17,186783959,2788,Vision Securities Pvt. Ltd,Nepal Investment And Securities Trading Private Limited,2026-04-17 11:33:56.446329,Ankhu Khola Jalvidhyut Company Ltd
2026041704003029,AKJCL,34,41,200,385.3,77060.0,2026-04-17,186784075,2788,Vision Securities Pvt. Ltd,Linch Stock Market Ltd.,2026-04-17 11:34:07.263463,Ankhu Khola Jalvidhyut Company Ltd
2026041704003044,AKJCL,34,22,13,385.3,5008.9,2026-04-17,186784300,2788,Vision Securities Pvt. Ltd,Siprabi Securities Pvt. Ltd.,2026-04-17 11:34:23.420759,Ankhu Khola Jalvidhyut Company Ltd
2026041704003124,AKJCL,63,69,1000,385.2,385200.0,2026-04-17,186785205,2788,Himalayan Brokerage Company Limited,INDEX SECURITIES LIMITED,2026-04-17 11:35:21.518404,Ankhu Khola Jalvidhyut Company Ltd
2026041704003157,AKJCL,87,99,1000,385.1,385100.0,2026-04-17,186785562,2788,S.P.S.A. Securities Limited,Prabhu Stock Market Limited,2026-04-17 11:35:44.111652,Ankhu Khola Jalvidhyut Company Ltd
2026041704003158,AKJCL,62,99,25,385.1,9627.5,2026-04-17,186785564,2788,Capital Max Securities Ltd,Prabhu Stock Market Limited,2026-04-17 11:35:44.111691,Ankhu Khola Jalvidhyut Company Ltd
2026041704003159,AKJCL,64,99,907,385.1,349285.7,2026-04-17,186785565,2788,SUN SECURITIES PVT LTD,Prabhu Stock Market Limited,2026-04-17 11:35:44.111765,Ankhu Khola Jalvidhyut Company Ltd
2026041704003167,AKJCL,42,22,10,385.3,3853.0,2026-04-17,186785620,2788,Sani Securities Company Ltd.,Siprabi Securities Pvt. Ltd.,2026-04-17 11:35:49.072845,Ankhu Khola Jalvidhyut Company Ltd
2026041704003180,AKJCL,64,69,50,385.1,19255.0,2026-04-17,186785687,2788,SUN SECURITIES PVT LTD,INDEX SECURITIES LIMITED,2026-04-17 11:35:52.973806,Ankhu Khola Jalvidhyut Company Ltd
2026041704003181,AKJCL,64,71,2000,385.1,770200.0,2026-04-17,186785701,2788,SUN SECURITIES PVT LTD,SHUBHAKAMANA SECURITIES PVT. LTD,2026-04-17 11:35:54.514193,Ankhu Khola Jalvidhyut Company Ltd
2026041704003239,AKJCL,6,22,477,385.3,183788.1,2026-04-17,186786218,2788,Agrawal Securities (PVT) Ltd.,Siprabi Securities Pvt. Ltd.,2026-04-17 11:36:32.928013,Ankhu Khola Jalvidhyut Company Ltd
2026041704003412,AKJCL,42,57,500,385.2,192600.0,2026-04-17,186787594,2788,Sani Securities Company Ltd.,Aryatara Investment & Securities,2026-04-17 11:38:23.996129,Ankhu Khola Jalvidhyut Company Ltd
2026041704003413,AKJCL,64,57,500,385.1,192550.0,2026-04-17,186787595,2788,SUN SECURITIES PVT LTD,Aryatara Investment & Securities,2026-04-17 11:38:23.996356,Ankhu Khola Jalvidhyut Company Ltd
2026041704003446,AKJCL,10,49,270,386.2,104274.0,2026-04-17,186788039,2788,Pragyan Securities (PVT) Ltd.,Online Securities Pvt. Ltd.,2026-04-17 11:38:57.279607,Ankhu Khola Jalvidhyut Company Ltd
2026041704003488,AKJCL,10,71,230,386.2,88826.0,2026-04-17,186788535,2788,Pragyan Securities (PVT) Ltd.,SHUBHAKAMANA SECURITIES PVT. LTD,2026-04-17 11:39:34.726940,Ankhu Khola Jalvidhyut Company Ltd
2026041704003609,AKJCL,58,35,10,385.6,3856.0,2026-04-17,186790419,2788,Naasa Securities Co. Ltd.,Kohinoor Investment & Securities Pvt. Ltd.,2026-04-17 11:41:45.760221,Ankhu Khola Jalvidhyut Company Ltd
2026041704003750,AKJCL,35,13,20,387.0,7740.0,2026-04-17,186792225,2788,Kohinoor Investment & Securities Pvt. Ltd.,Thrive Brokerage House Pvt. Ltd,2026-04-17 11:44:07.301596,Ankhu Khola Jalvidhyut Company Ltd
2026041704003751,AKJCL,35,44,480,387.0,185760.0,2026-04-17,186792228,2788,Kohinoor Investment & Securities Pvt. Ltd.,Dynamic Money Managers Securities Pvt. Ltd.,2026-04-17 11:44:07.301825,Ankhu Khola Jalvidhyut Company Ltd
2026041704003765,AKJCL,35,44,20,387.0,7740.0,2026-04-17,186792411,2788,Kohinoor Investment & Securities Pvt. Ltd.,Dynamic Money Managers Securities Pvt. Ltd.,2026-04-17 11:44:26.937812,Ankhu Khola Jalvidhyut Company Ltd
2026041704003766,AKJCL,35,32,1212,387.0,469044.0,2026-04-17,186792413,2788,Kohinoor Investment & Securities Pvt. Ltd.,Premier Securities Company Ltd.,2026-04-17 11:44:26.937994,Ankhu Khola Jalvidhyut Company Ltd
2026041704003767,AKJCL,35,51,20,387.0,7740.0,2026-04-17,186792415,2788,Kohinoor Investment & Securities Pvt. Ltd.,Oxford Securities Pvt. Ltd.,2026-04-17 11:44:26.938070,Ankhu Khola Jalvidhyut Company Ltd
2026041704003768,AKJCL,35,29,748,387.0,289476.0,2026-04-17,186792418,2788,Kohinoor Investment & Securities Pvt. Ltd.,Trisul Securities & Invt. Ltd.,2026-04-17 11:44:26.938146,Ankhu Khola Jalvidhyut Company Ltd
2026041704003801,AKJCL,58,29,100,387.0,38700.0,2026-04-17,186792712,2788,Naasa Securities Co. Ltd.,Trisul Securities & Invt. Ltd.,2026-04-17 11:44:46.241442,Ankhu Khola Jalvidhyut Company Ltd
2026041704003823,AKJCL,33,29,152,387.0,58824.0,2026-04-17,186792899,2788,Dakshinkali Investment & Securities Pvt. Ltd.,Trisul Securities & Invt. Ltd.,2026-04-17 11:44:58.828610,Ankhu Khola Jalvidhyut Company Ltd
2026041704003863,AKJCL,38,58,20,387.1,7742.0,2026-04-17,186793547,2788,Dipshikha Dhitopatra Karobar Co. Pvt Ltd.,Naasa Securities Co. Ltd.,2026-04-17 11:45:52.319508,Ankhu Khola Jalvidhyut Company Ltd
2026041704003912,AKJCL,17,54,100,387.2,38720.0,2026-04-17,186794326,2788,ABC Securities Private Limited,Sewa Securities Pvt. Ltd.,2026-04-17 11:47:09.703088,Ankhu Khola Jalvidhyut Company Ltd
2026041704003923,AKJCL,64,54,300,387.2,116160.0,2026-04-17,186794424,2788,SUN SECURITIES PVT LTD,Sewa Securities Pvt. Ltd.,2026-04-17 11:47:21.375376,Ankhu Khola Jalvidhyut Company Ltd
2026041704003936,AKJCL,38,54,80,387.1,30968.0,2026-04-17,186794562,2788,Dipshikha Dhitopatra Karobar Co. Pvt Ltd.,Sewa Securities Pvt. Ltd.,2026-04-17 11:47:33.443486,Ankhu Khola Jalvidhyut Company Ltd
2026041704003951,AKJCL,33,54,148,387.0,57276.0,2026-04-17,186794716,2788,Dakshinkali Investment & Securities Pvt. Ltd.,Sewa Securities Pvt. Ltd.,2026-04-17 11:47:41.352550,Ankhu Khola Jalvidhyut Company Ltd
2026041704003985,AKJCL,63,54,372,386.6,143815.2,2026-04-17,186795099,2788,Himalayan Brokerage Company Limited,Sewa Securities Pvt. Ltd.,2026-04-17 11:48:10.893138,Ankhu Khola Jalvidhyut Company Ltd
2026041704004040,AKJCL,64,36,100,386.7,38670.0,2026-04-17,186795682,2788,SUN SECURITIES PVT LTD,Secured Securities Ltd.,2026-04-17 11:48:56.129805,Ankhu Khola Jalvidhyut Company Ltd
2026041704004048,AKJCL,63,44,500,386.6,193300.0,2026-04-17,186795709,2788,Himalayan Brokerage Company Limited,Dynamic Money Managers Securities Pvt. Ltd.,2026-04-17 11:48:57.540441,Ankhu Khola Jalvidhyut Company Ltd
2026041704004052,AKJCL,48,36,100,386.7,38670.0,2026-04-17,186795768,2788,Trishakti Securities Public Limited,Secured Securities Ltd.,2026-04-17 11:49:01.209868,Ankhu Khola Jalvidhyut Company Ltd
2026041704004108,AKJCL,58,36,10,386.7,3867.0,2026-04-17,186796160,2788,Naasa Securities Co. Ltd.,Secured Securities Ltd.,2026-04-17 11:49:34.590290,Ankhu Khola Jalvidhyut Company Ltd
2026041704004121,AKJCL,64,36,100,386.7,38670.0,2026-04-17,186796198,2788,SUN SECURITIES PVT LTD,Secured Securities Ltd.,2026-04-17 11:49:38.486947,Ankhu Khola Jalvidhyut Company Ltd
2026041704004142,AKJCL,63,36,328,386.7,126837.6,2026-04-17,186796454,2788,Himalayan Brokerage Company Limited,Secured Securities Ltd.,2026-04-17 11:49:56.619872,Ankhu Khola Jalvidhyut Company Ltd
2026041704004150,AKJCL,57,66,1000,386.5,386500.0,2026-04-17,186796496,2788,Aryatara Investment & Securities,Miyo Securities Pvt Ltd,2026-04-17 11:50:00.338417,Ankhu Khola Jalvidhyut Company Ltd
2026041704004165,AKJCL,64,33,1000,386.4,386400.0,2026-04-17,186796696,2788,SUN SECURITIES PVT LTD,Dakshinkali Investment & Securities Pvt. Ltd.,2026-04-17 11:50:25.110508,Ankhu Khola Jalvidhyut Company Ltd
2026041704004215,AKJCL,46,44,10,386.3,3863.0,2026-04-17,186797038,2788,Kalika Securities Pvt. Ltd.,Dynamic Money Managers Securities Pvt. Ltd.,2026-04-17 11:50:56.697000,Ankhu Khola Jalvidhyut Company Ltd
2026041704004406,AKJCL,7,44,28,386.0,10808.0,2026-04-17,186798556,2788,J.F. Securites (PVT) Ltd.,Dynamic Money Managers Securities Pvt. Ltd.,2026-04-17 11:52:51.777507,Ankhu Khola Jalvidhyut Company Ltd
2026041704004464,AKJCL,35,44,20,386.0,7720.0,2026-04-17,186799012,2788,Kohinoor Investment & Securities Pvt. Ltd.,Dynamic Money Managers Securities Pvt. Ltd.,2026-04-17 11:53:24.004804,Ankhu Khola Jalvidhyut Company Ltd
2026041704004556,AKJCL,58,72,10,385.6,3856.0,2026-04-17,186799646,2788,Naasa Securities Co. Ltd.,Hatemalo Financial Services Private Limited,2026-04-17 11:54:21.121538,Ankhu Khola Jalvidhyut Company Ltd
2026041704004591,AKJCL,1,44,442,386.0,170612.0,2026-04-17,186799911,2788,Kumari Securities Private Limited,Dynamic Money Managers Securities Pvt. Ltd.,2026-04-17 11:54:41.038522,Ankhu Khola Jalvidhyut Company Ltd
2026041704004592,AKJCL,1,58,200,386.0,77200.0,2026-04-17,186799913,2788,Kumari Securities Private Limited,Naasa Securities Co. Ltd.,2026-04-17 11:54:41.038717,Ankhu Khola Jalvidhyut Company Ltd
2026041704004652,AKJCL,25,66,50,386.5,19325.0,2026-04-17,186800284,2788,Sweta Securities Private Limited,Miyo Securities Pvt Ltd,2026-04-17 11:55:13.065065,Ankhu Khola Jalvidhyut Company Ltd
2026041704004716,AKJCL,59,72,14,386.1,5405.4,2026-04-17,186800705,2788,Deevyaa Securities & Stock House Pvt. Ltd,Hatemalo Financial Services Private Limited,2026-04-17 11:55:46.073466,Ankhu Khola Jalvidhyut Company Ltd
2026041704004720,AKJCL,59,66,16,386.5,6184.0,2026-04-17,186800748,2788,Deevyaa Securities & Stock House Pvt. Ltd,Miyo Securities Pvt Ltd,2026-04-17 11:55:52.674354,Ankhu Khola Jalvidhyut Company Ltd
2026041704004757,AKJCL,5,66,100,386.5,38650.0,2026-04-17,186801108,2788,Market Securities & Exchange (PVT) Ltd.,Miyo Securities Pvt Ltd,2026-04-17 11:56:23.780830,Ankhu Khola Jalvidhyut Company Ltd
2026041704004896,AKJCL,65,66,300,386.5,115950.0,2026-04-17,186801946,2788,Sharepro Securities Private Limited,Miyo Securities Pvt Ltd,2026-04-17 11:57:16.683402,Ankhu Khola Jalvidhyut Company Ltd
2026041704004932,AKJCL,1,45,358,386.0,138188.0,2026-04-17,186802363,2788,Kumari Securities Private Limited,Imperial Securities Company Pvt. Ltd.,2026-04-17 11:57:47.230014,Ankhu Khola Jalvidhyut Company Ltd
2026041704004933,AKJCL,16,45,122,386.0,47092.0,2026-04-17,186802365,2788,Primo Securities (PVT) Ltd.,Imperial Securities Company Pvt. Ltd.,2026-04-17 11:57:47.230264,Ankhu Khola Jalvidhyut Company Ltd
2026041704004961,AKJCL,51,66,34,386.5,13141.0,2026-04-17,186802564,2788,Oxford Securities Pvt. Ltd.,Miyo Securities Pvt Ltd,2026-04-17 11:58:02.058983,Ankhu Khola Jalvidhyut Company Ltd
2026041704005199,AKJCL,16,26,28,386.0,10808.0,2026-04-17,186804534,2788,Primo Securities (PVT) Ltd.,Asian Securities Private Ltd.,2026-04-17 12:00:23.433193,Ankhu Khola Jalvidhyut Company Ltd
2026041704005200,AKJCL,91,26,937,385.6,361307.2,2026-04-17,186804535,2788,Citizens Share Broker Limited,Asian Securities Private Ltd.,2026-04-17 12:00:23.433451,Ankhu Khola Jalvidhyut Company Ltd
2026041704005262,AKJCL,91,42,63,385.6,24292.8,2026-04-17,186804882,2788,Citizens Share Broker Limited,Sani Securities Company Ltd.,2026-04-17 12:00:41.208792,Ankhu Khola Jalvidhyut Company Ltd
2026041704005263,AKJCL,7,42,250,385.6,96400.0,2026-04-17,186804884,2788,J.F. Securites (PVT) Ltd.,Sani Securities Company Ltd.,2026-04-17 12:00:41.209195,Ankhu Khola Jalvidhyut Company Ltd
2026041704005269,AKJCL,34,57,200,385.5,77100.0,2026-04-17,186804915,2788,Vision Securities Pvt. Ltd,Aryatara Investment & Securities,2026-04-17 12:00:43.894656,Ankhu Khola Jalvidhyut Company Ltd
2026041704005309,AKJCL,64,42,187,385.6,72107.2,2026-04-17,186805221,2788,SUN SECURITIES PVT LTD,Sani Securities Company Ltd.,2026-04-17 12:01:02.787473,Ankhu Khola Jalvidhyut Company Ltd
2026041704005380,AKJCL,64,19,313,385.6,120692.8,2026-04-17,186805714,2788,SUN SECURITIES PVT LTD,Nepal Investment And Securities Trading Private Limited,2026-04-17 12:01:34.822812,Ankhu Khola Jalvidhyut Company Ltd
2026041704005381,AKJCL,64,19,687,385.5,264838.5,2026-04-17,186805715,2788,SUN SECURITIES PVT LTD,Nepal Investment And Securities Trading Private Limited,2026-04-17 12:01:34.823233,Ankhu Khola Jalvidhyut Company Ltd
2026041704005481,AKJCL,25,34,30,386.0,11580.0,2026-04-17,186806216,2788,Sweta Securities Private Limited,Vision Securities Pvt. Ltd,2026-04-17 12:02:16.803332,Ankhu Khola Jalvidhyut Company Ltd
2026041704005510,AKJCL,64,82,2000,385.5,771000.0,2026-04-17,186806415,2788,SUN SECURITIES PVT LTD,N.M.B. SECURITIES LIMITED,2026-04-17 12:02:32.807403,Ankhu Khola Jalvidhyut Company Ltd
2026041704005552,AKJCL,5,82,100,385.6,38560.0,2026-04-17,186806770,2788,Market Securities & Exchange (PVT) Ltd.,N.M.B. SECURITIES LIMITED,2026-04-17 12:02:58.939262,Ankhu Khola Jalvidhyut Company Ltd
2026041704005553,AKJCL,64,82,900,385.5,346950.0,2026-04-17,186806771,2788,SUN SECURITIES PVT LTD,N.M.B. SECURITIES LIMITED,2026-04-17 12:02:58.939552,Ankhu Khola Jalvidhyut Company Ltd
2026041704005605,AKJCL,64,57,200,385.5,77100.0,2026-04-17,186807025,2788,SUN SECURITIES PVT LTD,Aryatara Investment & Securities,2026-04-17 12:03:15.911496,Ankhu Khola Jalvidhyut Company Ltd
2026041704005611,AKJCL,64,57,300,385.5,115650.0,2026-04-17,186807105,2788,SUN SECURITIES PVT LTD,Aryatara Investment & Securities,2026-04-17 12:03:21.616942,Ankhu Khola Jalvidhyut Company Ltd
2026041704005626,AKJCL,64,82,913,385.5,351961.5,2026-04-17,186807304,2788,SUN SECURITIES PVT LTD,N.M.B. SECURITIES LIMITED,2026-04-17 12:03:32.497262,Ankhu Khola Jalvidhyut Company Ltd
2026041704005679,AKJCL,46,34,10,385.4,3854.0,2026-04-17,186807644,2788,Kalika Securities Pvt. Ltd.,Vision Securities Pvt. Ltd,2026-04-17 12:03:47.028980,Ankhu Khola Jalvidhyut Company Ltd
2026041704005680,AKJCL,42,34,100,385.3,38530.0,2026-04-17,186807646,2788,Sani Securities Company Ltd.,Vision Securities Pvt. Ltd,2026-04-17 12:03:47.029206,Ankhu Khola Jalvidhyut Company Ltd
2026041704005681,AKJCL,38,34,990,385.3,381447.0,2026-04-17,186807647,2788,Dipshikha Dhitopatra Karobar Co. Pvt Ltd.,Vision Securities Pvt. Ltd,2026-04-17 12:03:47.029293,Ankhu Khola Jalvidhyut Company Ltd
2026041704005697,AKJCL,35,82,87,385.5,33538.5,2026-04-17,186807774,2788,Kohinoor Investment & Securities Pvt. Ltd.,N.M.B. SECURITIES LIMITED,2026-04-17 12:03:55.641628,Ankhu Khola Jalvidhyut Company Ltd
2026041704005706,AKJCL,10,34,500,385.5,192750.0,2026-04-17,186807884,2788,Pragyan Securities (PVT) Ltd.,Vision Securities Pvt. Ltd,2026-04-17 12:04:02.574092,Ankhu Khola Jalvidhyut Company Ltd
2026041704005707,AKJCL,38,34,10,385.3,3853.0,2026-04-17,186807886,2788,Dipshikha Dhitopatra Karobar Co. Pvt Ltd.,Vision Securities Pvt. Ltd,2026-04-17 12:04:02.574512,Ankhu Khola Jalvidhyut Company Ltd
2026041704005708,AKJCL,91,34,490,385.2,188748.0,2026-04-17,186807887,2788,Citizens Share Broker Limited,Vision Securities Pvt. Ltd,2026-04-17 12:04:02.574779,Ankhu Khola Jalvidhyut Company Ltd
2026041704005732,AKJCL,91,34,510,385.2,196452.0,2026-04-17,186808148,2788,Citizens Share Broker Limited,Vision Securities Pvt. Ltd,2026-04-17 12:04:24.004937,Ankhu Khola Jalvidhyut Company Ltd
2026041704005733,AKJCL,58,34,690,385.2,265788.0,2026-04-17,186808149,2788,Naasa Securities Co. Ltd.,Vision Securities Pvt. Ltd,2026-04-17 12:04:24.005387,Ankhu Khola Jalvidhyut Company Ltd
2026041704005739,AKJCL,58,82,310,385.2,119412.0,2026-04-17,186808196,2788,Naasa Securities Co. Ltd.,N.M.B. SECURITIES LIMITED,2026-04-17 12:04:25.690888,Ankhu Khola Jalvidhyut Company Ltd
2026041704005740,AKJCL,64,82,690,385.1,265719.0,2026-04-17,186808197,2788,SUN SECURITIES PVT LTD,N.M.B. SECURITIES LIMITED,2026-04-17 12:04:25.691285,Ankhu Khola Jalvidhyut Company Ltd
2026041704005755,AKJCL,64,34,853,385.1,328490.3,2026-04-17,186808366,2788,SUN SECURITIES PVT LTD,Vision Securities Pvt. Ltd,2026-04-17 12:04:38.580167,Ankhu Khola Jalvidhyut Company Ltd
2026041704005756,AKJCL,87,34,347,385.1,133629.7,2026-04-17,186808367,2788,S.P.S.A. Securities Limited,Vision Securities Pvt. Ltd,2026-04-17 12:04:38.580553,Ankhu Khola Jalvidhyut Company Ltd
2026041704005783,AKJCL,14,34,200,386.0,77200.0,2026-04-17,186808606,2788,Nepal Stock House (PVT) Ltd.,Vision Securities Pvt. Ltd,2026-04-17 12:04:52.877390,Ankhu Khola Jalvidhyut Company Ltd
2026041704005837,AKJCL,87,34,653,385.1,251470.3,2026-04-17,186808850,2788,S.P.S.A. Securities Limited,Vision Securities Pvt. Ltd,2026-04-17 12:05:06.398342,Ankhu Khola Jalvidhyut Company Ltd
2026041704005855,AKJCL,39,34,74,385.0,28490.0,2026-04-17,186808978,2788,Sumeru Securities Pvt. Ltd.,Vision Securities Pvt. Ltd,2026-04-17 12:05:20.008027,Ankhu Khola Jalvidhyut Company Ltd
2026041704005856,AKJCL,62,34,200,385.0,77000.0,2026-04-17,186808980,2788,Capital Max Securities Ltd,Vision Securities Pvt. Ltd,2026-04-17 12:05:20.008542,Ankhu Khola Jalvidhyut Company Ltd
2026041704005857,AKJCL,46,34,10,385.0,3850.0,2026-04-17,186808982,2788,Kalika Securities Pvt. Ltd.,Vision Securities Pvt. Ltd,2026-04-17 12:05:20.008814,Ankhu Khola Jalvidhyut Company Ltd
2026041704005858,AKJCL,53,34,916,385.0,352660.0,2026-04-17,186808983,2788,Investment Management Nepal Pvt. Ltd.,Vision Securities Pvt. Ltd,2026-04-17 12:05:20.009065,Ankhu Khola Jalvidhyut Company Ltd
2026041704005903,AKJCL,53,57,84,385.0,32340.0,2026-04-17,186809194,2788,Investment Management Nepal Pvt. Ltd.,Aryatara Investment & Securities,2026-04-17 12:05:38.098164,Ankhu Khola Jalvidhyut Company Ltd
2026041704005904,AKJCL,35,57,10,385.0,3850.0,2026-04-17,186809196,2788,Kohinoor Investment & Securities Pvt. Ltd.,Aryatara Investment & Securities,2026-04-17 12:05:38.098386,Ankhu Khola Jalvidhyut Company Ltd
2026041704005913,AKJCL,49,47,450,385.0,173250.0,2026-04-17,186809286,2788,Online Securities Pvt. Ltd.,Neev Securities Pvt. Ltd.,2026-04-17 12:05:43.732964,Ankhu Khola Jalvidhyut Company Ltd
2026041704005914,AKJCL,58,47,50,385.0,19250.0,2026-04-17,186809287,2788,Naasa Securities Co. Ltd.,Neev Securities Pvt. Ltd.,2026-04-17 12:05:43.733161,Ankhu Khola Jalvidhyut Company Ltd
2026041704005923,AKJCL,58,45,40,385.0,15400.0,2026-04-17,186809350,2788,Naasa Securities Co. Ltd.,Imperial Securities Company Pvt. Ltd.,2026-04-17 12:05:49.978260,Ankhu Khola Jalvidhyut Company Ltd
2026041704005924,AKJCL,34,45,360,385.0,138600.0,2026-04-17,186809351,2788,Vision Securities Pvt. Ltd,Imperial Securities Company Pvt. Ltd.,2026-04-17 12:05:49.978466,Ankhu Khola Jalvidhyut Company Ltd
2026041704005939,AKJCL,34,56,140,385.0,53900.0,2026-04-17,186809430,2788,Vision Securities Pvt. Ltd,Sri Hari Securities Pvt. Ltd.,2026-04-17 12:05:54.817640,Ankhu Khola Jalvidhyut Company Ltd
2026041704005940,AKJCL,14,56,20,385.0,7700.0,2026-04-17,186809432,2788,Nepal Stock House (PVT) Ltd.,Sri Hari Securities Pvt. Ltd.,2026-04-17 12:05:54.818055,Ankhu Khola Jalvidhyut Company Ltd
2026041704005941,AKJCL,58,56,100,385.0,38500.0,2026-04-17,186809434,2788,Naasa Securities Co. Ltd.,Sri Hari Securities Pvt. Ltd.,2026-04-17 12:05:54.818307,Ankhu Khola Jalvidhyut Company Ltd
2026041704005972,AKJCL,35,34,10,384.5,3845.0,2026-04-17,186809568,2788,Kohinoor Investment & Securities Pvt. Ltd.,Vision Securities Pvt. Ltd,2026-04-17 12:06:05.721507,Ankhu Khola Jalvidhyut Company Ltd
2026041704005973,AKJCL,64,34,1190,384.3,457317.0,2026-04-17,186809569,2788,SUN SECURITIES PVT LTD,Vision Securities Pvt. Ltd,2026-04-17 12:06:05.721900,Ankhu Khola Jalvidhyut Company Ltd
2026041704005983,AKJCL,35,56,300,385.0,115500.0,2026-04-17,186809662,2788,Kohinoor Investment & Securities Pvt. Ltd.,Sri Hari Securities Pvt. Ltd.,2026-04-17 12:06:17.419604,Ankhu Khola Jalvidhyut Company Ltd
2026041704006070,AKJCL,36,82,129,384.5,49600.5,2026-04-17,186810372,2788,Secured Securities Ltd.,N.M.B. SECURITIES LIMITED,2026-04-17 12:07:05.069172,Ankhu Khola Jalvidhyut Company Ltd
2026041704006071,AKJCL,6,82,500,384.4,192200.0,2026-04-17,186810374,2788,Agrawal Securities (PVT) Ltd.,N.M.B. SECURITIES LIMITED,2026-04-17 12:07:05.069259,Ankhu Khola Jalvidhyut Company Ltd
2026041704006072,AKJCL,64,82,371,384.3,142575.3,2026-04-17,186810375,2788,SUN SECURITIES PVT LTD,N.M.B. SECURITIES LIMITED,2026-04-17 12:07:05.069292,Ankhu Khola Jalvidhyut Company Ltd
2026041704006105,AKJCL,64,34,190,384.3,73017.0,2026-04-17,186810573,2788,SUN SECURITIES PVT LTD,Vision Securities Pvt. Ltd,2026-04-17 12:07:17.767671,Ankhu Khola Jalvidhyut Company Ltd
2026041704006235,AKJCL,28,46,125,384.5,48062.5,2026-04-17,186811783,2788,Shree Krishna Securities Ltd.,Kalika Securities Pvt. Ltd.,2026-04-17 12:08:46.195672,Ankhu Khola Jalvidhyut Company Ltd
2026041704006314,AKJCL,28,82,875,384.5,336437.5,2026-04-17,186812482,2788,Shree Krishna Securities Ltd.,N.M.B. SECURITIES LIMITED,2026-04-17 12:09:41.662928,Ankhu Khola Jalvidhyut Company Ltd
2026041704006315,AKJCL,38,82,100,384.4,38440.0,2026-04-17,186812484,2788,Dipshikha Dhitopatra Karobar Co. Pvt Ltd.,N.M.B. SECURITIES LIMITED,2026-04-17 12:09:41.663370,Ankhu Khola Jalvidhyut Company Ltd
2026041704006316,AKJCL,5,82,2000,384.4,768800.0,2026-04-17,186812486,2788,Market Securities & Exchange (PVT) Ltd.,N.M.B. SECURITIES LIMITED,2026-04-17 12:09:41.663617,Ankhu Khola Jalvidhyut Company Ltd
2026041704006317,AKJCL,64,82,2025,384.3,778207.5,2026-04-17,186812487,2788,SUN SECURITIES PVT LTD,N.M.B. SECURITIES LIMITED,2026-04-17 12:09:41.663858,Ankhu Khola Jalvidhyut Company Ltd
2026041704006773,AKJCL,64,57,500,384.3,192150.0,2026-04-17,186815329,2788,SUN SECURITIES PVT LTD,Aryatara Investment & Securities,2026-04-17 12:12:32.148196,Ankhu Khola Jalvidhyut Company Ltd
2026041704006774,AKJCL,21,56,440,385.0,169400.0,2026-04-17,186815359,2788,Midas Stock Broking Company Private Limited,Sri Hari Securities Pvt. Ltd.,2026-04-17 12:12:34.512887,Ankhu Khola Jalvidhyut Company Ltd
2026041704006775,AKJCL,21,69,800,385.0,308000.0,2026-04-17,186815361,2788,Midas Stock Broking Company Private Limited,INDEX SECURITIES LIMITED,2026-04-17 12:12:34.512949,Ankhu Khola Jalvidhyut Company Ltd
2026041704006776,AKJCL,21,4,240,385.0,92400.0,2026-04-17,186815364,2788,Midas Stock Broking Company Private Limited,Opal Securities Investment (PVT) Ltd.,2026-04-17 12:12:34.512974,Ankhu Khola Jalvidhyut Company Ltd
2026041704006901,AKJCL,10,41,100,384.9,38490.0,2026-04-17,186816183,2788,Pragyan Securities (PVT) Ltd.,Linch Stock Market Ltd.,2026-04-17 12:13:18.857747,Ankhu Khola Jalvidhyut Company Ltd
2026041704006913,AKJCL,80,25,301,385.0,115885.0,2026-04-17,186816264,2788,Indira securities pvt. ltd,Sweta Securities Private Limited,2026-04-17 12:13:27.842580,Ankhu Khola Jalvidhyut Company Ltd
2026041704006957,AKJCL,10,21,400,384.9,153960.0,2026-04-17,186816580,2788,Pragyan Securities (PVT) Ltd.,Midas Stock Broking Company Private Limited,2026-04-17 12:13:50.580378,Ankhu Khola Jalvidhyut Company Ltd
2026041704006958,AKJCL,5,21,1000,384.4,384400.0,2026-04-17,186816582,2788,Market Securities & Exchange (PVT) Ltd.,Midas Stock Broking Company Private Limited,2026-04-17 12:13:50.580772,Ankhu Khola Jalvidhyut Company Ltd
2026041704006959,AKJCL,64,21,724,384.3,278233.2,2026-04-17,186816584,2788,SUN SECURITIES PVT LTD,Midas Stock Broking Company Private Limited,2026-04-17 12:13:50.581020,Ankhu Khola Jalvidhyut Company Ltd
2026041704006960,AKJCL,66,21,50,384.3,19215.0,2026-04-17,186816586,2788,Miyo Securities Pvt Ltd,Midas Stock Broking Company Private Limited,2026-04-17 12:13:50.581251,Ankhu Khola Jalvidhyut Company Ltd
2026041704006961,AKJCL,64,21,3826,384.3,1470331.8,2026-04-17,186816587,2788,SUN SECURITIES PVT LTD,Midas Stock Broking Company Private Limited,2026-04-17 12:13:50.581522,Ankhu Khola Jalvidhyut Company Ltd
2026041704006992,AKJCL,91,21,840,384.4,322896.0,2026-04-17,186816799,2788,Citizens Share Broker Limited,Midas Stock Broking Company Private Limited,2026-04-17 12:14:03.990014,Ankhu Khola Jalvidhyut Company Ltd
2026041704007006,AKJCL,91,57,78,384.4,29983.2,2026-04-17,186816925,2788,Citizens Share Broker Limited,Aryatara Investment & Securities,2026-04-17 12:14:14.743282,Ankhu Khola Jalvidhyut Company Ltd
2026041704007079,AKJCL,28,25,100,385.0,38500.0,2026-04-17,186817388,2788,Shree Krishna Securities Ltd.,Sweta Securities Private Limited,2026-04-17 12:14:52.403569,Ankhu Khola Jalvidhyut Company Ltd
2026041704007116,AKJCL,91,72,82,384.4,31520.8,2026-04-17,186817724,2788,Citizens Share Broker Limited,Hatemalo Financial Services Private Limited,2026-04-17 12:15:22.201148,Ankhu Khola Jalvidhyut Company Ltd
2026041704007117,AKJCL,66,72,20,384.4,7688.0,2026-04-17,186817726,2788,Miyo Securities Pvt Ltd,Hatemalo Financial Services Private Limited,2026-04-17 12:15:22.201261,Ankhu Khola Jalvidhyut Company Ltd
2026041704007118,AKJCL,64,72,3174,384.3,1219768.2,2026-04-17,186817728,2788,SUN SECURITIES PVT LTD,Hatemalo Financial Services Private Limited,2026-04-17 12:15:22.201393,Ankhu Khola Jalvidhyut Company Ltd
2026041704007119,AKJCL,1,72,1000,384.2,384200.0,2026-04-17,186817730,2788,Kumari Securities Private Limited,Hatemalo Financial Services Private Limited,2026-04-17 12:15:22.201472,Ankhu Khola Jalvidhyut Company Ltd
2026041704007120,AKJCL,38,72,194,384.2,74534.8,2026-04-17,186817731,2788,Dipshikha Dhitopatra Karobar Co. Pvt Ltd.,Hatemalo Financial Services Private Limited,2026-04-17 12:15:22.201546,Ankhu Khola Jalvidhyut Company Ltd
2026041704007142,AKJCL,38,60,306,384.2,117565.2,2026-04-17,186817926,2788,Dipshikha Dhitopatra Karobar Co. Pvt Ltd.,Nagarik Stock Dealer ,2026-04-17 12:15:38.811644,Ankhu Khola Jalvidhyut Company Ltd
2026041704007143,AKJCL,87,60,1000,384.2,384200.0,2026-04-17,186817928,2788,S.P.S.A. Securities Limited,Nagarik Stock Dealer ,2026-04-17 12:15:38.811872,Ankhu Khola Jalvidhyut Company Ltd
2026041704007144,AKJCL,38,60,100,384.2,38420.0,2026-04-17,186817930,2788,Dipshikha Dhitopatra Karobar Co. Pvt Ltd.,Nagarik Stock Dealer ,2026-04-17 12:15:38.811964,Ankhu Khola Jalvidhyut Company Ltd
2026041704007145,AKJCL,20,60,2000,384.1,768200.0,2026-04-17,186817932,2788,Sipla Securities Private Limited,Nagarik Stock Dealer ,2026-04-17 12:15:38.812055,Ankhu Khola Jalvidhyut Company Ltd
2026041704007146,AKJCL,8,60,1000,384.1,384100.0,2026-04-17,186817934,2788,Brilliant Securities Pvt. Ltd.,Nagarik Stock Dealer ,2026-04-17 12:15:38.812138,Ankhu Khola Jalvidhyut Company Ltd
2026041704007147,AKJCL,39,60,1000,384.0,384000.0,2026-04-17,186817936,2788,Sumeru Securities Pvt. Ltd.,Nagarik Stock Dealer ,2026-04-17 12:15:38.812386,Ankhu Khola Jalvidhyut Company Ltd
2026041704007148,AKJCL,21,60,1000,384.0,384000.0,2026-04-17,186817938,2788,Midas Stock Broking Company Private Limited,Nagarik Stock Dealer ,2026-04-17 12:15:38.812490,Ankhu Khola Jalvidhyut Company Ltd
2026041704007149,AKJCL,38,60,100,384.0,38400.0,2026-04-17,186817940,2788,Dipshikha Dhitopatra Karobar Co. Pvt Ltd.,Nagarik Stock Dealer ,2026-04-17 12:15:38.812573,Ankhu Khola Jalvidhyut Company Ltd
2026041704007150,AKJCL,32,60,500,384.0,192000.0,2026-04-17,186817942,2788,Premier Securities Company Ltd.,Nagarik Stock Dealer ,2026-04-17 12:15:38.812653,Ankhu Khola Jalvidhyut Company Ltd
2026041704007151,AKJCL,86,60,1000,384.0,384000.0,2026-04-17,186817944,2788,Stoxkarts Securities Limited,Nagarik Stock Dealer ,2026-04-17 12:15:38.812755,Ankhu Khola Jalvidhyut Company Ltd
2026041704007152,AKJCL,80,60,1000,384.0,384000.0,2026-04-17,186817946,2788,Indira securities pvt. ltd,Nagarik Stock Dealer ,2026-04-17 12:15:38.812878,Ankhu Khola Jalvidhyut Company Ltd
2026041704007153,AKJCL,46,60,260,384.0,99840.0,2026-04-17,186817948,2788,Kalika Securities Pvt. Ltd.,Nagarik Stock Dealer ,2026-04-17 12:15:38.812970,Ankhu Khola Jalvidhyut Company Ltd
2026041704007260,AKJCL,64,57,100,383.1,38310.0,2026-04-17,186818764,2788,SUN SECURITIES PVT LTD,Aryatara Investment & Securities,2026-04-17 12:16:46.314653,Ankhu Khola Jalvidhyut Company Ltd
2026041704007261,AKJCL,85,57,200,383.1,76620.0,2026-04-17,186818765,2788,Capital Hub P. Ltd,Aryatara Investment & Securities,2026-04-17 12:16:46.314744,Ankhu Khola Jalvidhyut Company Ltd
2026041704007372,AKJCL,14,60,10,384.0,3840.0,2026-04-17,186819504,2788,Nepal Stock House (PVT) Ltd.,Nagarik Stock Dealer ,2026-04-17 12:17:45.991177,Ankhu Khola Jalvidhyut Company Ltd
2026041704007469,AKJCL,85,17,10,383.1,3831.0,2026-04-17,186820647,2788,Capital Hub P. Ltd,ABC Securities Private Limited,2026-04-17 12:18:49.196902,Ankhu Khola Jalvidhyut Company Ltd
2026041704007812,AKJCL,6,60,50,384.0,19200.0,2026-04-17,186823724,2788,Agrawal Securities (PVT) Ltd.,Nagarik Stock Dealer ,2026-04-17 12:22:38.633677,Ankhu Khola Jalvidhyut Company Ltd
2026041704007814,AKJCL,42,42,10,383.6,3836.0,2026-04-17,186823727,2788,Sani Securities Company Ltd.,Sani Securities Company Ltd.,2026-04-17 12:22:39.294216,Ankhu Khola Jalvidhyut Company Ltd
2026041704007872,AKJCL,45,41,10,383.6,3836.0,2026-04-17,186824123,2788,Imperial Securities Company Pvt. Ltd.,Linch Stock Market Ltd.,2026-04-17 12:23:08.359041,Ankhu Khola Jalvidhyut Company Ltd
2026041704008059,AKJCL,85,48,78,383.9,29944.2,2026-04-17,186825711,2788,Capital Hub P. Ltd,Trishakti Securities Public Limited,2026-04-17 12:25:19.763813,Ankhu Khola Jalvidhyut Company Ltd
2026041704008060,AKJCL,85,60,374,384.0,143616.0,2026-04-17,186825713,2788,Capital Hub P. Ltd,Nagarik Stock Dealer ,2026-04-17 12:25:19.764027,Ankhu Khola Jalvidhyut Company Ltd
2026041704008061,AKJCL,85,64,338,384.0,129792.0,2026-04-17,186825716,2788,Capital Hub P. Ltd,SUN SECURITIES PVT LTD,2026-04-17 12:25:19.764117,Ankhu Khola Jalvidhyut Company Ltd
2026041704008093,AKJCL,34,64,62,384.0,23808.0,2026-04-17,186826079,2788,Vision Securities Pvt. Ltd,SUN SECURITIES PVT LTD,2026-04-17 12:25:55.765641,Ankhu Khola Jalvidhyut Company Ltd
2026041704008169,AKJCL,45,25,90,385.0,34650.0,2026-04-17,186826852,2788,Imperial Securities Company Pvt. Ltd.,Sweta Securities Private Limited,2026-04-17 12:26:56.595949,Ankhu Khola Jalvidhyut Company Ltd
2026041704008319,AKJCL,32,58,110,385.0,42350.0,2026-04-17,186828118,2788,Premier Securities Company Ltd.,Naasa Securities Co. Ltd.,2026-04-17 12:28:48.386393,Ankhu Khola Jalvidhyut Company Ltd
2026041704008389,AKJCL,80,58,20,385.0,7700.0,2026-04-17,186828937,2788,Indira securities pvt. ltd,Naasa Securities Co. Ltd.,2026-04-17 12:29:54.292646,Ankhu Khola Jalvidhyut Company Ltd
2026041704008390,AKJCL,80,59,15,385.0,5775.0,2026-04-17,186828939,2788,Indira securities pvt. ltd,Deevyaa Securities & Stock House Pvt. Ltd,2026-04-17 12:29:54.293058,Ankhu Khola Jalvidhyut Company Ltd
2026041704008391,AKJCL,80,42,200,385.0,77000.0,2026-04-17,186828941,2788,Indira securities pvt. ltd,Sani Securities Company Ltd.,2026-04-17 12:29:54.293338,Ankhu Khola Jalvidhyut Company Ltd
2026041704008392,AKJCL,80,47,400,385.0,154000.0,2026-04-17,186828943,2788,Indira securities pvt. ltd,Neev Securities Pvt. Ltd.,2026-04-17 12:29:54.293633,Ankhu Khola Jalvidhyut Company Ltd
2026041704008393,AKJCL,80,25,850,385.0,327250.0,2026-04-17,186828945,2788,Indira securities pvt. ltd,Sweta Securities Private Limited,2026-04-17 12:29:54.293899,Ankhu Khola Jalvidhyut Company Ltd
2026041704008563,AKJCL,35,74,300,386.3,115890.0,2026-04-17,186831208,2788,Kohinoor Investment & Securities Pvt. Ltd.,KALASH STOCK MARKET PVT. LTD.,2026-04-17 12:32:31.407863,Ankhu Khola Jalvidhyut Company Ltd
2026041704008601,AKJCL,66,74,46,386.3,17769.8,2026-04-17,186831429,2788,Miyo Securities Pvt Ltd,KALASH STOCK MARKET PVT. LTD.,2026-04-17 12:32:48.268729,Ankhu Khola Jalvidhyut Company Ltd
2026041704008626,AKJCL,66,56,1000,386.5,386500.0,2026-04-17,186831593,2788,Miyo Securities Pvt Ltd,Sri Hari Securities Pvt. Ltd.,2026-04-17 12:33:04.615673,Ankhu Khola Jalvidhyut Company Ltd
2026041704008681,AKJCL,58,36,362,386.7,139985.4,2026-04-17,186831931,2788,Naasa Securities Co. Ltd.,Secured Securities Ltd.,2026-04-17 12:33:28.285202,Ankhu Khola Jalvidhyut Company Ltd
2026041704008714,AKJCL,45,45,10,386.8,3868.0,2026-04-17,186832134,2788,Imperial Securities Company Pvt. Ltd.,Imperial Securities Company Pvt. Ltd.,2026-04-17 12:33:39.165022,Ankhu Khola Jalvidhyut Company Ltd
2026041704008744,AKJCL,58,45,138,386.7,53364.6,2026-04-17,186832426,2788,Naasa Securities Co. Ltd.,Imperial Securities Company Pvt. Ltd.,2026-04-17 12:34:01.748384,Ankhu Khola Jalvidhyut Company Ltd
2026041704008745,AKJCL,66,45,15,386.5,5797.5,2026-04-17,186832427,2788,Miyo Securities Pvt Ltd,Imperial Securities Company Pvt. Ltd.,2026-04-17 12:34:01.748806,Ankhu Khola Jalvidhyut Company Ltd
2026041704008761,AKJCL,66,45,40,386.5,15460.0,2026-04-17,186832673,2788,Miyo Securities Pvt Ltd,Imperial Securities Company Pvt. Ltd.,2026-04-17 12:34:26.294775,Ankhu Khola Jalvidhyut Company Ltd
2026041704008817,AKJCL,42,49,48,386.7,18561.6,2026-04-17,186833286,2788,Sani Securities Company Ltd.,Online Securities Pvt. Ltd.,2026-04-17 12:35:20.483855,Ankhu Khola Jalvidhyut Company Ltd
2026041704008894,AKJCL,66,56,945,386.5,365242.5,2026-04-17,186833930,2788,Miyo Securities Pvt Ltd,Sri Hari Securities Pvt. Ltd.,2026-04-17 12:36:16.004193,Ankhu Khola Jalvidhyut Company Ltd
2026041704009072,AKJCL,35,49,25,386.8,9670.0,2026-04-17,186835426,2788,Kohinoor Investment & Securities Pvt. Ltd.,Online Securities Pvt. Ltd.,2026-04-17 12:38:29.040625,Ankhu Khola Jalvidhyut Company Ltd
2026041704009079,AKJCL,66,21,150,386.7,58005.0,2026-04-17,186835523,2788,Miyo Securities Pvt Ltd,Midas Stock Broking Company Private Limited,2026-04-17 12:38:40.053515,Ankhu Khola Jalvidhyut Company Ltd
2026041704009201,AKJCL,29,56,500,385.3,192650.0,2026-04-17,186836544,2788,Trisul Securities & Invt. Ltd.,Sri Hari Securities Pvt. Ltd.,2026-04-17 12:40:24.930529,Ankhu Khola Jalvidhyut Company Ltd
2026041704009320,AKJCL,26,56,500,386.1,193050.0,2026-04-17,186837615,2788,Asian Securities Private Ltd.,Sri Hari Securities Pvt. Ltd.,2026-04-17 12:42:10.963333,Ankhu Khola Jalvidhyut Company Ltd
2026041704009450,AKJCL,26,58,100,386.1,38610.0,2026-04-17,186838905,2788,Asian Securities Private Ltd.,Naasa Securities Co. Ltd.,2026-04-17 12:43:57.662417,Ankhu Khola Jalvidhyut Company Ltd
2026041704009453,AKJCL,26,49,37,386.8,14311.6,2026-04-17,186838979,2788,Asian Securities Private Ltd.,Online Securities Pvt. Ltd.,2026-04-17 12:44:03.220834,Ankhu Khola Jalvidhyut Company Ltd
2026041704009454,AKJCL,26,66,500,386.9,193450.0,2026-04-17,186838981,2788,Asian Securities Private Ltd.,Miyo Securities Pvt Ltd,2026-04-17 12:44:03.221102,Ankhu Khola Jalvidhyut Company Ltd
2026041704009455,AKJCL,26,33,463,387.0,179181.0,2026-04-17,186838984,2788,Asian Securities Private Ltd.,Dakshinkali Investment & Securities Pvt. Ltd.,2026-04-17 12:44:03.221200,Ankhu Khola Jalvidhyut Company Ltd
2026041704009525,AKJCL,35,33,200,387.0,77400.0,2026-04-17,186839600,2788,Kohinoor Investment & Securities Pvt. Ltd.,Dakshinkali Investment & Securities Pvt. Ltd.,2026-04-17 12:45:09.162603,Ankhu Khola Jalvidhyut Company Ltd
2026041704009533,AKJCL,65,33,337,387.0,130419.0,2026-04-17,186839645,2788,Sharepro Securities Private Limited,Dakshinkali Investment & Securities Pvt. Ltd.,2026-04-17 12:45:16.625978,Ankhu Khola Jalvidhyut Company Ltd
2026041704009534,AKJCL,65,25,500,387.0,193500.0,2026-04-17,186839647,2788,Sharepro Securities Private Limited,Sweta Securities Private Limited,2026-04-17 12:45:16.626275,Ankhu Khola Jalvidhyut Company Ltd
2026041704009535,AKJCL,65,64,163,387.0,63081.0,2026-04-17,186839650,2788,Sharepro Securities Private Limited,SUN SECURITIES PVT LTD,2026-04-17 12:45:16.626409,Ankhu Khola Jalvidhyut Company Ltd
2026041704009537,AKJCL,86,64,837,387.0,323919.0,2026-04-17,186839679,2788,Stoxkarts Securities Limited,SUN SECURITIES PVT LTD,2026-04-17 12:45:18.609560,Ankhu Khola Jalvidhyut Company Ltd
2026041704009556,AKJCL,86,21,163,387.0,63081.0,2026-04-17,186839900,2788,Stoxkarts Securities Limited,Midas Stock Broking Company Private Limited,2026-04-17 12:45:37.939280,Ankhu Khola Jalvidhyut Company Ltd
2026041704009557,AKJCL,26,21,500,387.0,193500.0,2026-04-17,186839902,2788,Asian Securities Private Ltd.,Midas Stock Broking Company Private Limited,2026-04-17 12:45:37.939751,Ankhu Khola Jalvidhyut Company Ltd
2026041704009558,AKJCL,57,21,200,387.0,77400.0,2026-04-17,186839904,2788,Aryatara Investment & Securities,Midas Stock Broking Company Private Limited,2026-04-17 12:45:37.940054,Ankhu Khola Jalvidhyut Company Ltd
2026041704009586,AKJCL,58,21,100,387.0,38700.0,2026-04-17,186840104,2788,Naasa Securities Co. Ltd.,Midas Stock Broking Company Private Limited,2026-04-17 12:45:51.874669,Ankhu Khola Jalvidhyut Company Ltd
2026041704009622,AKJCL,35,21,1000,387.0,387000.0,2026-04-17,186840522,2788,Kohinoor Investment & Securities Pvt. Ltd.,Midas Stock Broking Company Private Limited,2026-04-17 12:46:34.260175,Ankhu Khola Jalvidhyut Company Ltd
2026041704009710,AKJCL,63,21,37,387.5,14337.5,2026-04-17,186841219,2788,Himalayan Brokerage Company Limited,Midas Stock Broking Company Private Limited,2026-04-17 12:47:39.235737,Ankhu Khola Jalvidhyut Company Ltd
2026041704009711,AKJCL,63,21,1963,387.9,761447.7,2026-04-17,186841222,2788,Himalayan Brokerage Company Limited,Midas Stock Broking Company Private Limited,2026-04-17 12:47:39.235979,Ankhu Khola Jalvidhyut Company Ltd
2026041704009714,AKJCL,57,21,100,387.9,38790.0,2026-04-17,186841242,2788,Aryatara Investment & Securities,Midas Stock Broking Company Private Limited,2026-04-17 12:47:41.669931,Ankhu Khola Jalvidhyut Company Ltd
2026041704009820,AKJCL,65,50,300,388.0,116400.0,2026-04-17,186842059,2788,Sharepro Securities Private Limited,Cristal Kanchanjanga Securites Pvt. Ltd.,2026-04-17 12:48:49.601084,Ankhu Khola Jalvidhyut Company Ltd
2026041704009821,AKJCL,65,59,700,388.0,271600.0,2026-04-17,186842062,2788,Sharepro Securities Private Limited,Deevyaa Securities & Stock House Pvt. Ltd,2026-04-17 12:48:49.601336,Ankhu Khola Jalvidhyut Company Ltd
2026041704009870,AKJCL,21,59,2000,388.0,776000.0,2026-04-17,186842318,2788,Midas Stock Broking Company Private Limited,Deevyaa Securities & Stock House Pvt. Ltd,2026-04-17 12:49:05.234773,Ankhu Khola Jalvidhyut Company Ltd
2026041704009898,AKJCL,65,59,301,388.0,116788.0,2026-04-17,186842647,2788,Sharepro Securities Private Limited,Deevyaa Securities & Stock House Pvt. Ltd,2026-04-17 12:49:29.795947,Ankhu Khola Jalvidhyut Company Ltd
2026041704009899,AKJCL,65,6,20,388.0,7760.0,2026-04-17,186842649,2788,Sharepro Securities Private Limited,Agrawal Securities (PVT) Ltd.,2026-04-17 12:49:29.795999,Ankhu Khola Jalvidhyut Company Ltd
2026041704009900,AKJCL,65,36,100,388.0,38800.0,2026-04-17,186842651,2788,Sharepro Securities Private Limited,Secured Securities Ltd.,2026-04-17 12:49:29.796054,Ankhu Khola Jalvidhyut Company Ltd
2026041704009901,AKJCL,65,54,25,389.0,9725.0,2026-04-17,186842653,2788,Sharepro Securities Private Limited,Sewa Securities Pvt. Ltd.,2026-04-17 12:49:29.796082,Ankhu Khola Jalvidhyut Company Ltd
2026041704009902,AKJCL,65,54,25,389.0,9725.0,2026-04-17,186842655,2788,Sharepro Securities Private Limited,Sewa Securities Pvt. Ltd.,2026-04-17 12:49:29.796108,Ankhu Khola Jalvidhyut Company Ltd
2026041704009903,AKJCL,65,54,25,389.0,9725.0,2026-04-17,186842657,2788,Sharepro Securities Private Limited,Sewa Securities Pvt. Ltd.,2026-04-17 12:49:29.796130,Ankhu Khola Jalvidhyut Company Ltd
2026041704009904,AKJCL,65,21,504,389.5,196308.0,2026-04-17,186842660,2788,Sharepro Securities Private Limited,Midas Stock Broking Company Private Limited,2026-04-17 12:49:29.796163,Ankhu Khola Jalvidhyut Company Ltd
2026041704009951,AKJCL,88,57,100,389.0,38900.0,2026-04-17,186843102,2788,Blue Chip Securities Ltd,Aryatara Investment & Securities,2026-04-17 12:50:02.139958,Ankhu Khola Jalvidhyut Company Ltd
2026041704009973,AKJCL,38,57,400,389.0,155600.0,2026-04-17,186843167,2788,Dipshikha Dhitopatra Karobar Co. Pvt Ltd.,Aryatara Investment & Securities,2026-04-17 12:50:07.683453,Ankhu Khola Jalvidhyut Company Ltd
2026041704009974,AKJCL,38,21,183,389.5,71278.5,2026-04-17,186843169,2788,Dipshikha Dhitopatra Karobar Co. Pvt Ltd.,Midas Stock Broking Company Private Limited,2026-04-17 12:50:07.683717,Ankhu Khola Jalvidhyut Company Ltd
2026041704009975,AKJCL,38,82,1000,389.9,389900.0,2026-04-17,186843171,2788,Dipshikha Dhitopatra Karobar Co. Pvt Ltd.,N.M.B. SECURITIES LIMITED,2026-04-17 12:50:07.683816,Ankhu Khola Jalvidhyut Company Ltd
2026041704009976,AKJCL,38,56,25,390.0,9750.0,2026-04-17,186843173,2788,Dipshikha Dhitopatra Karobar Co. Pvt Ltd.,Sri Hari Securities Pvt. Ltd.,2026-04-17 12:50:07.683937,Ankhu Khola Jalvidhyut Company Ltd
2026041704009977,AKJCL,38,58,1392,390.0,542880.0,2026-04-17,186843176,2788,Dipshikha Dhitopatra Karobar Co. Pvt Ltd.,Naasa Securities Co. Ltd.,2026-04-17 12:50:07.684104,Ankhu Khola Jalvidhyut Company Ltd
2026041704009983,AKJCL,58,58,100,390.0,39000.0,2026-04-17,186843202,2788,Naasa Securities Co. Ltd.,Naasa Securities Co. Ltd.,2026-04-17 12:50:09.749049,Ankhu Khola Jalvidhyut Company Ltd
2026041704009988,AKJCL,38,58,508,390.0,198120.0,2026-04-17,186843259,2788,Dipshikha Dhitopatra Karobar Co. Pvt Ltd.,Naasa Securities Co. Ltd.,2026-04-17 12:50:14.547818,Ankhu Khola Jalvidhyut Company Ltd
2026041704009989,AKJCL,38,21,100,390.0,39000.0,2026-04-17,186843261,2788,Dipshikha Dhitopatra Karobar Co. Pvt Ltd.,Midas Stock Broking Company Private Limited,2026-04-17 12:50:14.548079,Ankhu Khola Jalvidhyut Company Ltd
2026041704009990,AKJCL,38,34,190,390.0,74100.0,2026-04-17,186843263,2788,Dipshikha Dhitopatra Karobar Co. Pvt Ltd.,Vision Securities Pvt. Ltd,2026-04-17 12:50:14.548193,Ankhu Khola Jalvidhyut Company Ltd
2026041704009991,AKJCL,38,49,50,390.0,19500.0,2026-04-17,186843265,2788,Dipshikha Dhitopatra Karobar Co. Pvt Ltd.,Online Securities Pvt. Ltd.,2026-04-17 12:50:14.548310,Ankhu Khola Jalvidhyut Company Ltd
2026041704009992,AKJCL,38,56,152,390.0,59280.0,2026-04-17,186843268,2788,Dipshikha Dhitopatra Karobar Co. Pvt Ltd.,Sri Hari Securities Pvt. Ltd.,2026-04-17 12:50:14.548433,Ankhu Khola Jalvidhyut Company Ltd
2026041704010001,AKJCL,14,56,100,390.0,39000.0,2026-04-17,186843370,2788,Nepal Stock House (PVT) Ltd.,Sri Hari Securities Pvt. Ltd.,2026-04-17 12:50:22.139161,Ankhu Khola Jalvidhyut Company Ltd
2026041704010074,AKJCL,14,56,200,390.0,78000.0,2026-04-17,186843944,2788,Nepal Stock House (PVT) Ltd.,Sri Hari Securities Pvt. Ltd.,2026-04-17 12:51:08.796727,Ankhu Khola Jalvidhyut Company Ltd
2026041704010188,AKJCL,62,56,25,390.0,9750.0,2026-04-17,186844652,2788,Capital Max Securities Ltd,Sri Hari Securities Pvt. Ltd.,2026-04-17 12:52:04.718229,Ankhu Khola Jalvidhyut Company Ltd
2026041704010240,AKJCL,26,29,50,389.0,19450.0,2026-04-17,186844921,2788,Asian Securities Private Ltd.,Trisul Securities & Invt. Ltd.,2026-04-17 12:52:24.175356,Ankhu Khola Jalvidhyut Company Ltd
2026041704010264,AKJCL,26,56,47,389.0,18283.0,2026-04-17,186845032,2788,Asian Securities Private Ltd.,Sri Hari Securities Pvt. Ltd.,2026-04-17 12:52:33.126113,Ankhu Khola Jalvidhyut Company Ltd
2026041704010293,AKJCL,58,19,1000,388.3,388300.0,2026-04-17,186845325,2788,Naasa Securities Co. Ltd.,Nepal Investment And Securities Trading Private Limited,2026-04-17 12:52:48.670302,Ankhu Khola Jalvidhyut Company Ltd
2026041704010317,AKJCL,18,91,200,388.2,77640.0,2026-04-17,186845562,2788,Sagarmatha Securities Private Limited,Citizens Share Broker Limited,2026-04-17 12:52:59.663097,Ankhu Khola Jalvidhyut Company Ltd
2026041704010318,AKJCL,22,91,800,388.2,310560.0,2026-04-17,186845563,2788,Siprabi Securities Pvt. Ltd.,Citizens Share Broker Limited,2026-04-17 12:52:59.663363,Ankhu Khola Jalvidhyut Company Ltd
2026041704010329,AKJCL,22,19,200,388.2,77640.0,2026-04-17,186845624,2788,Siprabi Securities Pvt. Ltd.,Nepal Investment And Securities Trading Private Limited,2026-04-17 12:53:03.584659,Ankhu Khola Jalvidhyut Company Ltd
2026041704010427,AKJCL,45,56,500,386.7,193350.0,2026-04-17,186846189,2788,Imperial Securities Company Pvt. Ltd.,Sri Hari Securities Pvt. Ltd.,2026-04-17 12:53:45.865229,Ankhu Khola Jalvidhyut Company Ltd
2026041704010447,AKJCL,38,56,31,386.6,11984.6,2026-04-17,186846405,2788,Dipshikha Dhitopatra Karobar Co. Pvt Ltd.,Sri Hari Securities Pvt. Ltd.,2026-04-17 12:53:59.689148,Ankhu Khola Jalvidhyut Company Ltd
2026041704010460,AKJCL,38,21,969,386.6,374615.4,2026-04-17,186846538,2788,Dipshikha Dhitopatra Karobar Co. Pvt Ltd.,Midas Stock Broking Company Private Limited,2026-04-17 12:54:09.725668,Ankhu Khola Jalvidhyut Company Ltd
2026041704010461,AKJCL,86,21,1000,386.5,386500.0,2026-04-17,186846540,2788,Stoxkarts Securities Limited,Midas Stock Broking Company Private Limited,2026-04-17 12:54:09.725955,Ankhu Khola Jalvidhyut Company Ltd
2026041704010462,AKJCL,38,21,5000,386.5,1932500.0,2026-04-17,186846542,2788,Dipshikha Dhitopatra Karobar Co. Pvt Ltd.,Midas Stock Broking Company Private Limited,2026-04-17 12:54:09.726057,Ankhu Khola Jalvidhyut Company Ltd
2026041704010463,AKJCL,21,21,2000,386.5,773000.0,2026-04-17,186846544,2788,Midas Stock Broking Company Private Limited,Midas Stock Broking Company Private Limited,2026-04-17 12:54:09.726155,Ankhu Khola Jalvidhyut Company Ltd
2026041704010464,AKJCL,63,21,1031,386.4,398378.4,2026-04-17,186846545,2788,Himalayan Brokerage Company Limited,Midas Stock Broking Company Private Limited,2026-04-17 12:54:09.726253,Ankhu Khola Jalvidhyut Company Ltd
2026041704010484,AKJCL,63,44,260,386.4,100464.0,2026-04-17,186846697,2788,Himalayan Brokerage Company Limited,Dynamic Money Managers Securities Pvt. Ltd.,2026-04-17 12:54:23.387497,Ankhu Khola Jalvidhyut Company Ltd
2026041704010642,AKJCL,63,57,200,386.4,77280.0,2026-04-17,186847571,2788,Himalayan Brokerage Company Limited,Aryatara Investment & Securities,2026-04-17 12:55:14.466766,Ankhu Khola Jalvidhyut Company Ltd
2026041704010657,AKJCL,63,17,509,386.4,196677.6,2026-04-17,186847696,2788,Himalayan Brokerage Company Limited,ABC Securities Private Limited,2026-04-17 12:55:27.928122,Ankhu Khola Jalvidhyut Company Ltd
2026041704010658,AKJCL,29,17,1491,386.1,575675.1,2026-04-17,186847697,2788,Trisul Securities & Invt. Ltd.,ABC Securities Private Limited,2026-04-17 12:55:27.928223,Ankhu Khola Jalvidhyut Company Ltd
2026041704010710,AKJCL,29,72,1980,386.1,764478.0,2026-04-17,186847947,2788,Trisul Securities & Invt. Ltd.,Hatemalo Financial Services Private Limited,2026-04-17 12:55:47.234924,Ankhu Khola Jalvidhyut Company Ltd
2026041704010762,AKJCL,29,81,3500,386.1,1351350.0,2026-04-17,186848293,2788,Trisul Securities & Invt. Ltd.,Aakashbhairab Securities Ltd.,2026-04-17 12:56:16.200369,Ankhu Khola Jalvidhyut Company Ltd
2026041704010768,AKJCL,29,22,10,386.1,3861.0,2026-04-17,186848339,2788,Trisul Securities & Invt. Ltd.,Siprabi Securities Pvt. Ltd.,2026-04-17 12:56:21.221496,Ankhu Khola Jalvidhyut Company Ltd
2026041704010775,AKJCL,29,91,19,386.1,7335.9,2026-04-17,186848372,2788,Trisul Securities & Invt. Ltd.,Citizens Share Broker Limited,2026-04-17 12:56:23.784865,Ankhu Khola Jalvidhyut Company Ltd
2026041704010776,AKJCL,80,91,195,386.0,75270.0,2026-04-17,186848374,2788,Indira securities pvt. ltd,Citizens Share Broker Limited,2026-04-17 12:56:23.785304,Ankhu Khola Jalvidhyut Company Ltd
2026041704010777,AKJCL,17,91,50,386.0,19300.0,2026-04-17,186848376,2788,ABC Securities Private Limited,Citizens Share Broker Limited,2026-04-17 12:56:23.785623,Ankhu Khola Jalvidhyut Company Ltd
2026041704010778,AKJCL,58,91,140,386.0,54040.0,2026-04-17,186848378,2788,Naasa Securities Co. Ltd.,Citizens Share Broker Limited,2026-04-17 12:56:23.785928,Ankhu Khola Jalvidhyut Company Ltd
2026041704010779,AKJCL,94,91,32,386.0,12352.0,2026-04-17,186848380,2788,K.B.L. Securities Limited ,Citizens Share Broker Limited,2026-04-17 12:56:23.786247,Ankhu Khola Jalvidhyut Company Ltd
2026041704010780,AKJCL,21,91,1564,386.0,603704.0,2026-04-17,186848381,2788,Midas Stock Broking Company Private Limited,Citizens Share Broker Limited,2026-04-17 12:56:23.786556,Ankhu Khola Jalvidhyut Company Ltd
2026041704011128,AKJCL,35,34,45,386.9,17410.5,2026-04-17,186850880,2788,Kohinoor Investment & Securities Pvt. Ltd.,Vision Securities Pvt. Ltd,2026-04-17 13:00:09.610741,Ankhu Khola Jalvidhyut Company Ltd
2026041704011243,AKJCL,35,22,40,387.0,15480.0,2026-04-17,186851839,2788,Kohinoor Investment & Securities Pvt. Ltd.,Siprabi Securities Pvt. Ltd.,2026-04-17 13:02:22.358977,Ankhu Khola Jalvidhyut Company Ltd
2026041704011289,AKJCL,35,44,10,387.0,3870.0,2026-04-17,186852188,2788,Kohinoor Investment & Securities Pvt. Ltd.,Dynamic Money Managers Securities Pvt. Ltd.,2026-04-17 13:03:16.939981,Ankhu Khola Jalvidhyut Company Ltd
2026041704011324,AKJCL,85,44,211,387.0,81657.0,2026-04-17,186852573,2788,Capital Hub P. Ltd,Dynamic Money Managers Securities Pvt. Ltd.,2026-04-17 13:04:02.962468,Ankhu Khola Jalvidhyut Company Ltd
2026041704011505,AKJCL,83,19,800,388.0,310400.0,2026-04-17,186854619,2788,Sanima Securities Limited,Nepal Investment And Securities Trading Private Limited,2026-04-17 13:08:36.398012,Ankhu Khola Jalvidhyut Company Ltd
2026041704011552,AKJCL,42,62,500,388.1,194050.0,2026-04-17,186855021,2788,Sani Securities Company Ltd.,Capital Max Securities Ltd,2026-04-17 13:09:44.331028,Ankhu Khola Jalvidhyut Company Ltd
2026041704011709,AKJCL,38,21,10,389.8,3898.0,2026-04-17,186856388,2788,Dipshikha Dhitopatra Karobar Co. Pvt Ltd.,Midas Stock Broking Company Private Limited,2026-04-17 13:13:21.317365,Ankhu Khola Jalvidhyut Company Ltd
2026041704011727,AKJCL,83,16,200,388.0,77600.0,2026-04-17,186856538,2788,Sanima Securities Limited,Primo Securities (PVT) Ltd.,2026-04-17 13:13:40.668136,Ankhu Khola Jalvidhyut Company Ltd
2026041704011728,AKJCL,80,16,1103,388.0,427964.0,2026-04-17,186856540,2788,Indira securities pvt. ltd,Primo Securities (PVT) Ltd.,2026-04-17 13:13:40.668415,Ankhu Khola Jalvidhyut Company Ltd
2026041704011821,AKJCL,21,7,436,389.6,169865.6,2026-04-17,186857366,2788,Midas Stock Broking Company Private Limited,J.F. Securites (PVT) Ltd.,2026-04-17 13:15:32.153045,Ankhu Khola Jalvidhyut Company Ltd
2026041704011882,AKJCL,34,7,64,389.6,24934.4,2026-04-17,186858121,2788,Vision Securities Pvt. Ltd,J.F. Securites (PVT) Ltd.,2026-04-17 13:17:14.180066,Ankhu Khola Jalvidhyut Company Ltd
2026041704011883,AKJCL,34,16,436,389.7,169909.2,2026-04-17,186858124,2788,Vision Securities Pvt. Ltd,Primo Securities (PVT) Ltd.,2026-04-17 13:17:14.180658,Ankhu Khola Jalvidhyut Company Ltd
2026041704011902,AKJCL,25,49,100,388.0,38800.0,2026-04-17,186858591,2788,Sweta Securities Private Limited,Online Securities Pvt. Ltd.,2026-04-17 13:17:43.353965,Ankhu Khola Jalvidhyut Company Ltd
2026041704012119,AKJCL,57,16,11,389.9,4288.9,2026-04-17,186860554,2788,Aryatara Investment & Securities,Primo Securities (PVT) Ltd.,2026-04-17 13:20:47.054441,Ankhu Khola Jalvidhyut Company Ltd
2026041704012150,AKJCL,20,61,1000,387.0,387000.0,2026-04-17,186861043,2788,Sipla Securities Private Limited,BHOLE GANESH SECURITIES LTD,2026-04-17 13:21:17.240720,Ankhu Khola Jalvidhyut Company Ltd
2026041704012205,AKJCL,57,16,10,389.9,3899.0,2026-04-17,186861438,2788,Aryatara Investment & Securities,Primo Securities (PVT) Ltd.,2026-04-17 13:21:54.735321,Ankhu Khola Jalvidhyut Company Ltd
2026041704012281,AKJCL,36,17,10,387.4,3874.0,2026-04-17,186862565,2788,Secured Securities Ltd.,ABC Securities Private Limited,2026-04-17 13:23:13.884467,Ankhu Khola Jalvidhyut Company Ltd
2026041704012488,AKJCL,50,32,50,387.6,19380.0,2026-04-17,186864456,2788,Cristal Kanchanjanga Securites Pvt. Ltd.,Premier Securities Company Ltd.,2026-04-17 13:26:54.870742,Ankhu Khola Jalvidhyut Company Ltd
2026041704012489,AKJCL,72,32,1500,387.6,581400.0,2026-04-17,186864458,2788,Hatemalo Financial Services Private Limited,Premier Securities Company Ltd.,2026-04-17 13:26:54.871136,Ankhu Khola Jalvidhyut Company Ltd
2026041704012490,AKJCL,91,32,450,387.5,174375.0,2026-04-17,186864459,2788,Citizens Share Broker Limited,Premier Securities Company Ltd.,2026-04-17 13:26:54.871252,Ankhu Khola Jalvidhyut Company Ltd
2026041704012559,AKJCL,56,56,7800,389.8,3040440.0,2026-04-17,186865136,2788,Sri Hari Securities Pvt. Ltd.,Sri Hari Securities Pvt. Ltd.,2026-04-17 13:28:14.386674,Ankhu Khola Jalvidhyut Company Ltd
2026041704012665,AKJCL,58,56,200,389.8,77960.0,2026-04-17,186866106,2788,Naasa Securities Co. Ltd.,Sri Hari Securities Pvt. Ltd.,2026-04-17 13:29:58.125182,Ankhu Khola Jalvidhyut Company Ltd
2026041704012672,AKJCL,56,56,7800,389.8,3040440.0,2026-04-17,186866133,2788,Sri Hari Securities Pvt. Ltd.,Sri Hari Securities Pvt. Ltd.,2026-04-17 13:30:02.101188,Ankhu Khola Jalvidhyut Company Ltd
2026041704012679,AKJCL,57,16,240,389.9,93576.0,2026-04-17,186866163,2788,Aryatara Investment & Securities,Primo Securities (PVT) Ltd.,2026-04-17 13:30:08.642701,Ankhu Khola Jalvidhyut Company Ltd
2026041704012680,AKJCL,57,21,760,389.9,296324.0,2026-04-17,186866166,2788,Aryatara Investment & Securities,Midas Stock Broking Company Private Limited,2026-04-17 13:30:08.643261,Ankhu Khola Jalvidhyut Company Ltd
2026041704012726,AKJCL,36,21,1730,389.9,674527.0,2026-04-17,186866451,2788,Secured Securities Ltd.,Midas Stock Broking Company Private Limited,2026-04-17 13:30:39.165394,Ankhu Khola Jalvidhyut Company Ltd
2026041704012727,AKJCL,36,57,260,390.0,101400.0,2026-04-17,186866454,2788,Secured Securities Ltd.,Aryatara Investment & Securities,2026-04-17 13:30:39.165671,Ankhu Khola Jalvidhyut Company Ltd
2026041704012778,AKJCL,62,57,240,390.0,93600.0,2026-04-17,186866687,2788,Capital Max Securities Ltd,Aryatara Investment & Securities,2026-04-17 13:30:51.526508,Ankhu Khola Jalvidhyut Company Ltd
2026041704012779,AKJCL,62,49,1528,390.0,595920.0,2026-04-17,186866689,2788,Capital Max Securities Ltd,Online Securities Pvt. Ltd.,2026-04-17 13:30:51.527033,Ankhu Khola Jalvidhyut Company Ltd
2026041704012815,AKJCL,36,21,100,390.5,39050.0,2026-04-17,186866941,2788,Secured Securities Ltd.,Midas Stock Broking Company Private Limited,2026-04-17 13:31:20.415948,Ankhu Khola Jalvidhyut Company Ltd
2026041704012816,AKJCL,36,56,50,391.5,19575.0,2026-04-17,186866944,2788,Secured Securities Ltd.,Sri Hari Securities Pvt. Ltd.,2026-04-17 13:31:20.416255,Ankhu Khola Jalvidhyut Company Ltd
2026041704012888,AKJCL,38,56,175,391.5,68512.5,2026-04-17,186867254,2788,Dipshikha Dhitopatra Karobar Co. Pvt Ltd.,Sri Hari Securities Pvt. Ltd.,2026-04-17 13:31:47.206817,Ankhu Khola Jalvidhyut Company Ltd
2026041704012889,AKJCL,91,56,275,391.5,107662.5,2026-04-17,186867273,2788,Citizens Share Broker Limited,Sri Hari Securities Pvt. Ltd.,2026-04-17 13:31:49.966782,Ankhu Khola Jalvidhyut Company Ltd
2026041704012890,AKJCL,91,8,25,391.5,9787.5,2026-04-17,186867275,2788,Citizens Share Broker Limited,Brilliant Securities Pvt. Ltd.,2026-04-17 13:31:49.967308,Ankhu Khola Jalvidhyut Company Ltd
2026041704012891,AKJCL,91,17,100,392.0,39200.0,2026-04-17,186867277,2788,Citizens Share Broker Limited,ABC Securities Private Limited,2026-04-17 13:31:49.967831,Ankhu Khola Jalvidhyut Company Ltd
2026041704012892,AKJCL,91,60,1000,392.0,392000.0,2026-04-17,186867279,2788,Citizens Share Broker Limited,Nagarik Stock Dealer ,2026-04-17 13:31:49.968385,Ankhu Khola Jalvidhyut Company Ltd
2026041704012958,AKJCL,57,32,500,392.5,196250.0,2026-04-17,186867638,2788,Aryatara Investment & Securities,Premier Securities Company Ltd.,2026-04-17 13:32:13.524366,Ankhu Khola Jalvidhyut Company Ltd
2026041704012975,AKJCL,91,38,600,392.0,235200.0,2026-04-17,186867874,2788,Citizens Share Broker Limited,Dipshikha Dhitopatra Karobar Co. Pvt Ltd.,2026-04-17 13:32:20.709435,Ankhu Khola Jalvidhyut Company Ltd
2026041704012976,AKJCL,58,38,300,392.0,117600.0,2026-04-17,186867875,2788,Naasa Securities Co. Ltd.,Dipshikha Dhitopatra Karobar Co. Pvt Ltd.,2026-04-17 13:32:20.709988,Ankhu Khola Jalvidhyut Company Ltd
2026041704013103,AKJCL,64,21,100,392.0,39200.0,2026-04-17,186869084,2788,SUN SECURITIES PVT LTD,Midas Stock Broking Company Private Limited,2026-04-17 13:33:36.240459,Ankhu Khola Jalvidhyut Company Ltd
2026041704013134,AKJCL,62,21,1232,392.0,482944.0,2026-04-17,186869384,2788,Capital Max Securities Ltd,Midas Stock Broking Company Private Limited,2026-04-17 13:33:57.692026,Ankhu Khola Jalvidhyut Company Ltd
2026041704013154,AKJCL,64,21,18,392.0,7056.0,2026-04-17,186869608,2788,SUN SECURITIES PVT LTD,Midas Stock Broking Company Private Limited,2026-04-17 13:34:12.255154,Ankhu Khola Jalvidhyut Company Ltd
2026041704013157,AKJCL,35,21,70,392.0,27440.0,2026-04-17,186869654,2788,Kohinoor Investment & Securities Pvt. Ltd.,Midas Stock Broking Company Private Limited,2026-04-17 13:34:13.386079,Ankhu Khola Jalvidhyut Company Ltd
2026041704013167,AKJCL,58,21,1000,392.0,392000.0,2026-04-17,186869696,2788,Naasa Securities Co. Ltd.,Midas Stock Broking Company Private Limited,2026-04-17 13:34:18.491246,Ankhu Khola Jalvidhyut Company Ltd
2026041704013192,AKJCL,77,21,80,392.0,31360.0,2026-04-17,186869779,2788,Nabil Stock Dealer Ltd.,Midas Stock Broking Company Private Limited,2026-04-17 13:34:25.532775,Ankhu Khola Jalvidhyut Company Ltd
2026041704013290,AKJCL,32,32,250,392.5,98125.0,2026-04-17,186870312,2788,Premier Securities Company Ltd.,Premier Securities Company Ltd.,2026-04-17 13:35:01.008116,Ankhu Khola Jalvidhyut Company Ltd
2026041704013295,AKJCL,45,32,60,392.5,23550.0,2026-04-17,186870340,2788,Imperial Securities Company Pvt. Ltd.,Premier Securities Company Ltd.,2026-04-17 13:35:05.687329,Ankhu Khola Jalvidhyut Company Ltd
2026041704013317,AKJCL,38,32,190,392.5,74575.0,2026-04-17,186870475,2788,Dipshikha Dhitopatra Karobar Co. Pvt Ltd.,Premier Securities Company Ltd.,2026-04-17 13:35:17.415794,Ankhu Khola Jalvidhyut Company Ltd
2026041704013321,AKJCL,77,49,420,392.7,164934.0,2026-04-17,186870538,2788,Nabil Stock Dealer Ltd.,Online Securities Pvt. Ltd.,2026-04-17 13:35:23.605373,Ankhu Khola Jalvidhyut Company Ltd
2026041704013324,AKJCL,64,49,200,392.7,78540.0,2026-04-17,186870618,2788,SUN SECURITIES PVT LTD,Online Securities Pvt. Ltd.,2026-04-17 13:35:31.755715,Ankhu Khola Jalvidhyut Company Ltd
2026041704013379,AKJCL,64,49,60,392.7,23562.0,2026-04-17,186870951,2788,SUN SECURITIES PVT LTD,Online Securities Pvt. Ltd.,2026-04-17 13:36:00.840753,Ankhu Khola Jalvidhyut Company Ltd
2026041704013380,AKJCL,64,34,40,393.0,15720.0,2026-04-17,186870953,2788,SUN SECURITIES PVT LTD,Vision Securities Pvt. Ltd,2026-04-17 13:36:00.841093,Ankhu Khola Jalvidhyut Company Ltd
2026041704013381,AKJCL,64,49,1000,393.0,393000.0,2026-04-17,186870955,2788,SUN SECURITIES PVT LTD,Online Securities Pvt. Ltd.,2026-04-17 13:36:00.841212,Ankhu Khola Jalvidhyut Company Ltd
2026041704013382,AKJCL,64,53,100,393.0,39300.0,2026-04-17,186870957,2788,SUN SECURITIES PVT LTD,Investment Management Nepal Pvt. Ltd.,2026-04-17 13:36:00.841329,Ankhu Khola Jalvidhyut Company Ltd
2026041704013383,AKJCL,64,58,500,393.0,196500.0,2026-04-17,186870959,2788,SUN SECURITIES PVT LTD,Naasa Securities Co. Ltd.,2026-04-17 13:36:00.841438,Ankhu Khola Jalvidhyut Company Ltd
2026041704013384,AKJCL,64,21,300,393.0,117900.0,2026-04-17,186870962,2788,SUN SECURITIES PVT LTD,Midas Stock Broking Company Private Limited,2026-04-17 13:36:01.475323,Ankhu Khola Jalvidhyut Company Ltd
2026041704013406,AKJCL,38,11,950,392.6,372970.0,2026-04-17,186871073,2788,Dipshikha Dhitopatra Karobar Co. Pvt Ltd.,Malla & Malla Stock Broking Company Pvt. Limited,2026-04-17 13:36:14.749993,Ankhu Khola Jalvidhyut Company Ltd
2026041704013411,AKJCL,101,14,300,393.9,118170.0,2026-04-17,186871123,2788,APPLE SECURITIES PRIVATE LIMITED,Nepal Stock House (PVT) Ltd.,2026-04-17 13:36:21.373550,Ankhu Khola Jalvidhyut Company Ltd
2026041704013412,AKJCL,101,80,1700,394.0,669800.0,2026-04-17,186871126,2788,APPLE SECURITIES PRIVATE LIMITED,Indira securities pvt. ltd,2026-04-17 13:36:21.373864,Ankhu Khola Jalvidhyut Company Ltd
2026041704013421,AKJCL,26,80,300,394.0,118200.0,2026-04-17,186871229,2788,Asian Securities Private Ltd.,Indira securities pvt. ltd,2026-04-17 13:36:30.144331,Ankhu Khola Jalvidhyut Company Ltd
2026041704013422,AKJCL,26,21,1700,394.0,669800.0,2026-04-17,186871231,2788,Asian Securities Private Ltd.,Midas Stock Broking Company Private Limited,2026-04-17 13:36:30.144396,Ankhu Khola Jalvidhyut Company Ltd
2026041704013423,AKJCL,26,64,1000,394.7,394700.0,2026-04-17,186871233,2788,Asian Securities Private Ltd.,SUN SECURITIES PVT LTD,2026-04-17 13:36:30.144430,Ankhu Khola Jalvidhyut Company Ltd
2026041704013424,AKJCL,26,48,1000,395.0,395000.0,2026-04-17,186871235,2788,Asian Securities Private Ltd.,Trishakti Securities Public Limited,2026-04-17 13:36:30.144460,Ankhu Khola Jalvidhyut Company Ltd
2026041704013425,AKJCL,26,39,1000,395.0,395000.0,2026-04-17,186871237,2788,Asian Securities Private Ltd.,Sumeru Securities Pvt. Ltd.,2026-04-17 13:36:30.144491,Ankhu Khola Jalvidhyut Company Ltd
2026041704013426,AKJCL,26,16,22,395.0,8690.0,2026-04-17,186871239,2788,Asian Securities Private Ltd.,Primo Securities (PVT) Ltd.,2026-04-17 13:36:30.144515,Ankhu Khola Jalvidhyut Company Ltd
2026041704013427,AKJCL,26,62,2000,397.0,794000.0,2026-04-17,186871241,2788,Asian Securities Private Ltd.,Capital Max Securities Ltd,2026-04-17 13:36:30.144542,Ankhu Khola Jalvidhyut Company Ltd
2026041704013428,AKJCL,26,43,110,397.0,43670.0,2026-04-17,186871243,2788,Asian Securities Private Ltd.,South Asian Bulls Pvt. Ltd.,2026-04-17 13:36:30.144566,Ankhu Khola Jalvidhyut Company Ltd
2026041704013429,AKJCL,26,28,368,397.5,146280.0,2026-04-17,186871246,2788,Asian Securities Private Ltd.,Shree Krishna Securities Ltd.,2026-04-17 13:36:30.144601,Ankhu Khola Jalvidhyut Company Ltd
2026041704013536,AKJCL,45,29,40,397.0,15880.0,2026-04-17,186871980,2788,Imperial Securities Company Pvt. Ltd.,Trisul Securities & Invt. Ltd.,2026-04-17 13:37:41.292474,Ankhu Khola Jalvidhyut Company Ltd
2026041704013589,AKJCL,8,3,40,396.9,15876.0,2026-04-17,186872236,2788,Brilliant Securities Pvt. Ltd.,Arun Securities (PVT) Ltd.,2026-04-17 13:37:59.458664,Ankhu Khola Jalvidhyut Company Ltd
2026041704013773,AKJCL,45,33,500,396.5,198250.0,2026-04-17,186873280,2788,Imperial Securities Company Pvt. Ltd.,Dakshinkali Investment & Securities Pvt. Ltd.,2026-04-17 13:39:19.247397,Ankhu Khola Jalvidhyut Company Ltd
2026041704013831,AKJCL,101,62,1000,395.0,395000.0,2026-04-17,186873623,2788,APPLE SECURITIES PRIVATE LIMITED,Capital Max Securities Ltd,2026-04-17 13:39:51.372630,Ankhu Khola Jalvidhyut Company Ltd
2026041704013832,AKJCL,101,57,300,396.0,118800.0,2026-04-17,186873625,2788,APPLE SECURITIES PRIVATE LIMITED,Aryatara Investment & Securities,2026-04-17 13:39:51.373166,Ankhu Khola Jalvidhyut Company Ltd
2026041704013833,AKJCL,101,58,200,396.0,79200.0,2026-04-17,186873628,2788,APPLE SECURITIES PRIVATE LIMITED,Naasa Securities Co. Ltd.,2026-04-17 13:39:51.373521,Ankhu Khola Jalvidhyut Company Ltd
2026041704013867,AKJCL,91,64,400,393.0,157200.0,2026-04-17,186873987,2788,Citizens Share Broker Limited,SUN SECURITIES PVT LTD,2026-04-17 13:40:18.556810,Ankhu Khola Jalvidhyut Company Ltd
2026041704013873,AKJCL,91,29,100,393.0,39300.0,2026-04-17,186874050,2788,Citizens Share Broker Limited,Trisul Securities & Invt. Ltd.,2026-04-17 13:40:27.787075,Ankhu Khola Jalvidhyut Company Ltd
2026041704013874,AKJCL,38,29,1200,393.0,471600.0,2026-04-17,186874052,2788,Dipshikha Dhitopatra Karobar Co. Pvt Ltd.,Trisul Securities & Invt. Ltd.,2026-04-17 13:40:27.787397,Ankhu Khola Jalvidhyut Company Ltd
2026041704014024,AKJCL,45,91,20,392.9,7858.0,2026-04-17,186874970,2788,Imperial Securities Company Pvt. Ltd.,Citizens Share Broker Limited,2026-04-17 13:41:54.695074,Ankhu Khola Jalvidhyut Company Ltd
2026041704014025,AKJCL,64,91,200,392.7,78540.0,2026-04-17,186874972,2788,SUN SECURITIES PVT LTD,Citizens Share Broker Limited,2026-04-17 13:41:54.695400,Ankhu Khola Jalvidhyut Company Ltd
2026041704014026,AKJCL,38,91,60,392.6,23556.0,2026-04-17,186874974,2788,Dipshikha Dhitopatra Karobar Co. Pvt Ltd.,Citizens Share Broker Limited,2026-04-17 13:41:54.695524,Ankhu Khola Jalvidhyut Company Ltd
2026041704014027,AKJCL,91,91,20,392.1,7842.0,2026-04-17,186874975,2788,Citizens Share Broker Limited,Citizens Share Broker Limited,2026-04-17 13:41:54.695648,Ankhu Khola Jalvidhyut Company Ltd
2026041704014034,AKJCL,91,38,180,392.1,70578.0,2026-04-17,186875010,2788,Citizens Share Broker Limited,Dipshikha Dhitopatra Karobar Co. Pvt Ltd.,2026-04-17 13:41:56.928043,Ankhu Khola Jalvidhyut Company Ltd
2026041704014035,AKJCL,41,38,30,392.0,11760.0,2026-04-17,186875012,2788,Linch Stock Market Ltd.,Dipshikha Dhitopatra Karobar Co. Pvt Ltd.,2026-04-17 13:41:56.928339,Ankhu Khola Jalvidhyut Company Ltd
2026041704014121,AKJCL,58,58,200,390.5,78100.0,2026-04-17,186875526,2788,Naasa Securities Co. Ltd.,Naasa Securities Co. Ltd.,2026-04-17 13:42:37.956541,Ankhu Khola Jalvidhyut Company Ltd
2026041704014122,AKJCL,45,58,100,390.5,39050.0,2026-04-17,186875528,2788,Imperial Securities Company Pvt. Ltd.,Naasa Securities Co. Ltd.,2026-04-17 13:42:37.956863,Ankhu Khola Jalvidhyut Company Ltd
2026041704014123,AKJCL,64,58,500,390.2,195100.0,2026-04-17,186875529,2788,SUN SECURITIES PVT LTD,Naasa Securities Co. Ltd.,2026-04-17 13:42:37.956983,Ankhu Khola Jalvidhyut Company Ltd
2026041704014157,AKJCL,64,38,500,390.2,195100.0,2026-04-17,186875692,2788,SUN SECURITIES PVT LTD,Dipshikha Dhitopatra Karobar Co. Pvt Ltd.,2026-04-17 13:42:56.731033,Ankhu Khola Jalvidhyut Company Ltd
2026041704014158,AKJCL,64,38,1000,390.1,390100.0,2026-04-17,186875694,2788,SUN SECURITIES PVT LTD,Dipshikha Dhitopatra Karobar Co. Pvt Ltd.,2026-04-17 13:42:56.731357,Ankhu Khola Jalvidhyut Company Ltd
2026041704014159,AKJCL,21,38,2000,390.0,780000.0,2026-04-17,186875696,2788,Midas Stock Broking Company Private Limited,Dipshikha Dhitopatra Karobar Co. Pvt Ltd.,2026-04-17 13:42:56.731484,Ankhu Khola Jalvidhyut Company Ltd
2026041704014160,AKJCL,56,38,382,390.0,148980.0,2026-04-17,186875698,2788,Sri Hari Securities Pvt. Ltd.,Dipshikha Dhitopatra Karobar Co. Pvt Ltd.,2026-04-17 13:42:56.731611,Ankhu Khola Jalvidhyut Company Ltd
2026041704014161,AKJCL,80,38,750,390.0,292500.0,2026-04-17,186875700,2788,Indira securities pvt. ltd,Dipshikha Dhitopatra Karobar Co. Pvt Ltd.,2026-04-17 13:42:56.731742,Ankhu Khola Jalvidhyut Company Ltd
2026041704014162,AKJCL,80,38,750,390.0,292500.0,2026-04-17,186875702,2788,Indira securities pvt. ltd,Dipshikha Dhitopatra Karobar Co. Pvt Ltd.,2026-04-17 13:42:56.731866,Ankhu Khola Jalvidhyut Company Ltd
2026041704014163,AKJCL,26,38,4618,390.0,1801020.0,2026-04-17,186875703,2788,Asian Securities Private Ltd.,Dipshikha Dhitopatra Karobar Co. Pvt Ltd.,2026-04-17 13:42:56.731976,Ankhu Khola Jalvidhyut Company Ltd
2026041704014178,AKJCL,26,29,2000,390.0,780000.0,2026-04-17,186875787,2788,Asian Securities Private Ltd.,Trisul Securities & Invt. Ltd.,2026-04-17 13:43:09.649403,Ankhu Khola Jalvidhyut Company Ltd
2026041704014189,AKJCL,26,91,882,390.0,343980.0,2026-04-17,186875838,2788,Asian Securities Private Ltd.,Citizens Share Broker Limited,2026-04-17 13:43:13.756784,Ankhu Khola Jalvidhyut Company Ltd
2026041704014190,AKJCL,50,91,2000,390.0,780000.0,2026-04-17,186875840,2788,Cristal Kanchanjanga Securites Pvt. Ltd.,Citizens Share Broker Limited,2026-04-17 13:43:13.757372,Ankhu Khola Jalvidhyut Company Ltd
2026041704014212,AKJCL,38,60,100,389.9,38990.0,2026-04-17,186875970,2788,Dipshikha Dhitopatra Karobar Co. Pvt Ltd.,Nagarik Stock Dealer ,2026-04-17 13:43:28.984902,Ankhu Khola Jalvidhyut Company Ltd
2026041704014213,AKJCL,56,60,200,389.8,77960.0,2026-04-17,186875972,2788,Sri Hari Securities Pvt. Ltd.,Nagarik Stock Dealer ,2026-04-17 13:43:28.984968,Ankhu Khola Jalvidhyut Company Ltd
2026041704014214,AKJCL,21,60,300,389.1,116730.0,2026-04-17,186875974,2788,Midas Stock Broking Company Private Limited,Nagarik Stock Dealer ,2026-04-17 13:43:28.984997,Ankhu Khola Jalvidhyut Company Ltd
2026041704014215,AKJCL,58,60,250,388.0,97000.0,2026-04-17,186875976,2788,Naasa Securities Co. Ltd.,Nagarik Stock Dealer ,2026-04-17 13:43:28.985022,Ankhu Khola Jalvidhyut Company Ltd
2026041704014216,AKJCL,60,60,1000,388.0,388000.0,2026-04-17,186875978,2788,Nagarik Stock Dealer ,Nagarik Stock Dealer ,2026-04-17 13:43:28.985048,Ankhu Khola Jalvidhyut Company Ltd
2026041704014217,AKJCL,48,60,1000,388.0,388000.0,2026-04-17,186875980,2788,Trishakti Securities Public Limited,Nagarik Stock Dealer ,2026-04-17 13:43:28.985115,Ankhu Khola Jalvidhyut Company Ltd
2026041704014218,AKJCL,65,60,100,388.0,38800.0,2026-04-17,186875982,2788,Sharepro Securities Private Limited,Nagarik Stock Dealer ,2026-04-17 13:43:28.985140,Ankhu Khola Jalvidhyut Company Ltd
2026041704014219,AKJCL,21,60,1050,388.0,407400.0,2026-04-17,186875983,2788,Midas Stock Broking Company Private Limited,Nagarik Stock Dealer ,2026-04-17 13:43:28.985160,Ankhu Khola Jalvidhyut Company Ltd
2026041704014366,AKJCL,91,19,150,388.1,58215.0,2026-04-17,186876770,2788,Citizens Share Broker Limited,Nepal Investment And Securities Trading Private Limited,2026-04-17 13:44:12.703776,Ankhu Khola Jalvidhyut Company Ltd
2026041704014367,AKJCL,21,19,850,388.0,329800.0,2026-04-17,186876771,2788,Midas Stock Broking Company Private Limited,Nepal Investment And Securities Trading Private Limited,2026-04-17 13:44:12.704089,Ankhu Khola Jalvidhyut Company Ltd
2026041704014504,AKJCL,19,91,100,390.0,39000.0,2026-04-17,186877606,2788,Nepal Investment And Securities Trading Private Limited,Citizens Share Broker Limited,2026-04-17 13:45:15.686866,Ankhu Khola Jalvidhyut Company Ltd
2026041704014590,AKJCL,61,91,45,391.9,17635.5,2026-04-17,186878174,2788,BHOLE GANESH SECURITIES LTD,Citizens Share Broker Limited,2026-04-17 13:46:04.253016,Ankhu Khola Jalvidhyut Company Ltd
2026041704014654,AKJCL,21,91,100,391.9,39190.0,2026-04-17,186878604,2788,Midas Stock Broking Company Private Limited,Citizens Share Broker Limited,2026-04-17 13:47:03.983633,Ankhu Khola Jalvidhyut Company Ltd
2026041704014697,AKJCL,38,58,600,389.0,233400.0,2026-04-17,186879071,2788,Dipshikha Dhitopatra Karobar Co. Pvt Ltd.,Naasa Securities Co. Ltd.,2026-04-17 13:48:02.437454,Ankhu Khola Jalvidhyut Company Ltd
2026041704014791,AKJCL,32,32,10,390.9,3909.0,2026-04-17,186879701,2788,Premier Securities Company Ltd.,Premier Securities Company Ltd.,2026-04-17 13:49:24.208210,Ankhu Khola Jalvidhyut Company Ltd
2026041704014792,AKJCL,32,42,17,391.0,6647.0,2026-04-17,186879703,2788,Premier Securities Company Ltd.,Sani Securities Company Ltd.,2026-04-17 13:49:24.208259,Ankhu Khola Jalvidhyut Company Ltd
2026041704014793,AKJCL,32,91,73,391.9,28608.7,2026-04-17,186879706,2788,Premier Securities Company Ltd.,Citizens Share Broker Limited,2026-04-17 13:49:24.208286,Ankhu Khola Jalvidhyut Company Ltd
2026041704014832,AKJCL,32,91,200,391.9,78380.0,2026-04-17,186879976,2788,Premier Securities Company Ltd.,Citizens Share Broker Limited,2026-04-17 13:49:54.516488,Ankhu Khola Jalvidhyut Company Ltd
2026041704014969,AKJCL,32,94,300,391.8,117540.0,2026-04-17,186881180,2788,Premier Securities Company Ltd.,K.B.L. Securities Limited ,2026-04-17 13:52:42.371797,Ankhu Khola Jalvidhyut Company Ltd
2026041704015077,AKJCL,42,42,10,391.7,3917.0,2026-04-17,186882040,2788,Sani Securities Company Ltd.,Sani Securities Company Ltd.,2026-04-17 13:54:36.052582,Ankhu Khola Jalvidhyut Company Ltd
2026041704015089,AKJCL,38,42,155,391.7,60713.5,2026-04-17,186882092,2788,Dipshikha Dhitopatra Karobar Co. Pvt Ltd.,Sani Securities Company Ltd.,2026-04-17 13:54:44.418646,Ankhu Khola Jalvidhyut Company Ltd
2026041704015167,AKJCL,45,58,20,390.0,7800.0,2026-04-17,186882748,2788,Imperial Securities Company Pvt. Ltd.,Naasa Securities Co. Ltd.,2026-04-17 13:56:10.133680,Ankhu Khola Jalvidhyut Company Ltd
2026041704015168,AKJCL,96,58,30,390.0,11700.0,2026-04-17,186882749,2788,Himalayan Securities Limited,Naasa Securities Co. Ltd.,2026-04-17 13:56:10.133787,Ankhu Khola Jalvidhyut Company Ltd
2026041704015205,AKJCL,91,49,5,385.0,1925.0,2026-04-17,186882879,2788,Citizens Share Broker Limited,Online Securities Pvt. Ltd.,2026-04-17 13:56:28.973778,Ankhu Khola Jalvidhyut Company Ltd
2026041704015207,AKJCL,16,80,300,391.6,117480.0,2026-04-17,186882895,2788,Primo Securities (PVT) Ltd.,Indira securities pvt. ltd,2026-04-17 13:56:31.733747,Ankhu Khola Jalvidhyut Company Ltd
2026041704015208,AKJCL,16,66,700,391.6,274120.0,2026-04-17,186882898,2788,Primo Securities (PVT) Ltd.,Miyo Securities Pvt Ltd,2026-04-17 13:56:31.734056,Ankhu Khola Jalvidhyut Company Ltd
2026041704015214,AKJCL,91,25,9,385.0,3465.0,2026-04-17,186882949,2788,Citizens Share Broker Limited,Sweta Securities Private Limited,2026-04-17 13:56:39.079025,Ankhu Khola Jalvidhyut Company Ltd
2026041704015217,AKJCL,91,57,6,385.0,2310.0,2026-04-17,186882993,2788,Citizens Share Broker Limited,Aryatara Investment & Securities,2026-04-17 13:56:47.959712,Ankhu Khola Jalvidhyut Company Ltd
2026041704015231,AKJCL,91,59,2,386.5,773.0,2026-04-17,186883095,2788,Citizens Share Broker Limited,Deevyaa Securities & Stock House Pvt. Ltd,2026-04-17 13:57:01.186122,Ankhu Khola Jalvidhyut Company Ltd
2026041704015319,AKJCL,59,58,200,391.0,78200.0,2026-04-17,186883995,2788,Deevyaa Securities & Stock House Pvt. Ltd,Naasa Securities Co. Ltd.,2026-04-17 13:59:26.397974,Ankhu Khola Jalvidhyut Company Ltd
2026041704015341,AKJCL,94,42,100,391.5,39150.0,2026-04-17,186884158,2788,K.B.L. Securities Limited ,Sani Securities Company Ltd.,2026-04-17 13:59:55.424129,Ankhu Khola Jalvidhyut Company Ltd
2026041704015355,AKJCL,60,66,300,391.6,117480.0,2026-04-17,186884295,2788,Nagarik Stock Dealer ,Miyo Securities Pvt Ltd,2026-04-17 14:00:16.184174,Ankhu Khola Jalvidhyut Company Ltd
2026041704015356,AKJCL,60,60,700,391.6,274120.0,2026-04-17,186884298,2788,Nagarik Stock Dealer ,Nagarik Stock Dealer ,2026-04-17 14:00:16.184584,Ankhu Khola Jalvidhyut Company Ltd
2026041704015387,AKJCL,35,60,200,391.6,78320.0,2026-04-17,186884506,2788,Kohinoor Investment & Securities Pvt. Ltd.,Nagarik Stock Dealer ,2026-04-17 14:00:48.456368,Ankhu Khola Jalvidhyut Company Ltd
2026041704015427,AKJCL,35,21,20,391.5,7830.0,2026-04-17,186884950,2788,Kohinoor Investment & Securities Pvt. Ltd.,Midas Stock Broking Company Private Limited,2026-04-17 14:01:50.049763,Ankhu Khola Jalvidhyut Company Ltd
2026041704015557,AKJCL,58,21,30,391.5,11745.0,2026-04-17,186889314,2788,Naasa Securities Co. Ltd.,Midas Stock Broking Company Private Limited,2026-04-17 14:04:10.598861,Ankhu Khola Jalvidhyut Company Ltd
2026041704015571,AKJCL,26,21,50,391.5,19575.0,2026-04-17,186889535,2788,Asian Securities Private Ltd.,Midas Stock Broking Company Private Limited,2026-04-17 14:04:27.407961,Ankhu Khola Jalvidhyut Company Ltd
2026041704015572,AKJCL,26,60,100,391.6,39160.0,2026-04-17,186889537,2788,Asian Securities Private Ltd.,Nagarik Stock Dealer ,2026-04-17 14:04:27.408564,Ankhu Khola Jalvidhyut Company Ltd
2026041704015573,AKJCL,26,21,300,391.6,117480.0,2026-04-17,186889539,2788,Asian Securities Private Ltd.,Midas Stock Broking Company Private Limited,2026-04-17 14:04:27.408956,Ankhu Khola Jalvidhyut Company Ltd
2026041704015574,AKJCL,26,42,335,391.7,131219.5,2026-04-17,186889541,2788,Asian Securities Private Ltd.,Sani Securities Company Ltd.,2026-04-17 14:04:27.409336,Ankhu Khola Jalvidhyut Company Ltd
2026041704015575,AKJCL,26,58,443,391.7,173523.1,2026-04-17,186889543,2788,Asian Securities Private Ltd.,Naasa Securities Co. Ltd.,2026-04-17 14:04:27.409706,Ankhu Khola Jalvidhyut Company Ltd
2026041704015576,AKJCL,26,19,15,391.8,5877.0,2026-04-17,186889545,2788,Asian Securities Private Ltd.,Nepal Investment And Securities Trading Private Limited,2026-04-17 14:04:27.410078,Ankhu Khola Jalvidhyut Company Ltd
2026041704015577,AKJCL,26,91,1600,391.9,627040.0,2026-04-17,186889547,2788,Asian Securities Private Ltd.,Citizens Share Broker Limited,2026-04-17 14:04:27.410461,Ankhu Khola Jalvidhyut Company Ltd
2026041704015578,AKJCL,26,38,157,392.0,61544.0,2026-04-17,186889550,2788,Asian Securities Private Ltd.,Dipshikha Dhitopatra Karobar Co. Pvt Ltd.,2026-04-17 14:04:27.410822,Ankhu Khola Jalvidhyut Company Ltd
2026041704015637,AKJCL,58,38,10,392.0,3920.0,2026-04-17,186889912,2788,Naasa Securities Co. Ltd.,Dipshikha Dhitopatra Karobar Co. Pvt Ltd.,2026-04-17 14:04:54.293504,Ankhu Khola Jalvidhyut Company Ltd
2026041704015638,AKJCL,94,38,500,390.3,195150.0,2026-04-17,186889932,2788,K.B.L. Securities Limited ,Dipshikha Dhitopatra Karobar Co. Pvt Ltd.,2026-04-17 14:04:56.374927,Ankhu Khola Jalvidhyut Company Ltd
2026041704015639,AKJCL,60,38,2500,390.2,975500.0,2026-04-17,186889933,2788,Nagarik Stock Dealer ,Dipshikha Dhitopatra Karobar Co. Pvt Ltd.,2026-04-17 14:04:56.375257,Ankhu Khola Jalvidhyut Company Ltd
2026041704015685,AKJCL,29,38,50,392.0,19600.0,2026-04-17,186890392,2788,Trisul Securities & Invt. Ltd.,Dipshikha Dhitopatra Karobar Co. Pvt Ltd.,2026-04-17 14:05:36.568434,Ankhu Khola Jalvidhyut Company Ltd
2026041704015799,AKJCL,8,38,73,392.0,28616.0,2026-04-17,186891159,2788,Brilliant Securities Pvt. Ltd.,Dipshikha Dhitopatra Karobar Co. Pvt Ltd.,2026-04-17 14:06:30.795599,Ankhu Khola Jalvidhyut Company Ltd
2026041704015800,AKJCL,8,71,102,392.0,39984.0,2026-04-17,186891162,2788,Brilliant Securities Pvt. Ltd.,SHUBHAKAMANA SECURITIES PVT. LTD,2026-04-17 14:06:30.796186,Ankhu Khola Jalvidhyut Company Ltd
2026041704016062,AKJCL,22,71,398,392.0,156016.0,2026-04-17,186893981,2788,Siprabi Securities Pvt. Ltd.,SHUBHAKAMANA SECURITIES PVT. LTD,2026-04-17 14:09:24.256004,Ankhu Khola Jalvidhyut Company Ltd
2026041704016063,AKJCL,22,58,20,392.0,7840.0,2026-04-17,186893983,2788,Siprabi Securities Pvt. Ltd.,Naasa Securities Co. Ltd.,2026-04-17 14:09:24.256671,Ankhu Khola Jalvidhyut Company Ltd
2026041704016064,AKJCL,22,66,500,392.0,196000.0,2026-04-17,186893986,2788,Siprabi Securities Pvt. Ltd.,Miyo Securities Pvt Ltd,2026-04-17 14:09:24.257303,Ankhu Khola Jalvidhyut Company Ltd
2026041704016237,AKJCL,57,29,660,393.0,259380.0,2026-04-17,186895197,2788,Aryatara Investment & Securities,Trisul Securities & Invt. Ltd.,2026-04-17 14:10:48.840407,Ankhu Khola Jalvidhyut Company Ltd
2026041704016238,AKJCL,57,49,40,393.0,15720.0,2026-04-17,186895199,2788,Aryatara Investment & Securities,Online Securities Pvt. Ltd.,2026-04-17 14:10:48.840997,Ankhu Khola Jalvidhyut Company Ltd
2026041704016392,AKJCL,66,42,100,394.9,39490.0,2026-04-17,186896369,2788,Miyo Securities Pvt Ltd,Sani Securities Company Ltd.,2026-04-17 14:12:32.288510,Ankhu Khola Jalvidhyut Company Ltd
2026041704016393,AKJCL,66,16,300,395.0,118500.0,2026-04-17,186896371,2788,Miyo Securities Pvt Ltd,Primo Securities (PVT) Ltd.,2026-04-17 14:12:32.288840,Ankhu Khola Jalvidhyut Company Ltd
2026041704016394,AKJCL,66,32,50,395.0,19750.0,2026-04-17,186896373,2788,Miyo Securities Pvt Ltd,Premier Securities Company Ltd.,2026-04-17 14:12:32.288970,Ankhu Khola Jalvidhyut Company Ltd
2026041704016395,AKJCL,66,50,30,395.0,11850.0,2026-04-17,186896375,2788,Miyo Securities Pvt Ltd,Cristal Kanchanjanga Securites Pvt. Ltd.,2026-04-17 14:12:32.289093,Ankhu Khola Jalvidhyut Company Ltd
2026041704016396,AKJCL,66,101,20,395.0,7900.0,2026-04-17,186896378,2788,Miyo Securities Pvt Ltd,APPLE SECURITIES PRIVATE LIMITED,2026-04-17 14:12:32.289216,Ankhu Khola Jalvidhyut Company Ltd
2026041704016463,AKJCL,21,19,1000,394.0,394000.0,2026-04-17,186896719,2788,Midas Stock Broking Company Private Limited,Nepal Investment And Securities Trading Private Limited,2026-04-17 14:13:06.181000,Ankhu Khola Jalvidhyut Company Ltd
2026041704016507,AKJCL,57,66,100,394.0,39400.0,2026-04-17,186896984,2788,Aryatara Investment & Securities,Miyo Securities Pvt Ltd,2026-04-17 14:13:35.805767,Ankhu Khola Jalvidhyut Company Ltd
