contract_id,symbol,buyer_member_id,seller_member_id,volume,price,amount,buyer_broker,seller_broker,transaction_time
2026041704000073,AKPL,40,50,10,280.9,2809.0,Creative Securities Pvt Ltd,Cristal Kanchanjanga Securites Pvt. Ltd.,2026-04-17 11:00:51.958239
2026041704000180,AKPL,42,58,26,280.0,7280.0,Sani Securities Company Ltd.,Naasa Securities Co. Ltd.,2026-04-17 11:02:10.731596
2026041704000181,AKPL,42,95,100,280.0,28000.0,Sani Securities Company Ltd.,Magnet Securities and Investment Company Private Limited,2026-04-17 11:02:10.731731
2026041704000182,AKPL,42,50,374,280.9,105056.6,Sani Securities Company Ltd.,Cristal Kanchanjanga Securites Pvt. Ltd.,2026-04-17 11:02:10.731879
2026041704000235,AKPL,38,14,10,276.9,2769.0,Dipshikha Dhitopatra Karobar Co. Pvt Ltd.,Nepal Stock House (PVT) Ltd.,2026-04-17 11:02:37.276678
2026041704000236,AKPL,48,14,1890,276.0,521640.0,Trishakti Securities Public Limited,Nepal Stock House (PVT) Ltd.,2026-04-17 11:02:37.276753
2026041704000662,AKPL,40,58,10,279.0,2790.0,Creative Securities Pvt Ltd,Naasa Securities Co. Ltd.,2026-04-17 11:08:13.649686
2026041704000724,AKPL,49,58,190,279.0,53010.0,Online Securities Pvt. Ltd.,Naasa Securities Co. Ltd.,2026-04-17 11:08:54.437131
2026041704000777,AKPL,49,36,1000,279.9,279900.0,Online Securities Pvt. Ltd.,Secured Securities Ltd.,2026-04-17 11:09:20.133674
2026041704000832,AKPL,42,42,500,280.0,140000.0,Sani Securities Company Ltd.,Sani Securities Company Ltd.,2026-04-17 11:10:03.892488
2026041704000833,AKPL,42,28,22,280.0,6160.0,Sani Securities Company Ltd.,Shree Krishna Securities Ltd.,2026-04-17 11:10:03.892771
2026041704000834,AKPL,42,67,500,280.3,140150.0,Sani Securities Company Ltd.,Property Wiard Limited,2026-04-17 11:10:03.892936
2026041704000835,AKPL,42,52,180,280.4,50472.0,Sani Securities Company Ltd.,Sundhara Securities Limited,2026-04-17 11:10:03.893096
2026041704000836,AKPL,42,67,500,280.4,140200.0,Sani Securities Company Ltd.,Property Wiard Limited,2026-04-17 11:10:03.893226
2026041704000837,AKPL,42,50,616,280.6,172849.6,Sani Securities Company Ltd.,Cristal Kanchanjanga Securites Pvt. Ltd.,2026-04-17 11:10:03.893430
2026041704000838,AKPL,42,39,322,280.7,90385.4,Sani Securities Company Ltd.,Sumeru Securities Pvt. Ltd.,2026-04-17 11:10:03.893574
2026041704000896,AKPL,67,25,100,280.0,28000.0,Property Wiard Limited,Sweta Securities Private Limited,2026-04-17 11:10:53.485493
2026041704000897,AKPL,67,26,900,280.0,252000.0,Property Wiard Limited,Asian Securities Private Ltd.,2026-04-17 11:10:53.485756
2026041704000918,AKPL,53,26,200,280.0,56000.0,Investment Management Nepal Pvt. Ltd.,Asian Securities Private Ltd.,2026-04-17 11:11:07.175608
2026041704001003,AKPL,49,26,1400,280.0,392000.0,Online Securities Pvt. Ltd.,Asian Securities Private Ltd.,2026-04-17 11:12:19.269084
2026041704001034,AKPL,58,33,10,280.0,2800.0,Naasa Securities Co. Ltd.,Dakshinkali Investment & Securities Pvt. Ltd.,2026-04-17 11:12:59.614399
2026041704001093,AKPL,48,67,20,279.2,5584.0,Trishakti Securities Public Limited,Property Wiard Limited,2026-04-17 11:13:52.403421
2026041704001094,AKPL,41,67,980,279.1,273518.0,Linch Stock Market Ltd.,Property Wiard Limited,2026-04-17 11:13:52.403678
2026041704001102,AKPL,44,33,120,280.0,33600.0,Dynamic Money Managers Securities Pvt. Ltd.,Dakshinkali Investment & Securities Pvt. Ltd.,2026-04-17 11:13:58.721960
2026041704001103,AKPL,44,58,230,280.0,64400.0,Dynamic Money Managers Securities Pvt. Ltd.,Naasa Securities Co. Ltd.,2026-04-17 11:13:58.722104
2026041704001258,AKPL,5,67,300,279.9,83970.0,Market Securities & Exchange (PVT) Ltd.,Property Wiard Limited,2026-04-17 11:15:33.006776
2026041704001309,AKPL,41,58,20,279.1,5582.0,Linch Stock Market Ltd.,Naasa Securities Co. Ltd.,2026-04-17 11:16:06.266553
2026041704001310,AKPL,4,58,60,279.0,16740.0,Opal Securities Investment (PVT) Ltd.,Naasa Securities Co. Ltd.,2026-04-17 11:16:06.266841
2026041704001311,AKPL,41,58,20,279.0,5580.0,Linch Stock Market Ltd.,Naasa Securities Co. Ltd.,2026-04-17 11:16:06.267015
2026041704001312,AKPL,41,43,80,279.0,22320.0,Linch Stock Market Ltd.,South Asian Bulls Pvt. Ltd.,2026-04-17 11:16:07.393356
2026041704001313,AKPL,51,43,100,278.1,27810.0,Oxford Securities Pvt. Ltd.,South Asian Bulls Pvt. Ltd.,2026-04-17 11:16:07.393476
2026041704001402,AKPL,36,67,163,278.0,45314.0,Secured Securities Ltd.,Property Wiard Limited,2026-04-17 11:16:24.118489
2026041704001403,AKPL,13,67,37,277.2,10256.4,Thrive Brokerage House Pvt. Ltd,Property Wiard Limited,2026-04-17 11:16:24.118648
2026041704001462,AKPL,13,26,1463,277.2,405543.6,Thrive Brokerage House Pvt. Ltd,Asian Securities Private Ltd.,2026-04-17 11:16:59.358087
2026041704001463,AKPL,19,26,800,277.1,221680.0,Nepal Investment And Securities Trading Private Limited,Asian Securities Private Ltd.,2026-04-17 11:16:59.358231
2026041704001464,AKPL,42,26,10,277.0,2770.0,Sani Securities Company Ltd.,Asian Securities Private Ltd.,2026-04-17 11:16:59.358292
2026041704001465,AKPL,51,26,200,277.0,55400.0,Oxford Securities Pvt. Ltd.,Asian Securities Private Ltd.,2026-04-17 11:16:59.358362
2026041704001498,AKPL,32,26,12,277.0,3324.0,Premier Securities Company Ltd.,Asian Securities Private Ltd.,2026-04-17 11:17:11.130944
2026041704001508,AKPL,36,58,300,276.6,82980.0,Secured Securities Ltd.,Naasa Securities Co. Ltd.,2026-04-17 11:17:18.338960
2026041704001509,AKPL,58,58,500,276.6,138300.0,Naasa Securities Co. Ltd.,Naasa Securities Co. Ltd.,2026-04-17 11:17:18.339134
2026041704001510,AKPL,34,58,100,276.5,27650.0,Vision Securities Pvt. Ltd,Naasa Securities Co. Ltd.,2026-04-17 11:17:18.339199
2026041704001511,AKPL,14,58,100,276.0,27600.0,Nepal Stock House (PVT) Ltd.,Naasa Securities Co. Ltd.,2026-04-17 11:17:18.339280
2026041704001512,AKPL,45,58,500,276.0,138000.0,Imperial Securities Company Pvt. Ltd.,Naasa Securities Co. Ltd.,2026-04-17 11:17:18.339344
2026041704001513,AKPL,50,58,250,276.0,69000.0,Cristal Kanchanjanga Securites Pvt. Ltd.,Naasa Securities Co. Ltd.,2026-04-17 11:17:18.339399
2026041704001514,AKPL,7,58,20,276.0,5520.0,J.F. Securites (PVT) Ltd.,Naasa Securities Co. Ltd.,2026-04-17 11:17:18.339456
2026041704001515,AKPL,34,58,200,276.0,55200.0,Vision Securities Pvt. Ltd,Naasa Securities Co. Ltd.,2026-04-17 11:17:18.339510
2026041704001516,AKPL,42,58,108,276.0,29808.0,Sani Securities Company Ltd.,Naasa Securities Co. Ltd.,2026-04-17 11:17:18.339566
2026041704001517,AKPL,40,58,922,276.0,254472.0,Creative Securities Pvt Ltd,Naasa Securities Co. Ltd.,2026-04-17 11:17:18.339620
2026041704001671,AKPL,22,38,160,276.1,44176.0,Siprabi Securities Pvt. Ltd.,Dipshikha Dhitopatra Karobar Co. Pvt Ltd.,2026-04-17 11:18:26.459604
2026041704001722,AKPL,29,26,15,277.0,4155.0,Trisul Securities & Invt. Ltd.,Asian Securities Private Ltd.,2026-04-17 11:18:56.153034
2026041704001937,AKPL,41,41,400,277.2,110880.0,Linch Stock Market Ltd.,Linch Stock Market Ltd.,2026-04-17 11:21:03.093339
2026041704001938,AKPL,14,41,20,277.0,5540.0,Nepal Stock House (PVT) Ltd.,Linch Stock Market Ltd.,2026-04-17 11:21:03.093488
2026041704001939,AKPL,71,41,80,277.0,22160.0,SHUBHAKAMANA SECURITIES PVT. LTD,Linch Stock Market Ltd.,2026-04-17 11:21:03.093554
2026041704001963,AKPL,71,95,300,277.0,83100.0,SHUBHAKAMANA SECURITIES PVT. LTD,Magnet Securities and Investment Company Private Limited,2026-04-17 11:21:29.590191
2026041704001998,AKPL,6,41,50,277.9,13895.0,Agrawal Securities (PVT) Ltd.,Linch Stock Market Ltd.,2026-04-17 11:21:55.065860
2026041704002060,AKPL,71,48,70,277.0,19390.0,SHUBHAKAMANA SECURITIES PVT. LTD,Trishakti Securities Public Limited,2026-04-17 11:22:32.626876
2026041704002123,AKPL,34,41,450,277.9,125055.0,Vision Securities Pvt. Ltd,Linch Stock Market Ltd.,2026-04-17 11:22:54.256652
2026041704002124,AKPL,34,58,26,278.0,7228.0,Vision Securities Pvt. Ltd,Naasa Securities Co. Ltd.,2026-04-17 11:22:54.256698
2026041704002125,AKPL,34,20,500,278.0,139000.0,Vision Securities Pvt. Ltd,Sipla Securities Private Limited,2026-04-17 11:22:54.256739
2026041704002126,AKPL,34,46,10,278.0,2780.0,Vision Securities Pvt. Ltd,Kalika Securities Pvt. Ltd.,2026-04-17 11:22:54.256770
2026041704002127,AKPL,34,34,14,278.5,3899.0,Vision Securities Pvt. Ltd,Vision Securities Pvt. Ltd,2026-04-17 11:22:54.256804
2026041704002140,AKPL,34,34,1986,278.5,553101.0,Vision Securities Pvt. Ltd,Vision Securities Pvt. Ltd,2026-04-17 11:23:06.086020
2026041704002141,AKPL,34,39,14,279.9,3918.6,Vision Securities Pvt. Ltd,Sumeru Securities Pvt. Ltd.,2026-04-17 11:23:06.086078
2026041704002410,AKPL,19,95,100,278.0,27800.0,Nepal Investment And Securities Trading Private Limited,Magnet Securities and Investment Company Private Limited,2026-04-17 11:25:39.130567
2026041704002417,AKPL,40,50,100,277.3,27730.0,Creative Securities Pvt Ltd,Cristal Kanchanjanga Securites Pvt. Ltd.,2026-04-17 11:25:50.466230
2026041704002480,AKPL,40,38,500,277.3,138650.0,Creative Securities Pvt Ltd,Dipshikha Dhitopatra Karobar Co. Pvt Ltd.,2026-04-17 11:26:40.597918
2026041704002628,AKPL,48,49,100,277.2,27720.0,Trishakti Securities Public Limited,Online Securities Pvt. Ltd.,2026-04-17 11:28:57.108094
2026041704002629,AKPL,39,49,50,277.1,13855.0,Sumeru Securities Pvt. Ltd.,Online Securities Pvt. Ltd.,2026-04-17 11:28:57.108283
2026041704002630,AKPL,39,49,50,277.1,13855.0,Sumeru Securities Pvt. Ltd.,Online Securities Pvt. Ltd.,2026-04-17 11:28:57.108357
2026041704002631,AKPL,71,49,50,277.0,13850.0,SHUBHAKAMANA SECURITIES PVT. LTD,Online Securities Pvt. Ltd.,2026-04-17 11:28:57.108425
2026041704002632,AKPL,48,49,100,277.0,27700.0,Trishakti Securities Public Limited,Online Securities Pvt. Ltd.,2026-04-17 11:28:57.108493
2026041704002633,AKPL,35,49,100,277.0,27700.0,Kohinoor Investment & Securities Pvt. Ltd.,Online Securities Pvt. Ltd.,2026-04-17 11:28:57.108565
2026041704002634,AKPL,29,49,85,276.8,23528.0,Trisul Securities & Invt. Ltd.,Online Securities Pvt. Ltd.,2026-04-17 11:28:57.108639
2026041704002635,AKPL,22,49,340,276.1,93874.0,Siprabi Securities Pvt. Ltd.,Online Securities Pvt. Ltd.,2026-04-17 11:28:57.108723
2026041704002647,AKPL,88,49,39,276.1,10767.9,Blue Chip Securities Ltd,Online Securities Pvt. Ltd.,2026-04-17 11:29:16.102388
2026041704002669,AKPL,22,49,1000,276.1,276100.0,Siprabi Securities Pvt. Ltd.,Online Securities Pvt. Ltd.,2026-04-17 11:29:39.953962
2026041704002671,AKPL,39,49,40,276.1,11044.0,Sumeru Securities Pvt. Ltd.,Online Securities Pvt. Ltd.,2026-04-17 11:29:41.247248
2026041704002694,AKPL,6,49,50,276.1,13805.0,Agrawal Securities (PVT) Ltd.,Online Securities Pvt. Ltd.,2026-04-17 11:29:59.050377
2026041704002695,AKPL,17,49,4116,276.1,1136427.6,ABC Securities Private Limited,Online Securities Pvt. Ltd.,2026-04-17 11:30:02.370210
2026041704002859,AKPL,1,58,50,276.1,13805.0,Kumari Securities Private Limited,Naasa Securities Co. Ltd.,2026-04-17 11:31:57.321705
2026041704002894,AKPL,17,13,10,278.0,2780.0,ABC Securities Private Limited,Thrive Brokerage House Pvt. Ltd,2026-04-17 11:32:16.111528
2026041704003319,AKPL,14,35,20,277.5,5550.0,Nepal Stock House (PVT) Ltd.,Kohinoor Investment & Securities Pvt. Ltd.,2026-04-17 11:37:17.082203
2026041704003345,AKPL,33,35,129,277.5,35797.5,Dakshinkali Investment & Securities Pvt. Ltd.,Kohinoor Investment & Securities Pvt. Ltd.,2026-04-17 11:37:30.047266
2026041704003468,AKPL,33,66,83,277.5,23032.5,Dakshinkali Investment & Securities Pvt. Ltd.,Miyo Securities Pvt Ltd,2026-04-17 11:39:09.990960
2026041704003689,AKPL,34,13,20,278.0,5560.0,Vision Securities Pvt. Ltd,Thrive Brokerage House Pvt. Ltd,2026-04-17 11:42:45.766593
2026041704003690,AKPL,34,13,480,278.0,133440.0,Vision Securities Pvt. Ltd,Thrive Brokerage House Pvt. Ltd,2026-04-17 11:42:45.766973
2026041704003735,AKPL,84,13,120,278.0,33360.0,MILKY WAY SHARE BROKER COMPANY LTD ,Thrive Brokerage House Pvt. Ltd,2026-04-17 11:43:33.653822
2026041704003736,AKPL,84,34,200,278.0,55600.0,MILKY WAY SHARE BROKER COMPANY LTD ,Vision Securities Pvt. Ltd,2026-04-17 11:43:33.654207
2026041704003795,AKPL,84,16,180,278.0,50040.0,MILKY WAY SHARE BROKER COMPANY LTD ,Primo Securities (PVT) Ltd.,2026-04-17 11:44:40.841751
2026041704003895,AKPL,8,58,1,275.0,275.0,Brilliant Securities Pvt. Ltd.,Naasa Securities Co. Ltd.,2026-04-17 11:46:39.624838
2026041704003957,AKPL,59,16,50,278.0,13900.0,Deevyaa Securities & Stock House Pvt. Ltd,Primo Securities (PVT) Ltd.,2026-04-17 11:47:48.155256
2026041704004082,AKPL,42,16,11,277.0,3047.0,Sani Securities Company Ltd.,Primo Securities (PVT) Ltd.,2026-04-17 11:49:11.172423
2026041704004083,AKPL,41,16,60,277.0,16620.0,Linch Stock Market Ltd.,Primo Securities (PVT) Ltd.,2026-04-17 11:49:11.172602
2026041704004084,AKPL,50,16,500,277.0,138500.0,Cristal Kanchanjanga Securites Pvt. Ltd.,Primo Securities (PVT) Ltd.,2026-04-17 11:49:11.172682
2026041704004123,AKPL,59,16,50,276.3,13815.0,Deevyaa Securities & Stock House Pvt. Ltd,Primo Securities (PVT) Ltd.,2026-04-17 11:49:39.699349
2026041704004124,AKPL,48,16,20,276.2,5524.0,Trishakti Securities Public Limited,Primo Securities (PVT) Ltd.,2026-04-17 11:49:39.699720
2026041704004125,AKPL,1,16,129,276.1,35616.9,Kumari Securities Private Limited,Primo Securities (PVT) Ltd.,2026-04-17 11:49:39.699960
2026041704004271,AKPL,1,1,21,276.1,5798.1,Kumari Securities Private Limited,Kumari Securities Private Limited,2026-04-17 11:51:38.694486
2026041704004272,AKPL,39,1,50,276.1,13805.0,Sumeru Securities Pvt. Ltd.,Kumari Securities Private Limited,2026-04-17 11:51:38.694715
2026041704004273,AKPL,84,1,500,276.1,138050.0,MILKY WAY SHARE BROKER COMPANY LTD ,Kumari Securities Private Limited,2026-04-17 11:51:38.694796
2026041704004274,AKPL,74,1,1000,276.1,276100.0,KALASH STOCK MARKET PVT. LTD.,Kumari Securities Private Limited,2026-04-17 11:51:38.694874
2026041704004275,AKPL,40,1,78,276.0,21528.0,Creative Securities Pvt Ltd,Kumari Securities Private Limited,2026-04-17 11:51:38.694956
2026041704004276,AKPL,22,1,100,276.0,27600.0,Siprabi Securities Pvt. Ltd.,Kumari Securities Private Limited,2026-04-17 11:51:38.695031
2026041704004277,AKPL,67,1,251,276.0,69276.0,Property Wiard Limited,Kumari Securities Private Limited,2026-04-17 11:51:38.695113
2026041704004330,AKPL,67,49,749,276.0,206724.0,Property Wiard Limited,Online Securities Pvt. Ltd.,2026-04-17 11:52:04.644715
2026041704004331,AKPL,58,49,20,276.0,5520.0,Naasa Securities Co. Ltd.,Online Securities Pvt. Ltd.,2026-04-17 11:52:04.645095
2026041704004332,AKPL,49,49,72,276.0,19872.0,Online Securities Pvt. Ltd.,Online Securities Pvt. Ltd.,2026-04-17 11:52:04.645333
2026041704004333,AKPL,42,49,126,276.0,34776.0,Sani Securities Company Ltd.,Online Securities Pvt. Ltd.,2026-04-17 11:52:04.645550
2026041704004334,AKPL,58,49,33,276.0,9108.0,Naasa Securities Co. Ltd.,Online Securities Pvt. Ltd.,2026-04-17 11:52:04.645760
2026041704004483,AKPL,58,58,67,276.0,18492.0,Naasa Securities Co. Ltd.,Naasa Securities Co. Ltd.,2026-04-17 11:53:37.971074
2026041704004484,AKPL,38,58,50,276.0,13800.0,Dipshikha Dhitopatra Karobar Co. Pvt Ltd.,Naasa Securities Co. Ltd.,2026-04-17 11:53:37.971320
2026041704004485,AKPL,14,58,20,276.0,5520.0,Nepal Stock House (PVT) Ltd.,Naasa Securities Co. Ltd.,2026-04-17 11:53:37.971398
2026041704004486,AKPL,38,58,23,276.0,6348.0,Dipshikha Dhitopatra Karobar Co. Pvt Ltd.,Naasa Securities Co. Ltd.,2026-04-17 11:53:37.971476
2026041704004960,AKPL,38,42,50,276.0,13800.0,Dipshikha Dhitopatra Karobar Co. Pvt Ltd.,Sani Securities Company Ltd.,2026-04-17 11:58:01.583025
2026041704005042,AKPL,63,6,500,278.0,139000.0,Himalayan Brokerage Company Limited,Agrawal Securities (PVT) Ltd.,2026-04-17 11:59:01.606859
2026041704005043,AKPL,63,58,200,278.0,55600.0,Himalayan Brokerage Company Limited,Naasa Securities Co. Ltd.,2026-04-17 11:59:01.606979
2026041704005044,AKPL,63,58,30,279.0,8370.0,Himalayan Brokerage Company Limited,Naasa Securities Co. Ltd.,2026-04-17 11:59:01.607072
2026041704005045,AKPL,63,95,200,279.3,55860.0,Himalayan Brokerage Company Limited,Magnet Securities and Investment Company Private Limited,2026-04-17 11:59:01.607148
2026041704005046,AKPL,63,67,5950,279.3,1661835.0,Himalayan Brokerage Company Limited,Property Wiard Limited,2026-04-17 11:59:01.607220
2026041704005052,AKPL,38,74,177,276.0,48852.0,Dipshikha Dhitopatra Karobar Co. Pvt Ltd.,KALASH STOCK MARKET PVT. LTD.,2026-04-17 11:59:10.194063
2026041704005053,AKPL,39,74,50,275.6,13780.0,Sumeru Securities Pvt. Ltd.,KALASH STOCK MARKET PVT. LTD.,2026-04-17 11:59:10.194495
2026041704005054,AKPL,45,74,400,275.5,110200.0,Imperial Securities Company Pvt. Ltd.,KALASH STOCK MARKET PVT. LTD.,2026-04-17 11:59:10.194738
2026041704005055,AKPL,74,74,373,275.3,102686.9,KALASH STOCK MARKET PVT. LTD.,KALASH STOCK MARKET PVT. LTD.,2026-04-17 11:59:10.194973
2026041704006012,AKPL,8,50,1,270.5,270.5,Brilliant Securities Pvt. Ltd.,Cristal Kanchanjanga Securites Pvt. Ltd.,2026-04-17 12:06:32.907239
2026041704006076,AKPL,19,38,20,275.6,5512.0,Nepal Investment And Securities Trading Private Limited,Dipshikha Dhitopatra Karobar Co. Pvt Ltd.,2026-04-17 12:07:06.411677
2026041704006077,AKPL,74,38,10,275.6,2756.0,KALASH STOCK MARKET PVT. LTD.,Dipshikha Dhitopatra Karobar Co. Pvt Ltd.,2026-04-17 12:07:06.411928
2026041704006424,AKPL,74,57,290,275.6,79924.0,KALASH STOCK MARKET PVT. LTD.,Aryatara Investment & Securities,2026-04-17 12:10:12.400807
2026041704006425,AKPL,34,57,200,275.5,55100.0,Vision Securities Pvt. Ltd,Aryatara Investment & Securities,2026-04-17 12:10:12.401050
2026041704006426,AKPL,26,57,300,275.5,82650.0,Asian Securities Private Ltd.,Aryatara Investment & Securities,2026-04-17 12:10:12.401142
2026041704006427,AKPL,68,57,1000,275.5,275500.0,Elite Stock House Limited,Aryatara Investment & Securities,2026-04-17 12:10:12.401230
2026041704006428,AKPL,7,57,10,275.5,2755.0,J.F. Securites (PVT) Ltd.,Aryatara Investment & Securities,2026-04-17 12:10:12.401329
2026041704006487,AKPL,7,26,20,275.5,5510.0,J.F. Securites (PVT) Ltd.,Asian Securities Private Ltd.,2026-04-17 12:10:19.280397
2026041704006488,AKPL,38,26,500,275.5,137750.0,Dipshikha Dhitopatra Karobar Co. Pvt Ltd.,Asian Securities Private Ltd.,2026-04-17 12:10:19.280784
2026041704006489,AKPL,74,26,627,275.3,172613.1,KALASH STOCK MARKET PVT. LTD.,Asian Securities Private Ltd.,2026-04-17 12:10:19.281061
2026041704006490,AKPL,74,26,500,275.3,137650.0,KALASH STOCK MARKET PVT. LTD.,Asian Securities Private Ltd.,2026-04-17 12:10:19.281333
2026041704006491,AKPL,56,26,853,275.2,234745.6,Sri Hari Securities Pvt. Ltd.,Asian Securities Private Ltd.,2026-04-17 12:10:19.281595
2026041704006544,AKPL,28,57,168,275.5,46284.0,Shree Krishna Securities Ltd.,Aryatara Investment & Securities,2026-04-17 12:10:55.329391
2026041704006564,AKPL,56,39,500,275.2,137600.0,Sri Hari Securities Pvt. Ltd.,Sumeru Securities Pvt. Ltd.,2026-04-17 12:11:01.760691
2026041704006585,AKPL,56,60,500,275.2,137600.0,Sri Hari Securities Pvt. Ltd.,Nagarik Stock Dealer ,2026-04-17 12:11:12.897445
2026041704006624,AKPL,56,45,500,275.2,137600.0,Sri Hari Securities Pvt. Ltd.,Imperial Securities Company Pvt. Ltd.,2026-04-17 12:11:38.795989
2026041704006689,AKPL,56,62,650,275.2,178880.0,Sri Hari Securities Pvt. Ltd.,Capital Max Securities Ltd,2026-04-17 12:12:03.638367
2026041704006808,AKPL,56,34,10,275.2,2752.0,Sri Hari Securities Pvt. Ltd.,Vision Securities Pvt. Ltd,2026-04-17 12:12:52.138501
2026041704006810,AKPL,56,57,1987,275.2,546822.4,Sri Hari Securities Pvt. Ltd.,Aryatara Investment & Securities,2026-04-17 12:12:52.666539
2026041704006939,AKPL,35,26,25,275.1,6877.5,Kohinoor Investment & Securities Pvt. Ltd.,Asian Securities Private Ltd.,2026-04-17 12:13:36.116891
2026041704006940,AKPL,59,26,175,275.1,48142.5,Deevyaa Securities & Stock House Pvt. Ltd,Asian Securities Private Ltd.,2026-04-17 12:13:36.117260
2026041704006944,AKPL,4,57,80,275.2,22016.0,Opal Securities Investment (PVT) Ltd.,Aryatara Investment & Securities,2026-04-17 12:13:39.024678
2026041704006967,AKPL,59,39,325,275.1,89407.5,Deevyaa Securities & Stock House Pvt. Ltd,Sumeru Securities Pvt. Ltd.,2026-04-17 12:13:51.980395
2026041704006968,AKPL,7,39,20,275.0,5500.0,J.F. Securites (PVT) Ltd.,Sumeru Securities Pvt. Ltd.,2026-04-17 12:13:51.980795
2026041704006969,AKPL,35,39,50,275.0,13750.0,Kohinoor Investment & Securities Pvt. Ltd.,Sumeru Securities Pvt. Ltd.,2026-04-17 12:13:51.981096
2026041704006970,AKPL,1,39,200,275.0,55000.0,Kumari Securities Private Limited,Sumeru Securities Pvt. Ltd.,2026-04-17 12:13:51.981377
2026041704006971,AKPL,1,39,405,275.0,111375.0,Kumari Securities Private Limited,Sumeru Securities Pvt. Ltd.,2026-04-17 12:13:51.981761
2026041704007114,AKPL,1,57,95,275.0,26125.0,Kumari Securities Private Limited,Aryatara Investment & Securities,2026-04-17 12:15:21.486824
2026041704007115,AKPL,70,57,508,275.0,139700.0,Infinity Securities Limited,Aryatara Investment & Securities,2026-04-17 12:15:21.487284
2026041704007125,AKPL,95,25,200,275.1,55020.0,Magnet Securities and Investment Company Private Limited,Sweta Securities Private Limited,2026-04-17 12:15:29.088453
2026041704007133,AKPL,70,39,492,275.0,135300.0,Infinity Securities Limited,Sumeru Securities Pvt. Ltd.,2026-04-17 12:15:34.590888
2026041704007134,AKPL,17,39,200,275.0,55000.0,ABC Securities Private Limited,Sumeru Securities Pvt. Ltd.,2026-04-17 12:15:34.591143
2026041704007135,AKPL,26,39,200,275.0,55000.0,Asian Securities Private Ltd.,Sumeru Securities Pvt. Ltd.,2026-04-17 12:15:34.591241
2026041704007136,AKPL,14,39,15,275.0,4125.0,Nepal Stock House (PVT) Ltd.,Sumeru Securities Pvt. Ltd.,2026-04-17 12:15:34.591335
2026041704007137,AKPL,58,39,50,275.0,13750.0,Naasa Securities Co. Ltd.,Sumeru Securities Pvt. Ltd.,2026-04-17 12:15:34.591434
2026041704007138,AKPL,49,39,195,275.0,53625.0,Online Securities Pvt. Ltd.,Sumeru Securities Pvt. Ltd.,2026-04-17 12:15:34.591568
2026041704007139,AKPL,22,39,548,275.0,150700.0,Siprabi Securities Pvt. Ltd.,Sumeru Securities Pvt. Ltd.,2026-04-17 12:15:34.591711
2026041704007243,AKPL,17,51,1000,275.1,275100.0,ABC Securities Private Limited,Oxford Securities Pvt. Ltd.,2026-04-17 12:16:32.391708
2026041704007435,AKPL,28,17,11,275.1,3026.1,Shree Krishna Securities Ltd.,ABC Securities Private Limited,2026-04-17 12:18:26.619379
2026041704007459,AKPL,28,17,141,275.1,38789.1,Shree Krishna Securities Ltd.,ABC Securities Private Limited,2026-04-17 12:18:40.463036
2026041704007510,AKPL,58,57,25,275.2,6880.0,Naasa Securities Co. Ltd.,Aryatara Investment & Securities,2026-04-17 12:19:13.005991
2026041704007576,AKPL,58,58,100,275.3,27530.0,Naasa Securities Co. Ltd.,Naasa Securities Co. Ltd.,2026-04-17 12:19:42.264374
2026041704007577,AKPL,58,13,75,275.4,20655.0,Naasa Securities Co. Ltd.,Thrive Brokerage House Pvt. Ltd,2026-04-17 12:19:42.264630
2026041704007732,AKPL,28,58,50,275.1,13755.0,Shree Krishna Securities Ltd.,Naasa Securities Co. Ltd.,2026-04-17 12:21:29.982219
2026041704007750,AKPL,42,13,50,275.4,13770.0,Sani Securities Company Ltd.,Thrive Brokerage House Pvt. Ltd,2026-04-17 12:21:36.843636
2026041704007989,AKPL,32,13,375,275.4,103275.0,Premier Securities Company Ltd.,Thrive Brokerage House Pvt. Ltd,2026-04-17 12:24:34.967429
2026041704007990,AKPL,32,34,216,275.4,59486.4,Premier Securities Company Ltd.,Vision Securities Pvt. Ltd,2026-04-17 12:24:34.967905
2026041704007991,AKPL,32,57,32,275.5,8816.0,Premier Securities Company Ltd.,Aryatara Investment & Securities,2026-04-17 12:24:34.968238
2026041704007992,AKPL,32,44,362,275.5,99731.0,Premier Securities Company Ltd.,Dynamic Money Managers Securities Pvt. Ltd.,2026-04-17 12:24:34.968540
2026041704007993,AKPL,32,57,15,277.0,4155.0,Premier Securities Company Ltd.,Aryatara Investment & Securities,2026-04-17 12:24:34.968862
2026041704008259,AKPL,28,34,298,275.1,81979.8,Shree Krishna Securities Ltd.,Vision Securities Pvt. Ltd,2026-04-17 12:28:21.472198
2026041704008260,AKPL,22,34,32,275.0,8800.0,Siprabi Securities Pvt. Ltd.,Vision Securities Pvt. Ltd,2026-04-17 12:28:21.472507
2026041704008498,AKPL,83,58,100,275.2,27520.0,Sanima Securities Limited,Naasa Securities Co. Ltd.,2026-04-17 12:31:44.349279
2026041704008499,AKPL,50,58,120,275.2,33024.0,Cristal Kanchanjanga Securites Pvt. Ltd.,Naasa Securities Co. Ltd.,2026-04-17 12:31:44.349372
2026041704008519,AKPL,38,21,25,276.8,6920.0,Dipshikha Dhitopatra Karobar Co. Pvt Ltd.,Midas Stock Broking Company Private Limited,2026-04-17 12:32:05.659043
2026041704008549,AKPL,13,63,500,275.3,137650.0,Thrive Brokerage House Pvt. Ltd,Himalayan Brokerage Company Limited,2026-04-17 12:32:24.036792
2026041704008585,AKPL,42,4,100,275.6,27560.0,Sani Securities Company Ltd.,Opal Securities Investment (PVT) Ltd.,2026-04-17 12:32:42.185835
2026041704008711,AKPL,42,63,400,275.6,110240.0,Sani Securities Company Ltd.,Himalayan Brokerage Company Limited,2026-04-17 12:33:38.289514
2026041704008734,AKPL,25,21,100,276.8,27680.0,Sweta Securities Private Limited,Midas Stock Broking Company Private Limited,2026-04-17 12:33:51.671718
2026041704008735,AKPL,42,4,100,275.6,27560.0,Sani Securities Company Ltd.,Opal Securities Investment (PVT) Ltd.,2026-04-17 12:33:52.071173
2026041704008810,AKPL,25,57,25,276.0,6900.0,Sweta Securities Private Limited,Aryatara Investment & Securities,2026-04-17 12:35:14.967772
2026041704008926,AKPL,51,21,200,276.8,55360.0,Oxford Securities Pvt. Ltd.,Midas Stock Broking Company Private Limited,2026-04-17 12:36:45.093606
2026041704008972,AKPL,42,26,20,275.6,5512.0,Sani Securities Company Ltd.,Asian Securities Private Ltd.,2026-04-17 12:37:13.637604
2026041704009260,AKPL,48,45,1300,276.7,359710.0,Trishakti Securities Public Limited,Imperial Securities Company Pvt. Ltd.,2026-04-17 12:41:21.706699
2026041704009261,AKPL,48,21,1175,276.8,325240.0,Trishakti Securities Public Limited,Midas Stock Broking Company Private Limited,2026-04-17 12:41:21.707240
2026041704009262,AKPL,48,57,10,277.0,2770.0,Trishakti Securities Public Limited,Aryatara Investment & Securities,2026-04-17 12:41:21.707568
2026041704009263,AKPL,48,18,50,277.0,13850.0,Trishakti Securities Public Limited,Sagarmatha Securities Private Limited,2026-04-17 12:41:21.707874
2026041704009264,AKPL,48,21,2400,277.0,664800.0,Trishakti Securities Public Limited,Midas Stock Broking Company Private Limited,2026-04-17 12:41:21.708192
2026041704009314,AKPL,1,79,150,278.0,41700.0,Kumari Securities Private Limited,pahiinvestment,2026-04-17 12:42:07.623086
2026041704009315,AKPL,1,22,350,278.0,97300.0,Kumari Securities Private Limited,Siprabi Securities Pvt. Ltd.,2026-04-17 12:42:07.623365
2026041704009324,AKPL,38,22,150,278.0,41700.0,Dipshikha Dhitopatra Karobar Co. Pvt Ltd.,Siprabi Securities Pvt. Ltd.,2026-04-17 12:42:21.662099
2026041704009398,AKPL,45,58,250,278.4,69600.0,Imperial Securities Company Pvt. Ltd.,Naasa Securities Co. Ltd.,2026-04-17 12:43:28.326931
2026041704009452,AKPL,51,89,2000,278.0,556000.0,Oxford Securities Pvt. Ltd.,Global IME Securities Limited,2026-04-17 12:43:59.553382
2026041704009480,AKPL,10,89,115,278.0,31970.0,Pragyan Securities (PVT) Ltd.,Global IME Securities Limited,2026-04-17 12:44:33.186391
2026041704009492,AKPL,51,89,1000,278.0,278000.0,Oxford Securities Pvt. Ltd.,Global IME Securities Limited,2026-04-17 12:44:40.640193
2026041704009671,AKPL,49,67,300,277.9,83370.0,Online Securities Pvt. Ltd.,Property Wiard Limited,2026-04-17 12:47:02.788032
2026041704009791,AKPL,74,81,1000,277.0,277000.0,KALASH STOCK MARKET PVT. LTD.,Aakashbhairab Securities Ltd.,2026-04-17 12:48:29.383336
2026041704009852,AKPL,51,67,700,277.9,194530.0,Oxford Securities Pvt. Ltd.,Property Wiard Limited,2026-04-17 12:48:55.265524
2026041704009853,AKPL,51,89,300,278.0,83400.0,Oxford Securities Pvt. Ltd.,Global IME Securities Limited,2026-04-17 12:48:55.265754
2026041704009885,AKPL,51,89,2585,278.0,718630.0,Oxford Securities Pvt. Ltd.,Global IME Securities Limited,2026-04-17 12:49:13.067016
2026041704009886,AKPL,51,89,415,278.0,115370.0,Oxford Securities Pvt. Ltd.,Global IME Securities Limited,2026-04-17 12:49:13.067293
2026041704009948,AKPL,51,25,100,277.9,27790.0,Oxford Securities Pvt. Ltd.,Sweta Securities Private Limited,2026-04-17 12:50:01.490734
2026041704009949,AKPL,51,67,500,277.9,138950.0,Oxford Securities Pvt. Ltd.,Property Wiard Limited,2026-04-17 12:50:01.491216
2026041704009950,AKPL,51,67,500,277.9,138950.0,Oxford Securities Pvt. Ltd.,Property Wiard Limited,2026-04-17 12:50:01.491554
2026041704009994,AKPL,10,26,300,277.9,83370.0,Pragyan Securities (PVT) Ltd.,Asian Securities Private Ltd.,2026-04-17 12:50:16.752393
2026041704010051,AKPL,74,26,200,277.9,55580.0,KALASH STOCK MARKET PVT. LTD.,Asian Securities Private Ltd.,2026-04-17 12:50:57.443749
2026041704010052,AKPL,74,26,300,277.9,83370.0,KALASH STOCK MARKET PVT. LTD.,Asian Securities Private Ltd.,2026-04-17 12:50:57.444036
2026041704010092,AKPL,45,89,500,277.8,138900.0,Imperial Securities Company Pvt. Ltd.,Global IME Securities Limited,2026-04-17 12:51:21.069198
2026041704010106,AKPL,57,89,500,277.8,138900.0,Aryatara Investment & Securities,Global IME Securities Limited,2026-04-17 12:51:28.929482
2026041704010173,AKPL,41,65,100,277.1,27710.0,Linch Stock Market Ltd.,Sharepro Securities Private Limited,2026-04-17 12:51:56.116179
2026041704010218,AKPL,74,67,500,277.0,138500.0,KALASH STOCK MARKET PVT. LTD.,Property Wiard Limited,2026-04-17 12:52:10.843510
2026041704010428,AKPL,45,95,200,276.6,55320.0,Imperial Securities Company Pvt. Ltd.,Magnet Securities and Investment Company Private Limited,2026-04-17 12:53:46.682457
2026041704010429,AKPL,51,58,26,277.0,7202.0,Oxford Securities Pvt. Ltd.,Naasa Securities Co. Ltd.,2026-04-17 12:53:48.598496
2026041704010440,AKPL,51,58,474,277.0,131298.0,Oxford Securities Pvt. Ltd.,Naasa Securities Co. Ltd.,2026-04-17 12:53:56.038868
2026041704010486,AKPL,41,60,100,276.7,27670.0,Linch Stock Market Ltd.,Nagarik Stock Dealer ,2026-04-17 12:54:25.884384
2026041704010487,AKPL,45,60,50,276.6,13830.0,Imperial Securities Company Pvt. Ltd.,Nagarik Stock Dealer ,2026-04-17 12:54:25.884677
2026041704010488,AKPL,51,60,150,276.6,41490.0,Oxford Securities Pvt. Ltd.,Nagarik Stock Dealer ,2026-04-17 12:54:25.884808
2026041704010505,AKPL,51,43,50,276.6,13830.0,Oxford Securities Pvt. Ltd.,South Asian Bulls Pvt. Ltd.,2026-04-17 12:54:34.650146
2026041704010559,AKPL,10,95,145,276.5,40092.5,Pragyan Securities (PVT) Ltd.,Magnet Securities and Investment Company Private Limited,2026-04-17 12:54:52.447014
2026041704010560,AKPL,38,95,13,276.1,3589.3,Dipshikha Dhitopatra Karobar Co. Pvt Ltd.,Magnet Securities and Investment Company Private Limited,2026-04-17 12:54:52.447534
2026041704010826,AKPL,42,26,5,275.6,1378.0,Sani Securities Company Ltd.,Asian Securities Private Ltd.,2026-04-17 12:57:03.916857
2026041704010982,AKPL,38,26,67,276.1,18498.7,Dipshikha Dhitopatra Karobar Co. Pvt Ltd.,Asian Securities Private Ltd.,2026-04-17 12:57:22.054470
2026041704010983,AKPL,22,26,200,276.1,55220.0,Siprabi Securities Pvt. Ltd.,Asian Securities Private Ltd.,2026-04-17 12:57:22.054969
2026041704010984,AKPL,51,26,100,275.7,27570.0,Oxford Securities Pvt. Ltd.,Asian Securities Private Ltd.,2026-04-17 12:57:22.055275
2026041704010985,AKPL,35,26,206,275.7,56794.2,Kohinoor Investment & Securities Pvt. Ltd.,Asian Securities Private Ltd.,2026-04-17 12:57:22.055609
2026041704011361,AKPL,3,58,10,276.0,2760.0,Arun Securities (PVT) Ltd.,Naasa Securities Co. Ltd.,2026-04-17 13:04:38.748276
2026041704011362,AKPL,3,14,20,276.0,5520.0,Arun Securities (PVT) Ltd.,Nepal Stock House (PVT) Ltd.,2026-04-17 13:04:38.748562
2026041704011368,AKPL,3,58,1970,276.0,543720.0,Arun Securities (PVT) Ltd.,Naasa Securities Co. Ltd.,2026-04-17 13:04:48.236147
2026041704011388,AKPL,85,57,500,275.9,137950.0,Capital Hub P. Ltd,Aryatara Investment & Securities,2026-04-17 13:05:15.348307
2026041704011389,AKPL,58,57,200,275.9,55180.0,Naasa Securities Co. Ltd.,Aryatara Investment & Securities,2026-04-17 13:05:15.348358
2026041704011496,AKPL,32,48,50,276.1,13805.0,Premier Securities Company Ltd.,Trishakti Securities Public Limited,2026-04-17 13:08:11.788712
2026041704011514,AKPL,32,58,50,276.1,13805.0,Premier Securities Company Ltd.,Naasa Securities Co. Ltd.,2026-04-17 13:08:50.013436
2026041704011515,AKPL,39,58,950,276.0,262200.0,Sumeru Securities Pvt. Ltd.,Naasa Securities Co. Ltd.,2026-04-17 13:08:50.013496
2026041704011543,AKPL,39,16,50,276.0,13800.0,Sumeru Securities Pvt. Ltd.,Primo Securities (PVT) Ltd.,2026-04-17 13:09:29.545171
2026041704011544,AKPL,75,16,50,276.0,13800.0,N.I.M.B. Stock Markets Limited,Primo Securities (PVT) Ltd.,2026-04-17 13:09:29.545695
2026041704011545,AKPL,77,16,10,276.0,2760.0,Nabil Stock Dealer Ltd.,Primo Securities (PVT) Ltd.,2026-04-17 13:09:29.546009
2026041704011547,AKPL,58,16,800,275.9,220720.0,Naasa Securities Co. Ltd.,Primo Securities (PVT) Ltd.,2026-04-17 13:09:37.618592
2026041704011548,AKPL,56,16,90,275.9,24831.0,Sri Hari Securities Pvt. Ltd.,Primo Securities (PVT) Ltd.,2026-04-17 13:09:37.618927
2026041704011677,AKPL,74,58,200,276.0,55200.0,KALASH STOCK MARKET PVT. LTD.,Naasa Securities Co. Ltd.,2026-04-17 13:12:36.801239
2026041704011697,AKPL,45,58,500,276.0,138000.0,Imperial Securities Company Pvt. Ltd.,Naasa Securities Co. Ltd.,2026-04-17 13:13:05.716104
2026041704011710,AKPL,56,62,960,275.9,264864.0,Sri Hari Securities Pvt. Ltd.,Capital Max Securities Ltd,2026-04-17 13:13:21.643959
2026041704011711,AKPL,14,62,59,275.9,16278.1,Nepal Stock House (PVT) Ltd.,Capital Max Securities Ltd,2026-04-17 13:13:21.644523
2026041704011752,AKPL,58,58,100,276.0,27600.0,Naasa Securities Co. Ltd.,Naasa Securities Co. Ltd.,2026-04-17 13:14:04.571024
2026041704011799,AKPL,35,58,200,276.0,55200.0,Kohinoor Investment & Securities Pvt. Ltd.,Naasa Securities Co. Ltd.,2026-04-17 13:14:37.886277
2026041704011881,AKPL,74,58,1000,276.1,276100.0,KALASH STOCK MARKET PVT. LTD.,Naasa Securities Co. Ltd.,2026-04-17 13:17:11.699840
2026041704011920,AKPL,34,43,200,276.6,55320.0,Vision Securities Pvt. Ltd,South Asian Bulls Pvt. Ltd.,2026-04-17 13:18:08.449087
2026041704011952,AKPL,25,43,20,276.6,5532.0,Sweta Securities Private Limited,South Asian Bulls Pvt. Ltd.,2026-04-17 13:18:36.033612
2026041704012190,AKPL,53,61,175,276.2,48335.0,Investment Management Nepal Pvt. Ltd.,BHOLE GANESH SECURITIES LTD,2026-04-17 13:21:46.103249
2026041704012191,AKPL,36,61,2000,276.1,552200.0,Secured Securities Ltd.,BHOLE GANESH SECURITIES LTD,2026-04-17 13:21:46.103365
2026041704012192,AKPL,7,61,20,276.1,5522.0,J.F. Securites (PVT) Ltd.,BHOLE GANESH SECURITIES LTD,2026-04-17 13:21:46.103468
2026041704012193,AKPL,7,61,30,276.0,8280.0,J.F. Securites (PVT) Ltd.,BHOLE GANESH SECURITIES LTD,2026-04-17 13:21:46.103567
2026041704012194,AKPL,44,61,100,276.0,27600.0,Dynamic Money Managers Securities Pvt. Ltd.,BHOLE GANESH SECURITIES LTD,2026-04-17 13:21:46.103630
2026041704012195,AKPL,51,61,50,276.0,13800.0,Oxford Securities Pvt. Ltd.,BHOLE GANESH SECURITIES LTD,2026-04-17 13:21:46.103694
2026041704012196,AKPL,14,61,1000,276.0,276000.0,Nepal Stock House (PVT) Ltd.,BHOLE GANESH SECURITIES LTD,2026-04-17 13:21:46.103753
2026041704012197,AKPL,13,61,1500,276.0,414000.0,Thrive Brokerage House Pvt. Ltd,BHOLE GANESH SECURITIES LTD,2026-04-17 13:21:46.103816
2026041704012198,AKPL,14,61,125,275.9,34487.5,Nepal Stock House (PVT) Ltd.,BHOLE GANESH SECURITIES LTD,2026-04-17 13:21:46.103885
2026041704012226,AKPL,17,43,30,276.6,8298.0,ABC Securities Private Limited,South Asian Bulls Pvt. Ltd.,2026-04-17 13:22:34.000073
2026041704012227,AKPL,17,58,170,277.0,47090.0,ABC Securities Private Limited,Naasa Securities Co. Ltd.,2026-04-17 13:22:34.000640
2026041704012390,AKPL,36,58,687,277.0,190299.0,Secured Securities Ltd.,Naasa Securities Co. Ltd.,2026-04-17 13:24:55.310429
2026041704012391,AKPL,36,58,1000,277.0,277000.0,Secured Securities Ltd.,Naasa Securities Co. Ltd.,2026-04-17 13:24:55.310715
2026041704012392,AKPL,36,58,813,277.0,225201.0,Secured Securities Ltd.,Naasa Securities Co. Ltd.,2026-04-17 13:24:55.310830
2026041704012393,AKPL,47,17,200,276.0,55200.0,Neev Securities Pvt. Ltd.,ABC Securities Private Limited,2026-04-17 13:24:55.962349
2026041704012394,AKPL,48,17,1000,276.0,276000.0,Trishakti Securities Public Limited,ABC Securities Private Limited,2026-04-17 13:24:55.962846
2026041704012481,AKPL,13,58,187,277.0,51799.0,Thrive Brokerage House Pvt. Ltd,Naasa Securities Co. Ltd.,2026-04-17 13:26:52.530527
2026041704012482,AKPL,13,58,813,277.0,225201.0,Thrive Brokerage House Pvt. Ltd,Naasa Securities Co. Ltd.,2026-04-17 13:26:52.531071
2026041704012511,AKPL,50,58,1000,277.0,277000.0,Cristal Kanchanjanga Securites Pvt. Ltd.,Naasa Securities Co. Ltd.,2026-04-17 13:27:33.618746
2026041704012556,AKPL,62,58,187,277.0,51799.0,Capital Max Securities Ltd,Naasa Securities Co. Ltd.,2026-04-17 13:28:11.933073
2026041704012557,AKPL,62,22,20,277.0,5540.0,Capital Max Securities Ltd,Siprabi Securities Pvt. Ltd.,2026-04-17 13:28:11.933354
2026041704012651,AKPL,58,26,28,277.9,7781.2,Naasa Securities Co. Ltd.,Asian Securities Private Ltd.,2026-04-17 13:29:42.767303
2026041704012713,AKPL,62,26,43,277.9,11949.7,Capital Max Securities Ltd,Asian Securities Private Ltd.,2026-04-17 13:30:25.951683
2026041704012803,AKPL,48,11,20,277.0,5540.0,Trishakti Securities Public Limited,Malla & Malla Stock Broking Company Pvt. Limited,2026-04-17 13:31:09.822421
2026041704012804,AKPL,85,11,100,276.9,27690.0,Capital Hub P. Ltd,Malla & Malla Stock Broking Company Pvt. Limited,2026-04-17 13:31:09.823072
2026041704012946,AKPL,10,26,129,277.9,35849.1,Pragyan Securities (PVT) Ltd.,Asian Securities Private Ltd.,2026-04-17 13:32:09.132442
2026041704012947,AKPL,10,26,250,277.9,69475.0,Pragyan Securities (PVT) Ltd.,Asian Securities Private Ltd.,2026-04-17 13:32:09.132724
2026041704012948,AKPL,10,45,121,277.9,33625.9,Pragyan Securities (PVT) Ltd.,Imperial Securities Company Pvt. Ltd.,2026-04-17 13:32:09.132836
2026041704013017,AKPL,34,45,129,277.9,35849.1,Vision Securities Pvt. Ltd,Imperial Securities Company Pvt. Ltd.,2026-04-17 13:32:47.890124
2026041704013028,AKPL,34,58,21,277.9,5835.9,Vision Securities Pvt. Ltd,Naasa Securities Co. Ltd.,2026-04-17 13:32:58.805754
2026041704013043,AKPL,32,58,129,277.9,35849.1,Premier Securities Company Ltd.,Naasa Securities Co. Ltd.,2026-04-17 13:33:09.404930
2026041704013095,AKPL,50,58,850,277.9,236215.0,Cristal Kanchanjanga Securites Pvt. Ltd.,Naasa Securities Co. Ltd.,2026-04-17 13:33:34.891443
2026041704013096,AKPL,50,1,280,278.0,77840.0,Cristal Kanchanjanga Securites Pvt. Ltd.,Kumari Securities Private Limited,2026-04-17 13:33:34.891773
2026041704013097,AKPL,50,89,7806,278.0,2170068.0,Cristal Kanchanjanga Securites Pvt. Ltd.,Global IME Securities Limited,2026-04-17 13:33:34.892135
2026041704013132,AKPL,71,89,795,278.0,221010.0,SHUBHAKAMANA SECURITIES PVT. LTD,Global IME Securities Limited,2026-04-17 13:33:55.937973
2026041704013133,AKPL,71,58,55,278.0,15290.0,SHUBHAKAMANA SECURITIES PVT. LTD,Naasa Securities Co. Ltd.,2026-04-17 13:33:55.938500
2026041704013164,AKPL,71,38,150,278.0,41700.0,SHUBHAKAMANA SECURITIES PVT. LTD,Dipshikha Dhitopatra Karobar Co. Pvt Ltd.,2026-04-17 13:34:16.221284
2026041704013165,AKPL,26,38,350,278.0,97300.0,Asian Securities Private Ltd.,Dipshikha Dhitopatra Karobar Co. Pvt Ltd.,2026-04-17 13:34:16.221804
2026041704013199,AKPL,26,58,250,278.4,69600.0,Asian Securities Private Ltd.,Naasa Securities Co. Ltd.,2026-04-17 13:34:31.513108
2026041704013318,AKPL,36,45,2000,278.5,557000.0,Secured Securities Ltd.,Imperial Securities Company Pvt. Ltd.,2026-04-17 13:35:21.320745
2026041704013378,AKPL,32,4,100,278.9,27890.0,Premier Securities Company Ltd.,Opal Securities Investment (PVT) Ltd.,2026-04-17 13:35:59.320916
2026041704013443,AKPL,74,43,100,279.0,27900.0,KALASH STOCK MARKET PVT. LTD.,South Asian Bulls Pvt. Ltd.,2026-04-17 13:36:41.480451
2026041704013476,AKPL,57,43,20,279.0,5580.0,Aryatara Investment & Securities,South Asian Bulls Pvt. Ltd.,2026-04-17 13:37:02.690992
2026041704013581,AKPL,32,43,35,279.0,9765.0,Premier Securities Company Ltd.,South Asian Bulls Pvt. Ltd.,2026-04-17 13:37:55.161001
2026041704013630,AKPL,48,58,10,279.3,2793.0,Trishakti Securities Public Limited,Naasa Securities Co. Ltd.,2026-04-17 13:38:22.650974
2026041704013836,AKPL,32,39,100,279.4,27940.0,Premier Securities Company Ltd.,Sumeru Securities Pvt. Ltd.,2026-04-17 13:39:58.705408
2026041704013837,AKPL,46,39,279,279.4,77952.6,Kalika Securities Pvt. Ltd.,Sumeru Securities Pvt. Ltd.,2026-04-17 13:39:59.250252
2026041704013884,AKPL,52,39,500,279.4,139700.0,Sundhara Securities Limited,Sumeru Securities Pvt. Ltd.,2026-04-17 13:40:37.392651
2026041704013914,AKPL,48,39,100,279.4,27940.0,Trishakti Securities Public Limited,Sumeru Securities Pvt. Ltd.,2026-04-17 13:41:04.799523
2026041704013958,AKPL,21,58,20,279.2,5584.0,Midas Stock Broking Company Private Limited,Naasa Securities Co. Ltd.,2026-04-17 13:41:29.393630
2026041704013959,AKPL,48,58,10,279.1,2791.0,Trishakti Securities Public Limited,Naasa Securities Co. Ltd.,2026-04-17 13:41:29.394177
2026041704013960,AKPL,42,58,100,279.1,27910.0,Sani Securities Company Ltd.,Naasa Securities Co. Ltd.,2026-04-17 13:41:29.394653
2026041704013961,AKPL,58,58,125,279.1,34887.5,Naasa Securities Co. Ltd.,Naasa Securities Co. Ltd.,2026-04-17 13:41:29.395016
2026041704013962,AKPL,59,58,100,279.0,27900.0,Deevyaa Securities & Stock House Pvt. Ltd,Naasa Securities Co. Ltd.,2026-04-17 13:41:29.395417
2026041704013963,AKPL,57,58,350,279.0,97650.0,Aryatara Investment & Securities,Naasa Securities Co. Ltd.,2026-04-17 13:41:29.395774
2026041704013964,AKPL,77,58,285,279.0,79515.0,Nabil Stock Dealer Ltd.,Naasa Securities Co. Ltd.,2026-04-17 13:41:29.396128
2026041704013999,AKPL,77,58,270,279.0,75330.0,Nabil Stock Dealer Ltd.,Naasa Securities Co. Ltd.,2026-04-17 13:41:46.264968
2026041704014022,AKPL,77,95,200,279.0,55800.0,Nabil Stock Dealer Ltd.,Magnet Securities and Investment Company Private Limited,2026-04-17 13:41:53.663499
2026041704014029,AKPL,77,33,200,279.0,55800.0,Nabil Stock Dealer Ltd.,Dakshinkali Investment & Securities Pvt. Ltd.,2026-04-17 13:41:56.688576
2026041704014038,AKPL,77,58,100,279.0,27900.0,Nabil Stock Dealer Ltd.,Naasa Securities Co. Ltd.,2026-04-17 13:41:57.541353
2026041704014151,AKPL,77,33,100,279.0,27900.0,Nabil Stock Dealer Ltd.,Dakshinkali Investment & Securities Pvt. Ltd.,2026-04-17 13:42:48.178216
2026041704014257,AKPL,22,10,194,279.1,54145.4,Siprabi Securities Pvt. Ltd.,Pragyan Securities (PVT) Ltd.,2026-04-17 13:43:37.169846
2026041704014258,AKPL,77,58,345,279.0,96255.0,Nabil Stock Dealer Ltd.,Naasa Securities Co. Ltd.,2026-04-17 13:43:38.191776
2026041704014259,AKPL,77,58,1500,279.0,418500.0,Nabil Stock Dealer Ltd.,Naasa Securities Co. Ltd.,2026-04-17 13:43:38.192109
2026041704014260,AKPL,7,58,1155,279.0,322245.0,J.F. Securites (PVT) Ltd.,Naasa Securities Co. Ltd.,2026-04-17 13:43:38.192239
2026041704014310,AKPL,7,38,30,279.0,8370.0,J.F. Securites (PVT) Ltd.,Dipshikha Dhitopatra Karobar Co. Pvt Ltd.,2026-04-17 13:43:47.567479
2026041704014329,AKPL,45,51,8,276.0,2208.0,Imperial Securities Company Pvt. Ltd.,Oxford Securities Pvt. Ltd.,2026-04-17 13:43:56.207658
2026041704014461,AKPL,7,63,76,279.0,21204.0,J.F. Securites (PVT) Ltd.,Himalayan Brokerage Company Limited,2026-04-17 13:44:51.359094
2026041704014501,AKPL,7,43,39,279.0,10881.0,J.F. Securites (PVT) Ltd.,South Asian Bulls Pvt. Ltd.,2026-04-17 13:45:14.671909
2026041704014502,AKPL,56,43,76,278.6,21173.6,Sri Hari Securities Pvt. Ltd.,South Asian Bulls Pvt. Ltd.,2026-04-17 13:45:14.672033
2026041704014544,AKPL,56,17,924,278.6,257426.4,Sri Hari Securities Pvt. Ltd.,ABC Securities Private Limited,2026-04-17 13:45:41.211446
2026041704014545,AKPL,48,17,10,278.6,2786.0,Trishakti Securities Public Limited,ABC Securities Private Limited,2026-04-17 13:45:41.211956
2026041704014551,AKPL,56,34,1000,279.0,279000.0,Sri Hari Securities Pvt. Ltd.,Vision Securities Pvt. Ltd,2026-04-17 13:45:50.222032
2026041704014552,AKPL,56,32,100,279.0,27900.0,Sri Hari Securities Pvt. Ltd.,Premier Securities Company Ltd.,2026-04-17 13:45:50.222559
2026041704014553,AKPL,56,10,806,279.1,224954.6,Sri Hari Securities Pvt. Ltd.,Pragyan Securities (PVT) Ltd.,2026-04-17 13:45:50.222889
2026041704014554,AKPL,56,38,10,279.4,2794.0,Sri Hari Securities Pvt. Ltd.,Dipshikha Dhitopatra Karobar Co. Pvt Ltd.,2026-04-17 13:45:50.223191
2026041704014555,AKPL,56,25,500,279.8,139900.0,Sri Hari Securities Pvt. Ltd.,Sweta Securities Private Limited,2026-04-17 13:45:50.223526
2026041704014556,AKPL,56,58,100,279.9,27990.0,Sri Hari Securities Pvt. Ltd.,Naasa Securities Co. Ltd.,2026-04-17 13:45:50.223843
2026041704014557,AKPL,56,42,500,280.0,140000.0,Sri Hari Securities Pvt. Ltd.,Sani Securities Company Ltd.,2026-04-17 13:45:50.224156
2026041704014558,AKPL,56,25,484,280.0,135520.0,Sri Hari Securities Pvt. Ltd.,Sweta Securities Private Limited,2026-04-17 13:45:50.224476
2026041704014595,AKPL,56,25,436,280.0,122080.0,Sri Hari Securities Pvt. Ltd.,Sweta Securities Private Limited,2026-04-17 13:46:10.219847
2026041704014596,AKPL,56,4,45,280.0,12600.0,Sri Hari Securities Pvt. Ltd.,Opal Securities Investment (PVT) Ltd.,2026-04-17 13:46:10.220358
2026041704014597,AKPL,56,6,50,280.0,14000.0,Sri Hari Securities Pvt. Ltd.,Agrawal Securities (PVT) Ltd.,2026-04-17 13:46:10.220675
2026041704014598,AKPL,56,42,40,280.0,11200.0,Sri Hari Securities Pvt. Ltd.,Sani Securities Company Ltd.,2026-04-17 13:46:10.220993
2026041704014599,AKPL,56,38,10,280.0,2800.0,Sri Hari Securities Pvt. Ltd.,Dipshikha Dhitopatra Karobar Co. Pvt Ltd.,2026-04-17 13:46:10.221294
2026041704014600,AKPL,56,1,500,280.0,140000.0,Sri Hari Securities Pvt. Ltd.,Kumari Securities Private Limited,2026-04-17 13:46:10.221615
2026041704014601,AKPL,56,58,26,280.0,7280.0,Sri Hari Securities Pvt. Ltd.,Naasa Securities Co. Ltd.,2026-04-17 13:46:10.221925
2026041704014602,AKPL,56,35,15,280.0,4200.0,Sri Hari Securities Pvt. Ltd.,Kohinoor Investment & Securities Pvt. Ltd.,2026-04-17 13:46:10.222222
2026041704014603,AKPL,56,38,100,280.0,28000.0,Sri Hari Securities Pvt. Ltd.,Dipshikha Dhitopatra Karobar Co. Pvt Ltd.,2026-04-17 13:46:10.222545
2026041704014604,AKPL,56,28,100,280.0,28000.0,Sri Hari Securities Pvt. Ltd.,Shree Krishna Securities Ltd.,2026-04-17 13:46:10.222850
2026041704014609,AKPL,56,38,50,280.0,14000.0,Sri Hari Securities Pvt. Ltd.,Dipshikha Dhitopatra Karobar Co. Pvt Ltd.,2026-04-17 13:46:12.212630
2026041704014614,AKPL,56,39,100,280.0,28000.0,Sri Hari Securities Pvt. Ltd.,Sumeru Securities Pvt. Ltd.,2026-04-17 13:46:20.143012
2026041704014619,AKPL,56,58,28,280.0,7840.0,Sri Hari Securities Pvt. Ltd.,Naasa Securities Co. Ltd.,2026-04-17 13:46:28.921296
2026041704014634,AKPL,36,43,128,278.5,35648.0,Secured Securities Ltd.,South Asian Bulls Pvt. Ltd.,2026-04-17 13:46:49.269783
2026041704014662,AKPL,36,84,372,278.5,103602.0,Secured Securities Ltd.,MILKY WAY SHARE BROKER COMPANY LTD ,2026-04-17 13:47:14.140774
2026041704014663,AKPL,6,84,450,278.5,125325.0,Agrawal Securities (PVT) Ltd.,MILKY WAY SHARE BROKER COMPANY LTD ,2026-04-17 13:47:14.141459
2026041704014664,AKPL,45,84,178,278.1,49501.8,Imperial Securities Company Pvt. Ltd.,MILKY WAY SHARE BROKER COMPANY LTD ,2026-04-17 13:47:14.141776
2026041704014803,AKPL,14,42,150,277.7,41655.0,Nepal Stock House (PVT) Ltd.,Sani Securities Company Ltd.,2026-04-17 13:49:34.330640
2026041704014908,AKPL,14,22,100,277.7,27770.0,Nepal Stock House (PVT) Ltd.,Siprabi Securities Pvt. Ltd.,2026-04-17 13:51:51.240157
2026041704014945,AKPL,14,39,66,277.7,18328.2,Nepal Stock House (PVT) Ltd.,Sumeru Securities Pvt. Ltd.,2026-04-17 13:52:27.879275
2026041704014946,AKPL,49,39,34,277.5,9435.0,Online Securities Pvt. Ltd.,Sumeru Securities Pvt. Ltd.,2026-04-17 13:52:27.879847
2026041704015038,AKPL,49,39,21,277.5,5827.5,Online Securities Pvt. Ltd.,Sumeru Securities Pvt. Ltd.,2026-04-17 13:54:08.924570
2026041704015039,AKPL,42,39,79,277.5,21922.5,Sani Securities Company Ltd.,Sumeru Securities Pvt. Ltd.,2026-04-17 13:54:08.925106
2026041704015091,AKPL,42,22,70,277.5,19425.0,Sani Securities Company Ltd.,Siprabi Securities Pvt. Ltd.,2026-04-17 13:54:45.556565
2026041704015114,AKPL,48,39,10,277.2,2772.0,Trishakti Securities Public Limited,Sumeru Securities Pvt. Ltd.,2026-04-17 13:55:00.527514
2026041704015115,AKPL,48,39,10,277.0,2770.0,Trishakti Securities Public Limited,Sumeru Securities Pvt. Ltd.,2026-04-17 13:55:00.528081
2026041704015116,AKPL,58,39,18,277.0,4986.0,Naasa Securities Co. Ltd.,Sumeru Securities Pvt. Ltd.,2026-04-17 13:55:00.528423
2026041704015117,AKPL,42,39,10,277.0,2770.0,Sani Securities Company Ltd.,Sumeru Securities Pvt. Ltd.,2026-04-17 13:55:00.528773
2026041704015118,AKPL,57,39,50,276.9,13845.0,Aryatara Investment & Securities,Sumeru Securities Pvt. Ltd.,2026-04-17 13:55:00.529093
2026041704015135,AKPL,89,60,10,277.5,2775.0,Global IME Securities Limited,Nagarik Stock Dealer ,2026-04-17 13:55:26.915154
2026041704015136,AKPL,48,60,10,276.6,2766.0,Trishakti Securities Public Limited,Nagarik Stock Dealer ,2026-04-17 13:55:26.915742
2026041704015137,AKPL,89,60,47,276.5,12995.5,Global IME Securities Limited,Nagarik Stock Dealer ,2026-04-17 13:55:26.916083
2026041704015138,AKPL,48,60,10,276.4,2764.0,Trishakti Securities Public Limited,Nagarik Stock Dealer ,2026-04-17 13:55:26.916416
2026041704015139,AKPL,36,60,123,276.2,33972.6,Secured Securities Ltd.,Nagarik Stock Dealer ,2026-04-17 13:55:26.916748
2026041704015141,AKPL,85,33,250,278.9,69725.0,Capital Hub P. Ltd,Dakshinkali Investment & Securities Pvt. Ltd.,2026-04-17 13:55:30.440278
2026041704015235,AKPL,57,39,34,278.0,9452.0,Aryatara Investment & Securities,Sumeru Securities Pvt. Ltd.,2026-04-17 13:57:08.333924
2026041704015245,AKPL,32,60,100,276.3,27630.0,Premier Securities Company Ltd.,Nagarik Stock Dealer ,2026-04-17 13:57:25.828214
2026041704015246,AKPL,36,60,200,276.2,55240.0,Secured Securities Ltd.,Nagarik Stock Dealer ,2026-04-17 13:57:25.828945
2026041704015283,AKPL,41,39,66,278.0,18348.0,Linch Stock Market Ltd.,Sumeru Securities Pvt. Ltd.,2026-04-17 13:58:22.982806
2026041704015464,AKPL,58,39,2,276.0,552.0,Naasa Securities Co. Ltd.,Sumeru Securities Pvt. Ltd.,2026-04-17 14:02:27.305701
2026041704015505,AKPL,58,63,1,276.6,276.6,Naasa Securities Co. Ltd.,Himalayan Brokerage Company Limited,2026-04-17 14:03:12.785487
2026041704015516,AKPL,41,58,72,278.0,20016.0,Linch Stock Market Ltd.,Naasa Securities Co. Ltd.,2026-04-17 14:03:22.878034
2026041704015525,AKPL,58,1,1,277.0,277.0,Naasa Securities Co. Ltd.,Kumari Securities Private Limited,2026-04-17 14:03:39.137559
2026041704015690,AKPL,14,33,50,278.9,13945.0,Nepal Stock House (PVT) Ltd.,Dakshinkali Investment & Securities Pvt. Ltd.,2026-04-17 14:05:42.869181
2026041704015691,AKPL,14,57,150,278.9,41835.0,Nepal Stock House (PVT) Ltd.,Aryatara Investment & Securities,2026-04-17 14:05:42.869711
2026041704015692,AKPL,14,58,10,279.0,2790.0,Nepal Stock House (PVT) Ltd.,Naasa Securities Co. Ltd.,2026-04-17 14:05:42.870053
2026041704015739,AKPL,28,58,1962,279.0,547398.0,Shree Krishna Securities Ltd.,Naasa Securities Co. Ltd.,2026-04-17 14:05:56.826907
2026041704015740,AKPL,28,32,320,279.0,89280.0,Shree Krishna Securities Ltd.,Premier Securities Company Ltd.,2026-04-17 14:05:56.826966
2026041704015741,AKPL,28,36,180,279.0,50220.0,Shree Krishna Securities Ltd.,Secured Securities Ltd.,2026-04-17 14:05:56.826993
2026041704015742,AKPL,28,84,500,279.8,139900.0,Shree Krishna Securities Ltd.,MILKY WAY SHARE BROKER COMPANY LTD ,2026-04-17 14:05:56.827021
2026041704015743,AKPL,28,45,1000,279.8,279800.0,Shree Krishna Securities Ltd.,Imperial Securities Company Pvt. Ltd.,2026-04-17 14:05:56.827055
2026041704015744,AKPL,28,58,100,280.0,28000.0,Shree Krishna Securities Ltd.,Naasa Securities Co. Ltd.,2026-04-17 14:05:56.827079
2026041704015745,AKPL,28,41,1000,280.0,280000.0,Shree Krishna Securities Ltd.,Linch Stock Market Ltd.,2026-04-17 14:05:56.827099
2026041704015746,AKPL,28,44,25,280.0,7000.0,Shree Krishna Securities Ltd.,Dynamic Money Managers Securities Pvt. Ltd.,2026-04-17 14:05:56.827120
2026041704015747,AKPL,28,42,380,280.0,106400.0,Shree Krishna Securities Ltd.,Sani Securities Company Ltd.,2026-04-17 14:05:56.827142
2026041704015748,AKPL,28,11,30,280.0,8400.0,Shree Krishna Securities Ltd.,Malla & Malla Stock Broking Company Pvt. Limited,2026-04-17 14:05:56.827166
2026041704015749,AKPL,28,32,40,280.0,11200.0,Shree Krishna Securities Ltd.,Premier Securities Company Ltd.,2026-04-17 14:05:56.827187
2026041704015750,AKPL,28,17,4000,280.8,1123200.0,Shree Krishna Securities Ltd.,ABC Securities Private Limited,2026-04-17 14:05:56.827209
2026041704015751,AKPL,28,84,463,280.9,130056.7,Shree Krishna Securities Ltd.,MILKY WAY SHARE BROKER COMPANY LTD ,2026-04-17 14:05:56.827233
2026041704015827,AKPL,28,84,37,280.9,10393.3,Shree Krishna Securities Ltd.,MILKY WAY SHARE BROKER COMPANY LTD ,2026-04-17 14:07:05.918286
2026041704015828,AKPL,28,49,500,280.9,140450.0,Shree Krishna Securities Ltd.,Online Securities Pvt. Ltd.,2026-04-17 14:07:05.918355
2026041704015829,AKPL,28,1,200,281.0,56200.0,Shree Krishna Securities Ltd.,Kumari Securities Private Limited,2026-04-17 14:07:05.918387
2026041704015830,AKPL,28,37,500,281.0,140500.0,Shree Krishna Securities Ltd.,Swarna Laxmi Securities Pvt. Ltd.,2026-04-17 14:07:05.918417
2026041704015831,AKPL,28,43,300,281.0,84300.0,Shree Krishna Securities Ltd.,South Asian Bulls Pvt. Ltd.,2026-04-17 14:07:05.918445
2026041704015832,AKPL,28,13,1000,281.2,281200.0,Shree Krishna Securities Ltd.,Thrive Brokerage House Pvt. Ltd,2026-04-17 14:07:05.918470
2026041704015833,AKPL,28,13,1500,281.6,422400.0,Shree Krishna Securities Ltd.,Thrive Brokerage House Pvt. Ltd,2026-04-17 14:07:05.918501
2026041704015834,AKPL,28,41,200,281.7,56340.0,Shree Krishna Securities Ltd.,Linch Stock Market Ltd.,2026-04-17 14:07:05.918527
2026041704015835,AKPL,28,35,10,281.7,2817.0,Shree Krishna Securities Ltd.,Kohinoor Investment & Securities Pvt. Ltd.,2026-04-17 14:07:05.918553
2026041704015836,AKPL,28,41,200,282.0,56400.0,Shree Krishna Securities Ltd.,Linch Stock Market Ltd.,2026-04-17 14:07:05.918578
2026041704015837,AKPL,28,41,15,282.0,4230.0,Shree Krishna Securities Ltd.,Linch Stock Market Ltd.,2026-04-17 14:07:05.918603
2026041704015838,AKPL,28,25,150,282.0,42300.0,Shree Krishna Securities Ltd.,Sweta Securities Private Limited,2026-04-17 14:07:05.918627
2026041704015839,AKPL,28,34,100,282.0,28200.0,Shree Krishna Securities Ltd.,Vision Securities Pvt. Ltd,2026-04-17 14:07:05.918656
2026041704015840,AKPL,28,59,288,282.0,81216.0,Shree Krishna Securities Ltd.,Deevyaa Securities & Stock House Pvt. Ltd,2026-04-17 14:07:05.918678
2026041704015848,AKPL,28,58,5000,280.9,1404500.0,Shree Krishna Securities Ltd.,Naasa Securities Co. Ltd.,2026-04-17 14:07:14.782500
2026041704015999,AKPL,62,6,300,280.0,84000.0,Capital Max Securities Ltd,Agrawal Securities (PVT) Ltd.,2026-04-17 14:08:31.070326
2026041704016050,AKPL,42,42,700,280.0,196000.0,Sani Securities Company Ltd.,Sani Securities Company Ltd.,2026-04-17 14:09:17.631302
2026041704016120,AKPL,62,32,1000,280.1,280100.0,Capital Max Securities Ltd,Premier Securities Company Ltd.,2026-04-17 14:09:52.902257
2026041704016331,AKPL,28,49,500,281.9,140950.0,Shree Krishna Securities Ltd.,Online Securities Pvt. Ltd.,2026-04-17 14:11:54.022440
2026041704016332,AKPL,28,59,212,282.0,59784.0,Shree Krishna Securities Ltd.,Deevyaa Securities & Stock House Pvt. Ltd,2026-04-17 14:11:54.022541
2026041704016333,AKPL,28,25,100,282.0,28200.0,Shree Krishna Securities Ltd.,Sweta Securities Private Limited,2026-04-17 14:11:54.022626
2026041704016334,AKPL,28,49,1000,282.0,282000.0,Shree Krishna Securities Ltd.,Online Securities Pvt. Ltd.,2026-04-17 14:11:54.022697
2026041704016335,AKPL,28,58,5000,282.0,1410000.0,Shree Krishna Securities Ltd.,Naasa Securities Co. Ltd.,2026-04-17 14:11:54.022769
2026041704016336,AKPL,28,94,26,282.0,7332.0,Shree Krishna Securities Ltd.,K.B.L. Securities Limited ,2026-04-17 14:11:54.022842
2026041704016337,AKPL,28,50,200,282.4,56480.0,Shree Krishna Securities Ltd.,Cristal Kanchanjanga Securites Pvt. Ltd.,2026-04-17 14:11:54.022917
2026041704016338,AKPL,28,66,200,282.4,56480.0,Shree Krishna Securities Ltd.,Miyo Securities Pvt Ltd,2026-04-17 14:11:54.022987
2026041704016339,AKPL,28,32,50,282.5,14125.0,Shree Krishna Securities Ltd.,Premier Securities Company Ltd.,2026-04-17 14:11:54.023066
2026041704016340,AKPL,28,34,200,283.0,56600.0,Shree Krishna Securities Ltd.,Vision Securities Pvt. Ltd,2026-04-17 14:11:54.023137
2026041704016341,AKPL,28,95,50,283.0,14150.0,Shree Krishna Securities Ltd.,Magnet Securities and Investment Company Private Limited,2026-04-17 14:11:54.023211
2026041704016342,AKPL,28,19,1000,283.0,283000.0,Shree Krishna Securities Ltd.,Nepal Investment And Securities Trading Private Limited,2026-04-17 14:11:54.023284
2026041704016343,AKPL,28,50,100,283.0,28300.0,Shree Krishna Securities Ltd.,Cristal Kanchanjanga Securites Pvt. Ltd.,2026-04-17 14:11:54.023370
2026041704016344,AKPL,28,33,1000,283.0,283000.0,Shree Krishna Securities Ltd.,Dakshinkali Investment & Securities Pvt. Ltd.,2026-04-17 14:11:54.023442
2026041704016345,AKPL,28,53,40,283.0,11320.0,Shree Krishna Securities Ltd.,Investment Management Nepal Pvt. Ltd.,2026-04-17 14:11:54.023512
2026041704016346,AKPL,28,17,322,283.0,91126.0,Shree Krishna Securities Ltd.,ABC Securities Private Limited,2026-04-17 14:11:54.023594
2026041704016704,AKPL,58,19,20,282.9,5658.0,Naasa Securities Co. Ltd.,Nepal Investment And Securities Trading Private Limited,2026-04-17 14:16:17.848293
2026041704016731,AKPL,56,19,980,282.9,277242.0,Sri Hari Securities Pvt. Ltd.,Nepal Investment And Securities Trading Private Limited,2026-04-17 14:16:27.199736
2026041704016732,AKPL,56,11,40,283.0,11320.0,Sri Hari Securities Pvt. Ltd.,Malla & Malla Stock Broking Company Pvt. Limited,2026-04-17 14:16:27.199810
2026041704016733,AKPL,56,35,100,283.0,28300.0,Sri Hari Securities Pvt. Ltd.,Kohinoor Investment & Securities Pvt. Ltd.,2026-04-17 14:16:27.199847
2026041704016734,AKPL,56,58,100,283.0,28300.0,Sri Hari Securities Pvt. Ltd.,Naasa Securities Co. Ltd.,2026-04-17 14:16:27.199890
2026041704016735,AKPL,56,57,1000,283.0,283000.0,Sri Hari Securities Pvt. Ltd.,Aryatara Investment & Securities,2026-04-17 14:16:27.199946
2026041704016736,AKPL,56,38,780,283.0,220740.0,Sri Hari Securities Pvt. Ltd.,Dipshikha Dhitopatra Karobar Co. Pvt Ltd.,2026-04-17 14:16:27.199976
2026041704016747,AKPL,35,84,490,282.0,138180.0,Kohinoor Investment & Securities Pvt. Ltd.,MILKY WAY SHARE BROKER COMPANY LTD ,2026-04-17 14:16:32.298278
2026041704016830,AKPL,49,84,10,282.0,2820.0,Online Securities Pvt. Ltd.,MILKY WAY SHARE BROKER COMPANY LTD ,2026-04-17 14:17:13.283533
2026041704017074,AKPL,62,22,90,281.1,25299.0,Capital Max Securities Ltd,Siprabi Securities Pvt. Ltd.,2026-04-17 14:19:05.889353
2026041704017096,AKPL,42,51,500,281.0,140500.0,Sani Securities Company Ltd.,Oxford Securities Pvt. Ltd.,2026-04-17 14:19:16.474849
2026041704017098,AKPL,42,58,300,281.0,84300.0,Sani Securities Company Ltd.,Naasa Securities Co. Ltd.,2026-04-17 14:19:19.271641
2026041704017102,AKPL,60,58,700,281.0,196700.0,Nagarik Stock Dealer ,Naasa Securities Co. Ltd.,2026-04-17 14:19:20.974738
2026041704017136,AKPL,42,1,500,280.5,140250.0,Sani Securities Company Ltd.,Kumari Securities Private Limited,2026-04-17 14:19:49.806585
2026041704017139,AKPL,42,58,100,280.5,28050.0,Sani Securities Company Ltd.,Naasa Securities Co. Ltd.,2026-04-17 14:19:51.565588
2026041704017140,AKPL,8,58,400,280.0,112000.0,Brilliant Securities Pvt. Ltd.,Naasa Securities Co. Ltd.,2026-04-17 14:19:51.565888
2026041704017141,AKPL,13,58,500,280.0,140000.0,Thrive Brokerage House Pvt. Ltd,Naasa Securities Co. Ltd.,2026-04-17 14:19:51.566002
2026041704017166,AKPL,28,58,3030,280.0,848400.0,Shree Krishna Securities Ltd.,Naasa Securities Co. Ltd.,2026-04-17 14:20:14.121472
2026041704017192,AKPL,28,51,100,280.0,28000.0,Shree Krishna Securities Ltd.,Oxford Securities Pvt. Ltd.,2026-04-17 14:20:25.842430
2026041704017235,AKPL,28,65,500,281.7,140850.0,Shree Krishna Securities Ltd.,Sharepro Securities Private Limited,2026-04-17 14:20:43.103184
2026041704017236,AKPL,28,62,700,281.8,197260.0,Shree Krishna Securities Ltd.,Capital Max Securities Ltd,2026-04-17 14:20:43.103760
2026041704017237,AKPL,28,35,2473,281.9,697138.7,Shree Krishna Securities Ltd.,Kohinoor Investment & Securities Pvt. Ltd.,2026-04-17 14:20:43.104161
2026041704017238,AKPL,28,51,500,282.9,141450.0,Shree Krishna Securities Ltd.,Oxford Securities Pvt. Ltd.,2026-04-17 14:20:43.104543
2026041704017239,AKPL,28,35,2000,282.9,565800.0,Shree Krishna Securities Ltd.,Kohinoor Investment & Securities Pvt. Ltd.,2026-04-17 14:20:43.104883
2026041704017240,AKPL,28,38,697,283.0,197251.0,Shree Krishna Securities Ltd.,Dipshikha Dhitopatra Karobar Co. Pvt Ltd.,2026-04-17 14:20:43.105214
2026041704017284,AKPL,60,21,300,280.1,84030.0,Nagarik Stock Dealer ,Midas Stock Broking Company Private Limited,2026-04-17 14:21:26.400058
2026041704017481,AKPL,45,21,200,280.0,56000.0,Imperial Securities Company Pvt. Ltd.,Midas Stock Broking Company Private Limited,2026-04-17 14:23:39.931214
2026041704017573,AKPL,45,26,300,280.0,84000.0,Imperial Securities Company Pvt. Ltd.,Asian Securities Private Ltd.,2026-04-17 14:25:03.545908
2026041704017680,AKPL,56,49,500,280.0,140000.0,Sri Hari Securities Pvt. Ltd.,Online Securities Pvt. Ltd.,2026-04-17 14:26:18.290686
2026041704017764,AKPL,42,62,300,279.5,83850.0,Sani Securities Company Ltd.,Capital Max Securities Ltd,2026-04-17 14:28:01.605252
2026041704017765,AKPL,58,62,100,279.0,27900.0,Naasa Securities Co. Ltd.,Capital Max Securities Ltd,2026-04-17 14:28:01.605903
2026041704017766,AKPL,8,62,100,279.0,27900.0,Brilliant Securities Pvt. Ltd.,Capital Max Securities Ltd,2026-04-17 14:28:01.606257
2026041704017894,AKPL,17,21,65,280.0,18200.0,ABC Securities Private Limited,Midas Stock Broking Company Private Limited,2026-04-17 14:29:50.808185
2026041704018030,AKPL,17,63,435,280.0,121800.0,ABC Securities Private Limited,Himalayan Brokerage Company Limited,2026-04-17 14:31:31.816256
2026041704018127,AKPL,56,63,10,280.0,2800.0,Sri Hari Securities Pvt. Ltd.,Himalayan Brokerage Company Limited,2026-04-17 14:32:23.991105
2026041704018222,AKPL,13,26,50,279.2,13960.0,Thrive Brokerage House Pvt. Ltd,Asian Securities Private Ltd.,2026-04-17 14:33:14.387765
2026041704018223,AKPL,48,26,20,279.1,5582.0,Trishakti Securities Public Limited,Asian Securities Private Ltd.,2026-04-17 14:33:14.388108
2026041704018416,AKPL,101,26,200,279.1,55820.0,APPLE SECURITIES PRIVATE LIMITED,Asian Securities Private Ltd.,2026-04-17 14:35:22.174186
2026041704018417,AKPL,38,26,30,279.1,8373.0,Dipshikha Dhitopatra Karobar Co. Pvt Ltd.,Asian Securities Private Ltd.,2026-04-17 14:35:24.230488
2026041704018523,AKPL,81,63,1000,280.0,280000.0,Aakashbhairab Securities Ltd.,Himalayan Brokerage Company Limited,2026-04-17 14:36:24.487077
2026041704018526,AKPL,101,63,500,280.0,140000.0,APPLE SECURITIES PRIVATE LIMITED,Himalayan Brokerage Company Limited,2026-04-17 14:36:27.180626
2026041704018534,AKPL,38,18,51,279.1,14234.1,Dipshikha Dhitopatra Karobar Co. Pvt Ltd.,Sagarmatha Securities Private Limited,2026-04-17 14:36:29.145419
2026041704018579,AKPL,52,63,55,280.0,15400.0,Sundhara Securities Limited,Himalayan Brokerage Company Limited,2026-04-17 14:37:00.753044
2026041704018580,AKPL,52,65,100,280.0,28000.0,Sundhara Securities Limited,Sharepro Securities Private Limited,2026-04-17 14:37:00.753391
2026041704018581,AKPL,52,34,45,280.0,12600.0,Sundhara Securities Limited,Vision Securities Pvt. Ltd,2026-04-17 14:37:00.753544
2026041704018600,AKPL,101,34,100,280.0,28000.0,APPLE SECURITIES PRIVATE LIMITED,Vision Securities Pvt. Ltd,2026-04-17 14:37:18.717177
2026041704018618,AKPL,28,34,455,280.0,127400.0,Shree Krishna Securities Ltd.,Vision Securities Pvt. Ltd,2026-04-17 14:37:27.553553
2026041704018619,AKPL,28,17,50,280.1,14005.0,Shree Krishna Securities Ltd.,ABC Securities Private Limited,2026-04-17 14:37:27.553617
2026041704018620,AKPL,28,5,22,281.0,6182.0,Shree Krishna Securities Ltd.,Market Securities & Exchange (PVT) Ltd.,2026-04-17 14:37:27.553648
2026041704018621,AKPL,28,52,473,281.0,132913.0,Shree Krishna Securities Ltd.,Sundhara Securities Limited,2026-04-17 14:37:27.553672
2026041704018631,AKPL,28,52,27,281.0,7587.0,Shree Krishna Securities Ltd.,Sundhara Securities Limited,2026-04-17 14:37:37.178708
2026041704018632,AKPL,28,83,100,281.8,28180.0,Shree Krishna Securities Ltd.,Sanima Securities Limited,2026-04-17 14:37:37.178828
2026041704018633,AKPL,28,48,950,281.9,267805.0,Shree Krishna Securities Ltd.,Trishakti Securities Public Limited,2026-04-17 14:37:37.178940
2026041704018634,AKPL,28,6,369,281.9,104021.1,Shree Krishna Securities Ltd.,Agrawal Securities (PVT) Ltd.,2026-04-17 14:37:37.179012
2026041704018635,AKPL,28,67,2000,282.0,564000.0,Shree Krishna Securities Ltd.,Property Wiard Limited,2026-04-17 14:37:37.179076
2026041704018636,AKPL,28,6,500,282.0,141000.0,Shree Krishna Securities Ltd.,Agrawal Securities (PVT) Ltd.,2026-04-17 14:37:37.179136
2026041704018637,AKPL,28,62,54,282.9,15276.6,Shree Krishna Securities Ltd.,Capital Max Securities Ltd,2026-04-17 14:37:37.179197
2026041704018967,AKPL,48,33,10,280.0,2800.0,Trishakti Securities Public Limited,Dakshinkali Investment & Securities Pvt. Ltd.,2026-04-17 14:41:55.498364
2026041704019040,AKPL,48,14,20,279.9,5598.0,Trishakti Securities Public Limited,Nepal Stock House (PVT) Ltd.,2026-04-17 14:42:10.395390
2026041704019041,AKPL,60,14,1000,279.9,279900.0,Nagarik Stock Dealer ,Nepal Stock House (PVT) Ltd.,2026-04-17 14:42:10.396037
2026041704019042,AKPL,47,14,1000,279.8,279800.0,Neev Securities Pvt. Ltd.,Nepal Stock House (PVT) Ltd.,2026-04-17 14:42:10.396473
2026041704019043,AKPL,28,14,5000,279.3,1396500.0,Shree Krishna Securities Ltd.,Nepal Stock House (PVT) Ltd.,2026-04-17 14:42:10.396891
2026041704019044,AKPL,58,14,40,279.3,11172.0,Naasa Securities Co. Ltd.,Nepal Stock House (PVT) Ltd.,2026-04-17 14:42:10.397296
2026041704019045,AKPL,48,14,20,279.2,5584.0,Trishakti Securities Public Limited,Nepal Stock House (PVT) Ltd.,2026-04-17 14:42:10.397696
2026041704019046,AKPL,45,14,920,279.2,256864.0,Imperial Securities Company Pvt. Ltd.,Nepal Stock House (PVT) Ltd.,2026-04-17 14:42:10.398074
2026041704019049,AKPL,25,33,190,280.0,53200.0,Sweta Securities Private Limited,Dakshinkali Investment & Securities Pvt. Ltd.,2026-04-17 14:42:13.696335
2026041704019314,AKPL,52,25,33,281.0,9273.0,Sundhara Securities Limited,Sweta Securities Private Limited,2026-04-17 14:45:15.019588
2026041704019497,AKPL,48,48,10,280.1,2801.0,Trishakti Securities Public Limited,Trishakti Securities Public Limited,2026-04-17 14:46:50.000610
2026041704019498,AKPL,58,48,101,280.1,28290.1,Naasa Securities Co. Ltd.,Trishakti Securities Public Limited,2026-04-17 14:46:50.000963
2026041704019499,AKPL,80,48,25,280.0,7000.0,Indira securities pvt. ltd,Trishakti Securities Public Limited,2026-04-17 14:46:50.001124
2026041704019539,AKPL,48,26,100,280.0,28000.0,Trishakti Securities Public Limited,Asian Securities Private Ltd.,2026-04-17 14:47:20.716569
2026041704019616,AKPL,58,36,50,280.0,14000.0,Naasa Securities Co. Ltd.,Secured Securities Ltd.,2026-04-17 14:48:14.811599
2026041704019676,AKPL,58,33,20,280.1,5602.0,Naasa Securities Co. Ltd.,Dakshinkali Investment & Securities Pvt. Ltd.,2026-04-17 14:48:54.661801
2026041704019718,AKPL,41,41,1000,280.5,280500.0,Linch Stock Market Ltd.,Linch Stock Market Ltd.,2026-04-17 14:49:08.001699
2026041704019750,AKPL,58,42,20,280.1,5602.0,Naasa Securities Co. Ltd.,Sani Securities Company Ltd.,2026-04-17 14:49:20.515675
2026041704020027,AKPL,57,35,10,280.2,2802.0,Aryatara Investment & Securities,Kohinoor Investment & Securities Pvt. Ltd.,2026-04-17 14:51:11.411509
2026041704020035,AKPL,45,17,10,281.0,2810.0,Imperial Securities Company Pvt. Ltd.,ABC Securities Private Limited,2026-04-17 14:51:17.472747
2026041704020042,AKPL,58,41,21,280.1,5882.1,Naasa Securities Co. Ltd.,Linch Stock Market Ltd.,2026-04-17 14:51:18.899574
2026041704020043,AKPL,58,41,260,280.0,72800.0,Naasa Securities Co. Ltd.,Linch Stock Market Ltd.,2026-04-17 14:51:18.899954
2026041704020044,AKPL,28,41,178,280.0,49840.0,Shree Krishna Securities Ltd.,Linch Stock Market Ltd.,2026-04-17 14:51:18.900107
2026041704020045,AKPL,58,41,50,280.0,14000.0,Naasa Securities Co. Ltd.,Linch Stock Market Ltd.,2026-04-17 14:51:18.900252
2026041704020046,AKPL,14,41,91,280.0,25480.0,Nepal Stock House (PVT) Ltd.,Linch Stock Market Ltd.,2026-04-17 14:51:18.900407
2026041704020087,AKPL,14,21,409,280.0,114520.0,Nepal Stock House (PVT) Ltd.,Midas Stock Broking Company Private Limited,2026-04-17 14:51:28.679512
2026041704020088,AKPL,10,21,91,280.0,25480.0,Pragyan Securities (PVT) Ltd.,Midas Stock Broking Company Private Limited,2026-04-17 14:51:28.680126
2026041704020093,AKPL,25,17,40,281.0,11240.0,Sweta Securities Private Limited,ABC Securities Private Limited,2026-04-17 14:51:31.225664
2026041704020094,AKPL,25,6,100,281.0,28100.0,Sweta Securities Private Limited,Agrawal Securities (PVT) Ltd.,2026-04-17 14:51:31.226404
2026041704020095,AKPL,25,58,100,282.0,28200.0,Sweta Securities Private Limited,Naasa Securities Co. Ltd.,2026-04-17 14:51:31.226949
2026041704020096,AKPL,25,36,300,282.0,84600.0,Sweta Securities Private Limited,Secured Securities Ltd.,2026-04-17 14:51:31.227447
2026041704020097,AKPL,25,51,240,282.0,67680.0,Sweta Securities Private Limited,Oxford Securities Pvt. Ltd.,2026-04-17 14:51:31.227914
2026041704020098,AKPL,25,7,220,282.0,62040.0,Sweta Securities Private Limited,J.F. Securites (PVT) Ltd.,2026-04-17 14:51:31.228478
2026041704020300,AKPL,57,41,1000,280.5,280500.0,Aryatara Investment & Securities,Linch Stock Market Ltd.,2026-04-17 14:52:51.972811
2026041704020306,AKPL,10,41,600,280.5,168300.0,Pragyan Securities (PVT) Ltd.,Linch Stock Market Ltd.,2026-04-17 14:52:57.527511
2026041704020307,AKPL,10,7,30,282.0,8460.0,Pragyan Securities (PVT) Ltd.,J.F. Securites (PVT) Ltd.,2026-04-17 14:52:57.528219
2026041704020308,AKPL,10,6,120,282.0,33840.0,Pragyan Securities (PVT) Ltd.,Agrawal Securities (PVT) Ltd.,2026-04-17 14:52:57.528645
2026041704020383,AKPL,35,6,100,282.0,28200.0,Kohinoor Investment & Securities Pvt. Ltd.,Agrawal Securities (PVT) Ltd.,2026-04-17 14:53:24.606606
2026041704020408,AKPL,57,51,100,280.6,28060.0,Aryatara Investment & Securities,Oxford Securities Pvt. Ltd.,2026-04-17 14:53:33.061112
2026041704020442,AKPL,57,41,900,280.6,252540.0,Aryatara Investment & Securities,Linch Stock Market Ltd.,2026-04-17 14:53:48.796985
2026041704020542,AKPL,57,41,700,280.6,196420.0,Aryatara Investment & Securities,Linch Stock Market Ltd.,2026-04-17 14:54:25.702781
2026041704020554,AKPL,57,42,300,280.6,84180.0,Aryatara Investment & Securities,Sani Securities Company Ltd.,2026-04-17 14:54:29.968791
2026041704020555,AKPL,25,42,300,280.6,84180.0,Sweta Securities Private Limited,Sani Securities Company Ltd.,2026-04-17 14:54:29.969496
2026041704020556,AKPL,22,42,420,280.3,117726.0,Siprabi Securities Pvt. Ltd.,Sani Securities Company Ltd.,2026-04-17 14:54:29.970030
2026041704020557,AKPL,58,42,430,280.2,120486.0,Naasa Securities Co. Ltd.,Sani Securities Company Ltd.,2026-04-17 14:54:29.970551
2026041704020588,AKPL,41,48,50,280.6,14030.0,Linch Stock Market Ltd.,Trishakti Securities Public Limited,2026-04-17 14:54:51.048413
2026041704020613,AKPL,41,25,10,280.6,2806.0,Linch Stock Market Ltd.,Sweta Securities Private Limited,2026-04-17 14:54:57.261588
2026041704020716,AKPL,34,6,200,281.0,56200.0,Vision Securities Pvt. Ltd,Agrawal Securities (PVT) Ltd.,2026-04-17 14:55:32.569087
2026041704020834,AKPL,48,90,100,281.0,28100.0,Trishakti Securities Public Limited,Sajilo Broker Limited,2026-04-17 14:55:51.405185
2026041704021035,AKPL,32,90,200,281.0,56200.0,Premier Securities Company Ltd.,Sajilo Broker Limited,2026-04-17 14:56:43.254535
2026041704021036,AKPL,32,41,1600,281.0,449600.0,Premier Securities Company Ltd.,Linch Stock Market Ltd.,2026-04-17 14:56:43.255158
2026041704021037,AKPL,32,6,200,281.0,56200.0,Premier Securities Company Ltd.,Agrawal Securities (PVT) Ltd.,2026-04-17 14:56:43.255638
2026041704021075,AKPL,57,58,500,280.7,140350.0,Aryatara Investment & Securities,Naasa Securities Co. Ltd.,2026-04-17 14:56:55.245084
2026041704021076,AKPL,45,58,200,280.7,56140.0,Imperial Securities Company Pvt. Ltd.,Naasa Securities Co. Ltd.,2026-04-17 14:56:55.245795
2026041704021077,AKPL,41,58,300,280.6,84180.0,Linch Stock Market Ltd.,Naasa Securities Co. Ltd.,2026-04-17 14:56:55.246271
2026041704021197,AKPL,41,56,1000,280.6,280600.0,Linch Stock Market Ltd.,Sri Hari Securities Pvt. Ltd.,2026-04-17 14:57:11.529246
2026041704021198,AKPL,68,42,100,280.7,28070.0,Elite Stock House Limited,Sani Securities Company Ltd.,2026-04-17 14:57:11.666450
2026041704021205,AKPL,57,42,10,280.7,2807.0,Aryatara Investment & Securities,Sani Securities Company Ltd.,2026-04-17 14:57:13.443641
2026041704021252,AKPL,48,42,65,280.7,18245.5,Trishakti Securities Public Limited,Sani Securities Company Ltd.,2026-04-17 14:57:25.723611
2026041704021280,AKPL,41,58,140,280.6,39284.0,Linch Stock Market Ltd.,Naasa Securities Co. Ltd.,2026-04-17 14:57:31.226664
2026041704021281,AKPL,56,58,100,280.5,28050.0,Sri Hari Securities Pvt. Ltd.,Naasa Securities Co. Ltd.,2026-04-17 14:57:31.226962
2026041704021282,AKPL,41,58,760,280.5,213180.0,Linch Stock Market Ltd.,Naasa Securities Co. Ltd.,2026-04-17 14:57:31.227102
2026041704021374,AKPL,14,42,76,280.7,21333.2,Nepal Stock House (PVT) Ltd.,Sani Securities Company Ltd.,2026-04-17 14:57:48.998146
2026041704021375,AKPL,14,56,124,281.0,34844.0,Nepal Stock House (PVT) Ltd.,Sri Hari Securities Pvt. Ltd.,2026-04-17 14:57:48.998472
2026041704021377,AKPL,10,56,200,281.0,56200.0,Pragyan Securities (PVT) Ltd.,Sri Hari Securities Pvt. Ltd.,2026-04-17 14:57:49.846339
2026041704021379,AKPL,41,41,40,280.5,11220.0,Linch Stock Market Ltd.,Linch Stock Market Ltd.,2026-04-17 14:57:50.964609
2026041704021402,AKPL,57,41,20,280.5,5610.0,Aryatara Investment & Securities,Linch Stock Market Ltd.,2026-04-17 14:57:54.902477
2026041704021407,AKPL,14,41,40,280.5,11220.0,Nepal Stock House (PVT) Ltd.,Linch Stock Market Ltd.,2026-04-17 14:57:56.323923
2026041704021436,AKPL,58,41,20,280.5,5610.0,Naasa Securities Co. Ltd.,Linch Stock Market Ltd.,2026-04-17 14:58:00.503780
2026041704021573,AKPL,58,6,70,280.2,19614.0,Naasa Securities Co. Ltd.,Agrawal Securities (PVT) Ltd.,2026-04-17 14:58:19.162867
2026041704021574,AKPL,41,6,500,280.2,140100.0,Linch Stock Market Ltd.,Agrawal Securities (PVT) Ltd.,2026-04-17 14:58:19.163214
2026041704021575,AKPL,45,6,430,280.2,120486.0,Imperial Securities Company Pvt. Ltd.,Agrawal Securities (PVT) Ltd.,2026-04-17 14:58:19.163369
2026041704021659,AKPL,57,14,20,280.4,5608.0,Aryatara Investment & Securities,Nepal Stock House (PVT) Ltd.,2026-04-17 14:58:31.293591
2026041704021745,AKPL,58,41,500,280.3,140150.0,Naasa Securities Co. Ltd.,Linch Stock Market Ltd.,2026-04-17 14:58:46.331942
2026041704021746,AKPL,42,41,100,280.3,28030.0,Sani Securities Company Ltd.,Linch Stock Market Ltd.,2026-04-17 14:58:46.332250
2026041704021756,AKPL,57,41,10,280.3,2803.0,Aryatara Investment & Securities,Linch Stock Market Ltd.,2026-04-17 14:58:49.377898
2026041704021757,AKPL,39,41,175,280.3,49052.5,Sumeru Securities Pvt. Ltd.,Linch Stock Market Ltd.,2026-04-17 14:58:49.600912
2026041704021758,AKPL,39,38,500,280.3,140150.0,Sumeru Securities Pvt. Ltd.,Dipshikha Dhitopatra Karobar Co. Pvt Ltd.,2026-04-17 14:58:49.600975
2026041704021759,AKPL,39,14,280,280.4,78512.0,Sumeru Securities Pvt. Ltd.,Nepal Stock House (PVT) Ltd.,2026-04-17 14:58:49.601014
2026041704021760,AKPL,39,6,45,280.5,12622.5,Sumeru Securities Pvt. Ltd.,Agrawal Securities (PVT) Ltd.,2026-04-17 14:58:49.601049
2026041704021805,AKPL,45,36,52,280.2,14570.4,Imperial Securities Company Pvt. Ltd.,Secured Securities Ltd.,2026-04-17 14:58:55.587756
2026041704021810,AKPL,6,37,110,280.3,30833.0,Agrawal Securities (PVT) Ltd.,Swarna Laxmi Securities Pvt. Ltd.,2026-04-17 14:58:56.180283
2026041704021821,AKPL,42,37,200,280.3,56060.0,Sani Securities Company Ltd.,Swarna Laxmi Securities Pvt. Ltd.,2026-04-17 14:58:58.620747
2026041704021931,AKPL,39,37,190,280.3,53257.0,Sumeru Securities Pvt. Ltd.,Swarna Laxmi Securities Pvt. Ltd.,2026-04-17 14:59:09.431215
2026041704021932,AKPL,39,6,310,280.3,86893.0,Sumeru Securities Pvt. Ltd.,Agrawal Securities (PVT) Ltd.,2026-04-17 14:59:09.431265
2026041704021934,AKPL,45,7,1000,280.2,280200.0,Imperial Securities Company Pvt. Ltd.,J.F. Securites (PVT) Ltd.,2026-04-17 14:59:10.104879
2026041704021938,AKPL,45,6,10,280.3,2803.0,Imperial Securities Company Pvt. Ltd.,Agrawal Securities (PVT) Ltd.,2026-04-17 14:59:11.307990
2026041704021986,AKPL,45,6,415,280.2,116283.0,Imperial Securities Company Pvt. Ltd.,Agrawal Securities (PVT) Ltd.,2026-04-17 14:59:18.515101
2026041704021987,AKPL,42,56,30,281.0,8430.0,Sani Securities Company Ltd.,Sri Hari Securities Pvt. Ltd.,2026-04-17 14:59:18.566279
2026041704021988,AKPL,42,57,350,281.0,98350.0,Sani Securities Company Ltd.,Aryatara Investment & Securities,2026-04-17 14:59:18.566352
2026041704021989,AKPL,42,39,500,281.5,140750.0,Sani Securities Company Ltd.,Sumeru Securities Pvt. Ltd.,2026-04-17 14:59:18.566378
2026041704021990,AKPL,42,58,50,282.0,14100.0,Sani Securities Company Ltd.,Naasa Securities Co. Ltd.,2026-04-17 14:59:18.566412
2026041704021991,AKPL,42,37,70,282.0,19740.0,Sani Securities Company Ltd.,Swarna Laxmi Securities Pvt. Ltd.,2026-04-17 14:59:18.566435
2026041704022036,AKPL,56,37,430,282.0,121260.0,Sri Hari Securities Pvt. Ltd.,Swarna Laxmi Securities Pvt. Ltd.,2026-04-17 14:59:22.296461
2026041704022037,AKPL,56,44,570,282.0,160740.0,Sri Hari Securities Pvt. Ltd.,Dynamic Money Managers Securities Pvt. Ltd.,2026-04-17 14:59:22.296569
2026041704022147,AKPL,45,51,1000,280.2,280200.0,Imperial Securities Company Pvt. Ltd.,Oxford Securities Pvt. Ltd.,2026-04-17 14:59:35.390888
2026041704022395,AKPL,42,45,100,281.0,28100.0,Sani Securities Company Ltd.,Imperial Securities Company Pvt. Ltd.,2026-04-17 14:59:54.184139
2026041704022396,AKPL,42,44,400,282.0,112800.0,Sani Securities Company Ltd.,Dynamic Money Managers Securities Pvt. Ltd.,2026-04-17 14:59:54.184218
