contract_id,symbol,buyer_member_id,seller_member_id,volume,price,amount,buyer_broker,seller_broker,transaction_time
2026041704000005,CHCL,49,36,300,501.2,150360.0,Online Securities Pvt. Ltd.,Secured Securities Ltd.,2026-04-17 10:46:00.019502
2026041704000006,CHCL,45,43,10,501.2,5012.0,Imperial Securities Company Pvt. Ltd.,South Asian Bulls Pvt. Ltd.,2026-04-17 10:46:00.019533
2026041704000149,CHCL,26,7,10,500.0,5000.0,Asian Securities Private Ltd.,J.F. Securites (PVT) Ltd.,2026-04-17 11:01:42.349422
2026041704000309,CHCL,45,96,25,492.2,12305.0,Imperial Securities Company Pvt. Ltd.,Himalayan Securities Limited,2026-04-17 11:03:43.186248
2026041704000796,CHCL,14,91,23,498.6,11467.8,Nepal Stock House (PVT) Ltd.,Citizens Share Broker Limited,2026-04-17 11:09:38.473695
2026041704000986,CHCL,46,91,37,497.9,18422.3,Kalika Securities Pvt. Ltd.,Citizens Share Broker Limited,2026-04-17 11:12:04.569733
2026041704001016,CHCL,46,41,163,497.9,81157.7,Kalika Securities Pvt. Ltd.,Linch Stock Market Ltd.,2026-04-17 11:12:39.593366
2026041704001042,CHCL,54,8,20,498.0,9960.0,Sewa Securities Pvt. Ltd.,Brilliant Securities Pvt. Ltd.,2026-04-17 11:13:04.773040
2026041704001274,CHCL,45,8,100,498.0,49800.0,Imperial Securities Company Pvt. Ltd.,Brilliant Securities Pvt. Ltd.,2026-04-17 11:15:47.500767
2026041704001689,CHCL,14,41,200,495.0,99000.0,Nepal Stock House (PVT) Ltd.,Linch Stock Market Ltd.,2026-04-17 11:18:39.466787
2026041704001693,CHCL,33,51,10,497.9,4979.0,Dakshinkali Investment & Securities Pvt. Ltd.,Oxford Securities Pvt. Ltd.,2026-04-17 11:18:40.829349
2026041704001705,CHCL,42,51,11,497.9,5476.9,Sani Securities Company Ltd.,Oxford Securities Pvt. Ltd.,2026-04-17 11:18:50.818711
2026041704001958,CHCL,6,51,200,494.0,98800.0,Agrawal Securities (PVT) Ltd.,Oxford Securities Pvt. Ltd.,2026-04-17 11:21:21.774994
2026041704002296,CHCL,75,51,10,494.0,4940.0,N.I.M.B. Stock Markets Limited,Oxford Securities Pvt. Ltd.,2026-04-17 11:24:41.025346
2026041704002341,CHCL,7,21,20,494.0,9880.0,J.F. Securites (PVT) Ltd.,Midas Stock Broking Company Private Limited,2026-04-17 11:25:06.733049
2026041704002611,CHCL,41,35,20,493.0,9860.0,Linch Stock Market Ltd.,Kohinoor Investment & Securities Pvt. Ltd.,2026-04-17 11:28:46.292678
2026041704002612,CHCL,58,35,10,493.0,4930.0,Naasa Securities Co. Ltd.,Kohinoor Investment & Securities Pvt. Ltd.,2026-04-17 11:28:46.292816
2026041704002613,CHCL,48,35,50,493.0,24650.0,Trishakti Securities Public Limited,Kohinoor Investment & Securities Pvt. Ltd.,2026-04-17 11:28:46.292877
2026041704002672,CHCL,1,35,100,492.3,49230.0,Kumari Securities Private Limited,Kohinoor Investment & Securities Pvt. Ltd.,2026-04-17 11:29:44.286013
2026041704002696,CHCL,1,35,20,492.3,9846.0,Kumari Securities Private Limited,Kohinoor Investment & Securities Pvt. Ltd.,2026-04-17 11:30:02.762370
2026041704002714,CHCL,1,41,80,492.3,39384.0,Kumari Securities Private Limited,Linch Stock Market Ltd.,2026-04-17 11:30:17.130465
2026041704002718,CHCL,45,35,20,492.2,9844.0,Imperial Securities Company Pvt. Ltd.,Kohinoor Investment & Securities Pvt. Ltd.,2026-04-17 11:30:24.423240
2026041704002764,CHCL,44,21,200,494.0,98800.0,Dynamic Money Managers Securities Pvt. Ltd.,Midas Stock Broking Company Private Limited,2026-04-17 11:30:42.026299
2026041704002768,CHCL,45,35,20,492.2,9844.0,Imperial Securities Company Pvt. Ltd.,Kohinoor Investment & Securities Pvt. Ltd.,2026-04-17 11:30:52.184853
2026041704002812,CHCL,13,42,12,492.3,5907.6,Thrive Brokerage House Pvt. Ltd,Sani Securities Company Ltd.,2026-04-17 11:31:14.855045
2026041704002820,CHCL,13,35,10,492.3,4923.0,Thrive Brokerage House Pvt. Ltd,Kohinoor Investment & Securities Pvt. Ltd.,2026-04-17 11:31:22.480620
2026041704002851,CHCL,13,35,20,492.5,9850.0,Thrive Brokerage House Pvt. Ltd,Kohinoor Investment & Securities Pvt. Ltd.,2026-04-17 11:31:50.337715
2026041704002885,CHCL,13,35,10,492.5,4925.0,Thrive Brokerage House Pvt. Ltd,Kohinoor Investment & Securities Pvt. Ltd.,2026-04-17 11:32:07.338439
2026041704002892,CHCL,13,41,48,492.5,23640.0,Thrive Brokerage House Pvt. Ltd,Linch Stock Market Ltd.,2026-04-17 11:32:14.984047
2026041704002928,CHCL,13,35,20,492.4,9848.0,Thrive Brokerage House Pvt. Ltd,Kohinoor Investment & Securities Pvt. Ltd.,2026-04-17 11:32:38.667119
2026041704003051,CHCL,13,41,90,492.4,44316.0,Thrive Brokerage House Pvt. Ltd,Linch Stock Market Ltd.,2026-04-17 11:34:32.701147
2026041704003052,CHCL,32,41,10,492.4,4924.0,Premier Securities Company Ltd.,Linch Stock Market Ltd.,2026-04-17 11:34:32.701284
2026041704003102,CHCL,19,41,10,492.5,4925.0,Nepal Investment And Securities Trading Private Limited,Linch Stock Market Ltd.,2026-04-17 11:35:04.500426
2026041704003315,CHCL,32,51,40,492.4,19696.0,Premier Securities Company Ltd.,Oxford Securities Pvt. Ltd.,2026-04-17 11:37:12.512723
2026041704003316,CHCL,72,51,239,492.4,117683.6,Hatemalo Financial Services Private Limited,Oxford Securities Pvt. Ltd.,2026-04-17 11:37:12.512994
2026041704003358,CHCL,72,45,61,492.4,30036.4,Hatemalo Financial Services Private Limited,Imperial Securities Company Pvt. Ltd.,2026-04-17 11:37:36.813132
2026041704003359,CHCL,34,45,60,492.3,29538.0,Vision Securities Pvt. Ltd,Imperial Securities Company Pvt. Ltd.,2026-04-17 11:37:36.813253
2026041704003360,CHCL,65,45,199,492.3,97967.7,Sharepro Securities Private Limited,Imperial Securities Company Pvt. Ltd.,2026-04-17 11:37:36.813310
2026041704003471,CHCL,43,41,50,492.4,24620.0,South Asian Bulls Pvt. Ltd.,Linch Stock Market Ltd.,2026-04-17 11:39:18.019996
2026041704003717,CHCL,65,45,100,492.3,49230.0,Sharepro Securities Private Limited,Imperial Securities Company Pvt. Ltd.,2026-04-17 11:43:20.493506
2026041704003788,CHCL,45,41,100,492.2,49220.0,Imperial Securities Company Pvt. Ltd.,Linch Stock Market Ltd.,2026-04-17 11:44:39.727024
2026041704003825,CHCL,65,21,1,492.3,492.3,Sharepro Securities Private Limited,Midas Stock Broking Company Private Limited,2026-04-17 11:45:08.185399
2026041704003906,CHCL,49,14,25,492.3,12307.5,Online Securities Pvt. Ltd.,Nepal Stock House (PVT) Ltd.,2026-04-17 11:47:02.350863
2026041704004007,CHCL,56,48,50,493.0,24650.0,Sri Hari Securities Pvt. Ltd.,Trishakti Securities Public Limited,2026-04-17 11:48:17.728142
2026041704004397,CHCL,69,21,500,492.1,246050.0,INDEX SECURITIES LIMITED,Midas Stock Broking Company Private Limited,2026-04-17 11:52:50.024570
2026041704004398,CHCL,35,21,10,492.0,4920.0,Kohinoor Investment & Securities Pvt. Ltd.,Midas Stock Broking Company Private Limited,2026-04-17 11:52:50.024733
2026041704004399,CHCL,58,21,10,491.1,4911.0,Naasa Securities Co. Ltd.,Midas Stock Broking Company Private Limited,2026-04-17 11:52:50.024799
2026041704004400,CHCL,39,21,100,491.1,49110.0,Sumeru Securities Pvt. Ltd.,Midas Stock Broking Company Private Limited,2026-04-17 11:52:50.024874
2026041704004401,CHCL,11,21,70,491.1,34377.0,Malla & Malla Stock Broking Company Pvt. Limited,Midas Stock Broking Company Private Limited,2026-04-17 11:52:50.024928
2026041704004402,CHCL,17,21,100,491.0,49100.0,ABC Securities Private Limited,Midas Stock Broking Company Private Limited,2026-04-17 11:52:50.024983
2026041704004403,CHCL,45,21,100,491.0,49100.0,Imperial Securities Company Pvt. Ltd.,Midas Stock Broking Company Private Limited,2026-04-17 11:52:50.025036
2026041704004404,CHCL,13,21,50,491.0,24550.0,Thrive Brokerage House Pvt. Ltd,Midas Stock Broking Company Private Limited,2026-04-17 11:52:50.025088
2026041704004405,CHCL,44,21,60,491.0,29460.0,Dynamic Money Managers Securities Pvt. Ltd.,Midas Stock Broking Company Private Limited,2026-04-17 11:52:50.025139
2026041704004662,CHCL,45,41,20,492.2,9844.0,Imperial Securities Company Pvt. Ltd.,Linch Stock Market Ltd.,2026-04-17 11:55:21.106936
2026041704004745,CHCL,58,8,50,492.9,24645.0,Naasa Securities Co. Ltd.,Brilliant Securities Pvt. Ltd.,2026-04-17 11:56:14.191460
2026041704004845,CHCL,44,63,20,491.0,9820.0,Dynamic Money Managers Securities Pvt. Ltd.,Himalayan Brokerage Company Limited,2026-04-17 11:56:48.545630
2026041704004846,CHCL,36,63,305,491.0,149755.0,Secured Securities Ltd.,Himalayan Brokerage Company Limited,2026-04-17 11:56:48.545686
2026041704004847,CHCL,17,63,95,490.0,46550.0,ABC Securities Private Limited,Himalayan Brokerage Company Limited,2026-04-17 11:56:48.545713
2026041704004848,CHCL,13,63,50,490.0,24500.0,Thrive Brokerage House Pvt. Ltd,Himalayan Brokerage Company Limited,2026-04-17 11:56:48.545738
2026041704004849,CHCL,34,63,50,490.0,24500.0,Vision Securities Pvt. Ltd,Himalayan Brokerage Company Limited,2026-04-17 11:56:48.545765
2026041704004850,CHCL,11,63,20,490.0,9800.0,Malla & Malla Stock Broking Company Pvt. Limited,Himalayan Brokerage Company Limited,2026-04-17 11:56:48.545788
2026041704004851,CHCL,64,63,10,490.0,4900.0,SUN SECURITIES PVT LTD,Himalayan Brokerage Company Limited,2026-04-17 11:56:48.545819
2026041704004852,CHCL,39,63,100,489.5,48950.0,Sumeru Securities Pvt. Ltd.,Himalayan Brokerage Company Limited,2026-04-17 11:56:48.545846
2026041704004853,CHCL,43,63,165,489.0,80685.0,South Asian Bulls Pvt. Ltd.,Himalayan Brokerage Company Limited,2026-04-17 11:56:48.545883
2026041704004892,CHCL,43,63,335,489.0,163815.0,South Asian Bulls Pvt. Ltd.,Himalayan Brokerage Company Limited,2026-04-17 11:57:14.372574
2026041704004893,CHCL,17,63,200,489.0,97800.0,ABC Securities Private Limited,Himalayan Brokerage Company Limited,2026-04-17 11:57:14.372732
2026041704004894,CHCL,13,63,50,489.0,24450.0,Thrive Brokerage House Pvt. Ltd,Himalayan Brokerage Company Limited,2026-04-17 11:57:14.372786
2026041704004997,CHCL,49,38,60,492.8,29568.0,Online Securities Pvt. Ltd.,Dipshikha Dhitopatra Karobar Co. Pvt Ltd.,2026-04-17 11:58:24.271529
2026041704005014,CHCL,58,38,10,492.8,4928.0,Naasa Securities Co. Ltd.,Dipshikha Dhitopatra Karobar Co. Pvt Ltd.,2026-04-17 11:58:40.977419
2026041704005987,CHCL,58,34,20,490.0,9800.0,Naasa Securities Co. Ltd.,Vision Securities Pvt. Ltd,2026-04-17 12:06:20.363290
2026041704006078,CHCL,5,22,200,488.3,97660.0,Market Securities & Exchange (PVT) Ltd.,Siprabi Securities Pvt. Ltd.,2026-04-17 12:07:10.951261
2026041704006079,CHCL,29,22,100,488.2,48820.0,Trisul Securities & Invt. Ltd.,Siprabi Securities Pvt. Ltd.,2026-04-17 12:07:10.951590
2026041704006080,CHCL,89,22,80,488.1,39048.0,Global IME Securities Limited,Siprabi Securities Pvt. Ltd.,2026-04-17 12:07:10.951765
2026041704006081,CHCL,17,22,100,488.1,48810.0,ABC Securities Private Limited,Siprabi Securities Pvt. Ltd.,2026-04-17 12:07:10.951927
2026041704006082,CHCL,49,22,115,488.1,56131.5,Online Securities Pvt. Ltd.,Siprabi Securities Pvt. Ltd.,2026-04-17 12:07:10.952084
2026041704006577,CHCL,49,34,300,488.1,146430.0,Online Securities Pvt. Ltd.,Vision Securities Pvt. Ltd,2026-04-17 12:11:09.303585
2026041704006744,CHCL,49,36,40,488.1,19524.0,Online Securities Pvt. Ltd.,Secured Securities Ltd.,2026-04-17 12:12:13.490638
2026041704007398,CHCL,49,34,45,488.1,21964.5,Online Securities Pvt. Ltd.,Vision Securities Pvt. Ltd,2026-04-17 12:18:03.111372
2026041704007399,CHCL,1,34,84,488.1,41000.4,Kumari Securities Private Limited,Vision Securities Pvt. Ltd,2026-04-17 12:18:03.111529
2026041704007905,CHCL,72,6,100,488.2,48820.0,Hatemalo Financial Services Private Limited,Agrawal Securities (PVT) Ltd.,2026-04-17 12:23:34.859472
2026041704007932,CHCL,17,44,95,489.0,46455.0,ABC Securities Private Limited,Dynamic Money Managers Securities Pvt. Ltd.,2026-04-17 12:23:57.548767
2026041704008045,CHCL,69,38,68,488.3,33204.4,INDEX SECURITIES LIMITED,Dipshikha Dhitopatra Karobar Co. Pvt Ltd.,2026-04-17 12:25:03.722616
2026041704008496,CHCL,51,16,189,489.0,92421.0,Oxford Securities Pvt. Ltd.,Primo Securities (PVT) Ltd.,2026-04-17 12:31:40.968131
2026041704008602,CHCL,48,16,200,489.0,97800.0,Trishakti Securities Public Limited,Primo Securities (PVT) Ltd.,2026-04-17 12:32:52.797950
2026041704008762,CHCL,42,4,100,488.5,48850.0,Sani Securities Company Ltd.,Opal Securities Investment (PVT) Ltd.,2026-04-17 12:34:31.173541
2026041704008927,CHCL,42,16,30,489.0,14670.0,Sani Securities Company Ltd.,Primo Securities (PVT) Ltd.,2026-04-17 12:36:45.362294
2026041704008974,CHCL,58,16,14,489.0,6846.0,Naasa Securities Co. Ltd.,Primo Securities (PVT) Ltd.,2026-04-17 12:37:16.075425
2026041704008998,CHCL,72,16,67,489.0,32763.0,Hatemalo Financial Services Private Limited,Primo Securities (PVT) Ltd.,2026-04-17 12:37:24.859160
2026041704009099,CHCL,19,65,100,490.0,49000.0,Nepal Investment And Securities Trading Private Limited,Sharepro Securities Private Limited,2026-04-17 12:39:06.666367
2026041704009100,CHCL,19,34,200,490.0,98000.0,Nepal Investment And Securities Trading Private Limited,Vision Securities Pvt. Ltd,2026-04-17 12:39:06.666681
2026041704009237,CHCL,19,34,200,490.0,98000.0,Nepal Investment And Securities Trading Private Limited,Vision Securities Pvt. Ltd,2026-04-17 12:41:06.381324
2026041704009369,CHCL,41,34,300,490.0,147000.0,Linch Stock Market Ltd.,Vision Securities Pvt. Ltd,2026-04-17 12:43:04.035810
2026041704009528,CHCL,19,36,48,490.0,23520.0,Nepal Investment And Securities Trading Private Limited,Secured Securities Ltd.,2026-04-17 12:45:12.833844
2026041704009785,CHCL,45,37,1,490.0,490.0,Imperial Securities Company Pvt. Ltd.,Swarna Laxmi Securities Pvt. Ltd.,2026-04-17 12:48:26.164973
2026041704009889,CHCL,56,8,35,492.9,17251.5,Sri Hari Securities Pvt. Ltd.,Brilliant Securities Pvt. Ltd.,2026-04-17 12:49:19.215383
2026041704010345,CHCL,38,45,10,490.0,4900.0,Dipshikha Dhitopatra Karobar Co. Pvt Ltd.,Imperial Securities Company Pvt. Ltd.,2026-04-17 12:53:07.723694
2026041704010346,CHCL,4,45,10,490.0,4900.0,Opal Securities Investment (PVT) Ltd.,Imperial Securities Company Pvt. Ltd.,2026-04-17 12:53:07.723919
2026041704010534,CHCL,22,43,10,490.0,4900.0,Siprabi Securities Pvt. Ltd.,South Asian Bulls Pvt. Ltd.,2026-04-17 12:54:44.645123
2026041704011085,CHCL,56,36,10,490.9,4909.0,Sri Hari Securities Pvt. Ltd.,Secured Securities Ltd.,2026-04-17 12:59:16.538452
2026041704011220,CHCL,21,21,80,490.1,39208.0,Midas Stock Broking Company Private Limited,Midas Stock Broking Company Private Limited,2026-04-17 13:02:00.226394
2026041704011390,CHCL,58,36,25,490.9,12272.5,Naasa Securities Co. Ltd.,Secured Securities Ltd.,2026-04-17 13:05:17.547278
2026041704011409,CHCL,21,49,10,490.1,4901.0,Midas Stock Broking Company Private Limited,Online Securities Pvt. Ltd.,2026-04-17 13:05:52.452429
2026041704011478,CHCL,21,65,10,490.1,4901.0,Midas Stock Broking Company Private Limited,Sharepro Securities Private Limited,2026-04-17 13:07:46.708300
2026041704011479,CHCL,59,65,23,490.0,11270.0,Deevyaa Securities & Stock House Pvt. Ltd,Sharepro Securities Private Limited,2026-04-17 13:07:46.708545
2026041704011480,CHCL,7,65,10,490.0,4900.0,J.F. Securites (PVT) Ltd.,Sharepro Securities Private Limited,2026-04-17 13:07:46.708619
2026041704011585,CHCL,41,65,157,490.0,76930.0,Linch Stock Market Ltd.,Sharepro Securities Private Limited,2026-04-17 13:10:22.920192
2026041704011586,CHCL,41,22,24,490.0,11760.0,Linch Stock Market Ltd.,Siprabi Securities Pvt. Ltd.,2026-04-17 13:10:22.920426
2026041704011616,CHCL,14,81,141,490.0,69090.0,Nepal Stock House (PVT) Ltd.,Aakashbhairab Securities Ltd.,2026-04-17 13:11:05.277639
2026041704011630,CHCL,49,81,65,490.0,31850.0,Online Securities Pvt. Ltd.,Aakashbhairab Securities Ltd.,2026-04-17 13:11:21.410966
2026041704011985,CHCL,41,35,250,489.0,122250.0,Linch Stock Market Ltd.,Kohinoor Investment & Securities Pvt. Ltd.,2026-04-17 13:19:09.229272
2026041704012001,CHCL,34,36,10,489.7,4897.0,Vision Securities Pvt. Ltd,Secured Securities Ltd.,2026-04-17 13:19:24.628738
2026041704012139,CHCL,41,36,155,489.7,75903.5,Linch Stock Market Ltd.,Secured Securities Ltd.,2026-04-17 13:20:59.716292
2026041704012140,CHCL,41,81,94,490.0,46060.0,Linch Stock Market Ltd.,Aakashbhairab Securities Ltd.,2026-04-17 13:20:59.716692
2026041704012806,CHCL,19,36,195,490.5,95647.5,Nepal Investment And Securities Trading Private Limited,Secured Securities Ltd.,2026-04-17 13:31:15.824721
2026041704012959,CHCL,17,34,2000,491.0,982000.0,ABC Securities Private Limited,Vision Securities Pvt. Ltd,2026-04-17 13:32:13.963432
2026041704013069,CHCL,39,40,50,492.0,24600.0,Sumeru Securities Pvt. Ltd.,Creative Securities Pvt Ltd,2026-04-17 13:33:23.552656
2026041704013302,CHCL,66,40,950,492.0,467400.0,Miyo Securities Pvt Ltd,Creative Securities Pvt Ltd,2026-04-17 13:35:08.757706
2026041704013303,CHCL,66,49,100,492.0,49200.0,Miyo Securities Pvt Ltd,Online Securities Pvt. Ltd.,2026-04-17 13:35:08.757763
2026041704013304,CHCL,66,1,450,492.0,221400.0,Miyo Securities Pvt Ltd,Kumari Securities Private Limited,2026-04-17 13:35:08.757786
2026041704014321,CHCL,35,1,20,492.0,9840.0,Kohinoor Investment & Securities Pvt. Ltd.,Kumari Securities Private Limited,2026-04-17 13:43:50.202021
2026041704014370,CHCL,57,1,30,492.0,14760.0,Aryatara Investment & Securities,Kumari Securities Private Limited,2026-04-17 13:44:13.870217
2026041704014371,CHCL,57,29,39,492.0,19188.0,Aryatara Investment & Securities,Trisul Securities & Invt. Ltd.,2026-04-17 13:44:13.870434
2026041704014926,CHCL,17,56,100,490.2,49020.0,ABC Securities Private Limited,Sri Hari Securities Pvt. Ltd.,2026-04-17 13:52:05.768243
2026041704014927,CHCL,16,56,94,490.1,46069.4,Primo Securities (PVT) Ltd.,Sri Hari Securities Pvt. Ltd.,2026-04-17 13:52:05.768484
2026041704014964,CHCL,16,69,235,490.1,115173.5,Primo Securities (PVT) Ltd.,INDEX SECURITIES LIMITED,2026-04-17 13:52:38.495387
2026041704014965,CHCL,49,69,100,490.1,49010.0,Online Securities Pvt. Ltd.,INDEX SECURITIES LIMITED,2026-04-17 13:52:38.495755
2026041704014966,CHCL,22,69,40,490.0,19600.0,Siprabi Securities Pvt. Ltd.,INDEX SECURITIES LIMITED,2026-04-17 13:52:38.495974
2026041704014967,CHCL,42,69,120,490.0,58800.0,Sani Securities Company Ltd.,INDEX SECURITIES LIMITED,2026-04-17 13:52:38.496198
2026041704015086,CHCL,17,58,1,483.1,483.1,ABC Securities Private Limited,Naasa Securities Co. Ltd.,2026-04-17 13:54:42.974048
2026041704015088,CHCL,58,41,50,491.4,24570.0,Naasa Securities Co. Ltd.,Linch Stock Market Ltd.,2026-04-17 13:54:43.750391
2026041704015125,CHCL,17,21,1,485.0,485.0,ABC Securities Private Limited,Midas Stock Broking Company Private Limited,2026-04-17 13:55:10.477179
2026041704015133,CHCL,17,29,5,486.0,2430.0,ABC Securities Private Limited,Trisul Securities & Invt. Ltd.,2026-04-17 13:55:23.379702
2026041704015262,CHCL,67,45,10,491.0,4910.0,Property Wiard Limited,Imperial Securities Company Pvt. Ltd.,2026-04-17 13:57:40.772594
2026041704015263,CHCL,67,45,10,491.0,4910.0,Property Wiard Limited,Imperial Securities Company Pvt. Ltd.,2026-04-17 13:57:40.772841
2026041704015843,CHCL,54,36,20,490.9,9818.0,Sewa Securities Pvt. Ltd.,Secured Securities Ltd.,2026-04-17 14:07:10.071602
2026041704016104,CHCL,19,16,10,490.0,4900.0,Nepal Investment And Securities Trading Private Limited,Primo Securities (PVT) Ltd.,2026-04-17 14:09:43.271595
2026041704016314,CHCL,69,36,180,490.9,88362.0,INDEX SECURITIES LIMITED,Secured Securities Ltd.,2026-04-17 14:11:42.908403
2026041704016315,CHCL,69,45,260,491.0,127660.0,INDEX SECURITIES LIMITED,Imperial Securities Company Pvt. Ltd.,2026-04-17 14:11:42.908728
2026041704016316,CHCL,69,16,59,491.0,28969.0,INDEX SECURITIES LIMITED,Primo Securities (PVT) Ltd.,2026-04-17 14:11:42.908971
2026041704016317,CHCL,69,13,26,491.8,12786.8,INDEX SECURITIES LIMITED,Thrive Brokerage House Pvt. Ltd,2026-04-17 14:11:42.909183
2026041704016479,CHCL,69,22,980,491.1,481278.0,INDEX SECURITIES LIMITED,Siprabi Securities Pvt. Ltd.,2026-04-17 14:13:21.799165
2026041704016652,CHCL,69,36,10,491.8,4918.0,INDEX SECURITIES LIMITED,Secured Securities Ltd.,2026-04-17 14:15:36.504950
2026041704017001,CHCL,69,42,125,491.1,61387.5,INDEX SECURITIES LIMITED,Sani Securities Company Ltd.,2026-04-17 14:18:38.816041
2026041704017193,CHCL,17,32,7,488.0,3416.0,ABC Securities Private Limited,Premier Securities Company Ltd.,2026-04-17 14:20:26.684834
2026041704017473,CHCL,58,11,20,491.7,9834.0,Naasa Securities Co. Ltd.,Malla & Malla Stock Broking Company Pvt. Limited,2026-04-17 14:23:33.267757
2026041704017507,CHCL,4,39,10,491.2,4912.0,Opal Securities Investment (PVT) Ltd.,Sumeru Securities Pvt. Ltd.,2026-04-17 14:23:59.455774
2026041704017508,CHCL,69,39,190,491.1,93309.0,INDEX SECURITIES LIMITED,Sumeru Securities Pvt. Ltd.,2026-04-17 14:23:59.456164
2026041704017553,CHCL,69,74,100,491.1,49110.0,INDEX SECURITIES LIMITED,KALASH STOCK MARKET PVT. LTD.,2026-04-17 14:24:46.579538
2026041704017632,CHCL,57,22,1,482.0,482.0,Aryatara Investment & Securities,Siprabi Securities Pvt. Ltd.,2026-04-17 14:25:30.693569
2026041704017844,CHCL,69,36,105,491.1,51565.5,INDEX SECURITIES LIMITED,Secured Securities Ltd.,2026-04-17 14:29:04.900351
2026041704017845,CHCL,62,36,50,491.1,24555.0,Capital Max Securities Ltd,Secured Securities Ltd.,2026-04-17 14:29:04.900725
2026041704017869,CHCL,14,36,10,491.1,4911.0,Nepal Stock House (PVT) Ltd.,Secured Securities Ltd.,2026-04-17 14:29:30.835611
2026041704018284,CHCL,4,36,25,491.0,12275.0,Opal Securities Investment (PVT) Ltd.,Secured Securities Ltd.,2026-04-17 14:33:55.904683
2026041704018341,CHCL,42,11,100,491.1,49110.0,Sani Securities Company Ltd.,Malla & Malla Stock Broking Company Pvt. Limited,2026-04-17 14:34:41.325633
2026041704018658,CHCL,42,11,35,491.1,17188.5,Sani Securities Company Ltd.,Malla & Malla Stock Broking Company Pvt. Limited,2026-04-17 14:37:54.213300
2026041704018683,CHCL,4,45,190,491.0,93290.0,Opal Securities Investment (PVT) Ltd.,Imperial Securities Company Pvt. Ltd.,2026-04-17 14:38:27.879821
2026041704018684,CHCL,58,45,19,491.0,9329.0,Naasa Securities Co. Ltd.,Imperial Securities Company Pvt. Ltd.,2026-04-17 14:38:27.880219
2026041704018759,CHCL,19,11,20,490.0,9800.0,Nepal Investment And Securities Trading Private Limited,Malla & Malla Stock Broking Company Pvt. Limited,2026-04-17 14:39:48.989647
2026041704018760,CHCL,58,11,10,490.0,4900.0,Naasa Securities Co. Ltd.,Malla & Malla Stock Broking Company Pvt. Limited,2026-04-17 14:39:48.989889
2026041704018761,CHCL,58,11,20,490.0,9800.0,Naasa Securities Co. Ltd.,Malla & Malla Stock Broking Company Pvt. Limited,2026-04-17 14:39:48.990002
2026041704018805,CHCL,21,36,25,491.0,12275.0,Midas Stock Broking Company Private Limited,Secured Securities Ltd.,2026-04-17 14:40:16.731877
2026041704018848,CHCL,45,36,15,491.0,7365.0,Imperial Securities Company Pvt. Ltd.,Secured Securities Ltd.,2026-04-17 14:40:41.142468
2026041704018966,CHCL,13,36,14,491.0,6874.0,Thrive Brokerage House Pvt. Ltd,Secured Securities Ltd.,2026-04-17 14:41:53.854766
2026041704019202,CHCL,58,14,10,490.0,4900.0,Naasa Securities Co. Ltd.,Nepal Stock House (PVT) Ltd.,2026-04-17 14:43:55.309773
2026041704019203,CHCL,38,14,250,490.0,122500.0,Dipshikha Dhitopatra Karobar Co. Pvt Ltd.,Nepal Stock House (PVT) Ltd.,2026-04-17 14:43:55.309977
2026041704019204,CHCL,54,14,100,490.0,49000.0,Sewa Securities Pvt. Ltd.,Nepal Stock House (PVT) Ltd.,2026-04-17 14:43:55.310062
2026041704019287,CHCL,13,14,140,490.0,68600.0,Thrive Brokerage House Pvt. Ltd,Nepal Stock House (PVT) Ltd.,2026-04-17 14:45:01.746344
2026041704019790,CHCL,42,38,21,490.0,10290.0,Sani Securities Company Ltd.,Dipshikha Dhitopatra Karobar Co. Pvt Ltd.,2026-04-17 14:49:32.018676
2026041704019791,CHCL,43,38,100,489.1,48910.0,South Asian Bulls Pvt. Ltd.,Dipshikha Dhitopatra Karobar Co. Pvt Ltd.,2026-04-17 14:49:32.018886
2026041704019792,CHCL,58,38,38,489.1,18585.8,Naasa Securities Co. Ltd.,Dipshikha Dhitopatra Karobar Co. Pvt Ltd.,2026-04-17 14:49:32.018971
2026041704019793,CHCL,72,38,100,489.0,48900.0,Hatemalo Financial Services Private Limited,Dipshikha Dhitopatra Karobar Co. Pvt Ltd.,2026-04-17 14:49:32.019048
2026041704019794,CHCL,21,38,20,489.0,9780.0,Midas Stock Broking Company Private Limited,Dipshikha Dhitopatra Karobar Co. Pvt Ltd.,2026-04-17 14:49:32.019126
2026041704019795,CHCL,58,38,20,489.0,9780.0,Naasa Securities Co. Ltd.,Dipshikha Dhitopatra Karobar Co. Pvt Ltd.,2026-04-17 14:49:32.019204
2026041704019796,CHCL,42,38,60,489.0,29340.0,Sani Securities Company Ltd.,Dipshikha Dhitopatra Karobar Co. Pvt Ltd.,2026-04-17 14:49:32.019292
2026041704019797,CHCL,22,38,20,489.0,9780.0,Siprabi Securities Pvt. Ltd.,Dipshikha Dhitopatra Karobar Co. Pvt Ltd.,2026-04-17 14:49:32.019389
2026041704019798,CHCL,42,38,10,489.0,4890.0,Sani Securities Company Ltd.,Dipshikha Dhitopatra Karobar Co. Pvt Ltd.,2026-04-17 14:49:32.019475
2026041704019799,CHCL,25,38,210,488.9,102669.0,Sweta Securities Private Limited,Dipshikha Dhitopatra Karobar Co. Pvt Ltd.,2026-04-17 14:49:32.019553
2026041704019800,CHCL,17,38,200,488.8,97760.0,ABC Securities Private Limited,Dipshikha Dhitopatra Karobar Co. Pvt Ltd.,2026-04-17 14:49:32.019625
2026041704019855,CHCL,19,38,201,488.8,98248.8,Nepal Investment And Securities Trading Private Limited,Dipshikha Dhitopatra Karobar Co. Pvt Ltd.,2026-04-17 14:49:58.175026
2026041704019959,CHCL,65,11,55,490.9,26999.5,Sharepro Securities Private Limited,Malla & Malla Stock Broking Company Pvt. Limited,2026-04-17 14:50:49.733736
2026041704019960,CHCL,65,36,146,491.0,71686.0,Sharepro Securities Private Limited,Secured Securities Ltd.,2026-04-17 14:50:49.734132
2026041704019961,CHCL,65,58,32,491.1,15715.2,Sharepro Securities Private Limited,Naasa Securities Co. Ltd.,2026-04-17 14:50:49.734413
2026041704019962,CHCL,65,16,200,491.8,98360.0,Sharepro Securities Private Limited,Primo Securities (PVT) Ltd.,2026-04-17 14:50:49.734643
2026041704019963,CHCL,65,50,100,491.8,49180.0,Sharepro Securities Private Limited,Cristal Kanchanjanga Securites Pvt. Ltd.,2026-04-17 14:50:49.734855
2026041704019964,CHCL,65,57,10,491.9,4919.0,Sharepro Securities Private Limited,Aryatara Investment & Securities,2026-04-17 14:50:49.735088
2026041704019965,CHCL,65,29,143,492.0,70356.0,Sharepro Securities Private Limited,Trisul Securities & Invt. Ltd.,2026-04-17 14:50:49.735331
2026041704019966,CHCL,65,66,314,492.0,154488.0,Sharepro Securities Private Limited,Miyo Securities Pvt Ltd,2026-04-17 14:50:49.735582
2026041704020141,CHCL,58,66,91,492.0,44772.0,Naasa Securities Co. Ltd.,Miyo Securities Pvt Ltd,2026-04-17 14:51:48.859292
2026041704020594,CHCL,53,38,50,490.0,24500.0,Investment Management Nepal Pvt. Ltd.,Dipshikha Dhitopatra Karobar Co. Pvt Ltd.,2026-04-17 14:54:53.397570
2026041704020638,CHCL,96,58,10,490.0,4900.0,Himalayan Securities Limited,Naasa Securities Co. Ltd.,2026-04-17 14:55:10.085106
2026041704020695,CHCL,96,7,10,490.0,4900.0,Himalayan Securities Limited,J.F. Securites (PVT) Ltd.,2026-04-17 14:55:23.758785
2026041704021292,CHCL,49,48,50,488.9,24445.0,Online Securities Pvt. Ltd.,Trishakti Securities Public Limited,2026-04-17 14:57:34.774607
2026041704021293,CHCL,45,48,20,488.9,9778.0,Imperial Securities Company Pvt. Ltd.,Trishakti Securities Public Limited,2026-04-17 14:57:34.774941
2026041704021349,CHCL,25,66,200,488.7,97740.0,Sweta Securities Private Limited,Miyo Securities Pvt Ltd,2026-04-17 14:57:45.595991
2026041704022089,CHCL,43,41,50,488.8,24440.0,South Asian Bulls Pvt. Ltd.,Linch Stock Market Ltd.,2026-04-17 14:59:28.935611
2026041704022090,CHCL,59,41,500,488.7,244350.0,Deevyaa Securities & Stock House Pvt. Ltd,Linch Stock Market Ltd.,2026-04-17 14:59:28.935807
2026041704022091,CHCL,22,41,40,488.7,19548.0,Siprabi Securities Pvt. Ltd.,Linch Stock Market Ltd.,2026-04-17 14:59:28.935898
2026041704022092,CHCL,17,41,100,488.5,48850.0,ABC Securities Private Limited,Linch Stock Market Ltd.,2026-04-17 14:59:28.935973
2026041704022093,CHCL,3,41,200,488.5,97700.0,Arun Securities (PVT) Ltd.,Linch Stock Market Ltd.,2026-04-17 14:59:28.936044
2026041704022094,CHCL,58,41,114,488.5,55689.0,Naasa Securities Co. Ltd.,Linch Stock Market Ltd.,2026-04-17 14:59:28.936116
2026041704022399,CHCL,58,66,36,488.5,17586.0,Naasa Securities Co. Ltd.,Miyo Securities Pvt Ltd,2026-04-17 14:59:54.876098
2026041704022400,CHCL,33,66,14,488.5,6839.0,Dakshinkali Investment & Securities Pvt. Ltd.,Miyo Securities Pvt Ltd,2026-04-17 14:59:54.876277
2026041704022625,CHCL,69,49,104,488.7,50824.8,INDEX SECURITIES LIMITED,Online Securities Pvt. Ltd.,2026-04-17 14:59:58.376432
2026041704022626,CHCL,69,48,130,488.9,63557.0,INDEX SECURITIES LIMITED,Trishakti Securities Public Limited,2026-04-17 14:59:58.376489
2026041704022627,CHCL,69,7,90,490.0,44100.0,INDEX SECURITIES LIMITED,J.F. Securites (PVT) Ltd.,2026-04-17 14:59:58.376517
2026041704022628,CHCL,69,7,40,491.9,19676.0,INDEX SECURITIES LIMITED,J.F. Securites (PVT) Ltd.,2026-04-17 14:59:58.376544
2026041704022629,CHCL,69,38,156,491.9,76736.4,INDEX SECURITIES LIMITED,Dipshikha Dhitopatra Karobar Co. Pvt Ltd.,2026-04-17 14:59:58.376603
2026041704022630,CHCL,69,1,55,492.0,27060.0,INDEX SECURITIES LIMITED,Kumari Securities Private Limited,2026-04-17 14:59:58.376645
