contractId,stockSymbol,buyerMemberId,sellerMemberId,quantity,rate,amount,businessDate,tradeBookId,stockId,buyerBrokerName,sellerBrokerName,transaction_time,securityName
2026041703001160,GFCL,42,1,100,640.0,64000.0,2026-04-17,186797138,232,Sani Securities Company Ltd.,Kumari Securities Private Limited,2026-04-17 11:51:04.018326,Goodwill Finance Limited
2026041703001188,GFCL,58,88,50,636.1,31805.0,2026-04-17,186797592,232,Naasa Securities Co. Ltd.,Blue Chip Securities Ltd,2026-04-17 11:51:37.668495,Goodwill Finance Limited
2026041703001189,GFCL,48,88,30,636.0,19080.0,2026-04-17,186797594,232,Trishakti Securities Public Limited,Blue Chip Securities Ltd,2026-04-17 11:51:37.668543,Goodwill Finance Limited
2026041703001190,GFCL,36,88,30,636.0,19080.0,2026-04-17,186797596,232,Secured Securities Ltd.,Blue Chip Securities Ltd,2026-04-17 11:51:37.668567,Goodwill Finance Limited
2026041703001191,GFCL,58,88,50,636.0,31800.0,2026-04-17,186797598,232,Naasa Securities Co. Ltd.,Blue Chip Securities Ltd,2026-04-17 11:51:37.668589,Goodwill Finance Limited
2026041703001192,GFCL,42,88,47,633.0,29751.0,2026-04-17,186797600,232,Sani Securities Company Ltd.,Blue Chip Securities Ltd,2026-04-17 11:51:37.668610,Goodwill Finance Limited
2026041703001193,GFCL,45,88,200,631.1,126220.0,2026-04-17,186797602,232,Imperial Securities Company Pvt. Ltd.,Blue Chip Securities Ltd,2026-04-17 11:51:37.668642,Goodwill Finance Limited
2026041703001194,GFCL,17,88,667,631.0,420877.0,2026-04-17,186797603,232,ABC Securities Private Limited,Blue Chip Securities Ltd,2026-04-17 11:51:37.668667,Goodwill Finance Limited
2026041703001226,GFCL,17,1,1333,631.0,841123.0,2026-04-17,186798170,232,ABC Securities Private Limited,Kumari Securities Private Limited,2026-04-17 11:52:16.717003,Goodwill Finance Limited
2026041703001227,GFCL,6,1,30,631.0,18930.0,2026-04-17,186798172,232,Agrawal Securities (PVT) Ltd.,Kumari Securities Private Limited,2026-04-17 11:52:16.717178,Goodwill Finance Limited
2026041703001228,GFCL,17,1,1250,631.0,788750.0,2026-04-17,186798174,232,ABC Securities Private Limited,Kumari Securities Private Limited,2026-04-17 11:52:16.717300,Goodwill Finance Limited
2026041703001229,GFCL,58,1,30,631.0,18930.0,2026-04-17,186798176,232,Naasa Securities Co. Ltd.,Kumari Securities Private Limited,2026-04-17 11:52:16.717390,Goodwill Finance Limited
2026041703001230,GFCL,39,1,20,631.0,12620.0,2026-04-17,186798178,232,Sumeru Securities Pvt. Ltd.,Kumari Securities Private Limited,2026-04-17 11:52:16.717490,Goodwill Finance Limited
2026041703001231,GFCL,42,1,127,631.0,80137.0,2026-04-17,186798180,232,Sani Securities Company Ltd.,Kumari Securities Private Limited,2026-04-17 11:52:16.717580,Goodwill Finance Limited
2026041703001237,GFCL,74,1,210,630.2,132342.0,2026-04-17,186798333,232,KALASH STOCK MARKET PVT. LTD.,Kumari Securities Private Limited,2026-04-17 11:52:29.702161,Goodwill Finance Limited
2026041703001956,GFCL,17,34,100,632.0,63200.0,2026-04-17,186812564,232,ABC Securities Private Limited,Vision Securities Pvt. Ltd,2026-04-17 12:09:47.425719,Goodwill Finance Limited
2026041703001957,GFCL,42,34,50,630.5,31525.0,2026-04-17,186812565,232,Sani Securities Company Ltd.,Vision Securities Pvt. Ltd,2026-04-17 12:09:47.425826,Goodwill Finance Limited
2026041703003017,GFCL,57,20,9,630.2,5671.8,2026-04-17,186835987,232,Aryatara Investment & Securities,Sipla Securities Private Limited,2026-04-17 12:39:24.514431,Goodwill Finance Limited
2026041703003262,GFCL,57,58,100,635.0,63500.0,2026-04-17,186841432,232,Aryatara Investment & Securities,Naasa Securities Co. Ltd.,2026-04-17 12:47:56.317228,Goodwill Finance Limited
2026041703003263,GFCL,58,58,15,635.0,9525.0,2026-04-17,186841522,232,Naasa Securities Co. Ltd.,Naasa Securities Co. Ltd.,2026-04-17 12:48:02.290419,Goodwill Finance Limited
2026041703003315,GFCL,34,58,100,635.0,63500.0,2026-04-17,186842720,232,Vision Securities Pvt. Ltd,Naasa Securities Co. Ltd.,2026-04-17 12:49:33.652987,Goodwill Finance Limited
2026041703003328,GFCL,42,58,15,635.0,9525.0,2026-04-17,186842891,232,Sani Securities Company Ltd.,Naasa Securities Co. Ltd.,2026-04-17 12:49:44.043145,Goodwill Finance Limited
2026041703003683,GFCL,58,1,65,633.0,41145.0,2026-04-17,186851451,232,Naasa Securities Co. Ltd.,Kumari Securities Private Limited,2026-04-17 13:01:31.128109,Goodwill Finance Limited
2026041703004341,GFCL,62,42,30,639.0,19170.0,2026-04-17,186869426,232,Capital Max Securities Ltd,Sani Securities Company Ltd.,2026-04-17 13:34:00.762916,Goodwill Finance Limited
2026041703004586,GFCL,13,7,100,635.0,63500.0,2026-04-17,186877276,232,Thrive Brokerage House Pvt. Ltd,J.F. Securites (PVT) Ltd.,2026-04-17 13:44:54.466176,Goodwill Finance Limited
2026041703004587,GFCL,53,7,50,635.0,31750.0,2026-04-17,186877278,232,Investment Management Nepal Pvt. Ltd.,J.F. Securites (PVT) Ltd.,2026-04-17 13:44:54.466339,Goodwill Finance Limited
2026041703004588,GFCL,1,7,100,634.3,63430.0,2026-04-17,186877280,232,Kumari Securities Private Limited,J.F. Securites (PVT) Ltd.,2026-04-17 13:44:54.466389,Goodwill Finance Limited
2026041703004589,GFCL,42,7,50,634.1,31705.0,2026-04-17,186877281,232,Sani Securities Company Ltd.,J.F. Securites (PVT) Ltd.,2026-04-17 13:44:54.466438,Goodwill Finance Limited
2026041703004640,GFCL,44,42,49,639.0,31311.0,2026-04-17,186878768,232,Dynamic Money Managers Securities Pvt. Ltd.,Sani Securities Company Ltd.,2026-04-17 13:47:26.473270,Goodwill Finance Limited
2026041703005096,GFCL,41,42,100,639.0,63900.0,2026-04-17,186889398,232,Linch Stock Market Ltd.,Sani Securities Company Ltd.,2026-04-17 14:04:15.992467,Goodwill Finance Limited
2026041703005320,GFCL,28,42,69,639.0,44091.0,2026-04-17,186896705,232,Shree Krishna Securities Ltd.,Sani Securities Company Ltd.,2026-04-17 14:13:04.710424,Goodwill Finance Limited
2026041703005332,GFCL,28,58,50,640.0,32000.0,2026-04-17,186896967,232,Shree Krishna Securities Ltd.,Naasa Securities Co. Ltd.,2026-04-17 14:13:34.208244,Goodwill Finance Limited
2026041703005333,GFCL,28,47,211,640.0,135040.0,2026-04-17,186896970,232,Shree Krishna Securities Ltd.,Neev Securities Pvt. Ltd.,2026-04-17 14:13:34.208474,Goodwill Finance Limited
2026041703005427,GFCL,6,47,50,640.0,32000.0,2026-04-17,186898740,232,Agrawal Securities (PVT) Ltd.,Neev Securities Pvt. Ltd.,2026-04-17 14:16:13.598059,Goodwill Finance Limited
2026041703005458,GFCL,45,47,50,640.0,32000.0,2026-04-17,186899672,232,Imperial Securities Company Pvt. Ltd.,Neev Securities Pvt. Ltd.,2026-04-17 14:17:26.193485,Goodwill Finance Limited
2026041703005611,GFCL,74,42,200,635.5,127100.0,2026-04-17,186903000,232,KALASH STOCK MARKET PVT. LTD.,Sani Securities Company Ltd.,2026-04-17 14:21:51.941723,Goodwill Finance Limited
2026041703005612,GFCL,14,42,500,635.5,317750.0,2026-04-17,186903001,232,Nepal Stock House (PVT) Ltd.,Sani Securities Company Ltd.,2026-04-17 14:21:51.941853,Goodwill Finance Limited
2026041703005847,GFCL,42,45,27,634.6,17134.2,2026-04-17,186907479,232,Sani Securities Company Ltd.,Imperial Securities Company Pvt. Ltd.,2026-04-17 14:27:45.566191,Goodwill Finance Limited
2026041703005964,GFCL,58,35,50,634.6,31730.0,2026-04-17,186910569,232,Naasa Securities Co. Ltd.,Kohinoor Investment & Securities Pvt. Ltd.,2026-04-17 14:31:44.850848,Goodwill Finance Limited
2026041703006306,GFCL,53,19,100,635.0,63500.0,2026-04-17,186916909,232,Investment Management Nepal Pvt. Ltd.,Nepal Investment And Securities Trading Private Limited,2026-04-17 14:40:11.271570,Goodwill Finance Limited
2026041703006557,GFCL,53,42,375,635.0,238125.0,2026-04-17,186920595,232,Investment Management Nepal Pvt. Ltd.,Sani Securities Company Ltd.,2026-04-17 14:44:33.521694,Goodwill Finance Limited
2026041703006705,GFCL,47,49,17,637.9,10844.3,2026-04-17,186924012,232,Neev Securities Pvt. Ltd.,Online Securities Pvt. Ltd.,2026-04-17 14:47:57.986623,Goodwill Finance Limited
2026041703006803,GFCL,53,57,25,635.0,15875.0,2026-04-17,186926496,232,Investment Management Nepal Pvt. Ltd.,Aryatara Investment & Securities,2026-04-17 14:49:33.097002,Goodwill Finance Limited
2026041703006804,GFCL,21,57,200,634.0,126800.0,2026-04-17,186926498,232,Midas Stock Broking Company Private Limited,Aryatara Investment & Securities,2026-04-17 14:49:33.097141,Goodwill Finance Limited
2026041703006805,GFCL,34,57,185,634.0,117290.0,2026-04-17,186926500,232,Vision Securities Pvt. Ltd,Aryatara Investment & Securities,2026-04-17 14:49:33.097324,Goodwill Finance Limited
2026041703006806,GFCL,4,57,90,633.4,57006.0,2026-04-17,186926501,232,Opal Securities Investment (PVT) Ltd.,Aryatara Investment & Securities,2026-04-17 14:49:33.097376,Goodwill Finance Limited
2026041703006972,GFCL,35,35,1000,634.0,634000.0,2026-04-17,186929878,232,Kohinoor Investment & Securities Pvt. Ltd.,Kohinoor Investment & Securities Pvt. Ltd.,2026-04-17 14:51:53.941427,Goodwill Finance Limited
2026041703007571,GFCL,42,35,10,637.0,6370.0,2026-04-17,186939004,232,Sani Securities Company Ltd.,Kohinoor Investment & Securities Pvt. Ltd.,2026-04-17 14:57:43.522894,Goodwill Finance Limited
2026041703007588,GFCL,52,58,184,635.0,116840.0,2026-04-17,186939453,232,Sundhara Securities Limited,Naasa Securities Co. Ltd.,2026-04-17 14:57:56.548615,Goodwill Finance Limited
2026041703007922,GFCL,54,74,10,635.5,6355.0,2026-04-17,186945046,232,Sewa Securities Pvt. Ltd.,KALASH STOCK MARKET PVT. LTD.,2026-04-17 14:59:38.262275,Goodwill Finance Limited
2026041703007923,GFCL,52,74,216,635.0,137160.0,2026-04-17,186945048,232,Sundhara Securities Limited,KALASH STOCK MARKET PVT. LTD.,2026-04-17 14:59:38.262393,Goodwill Finance Limited
2026041703007924,GFCL,38,74,20,635.0,12700.0,2026-04-17,186945050,232,Dipshikha Dhitopatra Karobar Co. Pvt Ltd.,KALASH STOCK MARKET PVT. LTD.,2026-04-17 14:59:38.262456,Goodwill Finance Limited
