contractId,stockSymbol,buyerMemberId,sellerMemberId,quantity,rate,amount,businessDate,tradeBookId,stockId,buyerBrokerName,sellerBrokerName,transaction_time,securityName
2026041704000044,HPPL,58,34,18,410.0,7380.0,2026-04-17,186755099,2767,Naasa Securities Co. Ltd.,Vision Securities Pvt. Ltd,2026-04-17 11:00:25.169525,Himalayan Power Partner Ltd.
2026041704000113,HPPL,58,7,12,410.0,4920.0,2026-04-17,186755462,2767,Naasa Securities Co. Ltd.,J.F. Securites (PVT) Ltd.,2026-04-17 11:01:05.145205,Himalayan Power Partner Ltd.
2026041704000114,HPPL,38,7,88,410.0,36080.0,2026-04-17,186755463,2767,Dipshikha Dhitopatra Karobar Co. Pvt Ltd.,J.F. Securites (PVT) Ltd.,2026-04-17 11:01:05.145318,Himalayan Power Partner Ltd.
2026041704000137,HPPL,38,34,12,410.0,4920.0,2026-04-17,186755658,2767,Dipshikha Dhitopatra Karobar Co. Pvt Ltd.,Vision Securities Pvt. Ltd,2026-04-17 11:01:24.107455,Himalayan Power Partner Ltd.
2026041704000146,HPPL,69,49,10,405.0,4050.0,2026-04-17,186755853,2767,INDEX SECURITIES LIMITED,Online Securities Pvt. Ltd.,2026-04-17 11:01:41.141557,Himalayan Power Partner Ltd.
2026041704000216,HPPL,58,42,500,405.1,202550.0,2026-04-17,186756623,2767,Naasa Securities Co. Ltd.,Sani Securities Company Ltd.,2026-04-17 11:02:34.385088,Himalayan Power Partner Ltd.
2026041704000371,HPPL,19,57,10,409.0,4090.0,2026-04-17,186758288,2767,Nepal Investment And Securities Trading Private Limited,Aryatara Investment & Securities,2026-04-17 11:04:46.915677,Himalayan Power Partner Ltd.
2026041704000553,HPPL,48,50,100,408.0,40800.0,2026-04-17,186759772,2767,Trishakti Securities Public Limited,Cristal Kanchanjanga Securites Pvt. Ltd.,2026-04-17 11:06:55.860082,Himalayan Power Partner Ltd.
2026041704000634,HPPL,45,58,10,407.0,4070.0,2026-04-17,186760435,2767,Imperial Securities Company Pvt. Ltd.,Naasa Securities Co. Ltd.,2026-04-17 11:07:48.890724,Himalayan Power Partner Ltd.
2026041704000887,HPPL,75,21,100,407.0,40700.0,2026-04-17,186762631,2767,N.I.M.B. Stock Markets Limited,Midas Stock Broking Company Private Limited,2026-04-17 11:10:46.604650,Himalayan Power Partner Ltd.
2026041704000923,HPPL,26,42,40,407.5,16300.0,2026-04-17,186762943,2767,Asian Securities Private Ltd.,Sani Securities Company Ltd.,2026-04-17 11:11:09.004358,Himalayan Power Partner Ltd.
2026041704000924,HPPL,26,45,10,407.5,4075.0,2026-04-17,186762948,2767,Asian Securities Private Ltd.,Imperial Securities Company Pvt. Ltd.,2026-04-17 11:11:09.419410,Himalayan Power Partner Ltd.
2026041704000925,HPPL,45,45,190,407.1,77349.0,2026-04-17,186762949,2767,Imperial Securities Company Pvt. Ltd.,Imperial Securities Company Pvt. Ltd.,2026-04-17 11:11:09.419555,Himalayan Power Partner Ltd.
2026041704000960,HPPL,45,5,100,407.1,40710.0,2026-04-17,186763387,2767,Imperial Securities Company Pvt. Ltd.,Market Securities & Exchange (PVT) Ltd.,2026-04-17 11:11:40.430430,Himalayan Power Partner Ltd.
2026041704001406,HPPL,57,34,100,407.2,40720.0,2026-04-17,186766948,2767,Aryatara Investment & Securities,Vision Securities Pvt. Ltd,2026-04-17 11:16:25.430577,Himalayan Power Partner Ltd.
2026041704001407,HPPL,63,34,200,407.2,81440.0,2026-04-17,186766949,2767,Himalayan Brokerage Company Limited,Vision Securities Pvt. Ltd,2026-04-17 11:16:25.430751,Himalayan Power Partner Ltd.
2026041704001434,HPPL,63,53,250,407.2,101800.0,2026-04-17,186767143,2767,Himalayan Brokerage Company Limited,Investment Management Nepal Pvt. Ltd.,2026-04-17 11:16:40.044619,Himalayan Power Partner Ltd.
2026041704001436,HPPL,63,44,50,407.2,20360.0,2026-04-17,186767152,2767,Himalayan Brokerage Company Limited,Dynamic Money Managers Securities Pvt. Ltd.,2026-04-17 11:16:42.158384,Himalayan Power Partner Ltd.
2026041704001466,HPPL,45,44,710,407.1,289041.0,2026-04-17,186767402,2767,Imperial Securities Company Pvt. Ltd.,Dynamic Money Managers Securities Pvt. Ltd.,2026-04-17 11:16:59.527127,Himalayan Power Partner Ltd.
2026041704001467,HPPL,75,44,240,407.0,97680.0,2026-04-17,186767403,2767,N.I.M.B. Stock Markets Limited,Dynamic Money Managers Securities Pvt. Ltd.,2026-04-17 11:16:59.527274,Himalayan Power Partner Ltd.
2026041704001469,HPPL,75,58,660,407.0,268620.0,2026-04-17,186767422,2767,N.I.M.B. Stock Markets Limited,Naasa Securities Co. Ltd.,2026-04-17 11:17:00.472658,Himalayan Power Partner Ltd.
2026041704001470,HPPL,19,58,20,407.0,8140.0,2026-04-17,186767424,2767,Nepal Investment And Securities Trading Private Limited,Naasa Securities Co. Ltd.,2026-04-17 11:17:00.472808,Himalayan Power Partner Ltd.
2026041704001471,HPPL,42,58,200,407.0,81400.0,2026-04-17,186767426,2767,Sani Securities Company Ltd.,Naasa Securities Co. Ltd.,2026-04-17 11:17:00.472887,Himalayan Power Partner Ltd.
2026041704001539,HPPL,45,58,200,406.1,81220.0,2026-04-17,186767887,2767,Imperial Securities Company Pvt. Ltd.,Naasa Securities Co. Ltd.,2026-04-17 11:17:27.021037,Himalayan Power Partner Ltd.
2026041704001549,HPPL,45,57,70,406.1,28427.0,2026-04-17,186768071,2767,Imperial Securities Company Pvt. Ltd.,Aryatara Investment & Securities,2026-04-17 11:17:37.308324,Himalayan Power Partner Ltd.
2026041704001598,HPPL,45,58,270,406.9,109863.0,2026-04-17,186768379,2767,Imperial Securities Company Pvt. Ltd.,Naasa Securities Co. Ltd.,2026-04-17 11:17:55.234368,Himalayan Power Partner Ltd.
2026041704001599,HPPL,45,58,730,407.0,297110.0,2026-04-17,186768382,2767,Imperial Securities Company Pvt. Ltd.,Naasa Securities Co. Ltd.,2026-04-17 11:17:55.234548,Himalayan Power Partner Ltd.
2026041704001710,HPPL,19,58,10,407.0,4070.0,2026-04-17,186769522,2767,Nepal Investment And Securities Trading Private Limited,Naasa Securities Co. Ltd.,2026-04-17 11:18:53.196448,Himalayan Power Partner Ltd.
2026041704001751,HPPL,45,58,230,407.0,93610.0,2026-04-17,186769860,2767,Imperial Securities Company Pvt. Ltd.,Naasa Securities Co. Ltd.,2026-04-17 11:19:09.314207,Himalayan Power Partner Ltd.
2026041704001772,HPPL,25,38,100,406.2,40620.0,2026-04-17,186770168,2767,Sweta Securities Private Limited,Dipshikha Dhitopatra Karobar Co. Pvt Ltd.,2026-04-17 11:19:23.521694,Himalayan Power Partner Ltd.
2026041704001823,HPPL,19,38,20,406.2,8124.0,2026-04-17,186770696,2767,Nepal Investment And Securities Trading Private Limited,Dipshikha Dhitopatra Karobar Co. Pvt Ltd.,2026-04-17 11:19:52.174008,Himalayan Power Partner Ltd.
2026041704002003,HPPL,58,38,10,406.2,4062.0,2026-04-17,186772502,2767,Naasa Securities Co. Ltd.,Dipshikha Dhitopatra Karobar Co. Pvt Ltd.,2026-04-17 11:21:59.640710,Himalayan Power Partner Ltd.
2026041704002032,HPPL,48,58,40,406.0,16240.0,2026-04-17,186772705,2767,Trishakti Securities Public Limited,Naasa Securities Co. Ltd.,2026-04-17 11:22:13.612423,Himalayan Power Partner Ltd.
2026041704002054,HPPL,45,38,20,406.2,8124.0,2026-04-17,186772880,2767,Imperial Securities Company Pvt. Ltd.,Dipshikha Dhitopatra Karobar Co. Pvt Ltd.,2026-04-17 11:22:27.382096,Himalayan Power Partner Ltd.
2026041704002294,HPPL,48,48,68,406.0,27608.0,2026-04-17,186775298,2767,Trishakti Securities Public Limited,Trishakti Securities Public Limited,2026-04-17 11:24:40.779743,Himalayan Power Partner Ltd.
2026041704002295,HPPL,63,48,197,406.0,79982.0,2026-04-17,186775299,2767,Himalayan Brokerage Company Limited,Trishakti Securities Public Limited,2026-04-17 11:24:40.779822,Himalayan Power Partner Ltd.
2026041704002374,HPPL,63,66,20,406.0,8120.0,2026-04-17,186775951,2767,Himalayan Brokerage Company Limited,Miyo Securities Pvt Ltd,2026-04-17 11:25:17.517197,Himalayan Power Partner Ltd.
2026041704002465,HPPL,63,50,283,406.0,114898.0,2026-04-17,186777082,2767,Himalayan Brokerage Company Limited,Cristal Kanchanjanga Securites Pvt. Ltd.,2026-04-17 11:26:28.761962,Himalayan Power Partner Ltd.
2026041704002466,HPPL,63,50,217,406.0,88102.0,2026-04-17,186777083,2767,Himalayan Brokerage Company Limited,Cristal Kanchanjanga Securites Pvt. Ltd.,2026-04-17 11:26:28.762257,Himalayan Power Partner Ltd.
2026041704002490,HPPL,63,58,83,406.0,33698.0,2026-04-17,186777480,2767,Himalayan Brokerage Company Limited,Naasa Securities Co. Ltd.,2026-04-17 11:26:52.141676,Himalayan Power Partner Ltd.
2026041704002493,HPPL,63,58,117,406.0,47502.0,2026-04-17,186777485,2767,Himalayan Brokerage Company Limited,Naasa Securities Co. Ltd.,2026-04-17 11:26:52.671983,Himalayan Power Partner Ltd.
2026041704002558,HPPL,63,45,300,405.3,121590.0,2026-04-17,186778203,2767,Himalayan Brokerage Company Limited,Imperial Securities Company Pvt. Ltd.,2026-04-17 11:27:50.392405,Himalayan Power Partner Ltd.
2026041704002657,HPPL,63,98,83,405.3,33639.9,2026-04-17,186779666,2767,Himalayan Brokerage Company Limited,Trademow Securities Private Limited,2026-04-17 11:29:25.110139,Himalayan Power Partner Ltd.
2026041704002658,HPPL,45,98,462,405.2,187202.4,2026-04-17,186779667,2767,Imperial Securities Company Pvt. Ltd.,Trademow Securities Private Limited,2026-04-17 11:29:25.110349,Himalayan Power Partner Ltd.
2026041704002728,HPPL,45,98,38,405.2,15397.6,2026-04-17,186780552,2767,Imperial Securities Company Pvt. Ltd.,Trademow Securities Private Limited,2026-04-17 11:30:29.362487,Himalayan Power Partner Ltd.
2026041704002729,HPPL,58,98,500,405.1,202550.0,2026-04-17,186780554,2767,Naasa Securities Co. Ltd.,Trademow Securities Private Limited,2026-04-17 11:30:29.362668,Himalayan Power Partner Ltd.
2026041704002762,HPPL,68,48,130,405.0,52650.0,2026-04-17,186780759,2767,Elite Stock House Limited,Trishakti Securities Public Limited,2026-04-17 11:30:39.655444,Himalayan Power Partner Ltd.
2026041704002763,HPPL,68,98,162,405.0,65610.0,2026-04-17,186780777,2767,Elite Stock House Limited,Trademow Securities Private Limited,2026-04-17 11:30:41.397211,Himalayan Power Partner Ltd.
2026041704002853,HPPL,68,58,150,405.0,60750.0,2026-04-17,186781975,2767,Elite Stock House Limited,Naasa Securities Co. Ltd.,2026-04-17 11:31:51.744486,Himalayan Power Partner Ltd.
2026041704003023,HPPL,68,44,10,405.0,4050.0,2026-04-17,186783961,2767,Elite Stock House Limited,Dynamic Money Managers Securities Pvt. Ltd.,2026-04-17 11:33:56.692534,Himalayan Power Partner Ltd.
2026041704003366,HPPL,26,57,10,405.0,4050.0,2026-04-17,186787185,2767,Asian Securities Private Ltd.,Aryatara Investment & Securities,2026-04-17 11:37:52.055201,Himalayan Power Partner Ltd.
2026041704003429,HPPL,63,58,500,404.1,202050.0,2026-04-17,186787791,2767,Himalayan Brokerage Company Limited,Naasa Securities Co. Ltd.,2026-04-17 11:38:40.030205,Himalayan Power Partner Ltd.
2026041704003495,HPPL,54,50,100,404.0,40400.0,2026-04-17,186788553,2767,Sewa Securities Pvt. Ltd.,Cristal Kanchanjanga Securites Pvt. Ltd.,2026-04-17 11:39:35.366138,Himalayan Power Partner Ltd.
2026041704003646,HPPL,42,43,50,404.2,20210.0,2026-04-17,186790662,2767,Sani Securities Company Ltd.,South Asian Bulls Pvt. Ltd.,2026-04-17 11:42:05.317459,Himalayan Power Partner Ltd.
2026041704003647,HPPL,58,43,50,404.1,20205.0,2026-04-17,186790663,2767,Naasa Securities Co. Ltd.,South Asian Bulls Pvt. Ltd.,2026-04-17 11:42:05.317780,Himalayan Power Partner Ltd.
2026041704003725,HPPL,67,58,10,406.0,4060.0,2026-04-17,186791743,2767,Property Wiard Limited,Naasa Securities Co. Ltd.,2026-04-17 11:43:26.224291,Himalayan Power Partner Ltd.
2026041704003796,HPPL,67,58,35,406.0,14210.0,2026-04-17,186792664,2767,Property Wiard Limited,Naasa Securities Co. Ltd.,2026-04-17 11:44:42.828443,Himalayan Power Partner Ltd.
2026041704003797,HPPL,4,58,20,406.0,8120.0,2026-04-17,186792665,2767,Opal Securities Investment (PVT) Ltd.,Naasa Securities Co. Ltd.,2026-04-17 11:44:42.828647,Himalayan Power Partner Ltd.
2026041704003806,HPPL,48,48,50,407.0,20350.0,2026-04-17,186792755,2767,Trishakti Securities Public Limited,Trishakti Securities Public Limited,2026-04-17 11:44:50.378033,Himalayan Power Partner Ltd.
2026041704003807,HPPL,48,58,50,407.0,20350.0,2026-04-17,186792758,2767,Trishakti Securities Public Limited,Naasa Securities Co. Ltd.,2026-04-17 11:44:50.378386,Himalayan Power Partner Ltd.
2026041704004571,HPPL,58,46,400,404.6,161840.0,2026-04-17,186799727,2767,Naasa Securities Co. Ltd.,Kalika Securities Pvt. Ltd.,2026-04-17 11:54:26.450305,Himalayan Power Partner Ltd.
2026041704005102,HPPL,34,17,10,405.0,4050.0,2026-04-17,186803776,2767,Vision Securities Pvt. Ltd,ABC Securities Private Limited,2026-04-17 11:59:31.162758,Himalayan Power Partner Ltd.
2026041704005324,HPPL,57,58,70,405.2,28364.0,2026-04-17,186805359,2767,Aryatara Investment & Securities,Naasa Securities Co. Ltd.,2026-04-17 12:01:13.257305,Himalayan Power Partner Ltd.
2026041704005343,HPPL,57,32,100,405.2,40520.0,2026-04-17,186805457,2767,Aryatara Investment & Securities,Premier Securities Company Ltd.,2026-04-17 12:01:18.611445,Himalayan Power Partner Ltd.
2026041704005480,HPPL,21,21,24,406.9,9765.6,2026-04-17,186806206,2767,Midas Stock Broking Company Private Limited,Midas Stock Broking Company Private Limited,2026-04-17 12:02:15.947140,Himalayan Power Partner Ltd.
2026041704005829,HPPL,57,51,190,405.2,76988.0,2026-04-17,186808832,2767,Aryatara Investment & Securities,Oxford Securities Pvt. Ltd.,2026-04-17 12:05:05.523419,Himalayan Power Partner Ltd.
2026041704005830,HPPL,57,51,26,405.1,10532.6,2026-04-17,186808834,2767,Aryatara Investment & Securities,Oxford Securities Pvt. Ltd.,2026-04-17 12:05:05.523517,Himalayan Power Partner Ltd.
2026041704005831,HPPL,34,51,490,405.0,198450.0,2026-04-17,186808836,2767,Vision Securities Pvt. Ltd,Oxford Securities Pvt. Ltd.,2026-04-17 12:05:05.523596,Himalayan Power Partner Ltd.
2026041704005832,HPPL,58,51,14,405.0,5670.0,2026-04-17,186808838,2767,Naasa Securities Co. Ltd.,Oxford Securities Pvt. Ltd.,2026-04-17 12:05:05.523670,Himalayan Power Partner Ltd.
2026041704005833,HPPL,54,51,20,405.0,8100.0,2026-04-17,186808840,2767,Sewa Securities Pvt. Ltd.,Oxford Securities Pvt. Ltd.,2026-04-17 12:05:05.523749,Himalayan Power Partner Ltd.
2026041704005834,HPPL,63,51,335,404.7,135574.5,2026-04-17,186808841,2767,Himalayan Brokerage Company Limited,Oxford Securities Pvt. Ltd.,2026-04-17 12:05:05.523822,Himalayan Power Partner Ltd.
2026041704006123,HPPL,63,22,77,404.7,31161.9,2026-04-17,186810765,2767,Himalayan Brokerage Company Limited,Siprabi Securities Pvt. Ltd.,2026-04-17 12:07:36.155466,Himalayan Power Partner Ltd.
2026041704006496,HPPL,63,21,88,404.7,35613.6,2026-04-17,186813268,2767,Himalayan Brokerage Company Limited,Midas Stock Broking Company Private Limited,2026-04-17 12:10:26.195978,Himalayan Power Partner Ltd.
2026041704006497,HPPL,58,21,50,404.6,20230.0,2026-04-17,186813270,2767,Naasa Securities Co. Ltd.,Midas Stock Broking Company Private Limited,2026-04-17 12:10:26.196433,Himalayan Power Partner Ltd.
2026041704006498,HPPL,48,21,72,404.2,29102.4,2026-04-17,186813271,2767,Trishakti Securities Public Limited,Midas Stock Broking Company Private Limited,2026-04-17 12:10:26.196682,Himalayan Power Partner Ltd.
2026041704006625,HPPL,34,57,10,405.0,4050.0,2026-04-17,186814401,2767,Vision Securities Pvt. Ltd,Aryatara Investment & Securities,2026-04-17 12:11:39.059544,Himalayan Power Partner Ltd.
2026041704006626,HPPL,34,18,200,405.0,81000.0,2026-04-17,186814403,2767,Vision Securities Pvt. Ltd,Sagarmatha Securities Private Limited,2026-04-17 12:11:39.059759,Himalayan Power Partner Ltd.
2026041704006627,HPPL,34,32,980,406.5,398370.0,2026-04-17,186814405,2767,Vision Securities Pvt. Ltd,Premier Securities Company Ltd.,2026-04-17 12:11:39.059845,Himalayan Power Partner Ltd.
2026041704006628,HPPL,34,21,10,406.9,4069.0,2026-04-17,186814407,2767,Vision Securities Pvt. Ltd,Midas Stock Broking Company Private Limited,2026-04-17 12:11:39.059921,Himalayan Power Partner Ltd.
2026041704006629,HPPL,34,13,93,406.9,37841.7,2026-04-17,186814409,2767,Vision Securities Pvt. Ltd,Thrive Brokerage House Pvt. Ltd,2026-04-17 12:11:39.059998,Himalayan Power Partner Ltd.
2026041704006630,HPPL,34,58,150,407.0,61050.0,2026-04-17,186814411,2767,Vision Securities Pvt. Ltd,Naasa Securities Co. Ltd.,2026-04-17 12:11:39.060073,Himalayan Power Partner Ltd.
2026041704006631,HPPL,34,28,100,407.0,40700.0,2026-04-17,186814413,2767,Vision Securities Pvt. Ltd,Shree Krishna Securities Ltd.,2026-04-17 12:11:39.060152,Himalayan Power Partner Ltd.
2026041704006632,HPPL,34,21,100,407.0,40700.0,2026-04-17,186814415,2767,Vision Securities Pvt. Ltd,Midas Stock Broking Company Private Limited,2026-04-17 12:11:39.060235,Himalayan Power Partner Ltd.
2026041704006633,HPPL,34,49,100,407.0,40700.0,2026-04-17,186814417,2767,Vision Securities Pvt. Ltd,Online Securities Pvt. Ltd.,2026-04-17 12:11:39.060319,Himalayan Power Partner Ltd.
2026041704006634,HPPL,34,58,150,407.0,61050.0,2026-04-17,186814419,2767,Vision Securities Pvt. Ltd,Naasa Securities Co. Ltd.,2026-04-17 12:11:39.060394,Himalayan Power Partner Ltd.
2026041704006635,HPPL,34,58,20,407.0,8140.0,2026-04-17,186814421,2767,Vision Securities Pvt. Ltd,Naasa Securities Co. Ltd.,2026-04-17 12:11:39.060474,Himalayan Power Partner Ltd.
2026041704006636,HPPL,34,62,24,408.0,9792.0,2026-04-17,186814423,2767,Vision Securities Pvt. Ltd,Capital Max Securities Ltd,2026-04-17 12:11:39.060549,Himalayan Power Partner Ltd.
2026041704006637,HPPL,34,47,10,408.0,4080.0,2026-04-17,186814425,2767,Vision Securities Pvt. Ltd,Neev Securities Pvt. Ltd.,2026-04-17 12:11:39.060625,Himalayan Power Partner Ltd.
2026041704006638,HPPL,34,21,40,408.0,16320.0,2026-04-17,186814427,2767,Vision Securities Pvt. Ltd,Midas Stock Broking Company Private Limited,2026-04-17 12:11:39.060698,Himalayan Power Partner Ltd.
2026041704006639,HPPL,34,62,13,408.0,5304.0,2026-04-17,186814430,2767,Vision Securities Pvt. Ltd,Capital Max Securities Ltd,2026-04-17 12:11:39.060772,Himalayan Power Partner Ltd.
2026041704006735,HPPL,34,35,100,407.0,40700.0,2026-04-17,186815043,2767,Vision Securities Pvt. Ltd,Kohinoor Investment & Securities Pvt. Ltd.,2026-04-17 12:12:12.848214,Himalayan Power Partner Ltd.
2026041704006736,HPPL,34,62,487,408.0,198696.0,2026-04-17,186815045,2767,Vision Securities Pvt. Ltd,Capital Max Securities Ltd,2026-04-17 12:12:12.848575,Himalayan Power Partner Ltd.
2026041704006737,HPPL,34,6,100,409.0,40900.0,2026-04-17,186815047,2767,Vision Securities Pvt. Ltd,Agrawal Securities (PVT) Ltd.,2026-04-17 12:12:12.848809,Himalayan Power Partner Ltd.
2026041704006738,HPPL,34,50,100,409.0,40900.0,2026-04-17,186815049,2767,Vision Securities Pvt. Ltd,Cristal Kanchanjanga Securites Pvt. Ltd.,2026-04-17 12:12:12.849055,Himalayan Power Partner Ltd.
2026041704006739,HPPL,34,34,390,409.5,159705.0,2026-04-17,186815051,2767,Vision Securities Pvt. Ltd,Vision Securities Pvt. Ltd,2026-04-17 12:12:12.849281,Himalayan Power Partner Ltd.
2026041704006740,HPPL,34,14,400,409.9,163960.0,2026-04-17,186815053,2767,Vision Securities Pvt. Ltd,Nepal Stock House (PVT) Ltd.,2026-04-17 12:12:12.849549,Himalayan Power Partner Ltd.
2026041704006770,HPPL,34,44,423,409.9,173387.7,2026-04-17,186815270,2767,Vision Securities Pvt. Ltd,Dynamic Money Managers Securities Pvt. Ltd.,2026-04-17 12:12:27.571954,Himalayan Power Partner Ltd.
2026041704006931,HPPL,6,44,250,408.0,102000.0,2026-04-17,186816346,2767,Agrawal Securities (PVT) Ltd.,Dynamic Money Managers Securities Pvt. Ltd.,2026-04-17 12:13:32.883775,Himalayan Power Partner Ltd.
2026041704007126,HPPL,49,52,100,405.0,40500.0,2026-04-17,186817827,2767,Online Securities Pvt. Ltd.,Sundhara Securities Limited,2026-04-17 12:15:29.427812,Himalayan Power Partner Ltd.
2026041704007366,HPPL,6,62,20,406.0,8120.0,2026-04-17,186819402,2767,Agrawal Securities (PVT) Ltd.,Capital Max Securities Ltd,2026-04-17 12:17:29.426000,Himalayan Power Partner Ltd.
2026041704007413,HPPL,49,62,25,405.0,10125.0,2026-04-17,186819960,2767,Online Securities Pvt. Ltd.,Capital Max Securities Ltd,2026-04-17 12:18:11.290135,Himalayan Power Partner Ltd.
2026041704007414,HPPL,21,62,200,405.0,81000.0,2026-04-17,186819962,2767,Midas Stock Broking Company Private Limited,Capital Max Securities Ltd,2026-04-17 12:18:11.290326,Himalayan Power Partner Ltd.
2026041704007427,HPPL,58,41,500,404.3,202150.0,2026-04-17,186820217,2767,Naasa Securities Co. Ltd.,Linch Stock Market Ltd.,2026-04-17 12:18:22.241675,Himalayan Power Partner Ltd.
2026041704007462,HPPL,48,58,10,404.2,4042.0,2026-04-17,186820567,2767,Trishakti Securities Public Limited,Naasa Securities Co. Ltd.,2026-04-17 12:18:43.402395,Himalayan Power Partner Ltd.
2026041704007466,HPPL,48,48,118,404.2,47695.6,2026-04-17,186820600,2767,Trishakti Securities Public Limited,Trishakti Securities Public Limited,2026-04-17 12:18:45.837126,Himalayan Power Partner Ltd.
2026041704007467,HPPL,50,48,82,404.2,33144.4,2026-04-17,186820601,2767,Cristal Kanchanjanga Securites Pvt. Ltd.,Trishakti Securities Public Limited,2026-04-17 12:18:45.837364,Himalayan Power Partner Ltd.
2026041704007597,HPPL,25,58,200,404.3,80860.0,2026-04-17,186821678,2767,Sweta Securities Private Limited,Naasa Securities Co. Ltd.,2026-04-17 12:19:47.933824,Himalayan Power Partner Ltd.
2026041704007598,HPPL,50,58,918,404.2,371055.6,2026-04-17,186821680,2767,Cristal Kanchanjanga Securites Pvt. Ltd.,Naasa Securities Co. Ltd.,2026-04-17 12:19:47.933870,Himalayan Power Partner Ltd.
2026041704007599,HPPL,54,58,200,404.0,80800.0,2026-04-17,186821682,2767,Sewa Securities Pvt. Ltd.,Naasa Securities Co. Ltd.,2026-04-17 12:19:47.933895,Himalayan Power Partner Ltd.
2026041704007600,HPPL,74,58,50,404.0,20200.0,2026-04-17,186821684,2767,KALASH STOCK MARKET PVT. LTD.,Naasa Securities Co. Ltd.,2026-04-17 12:19:47.933923,Himalayan Power Partner Ltd.
2026041704007601,HPPL,67,58,200,404.0,80800.0,2026-04-17,186821686,2767,Property Wiard Limited,Naasa Securities Co. Ltd.,2026-04-17 12:19:47.933956,Himalayan Power Partner Ltd.
2026041704007602,HPPL,58,58,240,404.0,96960.0,2026-04-17,186821688,2767,Naasa Securities Co. Ltd.,Naasa Securities Co. Ltd.,2026-04-17 12:19:47.933979,Himalayan Power Partner Ltd.
2026041704007603,HPPL,34,58,192,404.0,77568.0,2026-04-17,186821689,2767,Vision Securities Pvt. Ltd,Naasa Securities Co. Ltd.,2026-04-17 12:19:47.934002,Himalayan Power Partner Ltd.
2026041704007702,HPPL,34,57,10,404.5,4045.0,2026-04-17,186822595,2767,Vision Securities Pvt. Ltd,Aryatara Investment & Securities,2026-04-17 12:21:02.356936,Himalayan Power Partner Ltd.
2026041704007703,HPPL,34,62,190,407.3,77387.0,2026-04-17,186822597,2767,Vision Securities Pvt. Ltd,Capital Max Securities Ltd,2026-04-17 12:21:02.357011,Himalayan Power Partner Ltd.
2026041704007704,HPPL,34,21,366,407.4,149108.4,2026-04-17,186822599,2767,Vision Securities Pvt. Ltd,Midas Stock Broking Company Private Limited,2026-04-17 12:21:02.357061,Himalayan Power Partner Ltd.
2026041704007705,HPPL,34,77,100,407.4,40740.0,2026-04-17,186822601,2767,Vision Securities Pvt. Ltd,Nabil Stock Dealer Ltd.,2026-04-17 12:21:02.357086,Himalayan Power Partner Ltd.
2026041704007706,HPPL,34,88,100,407.5,40750.0,2026-04-17,186822603,2767,Vision Securities Pvt. Ltd,Blue Chip Securities Ltd,2026-04-17 12:21:02.357113,Himalayan Power Partner Ltd.
2026041704007707,HPPL,34,44,234,408.0,95472.0,2026-04-17,186822606,2767,Vision Securities Pvt. Ltd,Dynamic Money Managers Securities Pvt. Ltd.,2026-04-17 12:21:02.357147,Himalayan Power Partner Ltd.
2026041704008138,HPPL,34,74,100,407.9,40790.0,2026-04-17,186826547,2767,Vision Securities Pvt. Ltd,KALASH STOCK MARKET PVT. LTD.,2026-04-17 12:26:37.529694,Himalayan Power Partner Ltd.
2026041704008139,HPPL,34,44,93,408.0,37944.0,2026-04-17,186826549,2767,Vision Securities Pvt. Ltd,Dynamic Money Managers Securities Pvt. Ltd.,2026-04-17 12:26:37.529750,Himalayan Power Partner Ltd.
2026041704008140,HPPL,34,88,100,408.0,40800.0,2026-04-17,186826551,2767,Vision Securities Pvt. Ltd,Blue Chip Securities Ltd,2026-04-17 12:26:37.529789,Himalayan Power Partner Ltd.
2026041704008141,HPPL,34,41,200,409.9,81980.0,2026-04-17,186826553,2767,Vision Securities Pvt. Ltd,Linch Stock Market Ltd.,2026-04-17 12:26:37.529815,Himalayan Power Partner Ltd.
2026041704008142,HPPL,34,41,500,409.9,204950.0,2026-04-17,186826555,2767,Vision Securities Pvt. Ltd,Linch Stock Market Ltd.,2026-04-17 12:26:37.529840,Himalayan Power Partner Ltd.
2026041704008425,HPPL,34,45,100,408.0,40800.0,2026-04-17,186829541,2767,Vision Securities Pvt. Ltd,Imperial Securities Company Pvt. Ltd.,2026-04-17 12:30:46.334774,Himalayan Power Partner Ltd.
2026041704008426,HPPL,34,49,20,408.0,8160.0,2026-04-17,186829543,2767,Vision Securities Pvt. Ltd,Online Securities Pvt. Ltd.,2026-04-17 12:30:46.334874,Himalayan Power Partner Ltd.
2026041704008427,HPPL,34,88,50,409.5,20475.0,2026-04-17,186829545,2767,Vision Securities Pvt. Ltd,Blue Chip Securities Ltd,2026-04-17 12:30:46.334942,Himalayan Power Partner Ltd.
2026041704008428,HPPL,34,13,100,409.9,40990.0,2026-04-17,186829547,2767,Vision Securities Pvt. Ltd,Thrive Brokerage House Pvt. Ltd,2026-04-17 12:30:46.335007,Himalayan Power Partner Ltd.
2026041704008429,HPPL,34,13,50,409.9,20495.0,2026-04-17,186829549,2767,Vision Securities Pvt. Ltd,Thrive Brokerage House Pvt. Ltd,2026-04-17 12:30:46.335070,Himalayan Power Partner Ltd.
2026041704008430,HPPL,34,21,100,410.0,41000.0,2026-04-17,186829551,2767,Vision Securities Pvt. Ltd,Midas Stock Broking Company Private Limited,2026-04-17 12:30:46.335135,Himalayan Power Partner Ltd.
2026041704008431,HPPL,34,58,80,410.0,32800.0,2026-04-17,186829554,2767,Vision Securities Pvt. Ltd,Naasa Securities Co. Ltd.,2026-04-17 12:30:46.335188,Himalayan Power Partner Ltd.
2026041704008437,HPPL,50,58,420,410.0,172200.0,2026-04-17,186829585,2767,Cristal Kanchanjanga Securites Pvt. Ltd.,Naasa Securities Co. Ltd.,2026-04-17 12:30:50.253369,Himalayan Power Partner Ltd.
2026041704008438,HPPL,50,34,10,410.0,4100.0,2026-04-17,186829587,2767,Cristal Kanchanjanga Securites Pvt. Ltd.,Vision Securities Pvt. Ltd,2026-04-17 12:30:50.253742,Himalayan Power Partner Ltd.
2026041704008439,HPPL,50,42,1000,410.0,410000.0,2026-04-17,186829589,2767,Cristal Kanchanjanga Securites Pvt. Ltd.,Sani Securities Company Ltd.,2026-04-17 12:30:50.253963,Himalayan Power Partner Ltd.
2026041704008440,HPPL,50,7,69,410.0,28290.0,2026-04-17,186829591,2767,Cristal Kanchanjanga Securites Pvt. Ltd.,J.F. Securites (PVT) Ltd.,2026-04-17 12:30:50.254180,Himalayan Power Partner Ltd.
2026041704008441,HPPL,50,45,150,410.0,61500.0,2026-04-17,186829593,2767,Cristal Kanchanjanga Securites Pvt. Ltd.,Imperial Securities Company Pvt. Ltd.,2026-04-17 12:30:50.254415,Himalayan Power Partner Ltd.
2026041704008442,HPPL,50,38,80,410.0,32800.0,2026-04-17,186829595,2767,Cristal Kanchanjanga Securites Pvt. Ltd.,Dipshikha Dhitopatra Karobar Co. Pvt Ltd.,2026-04-17 12:30:50.254632,Himalayan Power Partner Ltd.
2026041704008443,HPPL,50,74,1000,410.0,410000.0,2026-04-17,186829597,2767,Cristal Kanchanjanga Securites Pvt. Ltd.,KALASH STOCK MARKET PVT. LTD.,2026-04-17 12:30:50.254842,Himalayan Power Partner Ltd.
2026041704008444,HPPL,50,88,50,410.0,20500.0,2026-04-17,186829599,2767,Cristal Kanchanjanga Securites Pvt. Ltd.,Blue Chip Securities Ltd,2026-04-17 12:30:50.255047,Himalayan Power Partner Ltd.
2026041704008458,HPPL,50,46,54,410.0,22140.0,2026-04-17,186829781,2767,Cristal Kanchanjanga Securites Pvt. Ltd.,Kalika Securities Pvt. Ltd.,2026-04-17 12:31:02.676947,Himalayan Power Partner Ltd.
2026041704008464,HPPL,34,42,700,410.5,287350.0,2026-04-17,186829865,2767,Vision Securities Pvt. Ltd,Sani Securities Company Ltd.,2026-04-17 12:31:13.587181,Himalayan Power Partner Ltd.
2026041704008465,HPPL,34,7,100,411.0,41100.0,2026-04-17,186829867,2767,Vision Securities Pvt. Ltd,J.F. Securites (PVT) Ltd.,2026-04-17 12:31:13.587259,Himalayan Power Partner Ltd.
2026041704008466,HPPL,34,91,55,411.7,22643.5,2026-04-17,186829869,2767,Vision Securities Pvt. Ltd,Citizens Share Broker Limited,2026-04-17 12:31:13.587309,Himalayan Power Partner Ltd.
2026041704008467,HPPL,34,57,145,411.9,59725.5,2026-04-17,186829872,2767,Vision Securities Pvt. Ltd,Aryatara Investment & Securities,2026-04-17 12:31:13.587344,Himalayan Power Partner Ltd.
2026041704008512,HPPL,50,6,167,410.0,68470.0,2026-04-17,186830530,2767,Cristal Kanchanjanga Securites Pvt. Ltd.,Agrawal Securities (PVT) Ltd.,2026-04-17 12:31:53.681840,Himalayan Power Partner Ltd.
2026041704008889,HPPL,69,57,10,407.0,4070.0,2026-04-17,186833913,2767,INDEX SECURITIES LIMITED,Aryatara Investment & Securities,2026-04-17 12:36:15.658060,Himalayan Power Partner Ltd.
2026041704008890,HPPL,69,52,200,409.9,81980.0,2026-04-17,186833915,2767,INDEX SECURITIES LIMITED,Sundhara Securities Limited,2026-04-17 12:36:15.658454,Himalayan Power Partner Ltd.
2026041704008891,HPPL,69,29,61,409.9,25003.9,2026-04-17,186833917,2767,INDEX SECURITIES LIMITED,Trisul Securities & Invt. Ltd.,2026-04-17 12:36:15.658692,Himalayan Power Partner Ltd.
2026041704008892,HPPL,69,6,33,410.0,13530.0,2026-04-17,186833919,2767,INDEX SECURITIES LIMITED,Agrawal Securities (PVT) Ltd.,2026-04-17 12:36:15.658928,Himalayan Power Partner Ltd.
2026041704008893,HPPL,69,49,30,410.0,12300.0,2026-04-17,186833921,2767,INDEX SECURITIES LIMITED,Online Securities Pvt. Ltd.,2026-04-17 12:36:15.659160,Himalayan Power Partner Ltd.
2026041704008912,HPPL,69,5,125,410.9,51362.5,2026-04-17,186834121,2767,INDEX SECURITIES LIMITED,Market Securities & Exchange (PVT) Ltd.,2026-04-17 12:36:32.318795,Himalayan Power Partner Ltd.
2026041704008913,HPPL,69,43,131,411.0,53841.0,2026-04-17,186834124,2767,INDEX SECURITIES LIMITED,South Asian Bulls Pvt. Ltd.,2026-04-17 12:36:32.319027,Himalayan Power Partner Ltd.
2026041704009251,HPPL,34,80,500,410.9,205450.0,2026-04-17,186837051,2767,Vision Securities Pvt. Ltd,Indira securities pvt. ltd,2026-04-17 12:41:15.841686,Himalayan Power Partner Ltd.
2026041704009252,HPPL,34,43,100,411.0,41100.0,2026-04-17,186837054,2767,Vision Securities Pvt. Ltd,South Asian Bulls Pvt. Ltd.,2026-04-17 12:41:15.841864,Himalayan Power Partner Ltd.
2026041704009265,HPPL,21,45,200,410.0,82000.0,2026-04-17,186837151,2767,Midas Stock Broking Company Private Limited,Imperial Securities Company Pvt. Ltd.,2026-04-17 12:41:22.592272,Himalayan Power Partner Ltd.
2026041704009495,HPPL,58,18,45,410.0,18450.0,2026-04-17,186839364,2767,Naasa Securities Co. Ltd.,Sagarmatha Securities Private Limited,2026-04-17 12:44:44.368912,Himalayan Power Partner Ltd.
2026041704009623,HPPL,10,18,55,410.0,22550.0,2026-04-17,186840523,2767,Pragyan Securities (PVT) Ltd.,Sagarmatha Securities Private Limited,2026-04-17 12:46:35.295914,Himalayan Power Partner Ltd.
2026041704009624,HPPL,10,25,200,410.0,82000.0,2026-04-17,186840525,2767,Pragyan Securities (PVT) Ltd.,Sweta Securities Private Limited,2026-04-17 12:46:35.296187,Himalayan Power Partner Ltd.
2026041704009657,HPPL,10,38,45,410.0,18450.0,2026-04-17,186840750,2767,Pragyan Securities (PVT) Ltd.,Dipshikha Dhitopatra Karobar Co. Pvt Ltd.,2026-04-17 12:46:57.990859,Himalayan Power Partner Ltd.
2026041704009658,HPPL,74,38,355,407.1,144520.5,2026-04-17,186840751,2767,KALASH STOCK MARKET PVT. LTD.,Dipshikha Dhitopatra Karobar Co. Pvt Ltd.,2026-04-17 12:46:57.991107,Himalayan Power Partner Ltd.
2026041704009779,HPPL,21,34,200,407.3,81460.0,2026-04-17,186841764,2767,Midas Stock Broking Company Private Limited,Vision Securities Pvt. Ltd,2026-04-17 12:48:25.029196,Himalayan Power Partner Ltd.
2026041704009780,HPPL,35,34,1000,407.2,407200.0,2026-04-17,186841766,2767,Kohinoor Investment & Securities Pvt. Ltd.,Vision Securities Pvt. Ltd,2026-04-17 12:48:25.029404,Himalayan Power Partner Ltd.
2026041704009781,HPPL,74,34,145,407.1,59029.5,2026-04-17,186841768,2767,KALASH STOCK MARKET PVT. LTD.,Vision Securities Pvt. Ltd,2026-04-17 12:48:25.029491,Himalayan Power Partner Ltd.
2026041704009782,HPPL,21,34,200,407.0,81400.0,2026-04-17,186841770,2767,Midas Stock Broking Company Private Limited,Vision Securities Pvt. Ltd,2026-04-17 12:48:25.029571,Himalayan Power Partner Ltd.
2026041704009822,HPPL,74,34,400,407.0,162800.0,2026-04-17,186842074,2767,KALASH STOCK MARKET PVT. LTD.,Vision Securities Pvt. Ltd,2026-04-17 12:48:50.974280,Himalayan Power Partner Ltd.
2026041704010400,HPPL,62,34,50,406.0,20300.0,2026-04-17,186846042,2767,Capital Max Securities Ltd,Vision Securities Pvt. Ltd,2026-04-17 12:53:37.538111,Himalayan Power Partner Ltd.
2026041704010401,HPPL,50,34,75,405.3,30397.5,2026-04-17,186846044,2767,Cristal Kanchanjanga Securites Pvt. Ltd.,Vision Securities Pvt. Ltd,2026-04-17 12:53:37.538367,Himalayan Power Partner Ltd.
2026041704010402,HPPL,50,34,500,405.2,202600.0,2026-04-17,186846046,2767,Cristal Kanchanjanga Securites Pvt. Ltd.,Vision Securities Pvt. Ltd,2026-04-17 12:53:37.538487,Himalayan Power Partner Ltd.
2026041704010403,HPPL,68,34,548,405.0,221940.0,2026-04-17,186846048,2767,Elite Stock House Limited,Vision Securities Pvt. Ltd,2026-04-17 12:53:37.538575,Himalayan Power Partner Ltd.
2026041704010404,HPPL,50,34,827,404.3,334356.1,2026-04-17,186846049,2767,Cristal Kanchanjanga Securites Pvt. Ltd.,Vision Securities Pvt. Ltd,2026-04-17 12:53:37.538661,Himalayan Power Partner Ltd.
2026041704010451,HPPL,50,52,40,405.0,16200.0,2026-04-17,186846449,2767,Cristal Kanchanjanga Securites Pvt. Ltd.,Sundhara Securities Limited,2026-04-17 12:54:04.006070,Himalayan Power Partner Ltd.
2026041704010457,HPPL,50,34,60,405.0,24300.0,2026-04-17,186846514,2767,Cristal Kanchanjanga Securites Pvt. Ltd.,Vision Securities Pvt. Ltd,2026-04-17 12:54:07.750056,Himalayan Power Partner Ltd.
2026041704010525,HPPL,50,34,173,404.3,69943.9,2026-04-17,186846972,2767,Cristal Kanchanjanga Securites Pvt. Ltd.,Vision Securities Pvt. Ltd,2026-04-17 12:54:40.598561,Himalayan Power Partner Ltd.
2026041704010526,HPPL,85,34,200,404.3,80860.0,2026-04-17,186846974,2767,Capital Hub P. Ltd,Vision Securities Pvt. Ltd,2026-04-17 12:54:40.598790,Himalayan Power Partner Ltd.
2026041704010527,HPPL,7,34,500,404.2,202100.0,2026-04-17,186846976,2767,J.F. Securites (PVT) Ltd.,Vision Securities Pvt. Ltd,2026-04-17 12:54:40.598899,Himalayan Power Partner Ltd.
2026041704010528,HPPL,58,34,100,404.1,40410.0,2026-04-17,186846978,2767,Naasa Securities Co. Ltd.,Vision Securities Pvt. Ltd,2026-04-17 12:54:40.598987,Himalayan Power Partner Ltd.
2026041704010529,HPPL,34,34,308,404.0,124432.0,2026-04-17,186846980,2767,Vision Securities Pvt. Ltd,Vision Securities Pvt. Ltd,2026-04-17 12:54:40.599074,Himalayan Power Partner Ltd.
2026041704010530,HPPL,28,34,200,404.0,80800.0,2026-04-17,186846982,2767,Shree Krishna Securities Ltd.,Vision Securities Pvt. Ltd,2026-04-17 12:54:40.599158,Himalayan Power Partner Ltd.
2026041704010531,HPPL,25,34,250,404.0,101000.0,2026-04-17,186846984,2767,Sweta Securities Private Limited,Vision Securities Pvt. Ltd,2026-04-17 12:54:40.599243,Himalayan Power Partner Ltd.
2026041704010532,HPPL,69,34,269,403.0,108407.0,2026-04-17,186846985,2767,INDEX SECURITIES LIMITED,Vision Securities Pvt. Ltd,2026-04-17 12:54:40.599349,Himalayan Power Partner Ltd.
2026041704010671,HPPL,58,34,100,403.1,40310.0,2026-04-17,186847762,2767,Naasa Securities Co. Ltd.,Vision Securities Pvt. Ltd,2026-04-17 12:55:35.288947,Himalayan Power Partner Ltd.
2026041704010672,HPPL,69,34,131,403.0,52793.0,2026-04-17,186847764,2767,INDEX SECURITIES LIMITED,Vision Securities Pvt. Ltd,2026-04-17 12:55:35.289264,Himalayan Power Partner Ltd.
2026041704010673,HPPL,67,34,200,403.0,80600.0,2026-04-17,186847766,2767,Property Wiard Limited,Vision Securities Pvt. Ltd,2026-04-17 12:55:35.289361,Himalayan Power Partner Ltd.
2026041704010674,HPPL,74,34,50,402.0,20100.0,2026-04-17,186847768,2767,KALASH STOCK MARKET PVT. LTD.,Vision Securities Pvt. Ltd,2026-04-17 12:55:35.289446,Himalayan Power Partner Ltd.
2026041704010675,HPPL,58,34,150,402.0,60300.0,2026-04-17,186847770,2767,Naasa Securities Co. Ltd.,Vision Securities Pvt. Ltd,2026-04-17 12:55:35.289529,Himalayan Power Partner Ltd.
2026041704010676,HPPL,85,34,300,402.0,120600.0,2026-04-17,186847772,2767,Capital Hub P. Ltd,Vision Securities Pvt. Ltd,2026-04-17 12:55:35.289619,Himalayan Power Partner Ltd.
2026041704010677,HPPL,33,34,569,402.0,228738.0,2026-04-17,186847773,2767,Dakshinkali Investment & Securities Pvt. Ltd.,Vision Securities Pvt. Ltd,2026-04-17 12:55:35.289734,Himalayan Power Partner Ltd.
2026041704011230,HPPL,36,58,20,404.0,8080.0,2026-04-17,186851695,2767,Secured Securities Ltd.,Naasa Securities Co. Ltd.,2026-04-17 13:02:05.138434,Himalayan Power Partner Ltd.
2026041704011299,HPPL,36,14,80,404.0,32320.0,2026-04-17,186852267,2767,Secured Securities Ltd.,Nepal Stock House (PVT) Ltd.,2026-04-17 13:03:33.302498,Himalayan Power Partner Ltd.
2026041704011617,HPPL,45,34,200,405.0,81000.0,2026-04-17,186855592,2767,Imperial Securities Company Pvt. Ltd.,Vision Securities Pvt. Ltd,2026-04-17 13:11:05.369505,Himalayan Power Partner Ltd.
2026041704011618,HPPL,50,34,100,404.2,40420.0,2026-04-17,186855594,2767,Cristal Kanchanjanga Securites Pvt. Ltd.,Vision Securities Pvt. Ltd,2026-04-17 13:11:05.369755,Himalayan Power Partner Ltd.
2026041704011619,HPPL,57,34,500,404.2,202100.0,2026-04-17,186855596,2767,Aryatara Investment & Securities,Vision Securities Pvt. Ltd,2026-04-17 13:11:05.369872,Himalayan Power Partner Ltd.
2026041704011620,HPPL,50,34,500,404.1,202050.0,2026-04-17,186855598,2767,Cristal Kanchanjanga Securites Pvt. Ltd.,Vision Securities Pvt. Ltd,2026-04-17 13:11:05.369972,Himalayan Power Partner Ltd.
2026041704011621,HPPL,58,34,1700,402.7,684590.0,2026-04-17,186855599,2767,Naasa Securities Co. Ltd.,Vision Securities Pvt. Ltd,2026-04-17 13:11:05.370085,Himalayan Power Partner Ltd.
2026041704012210,HPPL,50,34,500,404.1,202050.0,2026-04-17,186861642,2767,Cristal Kanchanjanga Securites Pvt. Ltd.,Vision Securities Pvt. Ltd,2026-04-17 13:22:10.908774,Himalayan Power Partner Ltd.
2026041704012211,HPPL,14,34,1000,404.0,404000.0,2026-04-17,186861644,2767,Nepal Stock House (PVT) Ltd.,Vision Securities Pvt. Ltd,2026-04-17 13:22:10.909044,Himalayan Power Partner Ltd.
2026041704012212,HPPL,74,34,1700,403.7,686290.0,2026-04-17,186861646,2767,KALASH STOCK MARKET PVT. LTD.,Vision Securities Pvt. Ltd,2026-04-17 13:22:10.909142,Himalayan Power Partner Ltd.
2026041704012213,HPPL,45,34,200,403.6,80720.0,2026-04-17,186861648,2767,Imperial Securities Company Pvt. Ltd.,Vision Securities Pvt. Ltd,2026-04-17 13:22:10.909236,Himalayan Power Partner Ltd.
2026041704012214,HPPL,22,34,100,403.5,40350.0,2026-04-17,186861650,2767,Siprabi Securities Pvt. Ltd.,Vision Securities Pvt. Ltd,2026-04-17 13:22:10.909339,Himalayan Power Partner Ltd.
2026041704012215,HPPL,34,34,500,403.5,201750.0,2026-04-17,186861651,2767,Vision Securities Pvt. Ltd,Vision Securities Pvt. Ltd,2026-04-17 13:22:10.909427,Himalayan Power Partner Ltd.
2026041704012387,HPPL,45,58,10,405.0,4050.0,2026-04-17,186863556,2767,Imperial Securities Company Pvt. Ltd.,Naasa Securities Co. Ltd.,2026-04-17 13:24:50.069715,Himalayan Power Partner Ltd.
2026041704012562,HPPL,45,34,10,403.9,4039.0,2026-04-17,186865236,2767,Imperial Securities Company Pvt. Ltd.,Vision Securities Pvt. Ltd,2026-04-17 13:28:18.169918,Himalayan Power Partner Ltd.
2026041704012563,HPPL,58,34,100,403.8,40380.0,2026-04-17,186865238,2767,Naasa Securities Co. Ltd.,Vision Securities Pvt. Ltd,2026-04-17 13:28:18.169973,Himalayan Power Partner Ltd.
2026041704012564,HPPL,21,34,100,403.6,40360.0,2026-04-17,186865240,2767,Midas Stock Broking Company Private Limited,Vision Securities Pvt. Ltd,2026-04-17 13:28:18.169996,Himalayan Power Partner Ltd.
2026041704012565,HPPL,52,34,600,403.6,242160.0,2026-04-17,186865242,2767,Sundhara Securities Limited,Vision Securities Pvt. Ltd,2026-04-17 13:28:18.170019,Himalayan Power Partner Ltd.
2026041704012566,HPPL,52,34,100,403.6,40360.0,2026-04-17,186865244,2767,Sundhara Securities Limited,Vision Securities Pvt. Ltd,2026-04-17 13:28:18.170056,Himalayan Power Partner Ltd.
2026041704012567,HPPL,52,34,10,403.5,4035.0,2026-04-17,186865246,2767,Sundhara Securities Limited,Vision Securities Pvt. Ltd,2026-04-17 13:28:18.170083,Himalayan Power Partner Ltd.
2026041704012568,HPPL,74,34,80,403.4,32272.0,2026-04-17,186865247,2767,KALASH STOCK MARKET PVT. LTD.,Vision Securities Pvt. Ltd,2026-04-17 13:28:18.170104,Himalayan Power Partner Ltd.
2026041704012637,HPPL,43,14,20,404.0,8080.0,2026-04-17,186865801,2767,South Asian Bulls Pvt. Ltd.,Nepal Stock House (PVT) Ltd.,2026-04-17 13:29:25.769846,Himalayan Power Partner Ltd.
2026041704013221,HPPL,45,58,10,409.0,4090.0,2026-04-17,186869945,2767,Imperial Securities Company Pvt. Ltd.,Naasa Securities Co. Ltd.,2026-04-17 13:34:36.390866,Himalayan Power Partner Ltd.
2026041704013222,HPPL,45,52,50,409.4,20470.0,2026-04-17,186869947,2767,Imperial Securities Company Pvt. Ltd.,Sundhara Securities Limited,2026-04-17 13:34:36.391347,Himalayan Power Partner Ltd.
2026041704013223,HPPL,45,32,930,409.5,380835.0,2026-04-17,186869952,2767,Imperial Securities Company Pvt. Ltd.,Premier Securities Company Ltd.,2026-04-17 13:34:36.391801,Himalayan Power Partner Ltd.
2026041704013573,HPPL,45,58,10,405.1,4051.0,2026-04-17,186872162,2767,Imperial Securities Company Pvt. Ltd.,Naasa Securities Co. Ltd.,2026-04-17 13:37:53.477446,Himalayan Power Partner Ltd.
2026041704013574,HPPL,57,58,30,405.0,12150.0,2026-04-17,186872164,2767,Aryatara Investment & Securities,Naasa Securities Co. Ltd.,2026-04-17 13:37:53.477920,Himalayan Power Partner Ltd.
2026041704013575,HPPL,33,58,10,405.0,4050.0,2026-04-17,186872165,2767,Dakshinkali Investment & Securities Pvt. Ltd.,Naasa Securities Co. Ltd.,2026-04-17 13:37:53.478213,Himalayan Power Partner Ltd.
2026041704014314,HPPL,34,34,100,405.2,40520.0,2026-04-17,186876428,2767,Vision Securities Pvt. Ltd,Vision Securities Pvt. Ltd,2026-04-17 13:43:49.660573,Himalayan Power Partner Ltd.
2026041704014315,HPPL,63,34,500,405.2,202600.0,2026-04-17,186876430,2767,Himalayan Brokerage Company Limited,Vision Securities Pvt. Ltd,2026-04-17 13:43:49.661036,Himalayan Power Partner Ltd.
2026041704014316,HPPL,33,34,90,405.0,36450.0,2026-04-17,186876432,2767,Dakshinkali Investment & Securities Pvt. Ltd.,Vision Securities Pvt. Ltd,2026-04-17 13:43:49.661337,Himalayan Power Partner Ltd.
2026041704014317,HPPL,38,34,500,405.0,202500.0,2026-04-17,186876434,2767,Dipshikha Dhitopatra Karobar Co. Pvt Ltd.,Vision Securities Pvt. Ltd,2026-04-17 13:43:49.661640,Himalayan Power Partner Ltd.
2026041704014318,HPPL,18,34,500,404.5,202250.0,2026-04-17,186876436,2767,Sagarmatha Securities Private Limited,Vision Securities Pvt. Ltd,2026-04-17 13:43:49.661918,Himalayan Power Partner Ltd.
2026041704014319,HPPL,52,34,290,404.4,117276.0,2026-04-17,186876438,2767,Sundhara Securities Limited,Vision Securities Pvt. Ltd,2026-04-17 13:43:49.662200,Himalayan Power Partner Ltd.
2026041704014320,HPPL,52,34,820,404.4,331608.0,2026-04-17,186876439,2767,Sundhara Securities Limited,Vision Securities Pvt. Ltd,2026-04-17 13:43:49.662477,Himalayan Power Partner Ltd.
2026041704014491,HPPL,58,38,10,409.3,4093.0,2026-04-17,186877482,2767,Naasa Securities Co. Ltd.,Dipshikha Dhitopatra Karobar Co. Pvt Ltd.,2026-04-17 13:45:02.668524,Himalayan Power Partner Ltd.
2026041704014687,HPPL,49,34,95,405.0,38475.0,2026-04-17,186879032,2767,Online Securities Pvt. Ltd.,Vision Securities Pvt. Ltd,2026-04-17 13:47:58.008741,Himalayan Power Partner Ltd.
2026041704014688,HPPL,14,34,500,404.5,202250.0,2026-04-17,186879034,2767,Nepal Stock House (PVT) Ltd.,Vision Securities Pvt. Ltd,2026-04-17 13:47:58.009245,Himalayan Power Partner Ltd.
2026041704014689,HPPL,52,34,180,404.4,72792.0,2026-04-17,186879036,2767,Sundhara Securities Limited,Vision Securities Pvt. Ltd,2026-04-17 13:47:58.009572,Himalayan Power Partner Ltd.
2026041704014690,HPPL,38,34,500,404.2,202100.0,2026-04-17,186879038,2767,Dipshikha Dhitopatra Karobar Co. Pvt Ltd.,Vision Securities Pvt. Ltd,2026-04-17 13:47:58.009867,Himalayan Power Partner Ltd.
2026041704014691,HPPL,7,34,225,404.1,90922.5,2026-04-17,186879039,2767,J.F. Securites (PVT) Ltd.,Vision Securities Pvt. Ltd,2026-04-17 13:47:58.010159,Himalayan Power Partner Ltd.
2026041704015247,HPPL,38,34,73,405.0,29565.0,2026-04-17,186883264,2767,Dipshikha Dhitopatra Karobar Co. Pvt Ltd.,Vision Securities Pvt. Ltd,2026-04-17 13:57:29.523844,Himalayan Power Partner Ltd.
2026041704015248,HPPL,21,34,55,404.5,22247.5,2026-04-17,186883266,2767,Midas Stock Broking Company Private Limited,Vision Securities Pvt. Ltd,2026-04-17 13:57:29.524156,Himalayan Power Partner Ltd.
2026041704015249,HPPL,21,34,100,404.3,40430.0,2026-04-17,186883268,2767,Midas Stock Broking Company Private Limited,Vision Securities Pvt. Ltd,2026-04-17 13:57:29.524266,Himalayan Power Partner Ltd.
2026041704015250,HPPL,63,34,500,404.2,202100.0,2026-04-17,186883270,2767,Himalayan Brokerage Company Limited,Vision Securities Pvt. Ltd,2026-04-17 13:57:29.524381,Himalayan Power Partner Ltd.
2026041704015251,HPPL,42,34,300,404.2,121260.0,2026-04-17,186883272,2767,Sani Securities Company Ltd.,Vision Securities Pvt. Ltd,2026-04-17 13:57:29.524484,Himalayan Power Partner Ltd.
2026041704015252,HPPL,7,34,75,404.1,30307.5,2026-04-17,186883274,2767,J.F. Securites (PVT) Ltd.,Vision Securities Pvt. Ltd,2026-04-17 13:57:29.524633,Himalayan Power Partner Ltd.
2026041704015253,HPPL,77,34,100,404.1,40410.0,2026-04-17,186883276,2767,Nabil Stock Dealer Ltd.,Vision Securities Pvt. Ltd,2026-04-17 13:57:29.524764,Himalayan Power Partner Ltd.
2026041704015254,HPPL,43,34,30,404.0,12120.0,2026-04-17,186883278,2767,South Asian Bulls Pvt. Ltd.,Vision Securities Pvt. Ltd,2026-04-17 13:57:29.524872,Himalayan Power Partner Ltd.
2026041704015255,HPPL,28,34,10,404.0,4040.0,2026-04-17,186883280,2767,Shree Krishna Securities Ltd.,Vision Securities Pvt. Ltd,2026-04-17 13:57:29.524980,Himalayan Power Partner Ltd.
2026041704015256,HPPL,7,34,300,404.0,121200.0,2026-04-17,186883282,2767,J.F. Securites (PVT) Ltd.,Vision Securities Pvt. Ltd,2026-04-17 13:57:29.525083,Himalayan Power Partner Ltd.
2026041704015257,HPPL,1,34,457,404.0,184628.0,2026-04-17,186883283,2767,Kumari Securities Private Limited,Vision Securities Pvt. Ltd,2026-04-17 13:57:29.525203,Himalayan Power Partner Ltd.
2026041704015925,HPPL,64,14,150,408.0,61200.0,2026-04-17,186892189,2767,SUN SECURITIES PVT LTD,Nepal Stock House (PVT) Ltd.,2026-04-17 14:07:32.763863,Himalayan Power Partner Ltd.
2026041704015926,HPPL,64,57,350,408.0,142800.0,2026-04-17,186892192,2767,SUN SECURITIES PVT LTD,Aryatara Investment & Securities,2026-04-17 14:07:32.764142,Himalayan Power Partner Ltd.
2026041704016287,HPPL,33,34,100,407.9,40790.0,2026-04-17,186895680,2767,Dakshinkali Investment & Securities Pvt. Ltd.,Vision Securities Pvt. Ltd,2026-04-17 14:11:29.842696,Himalayan Power Partner Ltd.
2026041704016288,HPPL,33,57,150,408.0,61200.0,2026-04-17,186895683,2767,Dakshinkali Investment & Securities Pvt. Ltd.,Aryatara Investment & Securities,2026-04-17 14:11:29.842748,Himalayan Power Partner Ltd.
2026041704016289,HPPL,33,38,750,408.9,306675.0,2026-04-17,186895686,2767,Dakshinkali Investment & Securities Pvt. Ltd.,Dipshikha Dhitopatra Karobar Co. Pvt Ltd.,2026-04-17 14:11:29.842855,Himalayan Power Partner Ltd.
2026041704016613,HPPL,45,34,50,406.2,20310.0,2026-04-17,186897808,2767,Imperial Securities Company Pvt. Ltd.,Vision Securities Pvt. Ltd,2026-04-17 14:15:03.386150,Himalayan Power Partner Ltd.
2026041704016614,HPPL,29,34,100,406.1,40610.0,2026-04-17,186897810,2767,Trisul Securities & Invt. Ltd.,Vision Securities Pvt. Ltd,2026-04-17 14:15:03.386435,Himalayan Power Partner Ltd.
2026041704016615,HPPL,13,34,200,406.0,81200.0,2026-04-17,186897812,2767,Thrive Brokerage House Pvt. Ltd,Vision Securities Pvt. Ltd,2026-04-17 14:15:03.386548,Himalayan Power Partner Ltd.
2026041704016616,HPPL,33,34,100,406.0,40600.0,2026-04-17,186897814,2767,Dakshinkali Investment & Securities Pvt. Ltd.,Vision Securities Pvt. Ltd,2026-04-17 14:15:03.386658,Himalayan Power Partner Ltd.
2026041704016617,HPPL,16,34,500,406.0,203000.0,2026-04-17,186897816,2767,Primo Securities (PVT) Ltd.,Vision Securities Pvt. Ltd,2026-04-17 14:15:03.386767,Himalayan Power Partner Ltd.
2026041704016618,HPPL,45,34,500,405.3,202650.0,2026-04-17,186897818,2767,Imperial Securities Company Pvt. Ltd.,Vision Securities Pvt. Ltd,2026-04-17 14:15:03.386874,Himalayan Power Partner Ltd.
2026041704016619,HPPL,74,34,500,405.2,202600.0,2026-04-17,186897820,2767,KALASH STOCK MARKET PVT. LTD.,Vision Securities Pvt. Ltd,2026-04-17 14:15:03.386977,Himalayan Power Partner Ltd.
2026041704016620,HPPL,45,34,50,405.1,20255.0,2026-04-17,186897821,2767,Imperial Securities Company Pvt. Ltd.,Vision Securities Pvt. Ltd,2026-04-17 14:15:03.387100,Himalayan Power Partner Ltd.
2026041704016673,HPPL,45,34,50,405.1,20255.0,2026-04-17,186898494,2767,Imperial Securities Company Pvt. Ltd.,Vision Securities Pvt. Ltd,2026-04-17 14:15:55.083701,Himalayan Power Partner Ltd.
2026041704016674,HPPL,45,34,10,404.5,4045.0,2026-04-17,186898496,2767,Imperial Securities Company Pvt. Ltd.,Vision Securities Pvt. Ltd,2026-04-17 14:15:55.084019,Himalayan Power Partner Ltd.
2026041704016675,HPPL,58,34,20,404.5,8090.0,2026-04-17,186898498,2767,Naasa Securities Co. Ltd.,Vision Securities Pvt. Ltd,2026-04-17 14:15:55.084137,Himalayan Power Partner Ltd.
2026041704016676,HPPL,49,34,100,404.4,40440.0,2026-04-17,186898500,2767,Online Securities Pvt. Ltd.,Vision Securities Pvt. Ltd,2026-04-17 14:15:55.084249,Himalayan Power Partner Ltd.
2026041704016677,HPPL,54,34,20,404.2,8084.0,2026-04-17,186898502,2767,Sewa Securities Pvt. Ltd.,Vision Securities Pvt. Ltd,2026-04-17 14:15:55.084369,Himalayan Power Partner Ltd.
2026041704016678,HPPL,85,34,500,404.2,202100.0,2026-04-17,186898504,2767,Capital Hub P. Ltd,Vision Securities Pvt. Ltd,2026-04-17 14:15:55.084485,Himalayan Power Partner Ltd.
2026041704016679,HPPL,63,34,300,404.1,121230.0,2026-04-17,186898505,2767,Himalayan Brokerage Company Limited,Vision Securities Pvt. Ltd,2026-04-17 14:15:55.084592,Himalayan Power Partner Ltd.
2026041704016796,HPPL,7,34,300,404.3,121290.0,2026-04-17,186899334,2767,J.F. Securites (PVT) Ltd.,Vision Securities Pvt. Ltd,2026-04-17 14:16:56.651052,Himalayan Power Partner Ltd.
2026041704016797,HPPL,14,34,245,404.2,99029.0,2026-04-17,186899336,2767,Nepal Stock House (PVT) Ltd.,Vision Securities Pvt. Ltd,2026-04-17 14:16:56.651579,Himalayan Power Partner Ltd.
2026041704016798,HPPL,43,34,1000,404.2,404200.0,2026-04-17,186899338,2767,South Asian Bulls Pvt. Ltd.,Vision Securities Pvt. Ltd,2026-04-17 14:16:56.651914,Himalayan Power Partner Ltd.
2026041704016799,HPPL,63,34,200,404.1,80820.0,2026-04-17,186899340,2767,Himalayan Brokerage Company Limited,Vision Securities Pvt. Ltd,2026-04-17 14:16:56.652231,Himalayan Power Partner Ltd.
2026041704016800,HPPL,14,34,300,404.1,121230.0,2026-04-17,186899342,2767,Nepal Stock House (PVT) Ltd.,Vision Securities Pvt. Ltd,2026-04-17 14:16:56.652546,Himalayan Power Partner Ltd.
2026041704016801,HPPL,1,34,443,404.0,178972.0,2026-04-17,186899344,2767,Kumari Securities Private Limited,Vision Securities Pvt. Ltd,2026-04-17 14:16:56.652862,Himalayan Power Partner Ltd.
2026041704016802,HPPL,14,34,50,404.0,20200.0,2026-04-17,186899346,2767,Nepal Stock House (PVT) Ltd.,Vision Securities Pvt. Ltd,2026-04-17 14:16:56.653158,Himalayan Power Partner Ltd.
2026041704016803,HPPL,42,34,50,404.0,20200.0,2026-04-17,186899348,2767,Sani Securities Company Ltd.,Vision Securities Pvt. Ltd,2026-04-17 14:16:56.653472,Himalayan Power Partner Ltd.
2026041704016804,HPPL,4,34,200,404.0,80800.0,2026-04-17,186899350,2767,Opal Securities Investment (PVT) Ltd.,Vision Securities Pvt. Ltd,2026-04-17 14:16:56.653773,Himalayan Power Partner Ltd.
2026041704016805,HPPL,39,34,212,404.0,85648.0,2026-04-17,186899351,2767,Sumeru Securities Pvt. Ltd.,Vision Securities Pvt. Ltd,2026-04-17 14:16:56.654084,Himalayan Power Partner Ltd.
2026041704016820,HPPL,52,38,10,408.9,4089.0,2026-04-17,186899480,2767,Sundhara Securities Limited,Dipshikha Dhitopatra Karobar Co. Pvt Ltd.,2026-04-17 14:17:11.576418,Himalayan Power Partner Ltd.
2026041704016955,HPPL,67,34,500,405.0,202500.0,2026-04-17,186900262,2767,Property Wiard Limited,Vision Securities Pvt. Ltd,2026-04-17 14:18:12.798011,Himalayan Power Partner Ltd.
2026041704016956,HPPL,29,34,100,404.1,40410.0,2026-04-17,186900264,2767,Trisul Securities & Invt. Ltd.,Vision Securities Pvt. Ltd,2026-04-17 14:18:12.798302,Himalayan Power Partner Ltd.
2026041704016957,HPPL,45,34,500,404.1,202050.0,2026-04-17,186900266,2767,Imperial Securities Company Pvt. Ltd.,Vision Securities Pvt. Ltd,2026-04-17 14:18:12.798455,Himalayan Power Partner Ltd.
2026041704016958,HPPL,39,34,788,404.0,318352.0,2026-04-17,186900268,2767,Sumeru Securities Pvt. Ltd.,Vision Securities Pvt. Ltd,2026-04-17 14:18:12.798581,Himalayan Power Partner Ltd.
2026041704016959,HPPL,6,34,24,404.0,9696.0,2026-04-17,186900270,2767,Agrawal Securities (PVT) Ltd.,Vision Securities Pvt. Ltd,2026-04-17 14:18:12.798690,Himalayan Power Partner Ltd.
2026041704016960,HPPL,42,34,10,404.0,4040.0,2026-04-17,186900272,2767,Sani Securities Company Ltd.,Vision Securities Pvt. Ltd,2026-04-17 14:18:12.798795,Himalayan Power Partner Ltd.
2026041704016961,HPPL,33,34,78,404.0,31512.0,2026-04-17,186900273,2767,Dakshinkali Investment & Securities Pvt. Ltd.,Vision Securities Pvt. Ltd,2026-04-17 14:18:12.798910,Himalayan Power Partner Ltd.
2026041704017067,HPPL,52,26,10,408.0,4080.0,2026-04-17,186900840,2767,Sundhara Securities Limited,Asian Securities Private Ltd.,2026-04-17 14:18:59.484392,Himalayan Power Partner Ltd.
2026041704017366,HPPL,34,58,100,407.9,40790.0,2026-04-17,186903613,2767,Vision Securities Pvt. Ltd,Naasa Securities Co. Ltd.,2026-04-17 14:22:40.778465,Himalayan Power Partner Ltd.
2026041704017367,HPPL,34,26,285,408.0,116280.0,2026-04-17,186903615,2767,Vision Securities Pvt. Ltd,Asian Securities Private Ltd.,2026-04-17 14:22:40.778565,Himalayan Power Partner Ltd.
2026041704017368,HPPL,34,38,230,408.9,94047.0,2026-04-17,186903617,2767,Vision Securities Pvt. Ltd,Dipshikha Dhitopatra Karobar Co. Pvt Ltd.,2026-04-17 14:22:40.778643,Himalayan Power Partner Ltd.
2026041704017369,HPPL,34,58,225,408.9,92002.5,2026-04-17,186903619,2767,Vision Securities Pvt. Ltd,Naasa Securities Co. Ltd.,2026-04-17 14:22:40.778718,Himalayan Power Partner Ltd.
2026041704017370,HPPL,34,32,70,409.5,28665.0,2026-04-17,186903621,2767,Vision Securities Pvt. Ltd,Premier Securities Company Ltd.,2026-04-17 14:22:40.778794,Himalayan Power Partner Ltd.
2026041704017371,HPPL,34,58,90,409.8,36882.0,2026-04-17,186903624,2767,Vision Securities Pvt. Ltd,Naasa Securities Co. Ltd.,2026-04-17 14:22:40.778869,Himalayan Power Partner Ltd.
2026041704017465,HPPL,45,34,500,404.6,202300.0,2026-04-17,186904350,2767,Imperial Securities Company Pvt. Ltd.,Vision Securities Pvt. Ltd,2026-04-17 14:23:28.003744,Himalayan Power Partner Ltd.
2026041704017466,HPPL,57,34,500,404.5,202250.0,2026-04-17,186904352,2767,Aryatara Investment & Securities,Vision Securities Pvt. Ltd,2026-04-17 14:23:28.004296,Himalayan Power Partner Ltd.
2026041704017467,HPPL,45,34,20,404.1,8082.0,2026-04-17,186904354,2767,Imperial Securities Company Pvt. Ltd.,Vision Securities Pvt. Ltd,2026-04-17 14:23:28.004706,Himalayan Power Partner Ltd.
2026041704017468,HPPL,42,34,200,404.1,80820.0,2026-04-17,186904356,2767,Sani Securities Company Ltd.,Vision Securities Pvt. Ltd,2026-04-17 14:23:28.005024,Himalayan Power Partner Ltd.
2026041704017469,HPPL,33,34,22,404.0,8888.0,2026-04-17,186904358,2767,Dakshinkali Investment & Securities Pvt. Ltd.,Vision Securities Pvt. Ltd,2026-04-17 14:23:28.005368,Himalayan Power Partner Ltd.
2026041704017470,HPPL,74,34,120,404.0,48480.0,2026-04-17,186904360,2767,KALASH STOCK MARKET PVT. LTD.,Vision Securities Pvt. Ltd,2026-04-17 14:23:28.005697,Himalayan Power Partner Ltd.
2026041704017471,HPPL,45,34,638,404.0,257752.0,2026-04-17,186904361,2767,Imperial Securities Company Pvt. Ltd.,Vision Securities Pvt. Ltd,2026-04-17 14:23:28.006014,Himalayan Power Partner Ltd.
2026041704017799,HPPL,57,61,500,405.0,202500.0,2026-04-17,186908088,2767,Aryatara Investment & Securities,BHOLE GANESH SECURITIES LTD,2026-04-17 14:28:30.654490,Himalayan Power Partner Ltd.
2026041704017800,HPPL,35,61,120,404.1,48492.0,2026-04-17,186908090,2767,Kohinoor Investment & Securities Pvt. Ltd.,BHOLE GANESH SECURITIES LTD,2026-04-17 14:28:30.654595,Himalayan Power Partner Ltd.
2026041704017801,HPPL,45,61,20,404.1,8082.0,2026-04-17,186908092,2767,Imperial Securities Company Pvt. Ltd.,BHOLE GANESH SECURITIES LTD,2026-04-17 14:28:30.654683,Himalayan Power Partner Ltd.
2026041704017802,HPPL,45,61,362,404.0,146248.0,2026-04-17,186908094,2767,Imperial Securities Company Pvt. Ltd.,BHOLE GANESH SECURITIES LTD,2026-04-17 14:28:30.654745,Himalayan Power Partner Ltd.
2026041704017803,HPPL,43,61,200,404.0,80800.0,2026-04-17,186908096,2767,South Asian Bulls Pvt. Ltd.,BHOLE GANESH SECURITIES LTD,2026-04-17 14:28:30.654819,Himalayan Power Partner Ltd.
2026041704017804,HPPL,77,61,100,404.0,40400.0,2026-04-17,186908098,2767,Nabil Stock Dealer Ltd.,BHOLE GANESH SECURITIES LTD,2026-04-17 14:28:30.654890,Himalayan Power Partner Ltd.
2026041704017805,HPPL,58,61,50,403.5,20175.0,2026-04-17,186908100,2767,Naasa Securities Co. Ltd.,BHOLE GANESH SECURITIES LTD,2026-04-17 14:28:30.654993,Himalayan Power Partner Ltd.
2026041704017806,HPPL,22,61,100,403.3,40330.0,2026-04-17,186908102,2767,Siprabi Securities Pvt. Ltd.,BHOLE GANESH SECURITIES LTD,2026-04-17 14:28:30.655091,Himalayan Power Partner Ltd.
2026041704017807,HPPL,33,61,40,403.1,16124.0,2026-04-17,186908104,2767,Dakshinkali Investment & Securities Pvt. Ltd.,BHOLE GANESH SECURITIES LTD,2026-04-17 14:28:30.655159,Himalayan Power Partner Ltd.
2026041704017808,HPPL,34,61,100,403.1,40310.0,2026-04-17,186908106,2767,Vision Securities Pvt. Ltd,BHOLE GANESH SECURITIES LTD,2026-04-17 14:28:30.655210,Himalayan Power Partner Ltd.
2026041704017809,HPPL,11,61,50,403.1,20155.0,2026-04-17,186908108,2767,Malla & Malla Stock Broking Company Pvt. Limited,BHOLE GANESH SECURITIES LTD,2026-04-17 14:28:30.655274,Himalayan Power Partner Ltd.
2026041704017810,HPPL,42,61,380,403.0,153140.0,2026-04-17,186908110,2767,Sani Securities Company Ltd.,BHOLE GANESH SECURITIES LTD,2026-04-17 14:28:30.655358,Himalayan Power Partner Ltd.
2026041704017811,HPPL,45,61,280,403.0,112840.0,2026-04-17,186908112,2767,Imperial Securities Company Pvt. Ltd.,BHOLE GANESH SECURITIES LTD,2026-04-17 14:28:30.655430,Himalayan Power Partner Ltd.
2026041704017812,HPPL,81,61,500,403.0,201500.0,2026-04-17,186908114,2767,Aakashbhairab Securities Ltd.,BHOLE GANESH SECURITIES LTD,2026-04-17 14:28:30.655496,Himalayan Power Partner Ltd.
2026041704017813,HPPL,74,61,198,403.0,79794.0,2026-04-17,186908115,2767,KALASH STOCK MARKET PVT. LTD.,BHOLE GANESH SECURITIES LTD,2026-04-17 14:28:30.655551,Himalayan Power Partner Ltd.
2026041704017919,HPPL,54,34,10,403.2,4032.0,2026-04-17,186909392,2767,Sewa Securities Pvt. Ltd.,Vision Securities Pvt. Ltd,2026-04-17 14:30:20.364150,Himalayan Power Partner Ltd.
2026041704017920,HPPL,45,34,30,403.1,12093.0,2026-04-17,186909394,2767,Imperial Securities Company Pvt. Ltd.,Vision Securities Pvt. Ltd,2026-04-17 14:30:20.364433,Himalayan Power Partner Ltd.
2026041704017921,HPPL,45,34,30,403.1,12093.0,2026-04-17,186909396,2767,Imperial Securities Company Pvt. Ltd.,Vision Securities Pvt. Ltd,2026-04-17 14:30:20.364541,Himalayan Power Partner Ltd.
2026041704017922,HPPL,49,34,500,403.1,201550.0,2026-04-17,186909398,2767,Online Securities Pvt. Ltd.,Vision Securities Pvt. Ltd,2026-04-17 14:30:20.364643,Himalayan Power Partner Ltd.
2026041704017923,HPPL,45,34,500,403.1,201550.0,2026-04-17,186909400,2767,Imperial Securities Company Pvt. Ltd.,Vision Securities Pvt. Ltd,2026-04-17 14:30:20.364744,Himalayan Power Partner Ltd.
2026041704017924,HPPL,74,34,402,403.0,162006.0,2026-04-17,186909402,2767,KALASH STOCK MARKET PVT. LTD.,Vision Securities Pvt. Ltd,2026-04-17 14:30:20.364846,Himalayan Power Partner Ltd.
2026041704017925,HPPL,7,34,1100,403.0,443300.0,2026-04-17,186909404,2767,J.F. Securites (PVT) Ltd.,Vision Securities Pvt. Ltd,2026-04-17 14:30:20.364953,Himalayan Power Partner Ltd.
2026041704017926,HPPL,60,34,428,403.0,172484.0,2026-04-17,186909405,2767,Nagarik Stock Dealer ,Vision Securities Pvt. Ltd,2026-04-17 14:30:20.365053,Himalayan Power Partner Ltd.
2026041704018426,HPPL,26,34,100,404.1,40410.0,2026-04-17,186913182,2767,Asian Securities Private Ltd.,Vision Securities Pvt. Ltd,2026-04-17 14:35:25.992241,Himalayan Power Partner Ltd.
2026041704018427,HPPL,75,34,250,404.0,101000.0,2026-04-17,186913184,2767,N.I.M.B. Stock Markets Limited,Vision Securities Pvt. Ltd,2026-04-17 14:35:25.992519,Himalayan Power Partner Ltd.
2026041704018428,HPPL,60,34,72,403.0,29016.0,2026-04-17,186913186,2767,Nagarik Stock Dealer ,Vision Securities Pvt. Ltd,2026-04-17 14:35:25.992646,Himalayan Power Partner Ltd.
2026041704018429,HPPL,45,34,30,403.0,12090.0,2026-04-17,186913188,2767,Imperial Securities Company Pvt. Ltd.,Vision Securities Pvt. Ltd,2026-04-17 14:35:25.992752,Himalayan Power Partner Ltd.
2026041704018430,HPPL,57,34,100,403.0,40300.0,2026-04-17,186913190,2767,Aryatara Investment & Securities,Vision Securities Pvt. Ltd,2026-04-17 14:35:25.992864,Himalayan Power Partner Ltd.
2026041704018431,HPPL,58,34,10,403.0,4030.0,2026-04-17,186913192,2767,Naasa Securities Co. Ltd.,Vision Securities Pvt. Ltd,2026-04-17 14:35:25.992965,Himalayan Power Partner Ltd.
2026041704018432,HPPL,4,34,200,403.0,80600.0,2026-04-17,186913194,2767,Opal Securities Investment (PVT) Ltd.,Vision Securities Pvt. Ltd,2026-04-17 14:35:25.993080,Himalayan Power Partner Ltd.
2026041704018433,HPPL,28,34,52,403.0,20956.0,2026-04-17,186913196,2767,Shree Krishna Securities Ltd.,Vision Securities Pvt. Ltd,2026-04-17 14:35:25.993191,Himalayan Power Partner Ltd.
2026041704018434,HPPL,45,34,50,403.0,20150.0,2026-04-17,186913198,2767,Imperial Securities Company Pvt. Ltd.,Vision Securities Pvt. Ltd,2026-04-17 14:35:25.993294,Himalayan Power Partner Ltd.
2026041704018435,HPPL,38,34,100,403.0,40300.0,2026-04-17,186913200,2767,Dipshikha Dhitopatra Karobar Co. Pvt Ltd.,Vision Securities Pvt. Ltd,2026-04-17 14:35:25.993435,Himalayan Power Partner Ltd.
2026041704018436,HPPL,48,34,1000,403.0,403000.0,2026-04-17,186913202,2767,Trishakti Securities Public Limited,Vision Securities Pvt. Ltd,2026-04-17 14:35:25.993544,Himalayan Power Partner Ltd.
2026041704018437,HPPL,49,34,200,402.9,80580.0,2026-04-17,186913204,2767,Online Securities Pvt. Ltd.,Vision Securities Pvt. Ltd,2026-04-17 14:35:25.993658,Himalayan Power Partner Ltd.
2026041704018438,HPPL,58,34,300,402.7,120810.0,2026-04-17,186913206,2767,Naasa Securities Co. Ltd.,Vision Securities Pvt. Ltd,2026-04-17 14:35:25.993760,Himalayan Power Partner Ltd.
2026041704018439,HPPL,29,34,61,402.6,24558.6,2026-04-17,186913208,2767,Trisul Securities & Invt. Ltd.,Vision Securities Pvt. Ltd,2026-04-17 14:35:25.993871,Himalayan Power Partner Ltd.
2026041704018440,HPPL,26,34,50,402.3,20115.0,2026-04-17,186913210,2767,Asian Securities Private Ltd.,Vision Securities Pvt. Ltd,2026-04-17 14:35:25.993975,Himalayan Power Partner Ltd.
2026041704018441,HPPL,58,34,10,402.1,4021.0,2026-04-17,186913212,2767,Naasa Securities Co. Ltd.,Vision Securities Pvt. Ltd,2026-04-17 14:35:25.994092,Himalayan Power Partner Ltd.
2026041704018442,HPPL,7,34,248,402.0,99696.0,2026-04-17,186913214,2767,J.F. Securites (PVT) Ltd.,Vision Securities Pvt. Ltd,2026-04-17 14:35:25.994198,Himalayan Power Partner Ltd.
2026041704018443,HPPL,21,34,100,402.0,40200.0,2026-04-17,186913216,2767,Midas Stock Broking Company Private Limited,Vision Securities Pvt. Ltd,2026-04-17 14:35:25.994297,Himalayan Power Partner Ltd.
2026041704018444,HPPL,14,34,300,402.0,120600.0,2026-04-17,186913218,2767,Nepal Stock House (PVT) Ltd.,Vision Securities Pvt. Ltd,2026-04-17 14:35:25.994410,Himalayan Power Partner Ltd.
2026041704018445,HPPL,29,34,750,402.0,301500.0,2026-04-17,186913220,2767,Trisul Securities & Invt. Ltd.,Vision Securities Pvt. Ltd,2026-04-17 14:35:25.994531,Himalayan Power Partner Ltd.
2026041704018446,HPPL,74,34,590,402.0,237180.0,2026-04-17,186913222,2767,KALASH STOCK MARKET PVT. LTD.,Vision Securities Pvt. Ltd,2026-04-17 14:35:25.994630,Himalayan Power Partner Ltd.
2026041704018447,HPPL,14,34,40,402.0,16080.0,2026-04-17,186913224,2767,Nepal Stock House (PVT) Ltd.,Vision Securities Pvt. Ltd,2026-04-17 14:35:25.994734,Himalayan Power Partner Ltd.
2026041704018448,HPPL,50,34,387,402.0,155574.0,2026-04-17,186913225,2767,Cristal Kanchanjanga Securites Pvt. Ltd.,Vision Securities Pvt. Ltd,2026-04-17 14:35:25.994831,Himalayan Power Partner Ltd.
2026041704018486,HPPL,3,34,20,403.0,8060.0,2026-04-17,186913666,2767,Arun Securities (PVT) Ltd.,Vision Securities Pvt. Ltd,2026-04-17 14:36:00.039196,Himalayan Power Partner Ltd.
2026041704018487,HPPL,50,34,413,402.0,166026.0,2026-04-17,186913668,2767,Cristal Kanchanjanga Securites Pvt. Ltd.,Vision Securities Pvt. Ltd,2026-04-17 14:36:00.039472,Himalayan Power Partner Ltd.
2026041704018488,HPPL,33,34,50,402.0,20100.0,2026-04-17,186913670,2767,Dakshinkali Investment & Securities Pvt. Ltd.,Vision Securities Pvt. Ltd,2026-04-17 14:36:00.039576,Himalayan Power Partner Ltd.
2026041704018489,HPPL,52,34,800,402.0,321600.0,2026-04-17,186913672,2767,Sundhara Securities Limited,Vision Securities Pvt. Ltd,2026-04-17 14:36:00.039674,Himalayan Power Partner Ltd.
2026041704018490,HPPL,51,34,180,401.4,72252.0,2026-04-17,186913674,2767,Oxford Securities Pvt. Ltd.,Vision Securities Pvt. Ltd,2026-04-17 14:36:00.039785,Himalayan Power Partner Ltd.
2026041704018491,HPPL,54,34,50,401.1,20055.0,2026-04-17,186913676,2767,Sewa Securities Pvt. Ltd.,Vision Securities Pvt. Ltd,2026-04-17 14:36:00.039897,Himalayan Power Partner Ltd.
2026041704018492,HPPL,32,34,255,401.0,102255.0,2026-04-17,186913678,2767,Premier Securities Company Ltd.,Vision Securities Pvt. Ltd,2026-04-17 14:36:00.040013,Himalayan Power Partner Ltd.
2026041704018493,HPPL,45,34,232,401.0,93032.0,2026-04-17,186913679,2767,Imperial Securities Company Pvt. Ltd.,Vision Securities Pvt. Ltd,2026-04-17 14:36:00.040114,Himalayan Power Partner Ltd.
2026041704018842,HPPL,42,38,55,405.0,22275.0,2026-04-17,186917175,2767,Sani Securities Company Ltd.,Dipshikha Dhitopatra Karobar Co. Pvt Ltd.,2026-04-17 14:40:32.266019,Himalayan Power Partner Ltd.
2026041704018918,HPPL,42,48,35,405.0,14175.0,2026-04-17,186917804,2767,Sani Securities Company Ltd.,Trishakti Securities Public Limited,2026-04-17 14:41:25.017696,Himalayan Power Partner Ltd.
2026041704018996,HPPL,43,34,300,402.2,120660.0,2026-04-17,186918356,2767,South Asian Bulls Pvt. Ltd.,Vision Securities Pvt. Ltd,2026-04-17 14:42:03.823952,Himalayan Power Partner Ltd.
2026041704018997,HPPL,45,34,260,402.1,104546.0,2026-04-17,186918358,2767,Imperial Securities Company Pvt. Ltd.,Vision Securities Pvt. Ltd,2026-04-17 14:42:03.824241,Himalayan Power Partner Ltd.
2026041704018998,HPPL,60,34,500,402.1,201050.0,2026-04-17,186918360,2767,Nagarik Stock Dealer ,Vision Securities Pvt. Ltd,2026-04-17 14:42:03.824354,Himalayan Power Partner Ltd.
2026041704018999,HPPL,14,34,2000,402.0,804000.0,2026-04-17,186918362,2767,Nepal Stock House (PVT) Ltd.,Vision Securities Pvt. Ltd,2026-04-17 14:42:03.824459,Himalayan Power Partner Ltd.
2026041704019000,HPPL,52,34,800,402.0,321600.0,2026-04-17,186918364,2767,Sundhara Securities Limited,Vision Securities Pvt. Ltd,2026-04-17 14:42:03.824588,Himalayan Power Partner Ltd.
2026041704019001,HPPL,45,34,268,401.0,107468.0,2026-04-17,186918366,2767,Imperial Securities Company Pvt. Ltd.,Vision Securities Pvt. Ltd,2026-04-17 14:42:03.824832,Himalayan Power Partner Ltd.
2026041704019002,HPPL,35,34,35,401.0,14035.0,2026-04-17,186918368,2767,Kohinoor Investment & Securities Pvt. Ltd.,Vision Securities Pvt. Ltd,2026-04-17 14:42:03.824940,Himalayan Power Partner Ltd.
2026041704019003,HPPL,32,34,20,401.0,8020.0,2026-04-17,186918370,2767,Premier Securities Company Ltd.,Vision Securities Pvt. Ltd,2026-04-17 14:42:03.825041,Himalayan Power Partner Ltd.
2026041704019004,HPPL,36,34,27,401.0,10827.0,2026-04-17,186918372,2767,Secured Securities Ltd.,Vision Securities Pvt. Ltd,2026-04-17 14:42:03.825140,Himalayan Power Partner Ltd.
2026041704019005,HPPL,53,34,100,401.0,40100.0,2026-04-17,186918374,2767,Investment Management Nepal Pvt. Ltd.,Vision Securities Pvt. Ltd,2026-04-17 14:42:03.825238,Himalayan Power Partner Ltd.
2026041704019006,HPPL,47,34,1000,401.0,401000.0,2026-04-17,186918376,2767,Neev Securities Pvt. Ltd.,Vision Securities Pvt. Ltd,2026-04-17 14:42:03.825345,Himalayan Power Partner Ltd.
2026041704019007,HPPL,14,34,20,401.0,8020.0,2026-04-17,186918378,2767,Nepal Stock House (PVT) Ltd.,Vision Securities Pvt. Ltd,2026-04-17 14:42:03.825444,Himalayan Power Partner Ltd.
2026041704019008,HPPL,54,34,20,401.0,8020.0,2026-04-17,186918380,2767,Sewa Securities Pvt. Ltd.,Vision Securities Pvt. Ltd,2026-04-17 14:42:03.825540,Himalayan Power Partner Ltd.
2026041704019009,HPPL,41,34,100,400.2,40020.0,2026-04-17,186918382,2767,Linch Stock Market Ltd.,Vision Securities Pvt. Ltd,2026-04-17 14:42:03.825641,Himalayan Power Partner Ltd.
2026041704019010,HPPL,56,34,1000,400.2,400200.0,2026-04-17,186918384,2767,Sri Hari Securities Pvt. Ltd.,Vision Securities Pvt. Ltd,2026-04-17 14:42:03.825742,Himalayan Power Partner Ltd.
2026041704019011,HPPL,22,34,100,400.0,40000.0,2026-04-17,186918386,2767,Siprabi Securities Pvt. Ltd.,Vision Securities Pvt. Ltd,2026-04-17 14:42:03.825841,Himalayan Power Partner Ltd.
2026041704019012,HPPL,49,34,100,400.0,40000.0,2026-04-17,186918388,2767,Online Securities Pvt. Ltd.,Vision Securities Pvt. Ltd,2026-04-17 14:42:03.825952,Himalayan Power Partner Ltd.
2026041704019013,HPPL,74,34,100,400.0,40000.0,2026-04-17,186918390,2767,KALASH STOCK MARKET PVT. LTD.,Vision Securities Pvt. Ltd,2026-04-17 14:42:03.826052,Himalayan Power Partner Ltd.
2026041704019014,HPPL,58,34,50,400.0,20000.0,2026-04-17,186918392,2767,Naasa Securities Co. Ltd.,Vision Securities Pvt. Ltd,2026-04-17 14:42:03.826155,Himalayan Power Partner Ltd.
2026041704019015,HPPL,63,34,100,400.0,40000.0,2026-04-17,186918394,2767,Himalayan Brokerage Company Limited,Vision Securities Pvt. Ltd,2026-04-17 14:42:03.826255,Himalayan Power Partner Ltd.
2026041704019016,HPPL,58,34,75,400.0,30000.0,2026-04-17,186918396,2767,Naasa Securities Co. Ltd.,Vision Securities Pvt. Ltd,2026-04-17 14:42:03.826358,Himalayan Power Partner Ltd.
2026041704019017,HPPL,35,34,100,400.0,40000.0,2026-04-17,186918398,2767,Kohinoor Investment & Securities Pvt. Ltd.,Vision Securities Pvt. Ltd,2026-04-17 14:42:03.826455,Himalayan Power Partner Ltd.
2026041704019018,HPPL,8,34,100,400.0,40000.0,2026-04-17,186918400,2767,Brilliant Securities Pvt. Ltd.,Vision Securities Pvt. Ltd,2026-04-17 14:42:03.826549,Himalayan Power Partner Ltd.
2026041704019019,HPPL,53,34,100,400.0,40000.0,2026-04-17,186918402,2767,Investment Management Nepal Pvt. Ltd.,Vision Securities Pvt. Ltd,2026-04-17 14:42:03.826644,Himalayan Power Partner Ltd.
2026041704019020,HPPL,38,34,150,400.0,60000.0,2026-04-17,186918404,2767,Dipshikha Dhitopatra Karobar Co. Pvt Ltd.,Vision Securities Pvt. Ltd,2026-04-17 14:42:03.826738,Himalayan Power Partner Ltd.
2026041704019021,HPPL,59,34,100,400.0,40000.0,2026-04-17,186918406,2767,Deevyaa Securities & Stock House Pvt. Ltd,Vision Securities Pvt. Ltd,2026-04-17 14:42:03.826829,Himalayan Power Partner Ltd.
2026041704019022,HPPL,22,34,2000,400.0,800000.0,2026-04-17,186918408,2767,Siprabi Securities Pvt. Ltd.,Vision Securities Pvt. Ltd,2026-04-17 14:42:03.826922,Himalayan Power Partner Ltd.
2026041704019023,HPPL,58,34,38,400.0,15200.0,2026-04-17,186918410,2767,Naasa Securities Co. Ltd.,Vision Securities Pvt. Ltd,2026-04-17 14:42:03.827014,Himalayan Power Partner Ltd.
2026041704019024,HPPL,50,34,437,400.0,174800.0,2026-04-17,186918411,2767,Cristal Kanchanjanga Securites Pvt. Ltd.,Vision Securities Pvt. Ltd,2026-04-17 14:42:03.827109,Himalayan Power Partner Ltd.
2026041704019054,HPPL,50,48,563,400.0,225200.0,2026-04-17,186918696,2767,Cristal Kanchanjanga Securites Pvt. Ltd.,Trishakti Securities Public Limited,2026-04-17 14:42:21.296707,Himalayan Power Partner Ltd.
2026041704019055,HPPL,65,48,1000,400.0,400000.0,2026-04-17,186918698,2767,Sharepro Securities Private Limited,Trishakti Securities Public Limited,2026-04-17 14:42:21.296962,Himalayan Power Partner Ltd.
2026041704019056,HPPL,33,48,100,400.0,40000.0,2026-04-17,186918700,2767,Dakshinkali Investment & Securities Pvt. Ltd.,Trishakti Securities Public Limited,2026-04-17 14:42:21.297068,Himalayan Power Partner Ltd.
2026041704019057,HPPL,4,48,200,400.0,80000.0,2026-04-17,186918702,2767,Opal Securities Investment (PVT) Ltd.,Trishakti Securities Public Limited,2026-04-17 14:42:21.297164,Himalayan Power Partner Ltd.
2026041704019058,HPPL,45,48,1000,400.0,400000.0,2026-04-17,186918704,2767,Imperial Securities Company Pvt. Ltd.,Trishakti Securities Public Limited,2026-04-17 14:42:21.297260,Himalayan Power Partner Ltd.
2026041704019059,HPPL,35,48,500,400.0,200000.0,2026-04-17,186918706,2767,Kohinoor Investment & Securities Pvt. Ltd.,Trishakti Securities Public Limited,2026-04-17 14:42:21.297365,Himalayan Power Partner Ltd.
2026041704019060,HPPL,14,48,50,400.0,20000.0,2026-04-17,186918708,2767,Nepal Stock House (PVT) Ltd.,Trishakti Securities Public Limited,2026-04-17 14:42:21.297484,Himalayan Power Partner Ltd.
2026041704019077,HPPL,63,48,500,400.0,200000.0,2026-04-17,186918968,2767,Himalayan Brokerage Company Limited,Trishakti Securities Public Limited,2026-04-17 14:42:36.613203,Himalayan Power Partner Ltd.
2026041704019099,HPPL,74,48,100,400.0,40000.0,2026-04-17,186919270,2767,KALASH STOCK MARKET PVT. LTD.,Trishakti Securities Public Limited,2026-04-17 14:43:00.594395,Himalayan Power Partner Ltd.
2026041704019104,HPPL,63,48,90,400.0,36000.0,2026-04-17,186919287,2767,Himalayan Brokerage Company Limited,Trishakti Securities Public Limited,2026-04-17 14:43:02.012910,Himalayan Power Partner Ltd.
2026041704019386,HPPL,29,38,100,406.9,40690.0,2026-04-17,186921896,2767,Trisul Securities & Invt. Ltd.,Dipshikha Dhitopatra Karobar Co. Pvt Ltd.,2026-04-17 14:46:04.753742,Himalayan Power Partner Ltd.
2026041704019819,HPPL,33,50,10,408.9,4089.0,2026-04-17,186926724,2767,Dakshinkali Investment & Securities Pvt. Ltd.,Cristal Kanchanjanga Securites Pvt. Ltd.,2026-04-17 14:49:43.727811,Himalayan Power Partner Ltd.
2026041704020056,HPPL,45,50,490,408.9,200361.0,2026-04-17,186928999,2767,Imperial Securities Company Pvt. Ltd.,Cristal Kanchanjanga Securites Pvt. Ltd.,2026-04-17 14:51:21.256122,Himalayan Power Partner Ltd.
2026041704020057,HPPL,45,57,200,408.9,81780.0,2026-04-17,186929001,2767,Imperial Securities Company Pvt. Ltd.,Aryatara Investment & Securities,2026-04-17 14:51:21.256426,Himalayan Power Partner Ltd.
2026041704020058,HPPL,45,57,310,409.0,126790.0,2026-04-17,186929004,2767,Imperial Securities Company Pvt. Ltd.,Aryatara Investment & Securities,2026-04-17 14:51:21.256552,Himalayan Power Partner Ltd.
2026041704020639,HPPL,42,57,10,406.0,4060.0,2026-04-17,186934346,2767,Sani Securities Company Ltd.,Aryatara Investment & Securities,2026-04-17 14:55:10.125088,Himalayan Power Partner Ltd.
2026041704020640,HPPL,58,57,40,406.0,16240.0,2026-04-17,186934347,2767,Naasa Securities Co. Ltd.,Aryatara Investment & Securities,2026-04-17 14:55:10.125345,Himalayan Power Partner Ltd.
2026041704020748,HPPL,58,49,560,406.0,227360.0,2026-04-17,186935000,2767,Naasa Securities Co. Ltd.,Online Securities Pvt. Ltd.,2026-04-17 14:55:39.858850,Himalayan Power Partner Ltd.
2026041704020842,HPPL,21,49,300,406.0,121800.0,2026-04-17,186935590,2767,Midas Stock Broking Company Private Limited,Online Securities Pvt. Ltd.,2026-04-17 14:56:04.707088,Himalayan Power Partner Ltd.
2026041704021672,HPPL,45,34,20,405.0,8100.0,2026-04-17,186941072,2767,Imperial Securities Company Pvt. Ltd.,Vision Securities Pvt. Ltd,2026-04-17 14:58:34.737550,Himalayan Power Partner Ltd.
2026041704021673,HPPL,67,34,300,405.0,121500.0,2026-04-17,186941074,2767,Property Wiard Limited,Vision Securities Pvt. Ltd,2026-04-17 14:58:34.737620,Himalayan Power Partner Ltd.
2026041704021674,HPPL,99,34,500,402.7,201350.0,2026-04-17,186941076,2767,Prabhu Stock Market Limited,Vision Securities Pvt. Ltd,2026-04-17 14:58:34.737644,Himalayan Power Partner Ltd.
2026041704021675,HPPL,33,34,100,402.7,40270.0,2026-04-17,186941078,2767,Dakshinkali Investment & Securities Pvt. Ltd.,Vision Securities Pvt. Ltd,2026-04-17 14:58:34.737663,Himalayan Power Partner Ltd.
2026041704021676,HPPL,99,34,500,402.6,201300.0,2026-04-17,186941080,2767,Prabhu Stock Market Limited,Vision Securities Pvt. Ltd,2026-04-17 14:58:34.737690,Himalayan Power Partner Ltd.
2026041704021677,HPPL,34,34,1000,402.5,402500.0,2026-04-17,186941082,2767,Vision Securities Pvt. Ltd,Vision Securities Pvt. Ltd,2026-04-17 14:58:34.737716,Himalayan Power Partner Ltd.
2026041704021678,HPPL,49,34,100,402.1,40210.0,2026-04-17,186941084,2767,Online Securities Pvt. Ltd.,Vision Securities Pvt. Ltd,2026-04-17 14:58:34.737742,Himalayan Power Partner Ltd.
2026041704021679,HPPL,49,34,300,402.0,120600.0,2026-04-17,186941086,2767,Online Securities Pvt. Ltd.,Vision Securities Pvt. Ltd,2026-04-17 14:58:34.737780,Himalayan Power Partner Ltd.
2026041704021680,HPPL,42,34,400,402.0,160800.0,2026-04-17,186941088,2767,Sani Securities Company Ltd.,Vision Securities Pvt. Ltd,2026-04-17 14:58:34.737804,Himalayan Power Partner Ltd.
2026041704021681,HPPL,64,34,300,402.0,120600.0,2026-04-17,186941090,2767,SUN SECURITIES PVT LTD,Vision Securities Pvt. Ltd,2026-04-17 14:58:34.737824,Himalayan Power Partner Ltd.
2026041704021682,HPPL,52,34,480,401.5,192720.0,2026-04-17,186941091,2767,Sundhara Securities Limited,Vision Securities Pvt. Ltd,2026-04-17 14:58:34.737848,Himalayan Power Partner Ltd.
2026041704022053,HPPL,49,29,100,407.0,40700.0,2026-04-17,186943986,2767,Online Securities Pvt. Ltd.,Trisul Securities & Invt. Ltd.,2026-04-17 14:59:25.093324,Himalayan Power Partner Ltd.
2026041704022063,HPPL,29,34,100,402.0,40200.0,2026-04-17,186944110,2767,Trisul Securities & Invt. Ltd.,Vision Securities Pvt. Ltd,2026-04-17 14:59:27.327163,Himalayan Power Partner Ltd.
2026041704022064,HPPL,58,34,16,402.0,6432.0,2026-04-17,186944112,2767,Naasa Securities Co. Ltd.,Vision Securities Pvt. Ltd,2026-04-17 14:59:27.327235,Himalayan Power Partner Ltd.
2026041704022065,HPPL,52,34,320,401.5,128480.0,2026-04-17,186944114,2767,Sundhara Securities Limited,Vision Securities Pvt. Ltd,2026-04-17 14:59:27.327261,Himalayan Power Partner Ltd.
2026041704022066,HPPL,32,34,100,401.5,40150.0,2026-04-17,186944116,2767,Premier Securities Company Ltd.,Vision Securities Pvt. Ltd,2026-04-17 14:59:27.327286,Himalayan Power Partner Ltd.
2026041704022067,HPPL,52,34,500,401.2,200600.0,2026-04-17,186944118,2767,Sundhara Securities Limited,Vision Securities Pvt. Ltd,2026-04-17 14:59:27.327326,Himalayan Power Partner Ltd.
2026041704022068,HPPL,29,34,777,401.0,311577.0,2026-04-17,186944120,2767,Trisul Securities & Invt. Ltd.,Vision Securities Pvt. Ltd,2026-04-17 14:59:27.327352,Himalayan Power Partner Ltd.
2026041704022069,HPPL,49,34,700,401.0,280700.0,2026-04-17,186944122,2767,Online Securities Pvt. Ltd.,Vision Securities Pvt. Ltd,2026-04-17 14:59:27.327377,Himalayan Power Partner Ltd.
2026041704022070,HPPL,7,34,1100,401.0,441100.0,2026-04-17,186944124,2767,J.F. Securites (PVT) Ltd.,Vision Securities Pvt. Ltd,2026-04-17 14:59:27.327399,Himalayan Power Partner Ltd.
2026041704022071,HPPL,96,34,500,401.0,200500.0,2026-04-17,186944128,2767,Himalayan Securities Limited,Vision Securities Pvt. Ltd,2026-04-17 14:59:27.327421,Himalayan Power Partner Ltd.
2026041704022072,HPPL,45,34,30,400.9,12027.0,2026-04-17,186944132,2767,Imperial Securities Company Pvt. Ltd.,Vision Securities Pvt. Ltd,2026-04-17 14:59:27.327444,Himalayan Power Partner Ltd.
2026041704022073,HPPL,17,34,1000,400.9,400900.0,2026-04-17,186944134,2767,ABC Securities Private Limited,Vision Securities Pvt. Ltd,2026-04-17 14:59:27.327466,Himalayan Power Partner Ltd.
2026041704022074,HPPL,14,34,857,400.2,342971.4,2026-04-17,186944135,2767,Nepal Stock House (PVT) Ltd.,Vision Securities Pvt. Ltd,2026-04-17 14:59:27.327489,Himalayan Power Partner Ltd.
2026041704022152,HPPL,8,83,10,407.0,4070.0,2026-04-17,186944788,2767,Brilliant Securities Pvt. Ltd.,Sanima Securities Limited,2026-04-17 14:59:36.451247,Himalayan Power Partner Ltd.
2026041704022187,HPPL,25,83,10,407.0,4070.0,2026-04-17,186945014,2767,Sweta Securities Private Limited,Sanima Securities Limited,2026-04-17 14:59:38.117258,Himalayan Power Partner Ltd.
2026041704022278,HPPL,63,83,10,407.0,4070.0,2026-04-17,186945646,2767,Himalayan Brokerage Company Limited,Sanima Securities Limited,2026-04-17 14:59:43.802168,Himalayan Power Partner Ltd.
2026041704022319,HPPL,8,83,10,407.0,4070.0,2026-04-17,186945964,2767,Brilliant Securities Pvt. Ltd.,Sanima Securities Limited,2026-04-17 14:59:47.166306,Himalayan Power Partner Ltd.
2026041704022369,HPPL,4,53,50,406.0,20300.0,2026-04-17,186946364,2767,Opal Securities Investment (PVT) Ltd.,Investment Management Nepal Pvt. Ltd.,2026-04-17 14:59:52.837843,Himalayan Power Partner Ltd.
2026041704022589,HPPL,34,29,100,405.0,40500.0,2026-04-17,186947329,2767,Vision Securities Pvt. Ltd,Trisul Securities & Invt. Ltd.,2026-04-17 14:59:58.215651,Himalayan Power Partner Ltd.
2026041704022590,HPPL,34,53,50,406.0,20300.0,2026-04-17,186947336,2767,Vision Securities Pvt. Ltd,Investment Management Nepal Pvt. Ltd.,2026-04-17 14:59:58.215700,Himalayan Power Partner Ltd.
2026041704022591,HPPL,34,83,10,407.0,4070.0,2026-04-17,186947342,2767,Vision Securities Pvt. Ltd,Sanima Securities Limited,2026-04-17 14:59:58.215727,Himalayan Power Partner Ltd.
2026041704022592,HPPL,34,49,165,407.0,67155.0,2026-04-17,186947348,2767,Vision Securities Pvt. Ltd,Online Securities Pvt. Ltd.,2026-04-17 14:59:58.215751,Himalayan Power Partner Ltd.
2026041704022593,HPPL,34,58,100,407.0,40700.0,2026-04-17,186947354,2767,Vision Securities Pvt. Ltd,Naasa Securities Co. Ltd.,2026-04-17 14:59:58.215778,Himalayan Power Partner Ltd.
2026041704022594,HPPL,34,37,1100,407.5,448250.0,2026-04-17,186947360,2767,Vision Securities Pvt. Ltd,Swarna Laxmi Securities Pvt. Ltd.,2026-04-17 14:59:58.215807,Himalayan Power Partner Ltd.
2026041704022595,HPPL,34,49,1000,408.0,408000.0,2026-04-17,186947366,2767,Vision Securities Pvt. Ltd,Online Securities Pvt. Ltd.,2026-04-17 14:59:58.215837,Himalayan Power Partner Ltd.
2026041704022596,HPPL,34,4,150,408.0,61200.0,2026-04-17,186947372,2767,Vision Securities Pvt. Ltd,Opal Securities Investment (PVT) Ltd.,2026-04-17 14:59:58.215860,Himalayan Power Partner Ltd.
2026041704022597,HPPL,34,40,200,408.4,81680.0,2026-04-17,186947377,2767,Vision Securities Pvt. Ltd,Creative Securities Pvt Ltd,2026-04-17 14:59:58.215888,Himalayan Power Partner Ltd.
2026041704022598,HPPL,34,69,50,408.9,20445.0,2026-04-17,186947383,2767,Vision Securities Pvt. Ltd,INDEX SECURITIES LIMITED,2026-04-17 14:59:58.215913,Himalayan Power Partner Ltd.
2026041704022599,HPPL,34,57,90,409.0,36810.0,2026-04-17,186947389,2767,Vision Securities Pvt. Ltd,Aryatara Investment & Securities,2026-04-17 14:59:58.215940,Himalayan Power Partner Ltd.
2026041704022600,HPPL,34,45,200,409.0,81800.0,2026-04-17,186947396,2767,Vision Securities Pvt. Ltd,Imperial Securities Company Pvt. Ltd.,2026-04-17 14:59:58.215965,Himalayan Power Partner Ltd.
2026041704022601,HPPL,34,42,1000,409.0,409000.0,2026-04-17,186947404,2767,Vision Securities Pvt. Ltd,Sani Securities Company Ltd.,2026-04-17 14:59:58.215989,Himalayan Power Partner Ltd.
2026041704022602,HPPL,34,58,10,409.0,4090.0,2026-04-17,186947414,2767,Vision Securities Pvt. Ltd,Naasa Securities Co. Ltd.,2026-04-17 14:59:58.216012,Himalayan Power Partner Ltd.
2026041704022603,HPPL,34,59,1000,409.0,409000.0,2026-04-17,186947425,2767,Vision Securities Pvt. Ltd,Deevyaa Securities & Stock House Pvt. Ltd,2026-04-17 14:59:58.216035,Himalayan Power Partner Ltd.
2026041704022604,HPPL,34,77,420,409.0,171780.0,2026-04-17,186947431,2767,Vision Securities Pvt. Ltd,Nabil Stock Dealer Ltd.,2026-04-17 14:59:58.216059,Himalayan Power Partner Ltd.
2026041704022605,HPPL,34,58,10,409.5,4095.0,2026-04-17,186947438,2767,Vision Securities Pvt. Ltd,Naasa Securities Co. Ltd.,2026-04-17 14:59:58.216083,Himalayan Power Partner Ltd.
2026041704022606,HPPL,34,34,380,409.5,155610.0,2026-04-17,186947443,2767,Vision Securities Pvt. Ltd,Vision Securities Pvt. Ltd,2026-04-17 14:59:58.216108,Himalayan Power Partner Ltd.
2026041704022607,HPPL,34,58,60,409.8,24588.0,2026-04-17,186947456,2767,Vision Securities Pvt. Ltd,Naasa Securities Co. Ltd.,2026-04-17 14:59:58.216132,Himalayan Power Partner Ltd.
2026041704022608,HPPL,34,57,300,409.9,122970.0,2026-04-17,186947461,2767,Vision Securities Pvt. Ltd,Aryatara Investment & Securities,2026-04-17 14:59:58.216175,Himalayan Power Partner Ltd.
2026041704022609,HPPL,34,41,20,410.0,8200.0,2026-04-17,186947468,2767,Vision Securities Pvt. Ltd,Linch Stock Market Ltd.,2026-04-17 14:59:58.216214,Himalayan Power Partner Ltd.
2026041704022610,HPPL,34,39,200,410.0,82000.0,2026-04-17,186947473,2767,Vision Securities Pvt. Ltd,Sumeru Securities Pvt. Ltd.,2026-04-17 14:59:58.216240,Himalayan Power Partner Ltd.
2026041704022611,HPPL,34,4,475,410.0,194750.0,2026-04-17,186947480,2767,Vision Securities Pvt. Ltd,Opal Securities Investment (PVT) Ltd.,2026-04-17 14:59:58.216268,Himalayan Power Partner Ltd.
2026041704022612,HPPL,34,45,200,410.0,82000.0,2026-04-17,186947485,2767,Vision Securities Pvt. Ltd,Imperial Securities Company Pvt. Ltd.,2026-04-17 14:59:58.216300,Himalayan Power Partner Ltd.
2026041704022613,HPPL,34,64,705,410.0,289050.0,2026-04-17,186947492,2767,Vision Securities Pvt. Ltd,SUN SECURITIES PVT LTD,2026-04-17 14:59:58.216332,Himalayan Power Partner Ltd.
2026041704022614,HPPL,34,80,50,410.0,20500.0,2026-04-17,186947499,2767,Vision Securities Pvt. Ltd,Indira securities pvt. ltd,2026-04-17 14:59:58.216354,Himalayan Power Partner Ltd.
2026041704022615,HPPL,34,47,100,410.0,41000.0,2026-04-17,186947504,2767,Vision Securities Pvt. Ltd,Neev Securities Pvt. Ltd.,2026-04-17 14:59:58.216377,Himalayan Power Partner Ltd.
2026041704022616,HPPL,34,26,500,410.0,205000.0,2026-04-17,186947509,2767,Vision Securities Pvt. Ltd,Asian Securities Private Ltd.,2026-04-17 14:59:58.216402,Himalayan Power Partner Ltd.
2026041704022617,HPPL,34,26,1150,410.0,471500.0,2026-04-17,186947516,2767,Vision Securities Pvt. Ltd,Asian Securities Private Ltd.,2026-04-17 14:59:58.216425,Himalayan Power Partner Ltd.
2026041704022618,HPPL,34,34,205,410.0,84050.0,2026-04-17,186947526,2767,Vision Securities Pvt. Ltd,Vision Securities Pvt. Ltd,2026-04-17 14:59:58.216449,Himalayan Power Partner Ltd.
