contractId,stockSymbol,buyerMemberId,sellerMemberId,quantity,rate,amount,businessDate,tradeBookId,stockId,buyerBrokerName,sellerBrokerName,transaction_time,securityName
2026041701000130,KBL,57,44,222,229.0,50838.0,2026-04-17,186755311,142,Aryatara Investment & Securities,Dynamic Money Managers Securities Pvt. Ltd.,2026-04-17 11:00:52.786085,Kumari Bank Limited
2026041701000259,KBL,35,57,10,230.0,2300.0,2026-04-17,186755822,142,Kohinoor Investment & Securities Pvt. Ltd.,Aryatara Investment & Securities,2026-04-17 11:01:38.775323,Kumari Bank Limited
2026041701000292,KBL,58,57,10,230.0,2300.0,2026-04-17,186755918,142,Naasa Securities Co. Ltd.,Aryatara Investment & Securities,2026-04-17 11:01:46.037276,Kumari Bank Limited
2026041701000478,KBL,35,57,655,230.0,150650.0,2026-04-17,186756479,142,Kohinoor Investment & Securities Pvt. Ltd.,Aryatara Investment & Securities,2026-04-17 11:02:24.232826,Kumari Bank Limited
2026041701000479,KBL,35,6,10,230.0,2300.0,2026-04-17,186756481,142,Kohinoor Investment & Securities Pvt. Ltd.,Agrawal Securities (PVT) Ltd.,2026-04-17 11:02:24.232913,Kumari Bank Limited
2026041701000480,KBL,35,87,4335,230.0,997050.0,2026-04-17,186756484,142,Kohinoor Investment & Securities Pvt. Ltd.,S.P.S.A. Securities Limited,2026-04-17 11:02:24.232956,Kumari Bank Limited
2026041701001026,KBL,22,58,50,228.3,11415.0,2026-04-17,186758221,142,Siprabi Securities Pvt. Ltd.,Naasa Securities Co. Ltd.,2026-04-17 11:04:37.512301,Kumari Bank Limited
2026041701001042,KBL,35,87,10,230.0,2300.0,2026-04-17,186758262,142,Kohinoor Investment & Securities Pvt. Ltd.,S.P.S.A. Securities Limited,2026-04-17 11:04:40.950975,Kumari Bank Limited
2026041701001293,KBL,66,29,46,229.0,10534.0,2026-04-17,186759109,142,Miyo Securities Pvt Ltd,Trisul Securities & Invt. Ltd.,2026-04-17 11:06:04.242966,Kumari Bank Limited
2026041701001294,KBL,66,87,1505,230.0,346150.0,2026-04-17,186759111,142,Miyo Securities Pvt Ltd,S.P.S.A. Securities Limited,2026-04-17 11:06:04.243091,Kumari Bank Limited
2026041701001295,KBL,66,45,2800,230.0,644000.0,2026-04-17,186759113,142,Miyo Securities Pvt Ltd,Imperial Securities Company Pvt. Ltd.,2026-04-17 11:06:04.243139,Kumari Bank Limited
2026041701001296,KBL,66,44,100,230.0,23000.0,2026-04-17,186759115,142,Miyo Securities Pvt Ltd,Dynamic Money Managers Securities Pvt. Ltd.,2026-04-17 11:06:04.243183,Kumari Bank Limited
2026041701001396,KBL,35,45,10,231.0,2310.0,2026-04-17,186759582,142,Kohinoor Investment & Securities Pvt. Ltd.,Imperial Securities Company Pvt. Ltd.,2026-04-17 11:06:37.770411,Kumari Bank Limited
2026041701001406,KBL,66,34,549,230.0,126270.0,2026-04-17,186759605,142,Miyo Securities Pvt Ltd,Vision Securities Pvt. Ltd,2026-04-17 11:06:40.967775,Kumari Bank Limited
2026041701001486,KBL,94,35,869,230.0,199870.0,2026-04-17,186759831,142,K.B.L. Securities Limited ,Kohinoor Investment & Securities Pvt. Ltd.,2026-04-17 11:07:01.290638,Kumari Bank Limited
2026041701001512,KBL,52,58,56,230.0,12880.0,2026-04-17,186759925,142,Sundhara Securities Limited,Naasa Securities Co. Ltd.,2026-04-17 11:07:13.006535,Kumari Bank Limited
2026041701001552,KBL,52,11,44,230.0,10120.0,2026-04-17,186760062,142,Sundhara Securities Limited,Malla & Malla Stock Broking Company Pvt. Limited,2026-04-17 11:07:22.093631,Kumari Bank Limited
2026041701001574,KBL,48,58,20,229.0,4580.0,2026-04-17,186760151,142,Trishakti Securities Public Limited,Naasa Securities Co. Ltd.,2026-04-17 11:07:30.755976,Kumari Bank Limited
2026041701001588,KBL,94,11,456,230.0,104880.0,2026-04-17,186760197,142,K.B.L. Securities Limited ,Malla & Malla Stock Broking Company Pvt. Limited,2026-04-17 11:07:35.324865,Kumari Bank Limited
2026041701001703,KBL,82,45,1000,231.0,231000.0,2026-04-17,186760570,142,N.M.B. SECURITIES LIMITED,Imperial Securities Company Pvt. Ltd.,2026-04-17 11:08:00.174256,Kumari Bank Limited
2026041701001832,KBL,82,45,1000,231.0,231000.0,2026-04-17,186761000,142,N.M.B. SECURITIES LIMITED,Imperial Securities Company Pvt. Ltd.,2026-04-17 11:08:34.075307,Kumari Bank Limited
2026041701001962,KBL,94,54,20,230.0,4600.0,2026-04-17,186761465,142,K.B.L. Securities Limited ,Sewa Securities Pvt. Ltd.,2026-04-17 11:09:11.514355,Kumari Bank Limited
2026041701002019,KBL,35,45,10,231.0,2310.0,2026-04-17,186761670,142,Kohinoor Investment & Securities Pvt. Ltd.,Imperial Securities Company Pvt. Ltd.,2026-04-17 11:09:29.139208,Kumari Bank Limited
2026041701002177,KBL,94,72,1524,230.0,350520.0,2026-04-17,186762220,142,K.B.L. Securities Limited ,Hatemalo Financial Services Private Limited,2026-04-17 11:10:12.835492,Kumari Bank Limited
2026041701002178,KBL,22,72,385,230.0,88550.0,2026-04-17,186762222,142,Siprabi Securities Pvt. Ltd.,Hatemalo Financial Services Private Limited,2026-04-17 11:10:12.835620,Kumari Bank Limited
2026041701002179,KBL,64,72,91,230.0,20930.0,2026-04-17,186762223,142,SUN SECURITIES PVT LTD,Hatemalo Financial Services Private Limited,2026-04-17 11:10:12.835675,Kumari Bank Limited
2026041701002188,KBL,64,14,409,230.0,94070.0,2026-04-17,186762264,142,SUN SECURITIES PVT LTD,Nepal Stock House (PVT) Ltd.,2026-04-17 11:10:15.731881,Kumari Bank Limited
2026041701002189,KBL,58,14,10,230.0,2300.0,2026-04-17,186762266,142,Naasa Securities Co. Ltd.,Nepal Stock House (PVT) Ltd.,2026-04-17 11:10:15.731979,Kumari Bank Limited
2026041701002190,KBL,48,14,50,229.0,11450.0,2026-04-17,186762268,142,Trishakti Securities Public Limited,Nepal Stock House (PVT) Ltd.,2026-04-17 11:10:15.732074,Kumari Bank Limited
2026041701002191,KBL,94,14,431,229.0,98699.0,2026-04-17,186762269,142,K.B.L. Securities Limited ,Nepal Stock House (PVT) Ltd.,2026-04-17 11:10:15.732148,Kumari Bank Limited
2026041701002299,KBL,94,49,960,229.0,219840.0,2026-04-17,186762641,142,K.B.L. Securities Limited ,Online Securities Pvt. Ltd.,2026-04-17 11:10:48.120991,Kumari Bank Limited
2026041701002341,KBL,32,72,500,229.1,114550.0,2026-04-17,186762772,142,Premier Securities Company Ltd.,Hatemalo Financial Services Private Limited,2026-04-17 11:10:56.669883,Kumari Bank Limited
2026041701002342,KBL,94,72,740,229.0,169460.0,2026-04-17,186762774,142,K.B.L. Securities Limited ,Hatemalo Financial Services Private Limited,2026-04-17 11:10:56.670008,Kumari Bank Limited
2026041701002343,KBL,57,72,200,228.7,45740.0,2026-04-17,186762776,142,Aryatara Investment & Securities,Hatemalo Financial Services Private Limited,2026-04-17 11:10:56.670078,Kumari Bank Limited
2026041701002344,KBL,32,72,260,228.6,59436.0,2026-04-17,186762777,142,Premier Securities Company Ltd.,Hatemalo Financial Services Private Limited,2026-04-17 11:10:56.670135,Kumari Bank Limited
2026041701002424,KBL,32,72,500,228.7,114350.0,2026-04-17,186763096,142,Premier Securities Company Ltd.,Hatemalo Financial Services Private Limited,2026-04-17 11:11:20.195483,Kumari Bank Limited
2026041701002425,KBL,32,72,640,228.6,146304.0,2026-04-17,186763098,142,Premier Securities Company Ltd.,Hatemalo Financial Services Private Limited,2026-04-17 11:11:20.195727,Kumari Bank Limited
2026041701002426,KBL,53,72,200,228.6,45720.0,2026-04-17,186763100,142,Investment Management Nepal Pvt. Ltd.,Hatemalo Financial Services Private Limited,2026-04-17 11:11:20.195908,Kumari Bank Limited
2026041701002427,KBL,32,72,600,228.5,137100.0,2026-04-17,186763102,142,Premier Securities Company Ltd.,Hatemalo Financial Services Private Limited,2026-04-17 11:11:20.196115,Kumari Bank Limited
2026041701002428,KBL,11,72,10,228.5,2285.0,2026-04-17,186763104,142,Malla & Malla Stock Broking Company Pvt. Limited,Hatemalo Financial Services Private Limited,2026-04-17 11:11:20.196283,Kumari Bank Limited
2026041701002429,KBL,94,72,50,228.2,11410.0,2026-04-17,186763105,142,K.B.L. Securities Limited ,Hatemalo Financial Services Private Limited,2026-04-17 11:11:20.196446,Kumari Bank Limited
2026041701002504,KBL,35,45,10,231.0,2310.0,2026-04-17,186763338,142,Kohinoor Investment & Securities Pvt. Ltd.,Imperial Securities Company Pvt. Ltd.,2026-04-17 11:11:37.150165,Kumari Bank Limited
2026041701002515,KBL,77,45,10,231.0,2310.0,2026-04-17,186763368,142,Nabil Stock Dealer Ltd.,Imperial Securities Company Pvt. Ltd.,2026-04-17 11:11:38.800581,Kumari Bank Limited
2026041701002532,KBL,94,72,100,228.8,22880.0,2026-04-17,186763419,142,K.B.L. Securities Limited ,Hatemalo Financial Services Private Limited,2026-04-17 11:11:45.342914,Kumari Bank Limited
2026041701002855,KBL,57,1,300,229.2,68760.0,2026-04-17,186764535,142,Aryatara Investment & Securities,Kumari Securities Private Limited,2026-04-17 11:13:28.764436,Kumari Bank Limited
2026041701002937,KBL,52,49,145,230.0,33350.0,2026-04-17,186764849,142,Sundhara Securities Limited,Online Securities Pvt. Ltd.,2026-04-17 11:13:56.259966,Kumari Bank Limited
2026041701003201,KBL,52,49,10,230.0,2300.0,2026-04-17,186765845,142,Sundhara Securities Limited,Online Securities Pvt. Ltd.,2026-04-17 11:15:14.184525,Kumari Bank Limited
2026041701003231,KBL,36,45,20,231.0,4620.0,2026-04-17,186765966,142,Secured Securities Ltd.,Imperial Securities Company Pvt. Ltd.,2026-04-17 11:15:22.574807,Kumari Bank Limited
2026041701003258,KBL,52,44,345,230.0,79350.0,2026-04-17,186766052,142,Sundhara Securities Limited,Dynamic Money Managers Securities Pvt. Ltd.,2026-04-17 11:15:28.102578,Kumari Bank Limited
2026041701003271,KBL,58,45,15,231.0,3465.0,2026-04-17,186766148,142,Naasa Securities Co. Ltd.,Imperial Securities Company Pvt. Ltd.,2026-04-17 11:15:37.788002,Kumari Bank Limited
2026041701003315,KBL,58,72,46,230.0,10580.0,2026-04-17,186766296,142,Naasa Securities Co. Ltd.,Hatemalo Financial Services Private Limited,2026-04-17 11:15:48.993523,Kumari Bank Limited
2026041701003316,KBL,48,72,127,230.0,29210.0,2026-04-17,186766298,142,Trishakti Securities Public Limited,Hatemalo Financial Services Private Limited,2026-04-17 11:15:48.993849,Kumari Bank Limited
2026041701003317,KBL,53,72,27,230.0,6210.0,2026-04-17,186766299,142,Investment Management Nepal Pvt. Ltd.,Hatemalo Financial Services Private Limited,2026-04-17 11:15:48.994069,Kumari Bank Limited
2026041701003355,KBL,35,45,10,231.0,2310.0,2026-04-17,186766488,142,Kohinoor Investment & Securities Pvt. Ltd.,Imperial Securities Company Pvt. Ltd.,2026-04-17 11:16:04.316815,Kumari Bank Limited
2026041701003369,KBL,53,56,500,230.0,115000.0,2026-04-17,186766531,142,Investment Management Nepal Pvt. Ltd.,Sri Hari Securities Pvt. Ltd.,2026-04-17 11:16:06.813467,Kumari Bank Limited
2026041701003478,KBL,53,1,343,230.0,78890.0,2026-04-17,186767158,142,Investment Management Nepal Pvt. Ltd.,Kumari Securities Private Limited,2026-04-17 11:16:42.683229,Kumari Bank Limited
2026041701003479,KBL,58,1,20,230.0,4600.0,2026-04-17,186767160,142,Naasa Securities Co. Ltd.,Kumari Securities Private Limited,2026-04-17 11:16:42.683564,Kumari Bank Limited
2026041701003480,KBL,58,1,37,230.0,8510.0,2026-04-17,186767161,142,Naasa Securities Co. Ltd.,Kumari Securities Private Limited,2026-04-17 11:16:42.683770,Kumari Bank Limited
2026041701003513,KBL,58,19,100,230.0,23000.0,2026-04-17,186767303,142,Naasa Securities Co. Ltd.,Nepal Investment And Securities Trading Private Limited,2026-04-17 11:16:51.785072,Kumari Bank Limited
2026041701003643,KBL,58,35,2000,230.5,461000.0,2026-04-17,186767814,142,Naasa Securities Co. Ltd.,Kohinoor Investment & Securities Pvt. Ltd.,2026-04-17 11:17:22.218910,Kumari Bank Limited
2026041701003763,KBL,58,49,213,230.0,48990.0,2026-04-17,186768274,142,Naasa Securities Co. Ltd.,Online Securities Pvt. Ltd.,2026-04-17 11:17:49.178675,Kumari Bank Limited
2026041701003764,KBL,58,49,10,230.0,2300.0,2026-04-17,186768276,142,Naasa Securities Co. Ltd.,Online Securities Pvt. Ltd.,2026-04-17 11:17:49.178971,Kumari Bank Limited
2026041701003765,KBL,14,49,197,230.0,45310.0,2026-04-17,186768277,142,Nepal Stock House (PVT) Ltd.,Online Securities Pvt. Ltd.,2026-04-17 11:17:49.179201,Kumari Bank Limited
2026041701004326,KBL,48,58,10,229.5,2295.0,2026-04-17,186770484,142,Trishakti Securities Public Limited,Naasa Securities Co. Ltd.,2026-04-17 11:19:37.283615,Kumari Bank Limited
2026041701004654,KBL,94,58,190,229.5,43605.0,2026-04-17,186771791,142,K.B.L. Securities Limited ,Naasa Securities Co. Ltd.,2026-04-17 11:21:01.612906,Kumari Bank Limited
2026041701004677,KBL,94,25,810,229.6,185976.0,2026-04-17,186771878,142,K.B.L. Securities Limited ,Sweta Securities Private Limited,2026-04-17 11:21:08.583840,Kumari Bank Limited
2026041701004879,KBL,34,14,42,229.5,9639.0,2026-04-17,186772646,142,Vision Securities Pvt. Ltd,Nepal Stock House (PVT) Ltd.,2026-04-17 11:22:08.078472,Kumari Bank Limited
2026041701005061,KBL,64,51,20,229.5,4590.0,2026-04-17,186773290,142,SUN SECURITIES PVT LTD,Oxford Securities Pvt. Ltd.,2026-04-17 11:22:46.232338,Kumari Bank Limited
2026041701005346,KBL,94,50,850,229.4,194990.0,2026-04-17,186774382,142,K.B.L. Securities Limited ,Cristal Kanchanjanga Securites Pvt. Ltd.,2026-04-17 11:23:50.459408,Kumari Bank Limited
2026041701005347,KBL,32,50,500,229.3,114650.0,2026-04-17,186774384,142,Premier Securities Company Ltd.,Cristal Kanchanjanga Securites Pvt. Ltd.,2026-04-17 11:23:50.459763,Kumari Bank Limited
2026041701005348,KBL,52,50,200,229.3,45860.0,2026-04-17,186774386,142,Sundhara Securities Limited,Cristal Kanchanjanga Securites Pvt. Ltd.,2026-04-17 11:23:50.460043,Kumari Bank Limited
2026041701005349,KBL,57,50,450,229.2,103140.0,2026-04-17,186774387,142,Aryatara Investment & Securities,Cristal Kanchanjanga Securites Pvt. Ltd.,2026-04-17 11:23:50.460302,Kumari Bank Limited
2026041701005526,KBL,57,58,134,229.2,30712.8,2026-04-17,186775207,142,Aryatara Investment & Securities,Naasa Securities Co. Ltd.,2026-04-17 11:24:34.738395,Kumari Bank Limited
2026041701005539,KBL,57,62,116,229.2,26587.2,2026-04-17,186775278,142,Aryatara Investment & Securities,Capital Max Securities Ltd,2026-04-17 11:24:39.805812,Kumari Bank Limited
2026041701005540,KBL,94,62,1000,229.2,229200.0,2026-04-17,186775280,142,K.B.L. Securities Limited ,Capital Max Securities Ltd,2026-04-17 11:24:39.806006,Kumari Bank Limited
2026041701005541,KBL,29,62,884,229.1,202524.4,2026-04-17,186775281,142,Trisul Securities & Invt. Ltd.,Capital Max Securities Ltd,2026-04-17 11:24:39.806111,Kumari Bank Limited
2026041701005603,KBL,29,1,1116,229.1,255675.6,2026-04-17,186775558,142,Trisul Securities & Invt. Ltd.,Kumari Securities Private Limited,2026-04-17 11:24:54.297882,Kumari Bank Limited
2026041701005652,KBL,58,50,12,229.0,2748.0,2026-04-17,186775702,142,Naasa Securities Co. Ltd.,Cristal Kanchanjanga Securites Pvt. Ltd.,2026-04-17 11:25:04.289787,Kumari Bank Limited
2026041701005653,KBL,5,50,188,229.0,43052.0,2026-04-17,186775703,142,Market Securities & Exchange (PVT) Ltd.,Cristal Kanchanjanga Securites Pvt. Ltd.,2026-04-17 11:25:04.289977,Kumari Bank Limited
2026041701005760,KBL,5,41,12,229.0,2748.0,2026-04-17,186776198,142,Market Securities & Exchange (PVT) Ltd.,Linch Stock Market Ltd.,2026-04-17 11:25:33.378178,Kumari Bank Limited
2026041701005761,KBL,69,41,20,229.0,4580.0,2026-04-17,186776201,142,INDEX SECURITIES LIMITED,Linch Stock Market Ltd.,2026-04-17 11:25:33.378636,Kumari Bank Limited
2026041701005762,KBL,58,41,168,229.0,38472.0,2026-04-17,186776203,142,Naasa Securities Co. Ltd.,Linch Stock Market Ltd.,2026-04-17 11:25:33.379073,Kumari Bank Limited
2026041701005767,KBL,43,1,384,229.1,87974.4,2026-04-17,186776223,142,South Asian Bulls Pvt. Ltd.,Kumari Securities Private Limited,2026-04-17 11:25:34.461511,Kumari Bank Limited
2026041701005768,KBL,43,56,116,229.1,26575.6,2026-04-17,186776226,142,South Asian Bulls Pvt. Ltd.,Sri Hari Securities Pvt. Ltd.,2026-04-17 11:25:34.461873,Kumari Bank Limited
2026041701005890,KBL,58,58,32,229.0,7328.0,2026-04-17,186776614,142,Naasa Securities Co. Ltd.,Naasa Securities Co. Ltd.,2026-04-17 11:25:57.941873,Kumari Bank Limited
2026041701005891,KBL,32,58,500,228.9,114450.0,2026-04-17,186776616,142,Premier Securities Company Ltd.,Naasa Securities Co. Ltd.,2026-04-17 11:25:57.941913,Kumari Bank Limited
2026041701005892,KBL,25,58,102,228.7,23327.4,2026-04-17,186776617,142,Sweta Securities Private Limited,Naasa Securities Co. Ltd.,2026-04-17 11:25:57.941942,Kumari Bank Limited
2026041701006135,KBL,38,45,116,229.0,26564.0,2026-04-17,186777543,142,Dipshikha Dhitopatra Karobar Co. Pvt Ltd.,Imperial Securities Company Pvt. Ltd.,2026-04-17 11:26:58.343609,Kumari Bank Limited
2026041701006187,KBL,38,49,100,229.0,22900.0,2026-04-17,186777741,142,Dipshikha Dhitopatra Karobar Co. Pvt Ltd.,Online Securities Pvt. Ltd.,2026-04-17 11:27:14.600387,Kumari Bank Limited
2026041701006351,KBL,7,56,884,229.1,202524.4,2026-04-17,186778303,142,J.F. Securites (PVT) Ltd.,Sri Hari Securities Pvt. Ltd.,2026-04-17 11:27:57.049722,Kumari Bank Limited
2026041701006506,KBL,7,49,213,229.1,48798.3,2026-04-17,186778783,142,J.F. Securites (PVT) Ltd.,Online Securities Pvt. Ltd.,2026-04-17 11:28:24.691674,Kumari Bank Limited
2026041701006601,KBL,7,49,10,229.1,2291.0,2026-04-17,186779101,142,J.F. Securites (PVT) Ltd.,Online Securities Pvt. Ltd.,2026-04-17 11:28:48.421574,Kumari Bank Limited
2026041701006771,KBL,7,17,580,229.1,132878.0,2026-04-17,186779805,142,J.F. Securites (PVT) Ltd.,ABC Securities Private Limited,2026-04-17 11:29:36.858786,Kumari Bank Limited
2026041701006812,KBL,7,45,50,229.1,11455.0,2026-04-17,186779947,142,J.F. Securites (PVT) Ltd.,Imperial Securities Company Pvt. Ltd.,2026-04-17 11:29:50.219596,Kumari Bank Limited
2026041701007035,KBL,58,42,450,229.2,103140.0,2026-04-17,186780750,142,Naasa Securities Co. Ltd.,Sani Securities Company Ltd.,2026-04-17 11:30:38.534013,Kumari Bank Limited
2026041701007096,KBL,7,58,100,229.1,22910.0,2026-04-17,186780941,142,J.F. Securites (PVT) Ltd.,Naasa Securities Co. Ltd.,2026-04-17 11:30:54.815883,Kumari Bank Limited
2026041701007199,KBL,25,42,50,229.2,11460.0,2026-04-17,186781229,142,Sweta Securities Private Limited,Sani Securities Company Ltd.,2026-04-17 11:31:07.201630,Kumari Bank Limited
2026041701007231,KBL,25,57,40,229.2,9168.0,2026-04-17,186781378,142,Sweta Securities Private Limited,Aryatara Investment & Securities,2026-04-17 11:31:14.946538,Kumari Bank Limited
2026041701007232,KBL,7,57,163,229.1,37343.3,2026-04-17,186781380,142,J.F. Securites (PVT) Ltd.,Aryatara Investment & Securities,2026-04-17 11:31:14.946991,Kumari Bank Limited
2026041701007233,KBL,38,57,284,229.0,65036.0,2026-04-17,186781382,142,Dipshikha Dhitopatra Karobar Co. Pvt Ltd.,Aryatara Investment & Securities,2026-04-17 11:31:14.947471,Kumari Bank Limited
2026041701007385,KBL,25,57,50,228.7,11435.0,2026-04-17,186781875,142,Sweta Securities Private Limited,Aryatara Investment & Securities,2026-04-17 11:31:43.049634,Kumari Bank Limited
2026041701007415,KBL,25,6,100,228.7,22870.0,2026-04-17,186781955,142,Sweta Securities Private Limited,Agrawal Securities (PVT) Ltd.,2026-04-17 11:31:49.942876,Kumari Bank Limited
2026041701007471,KBL,6,57,10,229.0,2290.0,2026-04-17,186782130,142,Agrawal Securities (PVT) Ltd.,Aryatara Investment & Securities,2026-04-17 11:32:03.403191,Kumari Bank Limited
2026041701007481,KBL,25,58,10,228.7,2287.0,2026-04-17,186782215,142,Sweta Securities Private Limited,Naasa Securities Co. Ltd.,2026-04-17 11:32:07.671087,Kumari Bank Limited
2026041701007761,KBL,38,57,20,229.0,4580.0,2026-04-17,186783232,142,Dipshikha Dhitopatra Karobar Co. Pvt Ltd.,Aryatara Investment & Securities,2026-04-17 11:33:17.380101,Kumari Bank Limited
2026041701008297,KBL,25,58,38,228.7,8690.6,2026-04-17,186784940,142,Sweta Securities Private Limited,Naasa Securities Co. Ltd.,2026-04-17 11:35:04.013774,Kumari Bank Limited
2026041701008371,KBL,58,56,20,228.5,4570.0,2026-04-17,186785210,142,Naasa Securities Co. Ltd.,Sri Hari Securities Pvt. Ltd.,2026-04-17 11:35:21.688374,Kumari Bank Limited
2026041701008372,KBL,42,56,10,228.5,2285.0,2026-04-17,186785212,142,Sani Securities Company Ltd.,Sri Hari Securities Pvt. Ltd.,2026-04-17 11:35:21.688785,Kumari Bank Limited
2026041701008373,KBL,94,56,970,228.3,221451.0,2026-04-17,186785213,142,K.B.L. Securities Limited ,Sri Hari Securities Pvt. Ltd.,2026-04-17 11:35:21.689070,Kumari Bank Limited
2026041701008438,KBL,34,58,22,228.7,5031.4,2026-04-17,186785408,142,Vision Securities Pvt. Ltd,Naasa Securities Co. Ltd.,2026-04-17 11:35:38.318382,Kumari Bank Limited
2026041701008639,KBL,94,56,1000,228.3,228300.0,2026-04-17,186786185,142,K.B.L. Securities Limited ,Sri Hari Securities Pvt. Ltd.,2026-04-17 11:36:30.511243,Kumari Bank Limited
2026041701008731,KBL,94,56,30,228.3,6849.0,2026-04-17,186786672,142,K.B.L. Securities Limited ,Sri Hari Securities Pvt. Ltd.,2026-04-17 11:37:11.867861,Kumari Bank Limited
2026041701008732,KBL,77,56,100,228.3,22830.0,2026-04-17,186786674,142,Nabil Stock Dealer Ltd.,Sri Hari Securities Pvt. Ltd.,2026-04-17 11:37:11.868391,Kumari Bank Limited
2026041701008741,KBL,57,56,370,228.3,84471.0,2026-04-17,186786705,142,Aryatara Investment & Securities,Sri Hari Securities Pvt. Ltd.,2026-04-17 11:37:15.693537,Kumari Bank Limited
2026041701008742,KBL,57,1,200,228.5,45700.0,2026-04-17,186786707,142,Aryatara Investment & Securities,Kumari Securities Private Limited,2026-04-17 11:37:15.694088,Kumari Bank Limited
2026041701008846,KBL,57,58,75,228.5,17137.5,2026-04-17,186787085,142,Aryatara Investment & Securities,Naasa Securities Co. Ltd.,2026-04-17 11:37:42.808411,Kumari Bank Limited
2026041701008938,KBL,43,33,100,228.7,22870.0,2026-04-17,186787442,142,South Asian Bulls Pvt. Ltd.,Dakshinkali Investment & Securities Pvt. Ltd.,2026-04-17 11:38:10.945146,Kumari Bank Limited
2026041701008985,KBL,57,57,355,228.5,81117.5,2026-04-17,186787570,142,Aryatara Investment & Securities,Aryatara Investment & Securities,2026-04-17 11:38:22.539710,Kumari Bank Limited
2026041701009120,KBL,96,57,110,228.2,25102.0,2026-04-17,186788080,142,Himalayan Securities Limited,Aryatara Investment & Securities,2026-04-17 11:39:00.919504,Kumari Bank Limited
2026041701009171,KBL,43,57,18,228.2,4107.6,2026-04-17,186788227,142,South Asian Bulls Pvt. Ltd.,Aryatara Investment & Securities,2026-04-17 11:39:10.617923,Kumari Bank Limited
2026041701009225,KBL,43,58,82,228.2,18712.4,2026-04-17,186788396,142,South Asian Bulls Pvt. Ltd.,Naasa Securities Co. Ltd.,2026-04-17 11:39:25.194796,Kumari Bank Limited
2026041701009226,KBL,5,58,1000,228.1,228100.0,2026-04-17,186788398,142,Market Securities & Exchange (PVT) Ltd.,Naasa Securities Co. Ltd.,2026-04-17 11:39:25.195286,Kumari Bank Limited
2026041701009227,KBL,57,58,200,228.1,45620.0,2026-04-17,186788400,142,Aryatara Investment & Securities,Naasa Securities Co. Ltd.,2026-04-17 11:39:25.195584,Kumari Bank Limited
2026041701009228,KBL,41,58,100,228.1,22810.0,2026-04-17,186788402,142,Linch Stock Market Ltd.,Naasa Securities Co. Ltd.,2026-04-17 11:39:25.195894,Kumari Bank Limited
2026041701009229,KBL,34,58,500,228.1,114050.0,2026-04-17,186788404,142,Vision Securities Pvt. Ltd,Naasa Securities Co. Ltd.,2026-04-17 11:39:25.196205,Kumari Bank Limited
2026041701009230,KBL,57,58,118,228.0,26904.0,2026-04-17,186788405,142,Aryatara Investment & Securities,Naasa Securities Co. Ltd.,2026-04-17 11:39:25.196491,Kumari Bank Limited
2026041701009287,KBL,62,74,100,228.2,22820.0,2026-04-17,186788610,142,Capital Max Securities Ltd,KALASH STOCK MARKET PVT. LTD.,2026-04-17 11:39:41.319985,Kumari Bank Limited
2026041701009289,KBL,42,58,1303,228.1,297214.3,2026-04-17,186788614,142,Sani Securities Company Ltd.,Naasa Securities Co. Ltd.,2026-04-17 11:39:41.634019,Kumari Bank Limited
2026041701009290,KBL,57,58,251,228.0,57228.0,2026-04-17,186788616,142,Aryatara Investment & Securities,Naasa Securities Co. Ltd.,2026-04-17 11:39:41.634253,Kumari Bank Limited
2026041701009291,KBL,58,58,56,228.0,12768.0,2026-04-17,186788618,142,Naasa Securities Co. Ltd.,Naasa Securities Co. Ltd.,2026-04-17 11:39:41.634362,Kumari Bank Limited
2026041701009292,KBL,14,58,144,228.0,32832.0,2026-04-17,186788619,142,Nepal Stock House (PVT) Ltd.,Naasa Securities Co. Ltd.,2026-04-17 11:39:41.634456,Kumari Bank Limited
2026041701009320,KBL,14,41,56,228.0,12768.0,2026-04-17,186788714,142,Nepal Stock House (PVT) Ltd.,Linch Stock Market Ltd.,2026-04-17 11:39:48.751645,Kumari Bank Limited
2026041701009321,KBL,41,41,230,228.0,52440.0,2026-04-17,186788716,142,Linch Stock Market Ltd.,Linch Stock Market Ltd.,2026-04-17 11:39:48.751860,Kumari Bank Limited
2026041701009322,KBL,34,41,714,228.0,162792.0,2026-04-17,186788717,142,Vision Securities Pvt. Ltd,Linch Stock Market Ltd.,2026-04-17 11:39:48.751958,Kumari Bank Limited
2026041701009363,KBL,34,35,10,228.0,2280.0,2026-04-17,186788839,142,Vision Securities Pvt. Ltd,Kohinoor Investment & Securities Pvt. Ltd.,2026-04-17 11:39:56.587580,Kumari Bank Limited
2026041701009406,KBL,34,74,100,228.0,22800.0,2026-04-17,186788953,142,Vision Securities Pvt. Ltd,KALASH STOCK MARKET PVT. LTD.,2026-04-17 11:40:02.331332,Kumari Bank Limited
2026041701009407,KBL,34,6,176,228.0,40128.0,2026-04-17,186788956,142,Vision Securities Pvt. Ltd,Agrawal Securities (PVT) Ltd.,2026-04-17 11:40:02.552750,Kumari Bank Limited
2026041701009408,KBL,8,6,200,228.0,45600.0,2026-04-17,186788958,142,Brilliant Securities Pvt. Ltd.,Agrawal Securities (PVT) Ltd.,2026-04-17 11:40:02.553165,Kumari Bank Limited
2026041701009409,KBL,16,6,500,228.0,114000.0,2026-04-17,186788960,142,Primo Securities (PVT) Ltd.,Agrawal Securities (PVT) Ltd.,2026-04-17 11:40:02.553420,Kumari Bank Limited
2026041701009410,KBL,35,6,15,228.0,3420.0,2026-04-17,186788962,142,Kohinoor Investment & Securities Pvt. Ltd.,Agrawal Securities (PVT) Ltd.,2026-04-17 11:40:02.553681,Kumari Bank Limited
2026041701009411,KBL,35,6,50,228.0,11400.0,2026-04-17,186788964,142,Kohinoor Investment & Securities Pvt. Ltd.,Agrawal Securities (PVT) Ltd.,2026-04-17 11:40:02.553957,Kumari Bank Limited
2026041701009412,KBL,41,6,2000,228.0,456000.0,2026-04-17,186788966,142,Linch Stock Market Ltd.,Agrawal Securities (PVT) Ltd.,2026-04-17 11:40:02.554237,Kumari Bank Limited
2026041701009413,KBL,47,6,200,228.0,45600.0,2026-04-17,186788968,142,Neev Securities Pvt. Ltd.,Agrawal Securities (PVT) Ltd.,2026-04-17 11:40:02.554523,Kumari Bank Limited
2026041701009414,KBL,58,6,20,228.0,4560.0,2026-04-17,186788970,142,Naasa Securities Co. Ltd.,Agrawal Securities (PVT) Ltd.,2026-04-17 11:40:02.554788,Kumari Bank Limited
2026041701009415,KBL,48,6,15,228.0,3420.0,2026-04-17,186788972,142,Trishakti Securities Public Limited,Agrawal Securities (PVT) Ltd.,2026-04-17 11:40:02.555060,Kumari Bank Limited
2026041701009416,KBL,59,6,100,228.0,22800.0,2026-04-17,186788974,142,Deevyaa Securities & Stock House Pvt. Ltd,Agrawal Securities (PVT) Ltd.,2026-04-17 11:40:02.555342,Kumari Bank Limited
2026041701009437,KBL,43,6,100,228.0,22800.0,2026-04-17,186789044,142,South Asian Bulls Pvt. Ltd.,Agrawal Securities (PVT) Ltd.,2026-04-17 11:40:08.237663,Kumari Bank Limited
2026041701009550,KBL,7,6,1624,227.6,369622.4,2026-04-17,186789341,142,J.F. Securites (PVT) Ltd.,Agrawal Securities (PVT) Ltd.,2026-04-17 11:40:24.421641,Kumari Bank Limited
2026041701009797,KBL,36,45,200,228.0,45600.0,2026-04-17,186790285,142,Secured Securities Ltd.,Imperial Securities Company Pvt. Ltd.,2026-04-17 11:41:35.977639,Kumari Bank Limited
2026041701009798,KBL,36,74,100,228.2,22820.0,2026-04-17,186790287,142,Secured Securities Ltd.,KALASH STOCK MARKET PVT. LTD.,2026-04-17 11:41:35.978082,Kumari Bank Limited
2026041701009799,KBL,36,28,300,228.9,68670.0,2026-04-17,186790289,142,Secured Securities Ltd.,Shree Krishna Securities Ltd.,2026-04-17 11:41:35.978399,Kumari Bank Limited
2026041701009800,KBL,36,6,2000,228.9,457800.0,2026-04-17,186790291,142,Secured Securities Ltd.,Agrawal Securities (PVT) Ltd.,2026-04-17 11:41:35.978682,Kumari Bank Limited
2026041701009801,KBL,36,38,50,229.0,11450.0,2026-04-17,186790293,142,Secured Securities Ltd.,Dipshikha Dhitopatra Karobar Co. Pvt Ltd.,2026-04-17 11:41:35.978978,Kumari Bank Limited
2026041701009802,KBL,36,75,350,229.0,80150.0,2026-04-17,186790296,142,Secured Securities Ltd.,N.I.M.B. Stock Markets Limited,2026-04-17 11:41:35.979309,Kumari Bank Limited
2026041701010092,KBL,14,1,3,230.0,690.0,2026-04-17,186791365,142,Nepal Stock House (PVT) Ltd.,Kumari Securities Private Limited,2026-04-17 11:43:07.290323,Kumari Bank Limited
2026041701010100,KBL,32,58,100,228.1,22810.0,2026-04-17,186791383,142,Premier Securities Company Ltd.,Naasa Securities Co. Ltd.,2026-04-17 11:43:08.190544,Kumari Bank Limited
2026041701010508,KBL,32,42,1000,228.9,228900.0,2026-04-17,186792598,142,Premier Securities Company Ltd.,Sani Securities Company Ltd.,2026-04-17 11:44:37.956884,Kumari Bank Limited
2026041701010514,KBL,50,42,500,228.9,114450.0,2026-04-17,186792648,142,Cristal Kanchanjanga Securites Pvt. Ltd.,Sani Securities Company Ltd.,2026-04-17 11:44:40.434259,Kumari Bank Limited
2026041701010950,KBL,6,75,67,229.0,15343.0,2026-04-17,186794348,142,Agrawal Securities (PVT) Ltd.,N.I.M.B. Stock Markets Limited,2026-04-17 11:47:11.806727,Kumari Bank Limited
2026041701011055,KBL,13,75,430,229.0,98470.0,2026-04-17,186794755,142,Thrive Brokerage House Pvt. Ltd,N.I.M.B. Stock Markets Limited,2026-04-17 11:47:46.294940,Kumari Bank Limited
2026041701011056,KBL,13,58,30,229.0,6870.0,2026-04-17,186794757,142,Thrive Brokerage House Pvt. Ltd,Naasa Securities Co. Ltd.,2026-04-17 11:47:46.295421,Kumari Bank Limited
2026041701011057,KBL,13,57,105,229.0,24045.0,2026-04-17,186794759,142,Thrive Brokerage House Pvt. Ltd,Aryatara Investment & Securities,2026-04-17 11:47:46.295711,Kumari Bank Limited
2026041701011225,KBL,13,66,35,229.0,8015.0,2026-04-17,186795418,142,Thrive Brokerage House Pvt. Ltd,Miyo Securities Pvt Ltd,2026-04-17 11:48:31.218631,Kumari Bank Limited
2026041701011226,KBL,58,66,15,228.6,3429.0,2026-04-17,186795419,142,Naasa Securities Co. Ltd.,Miyo Securities Pvt Ltd,2026-04-17 11:48:31.218897,Kumari Bank Limited
2026041701011480,KBL,58,58,130,228.6,29718.0,2026-04-17,186796500,142,Naasa Securities Co. Ltd.,Naasa Securities Co. Ltd.,2026-04-17 11:50:00.903140,Kumari Bank Limited
2026041701011481,KBL,13,58,1000,228.5,228500.0,2026-04-17,186796502,142,Thrive Brokerage House Pvt. Ltd,Naasa Securities Co. Ltd.,2026-04-17 11:50:00.903235,Kumari Bank Limited
2026041701011482,KBL,32,58,500,228.3,114150.0,2026-04-17,186796504,142,Premier Securities Company Ltd.,Naasa Securities Co. Ltd.,2026-04-17 11:50:00.903326,Kumari Bank Limited
2026041701011483,KBL,32,58,400,228.1,91240.0,2026-04-17,186796506,142,Premier Securities Company Ltd.,Naasa Securities Co. Ltd.,2026-04-17 11:50:00.903405,Kumari Bank Limited
2026041701011484,KBL,7,58,500,228.0,114000.0,2026-04-17,186796508,142,J.F. Securites (PVT) Ltd.,Naasa Securities Co. Ltd.,2026-04-17 11:50:00.903466,Kumari Bank Limited
2026041701011485,KBL,32,58,100,228.0,22800.0,2026-04-17,186796510,142,Premier Securities Company Ltd.,Naasa Securities Co. Ltd.,2026-04-17 11:50:00.903534,Kumari Bank Limited
2026041701011486,KBL,7,58,50,228.0,11400.0,2026-04-17,186796512,142,J.F. Securites (PVT) Ltd.,Naasa Securities Co. Ltd.,2026-04-17 11:50:00.903595,Kumari Bank Limited
2026041701011487,KBL,49,58,230,228.0,52440.0,2026-04-17,186796514,142,Online Securities Pvt. Ltd.,Naasa Securities Co. Ltd.,2026-04-17 11:50:00.903658,Kumari Bank Limited
2026041701011488,KBL,7,58,376,227.6,85577.6,2026-04-17,186796516,142,J.F. Securites (PVT) Ltd.,Naasa Securities Co. Ltd.,2026-04-17 11:50:00.903722,Kumari Bank Limited
2026041701011489,KBL,1,58,50,227.6,11380.0,2026-04-17,186796518,142,Kumari Securities Private Limited,Naasa Securities Co. Ltd.,2026-04-17 11:50:00.903787,Kumari Bank Limited
2026041701011490,KBL,80,58,264,227.4,60033.6,2026-04-17,186796519,142,Indira securities pvt. ltd,Naasa Securities Co. Ltd.,2026-04-17 11:50:00.903852,Kumari Bank Limited
2026041701011597,KBL,42,57,10,228.0,2280.0,2026-04-17,186796998,142,Sani Securities Company Ltd.,Aryatara Investment & Securities,2026-04-17 11:50:53.278338,Kumari Bank Limited
2026041701011808,KBL,80,101,236,227.4,53666.4,2026-04-17,186797972,142,Indira securities pvt. ltd,APPLE SECURITIES PRIVATE LIMITED,2026-04-17 11:52:01.484341,Kumari Bank Limited
2026041701011809,KBL,56,101,170,227.2,38624.0,2026-04-17,186797974,142,Sri Hari Securities Pvt. Ltd.,APPLE SECURITIES PRIVATE LIMITED,2026-04-17 11:52:01.484838,Kumari Bank Limited
2026041701011810,KBL,57,101,1000,227.1,227100.0,2026-04-17,186797976,142,Aryatara Investment & Securities,APPLE SECURITIES PRIVATE LIMITED,2026-04-17 11:52:01.485166,Kumari Bank Limited
2026041701011811,KBL,57,101,200,227.1,45420.0,2026-04-17,186797978,142,Aryatara Investment & Securities,APPLE SECURITIES PRIVATE LIMITED,2026-04-17 11:52:01.485476,Kumari Bank Limited
2026041701011812,KBL,32,101,394,227.1,89477.4,2026-04-17,186797979,142,Premier Securities Company Ltd.,APPLE SECURITIES PRIVATE LIMITED,2026-04-17 11:52:01.485778,Kumari Bank Limited
2026041701011903,KBL,32,42,1500,227.1,340650.0,2026-04-17,186798399,142,Premier Securities Company Ltd.,Sani Securities Company Ltd.,2026-04-17 11:52:37.811291,Kumari Bank Limited
2026041701011980,KBL,14,57,15,228.0,3420.0,2026-04-17,186798735,142,Nepal Stock House (PVT) Ltd.,Aryatara Investment & Securities,2026-04-17 11:53:00.566083,Kumari Bank Limited
2026041701011981,KBL,14,1,200,228.0,45600.0,2026-04-17,186798737,142,Nepal Stock House (PVT) Ltd.,Kumari Securities Private Limited,2026-04-17 11:53:00.566348,Kumari Bank Limited
2026041701012094,KBL,14,22,285,228.0,64980.0,2026-04-17,186799198,142,Nepal Stock House (PVT) Ltd.,Siprabi Securities Pvt. Ltd.,2026-04-17 11:53:41.646885,Kumari Bank Limited
2026041701012103,KBL,32,58,106,227.1,24072.6,2026-04-17,186799234,142,Premier Securities Company Ltd.,Naasa Securities Co. Ltd.,2026-04-17 11:53:46.714805,Kumari Bank Limited
2026041701012104,KBL,32,58,94,227.1,21347.4,2026-04-17,186799235,142,Premier Securities Company Ltd.,Naasa Securities Co. Ltd.,2026-04-17 11:53:46.714887,Kumari Bank Limited
2026041701012165,KBL,49,22,96,228.0,21888.0,2026-04-17,186799572,142,Online Securities Pvt. Ltd.,Siprabi Securities Pvt. Ltd.,2026-04-17 11:54:14.861562,Kumari Bank Limited
2026041701012353,KBL,32,89,1500,227.1,340650.0,2026-04-17,186800469,142,Premier Securities Company Ltd.,Global IME Securities Limited,2026-04-17 11:55:28.197816,Kumari Bank Limited
2026041701012696,KBL,32,42,500,227.2,113600.0,2026-04-17,186802144,142,Premier Securities Company Ltd.,Sani Securities Company Ltd.,2026-04-17 11:57:32.795447,Kumari Bank Limited
2026041701012697,KBL,44,42,70,227.2,15904.0,2026-04-17,186802146,142,Dynamic Money Managers Securities Pvt. Ltd.,Sani Securities Company Ltd.,2026-04-17 11:57:32.795983,Kumari Bank Limited
2026041701012698,KBL,32,42,406,227.1,92202.6,2026-04-17,186802148,142,Premier Securities Company Ltd.,Sani Securities Company Ltd.,2026-04-17 11:57:32.796405,Kumari Bank Limited
2026041701012699,KBL,33,42,124,227.1,28160.4,2026-04-17,186802149,142,Dakshinkali Investment & Securities Pvt. Ltd.,Sani Securities Company Ltd.,2026-04-17 11:57:32.796766,Kumari Bank Limited
2026041701012764,KBL,33,58,15,227.1,3406.5,2026-04-17,186802355,142,Dakshinkali Investment & Securities Pvt. Ltd.,Naasa Securities Co. Ltd.,2026-04-17 11:57:46.641841,Kumari Bank Limited
2026041701012821,KBL,32,45,500,227.2,113600.0,2026-04-17,186802656,142,Premier Securities Company Ltd.,Imperial Securities Company Pvt. Ltd.,2026-04-17 11:58:11.742530,Kumari Bank Limited
2026041701012822,KBL,33,45,50,227.1,11355.0,2026-04-17,186802657,142,Dakshinkali Investment & Securities Pvt. Ltd.,Imperial Securities Company Pvt. Ltd.,2026-04-17 11:58:11.742817,Kumari Bank Limited
2026041701013089,KBL,62,22,519,228.0,118332.0,2026-04-17,186803973,142,Capital Max Securities Ltd,Siprabi Securities Pvt. Ltd.,2026-04-17 11:59:43.931281,Kumari Bank Limited
2026041701013090,KBL,62,68,100,228.0,22800.0,2026-04-17,186803975,142,Capital Max Securities Ltd,Elite Stock House Limited,2026-04-17 11:59:43.931806,Kumari Bank Limited
2026041701013091,KBL,62,45,250,228.0,57000.0,2026-04-17,186803977,142,Capital Max Securities Ltd,Imperial Securities Company Pvt. Ltd.,2026-04-17 11:59:43.932185,Kumari Bank Limited
2026041701013092,KBL,62,45,1131,228.0,257868.0,2026-04-17,186803980,142,Capital Max Securities Ltd,Imperial Securities Company Pvt. Ltd.,2026-04-17 11:59:43.932532,Kumari Bank Limited
2026041701013209,KBL,32,58,20,227.2,4544.0,2026-04-17,186804543,142,Premier Securities Company Ltd.,Naasa Securities Co. Ltd.,2026-04-17 12:00:24.287308,Kumari Bank Limited
2026041701013378,KBL,51,48,300,227.3,68190.0,2026-04-17,186805355,142,Oxford Securities Pvt. Ltd.,Trishakti Securities Public Limited,2026-04-17 12:01:12.934958,Kumari Bank Limited
2026041701013386,KBL,51,7,80,227.3,18184.0,2026-04-17,186805411,142,Oxford Securities Pvt. Ltd.,J.F. Securites (PVT) Ltd.,2026-04-17 12:01:16.732006,Kumari Bank Limited
2026041701013430,KBL,32,38,500,227.4,113700.0,2026-04-17,186805688,142,Premier Securities Company Ltd.,Dipshikha Dhitopatra Karobar Co. Pvt Ltd.,2026-04-17 12:01:32.640585,Kumari Bank Limited
2026041701013431,KBL,51,38,620,227.3,140926.0,2026-04-17,186805690,142,Oxford Securities Pvt. Ltd.,Dipshikha Dhitopatra Karobar Co. Pvt Ltd.,2026-04-17 12:01:32.641163,Kumari Bank Limited
2026041701013432,KBL,62,38,1880,227.3,427324.0,2026-04-17,186805691,142,Capital Max Securities Ltd,Dipshikha Dhitopatra Karobar Co. Pvt Ltd.,2026-04-17 12:01:32.641515,Kumari Bank Limited
2026041701013552,KBL,58,6,1,229.0,229.0,2026-04-17,186806445,142,Naasa Securities Co. Ltd.,Agrawal Securities (PVT) Ltd.,2026-04-17 12:02:34.461321,Kumari Bank Limited
2026041701013596,KBL,32,45,620,228.0,141360.0,2026-04-17,186806644,142,Premier Securities Company Ltd.,Imperial Securities Company Pvt. Ltd.,2026-04-17 12:02:49.694896,Kumari Bank Limited
2026041701013602,KBL,32,14,200,227.4,45480.0,2026-04-17,186806663,142,Premier Securities Company Ltd.,Nepal Stock House (PVT) Ltd.,2026-04-17 12:02:51.357068,Kumari Bank Limited
2026041701013838,KBL,48,35,22,227.5,5005.0,2026-04-17,186807846,142,Trishakti Securities Public Limited,Kohinoor Investment & Securities Pvt. Ltd.,2026-04-17 12:04:00.654248,Kumari Bank Limited
2026041701013839,KBL,32,35,278,227.4,63217.2,2026-04-17,186807847,142,Premier Securities Company Ltd.,Kohinoor Investment & Securities Pvt. Ltd.,2026-04-17 12:04:00.654565,Kumari Bank Limited
2026041701014031,KBL,28,45,100,228.0,22800.0,2026-04-17,186808860,142,Shree Krishna Securities Ltd.,Imperial Securities Company Pvt. Ltd.,2026-04-17 12:05:09.372182,Kumari Bank Limited
2026041701014131,KBL,58,45,10,228.0,2280.0,2026-04-17,186809332,142,Naasa Securities Co. Ltd.,Imperial Securities Company Pvt. Ltd.,2026-04-17 12:05:48.432828,Kumari Bank Limited
2026041701014250,KBL,32,51,22,227.4,5002.8,2026-04-17,186809904,142,Premier Securities Company Ltd.,Oxford Securities Pvt. Ltd.,2026-04-17 12:06:31.831832,Kumari Bank Limited
2026041701014251,KBL,58,51,50,227.4,11370.0,2026-04-17,186809906,142,Naasa Securities Co. Ltd.,Oxford Securities Pvt. Ltd.,2026-04-17 12:06:31.832432,Kumari Bank Limited
2026041701014252,KBL,38,51,500,227.4,113700.0,2026-04-17,186809908,142,Dipshikha Dhitopatra Karobar Co. Pvt Ltd.,Oxford Securities Pvt. Ltd.,2026-04-17 12:06:31.832833,Kumari Bank Limited
2026041701014253,KBL,35,51,429,227.4,97554.6,2026-04-17,186809909,142,Kohinoor Investment & Securities Pvt. Ltd.,Oxford Securities Pvt. Ltd.,2026-04-17 12:06:31.833233,Kumari Bank Limited
2026041701014254,KBL,35,89,10,227.4,2274.0,2026-04-17,186809915,142,Kohinoor Investment & Securities Pvt. Ltd.,Global IME Securities Limited,2026-04-17 12:06:32.063121,Kumari Bank Limited
2026041701014294,KBL,35,82,61,227.4,13871.4,2026-04-17,186810086,142,Kohinoor Investment & Securities Pvt. Ltd.,N.M.B. SECURITIES LIMITED,2026-04-17 12:06:42.470051,Kumari Bank Limited
2026041701014295,KBL,62,82,1120,227.3,254576.0,2026-04-17,186810088,142,Capital Max Securities Ltd,N.M.B. SECURITIES LIMITED,2026-04-17 12:06:42.470351,Kumari Bank Limited
2026041701014296,KBL,32,82,480,227.2,109056.0,2026-04-17,186810090,142,Premier Securities Company Ltd.,N.M.B. SECURITIES LIMITED,2026-04-17 12:06:42.470501,Kumari Bank Limited
2026041701014297,KBL,32,82,2000,227.2,454400.0,2026-04-17,186810092,142,Premier Securities Company Ltd.,N.M.B. SECURITIES LIMITED,2026-04-17 12:06:42.470630,Kumari Bank Limited
2026041701014298,KBL,33,82,11,227.1,2498.1,2026-04-17,186810094,142,Dakshinkali Investment & Securities Pvt. Ltd.,N.M.B. SECURITIES LIMITED,2026-04-17 12:06:42.470767,Kumari Bank Limited
2026041701014299,KBL,13,82,1000,227.1,227100.0,2026-04-17,186810096,142,Thrive Brokerage House Pvt. Ltd,N.M.B. SECURITIES LIMITED,2026-04-17 12:06:42.470907,Kumari Bank Limited
2026041701014300,KBL,32,82,328,227.1,74488.8,2026-04-17,186810097,142,Premier Securities Company Ltd.,N.M.B. SECURITIES LIMITED,2026-04-17 12:06:42.471048,Kumari Bank Limited
2026041701014433,KBL,32,67,19,227.1,4314.9,2026-04-17,186810769,142,Premier Securities Company Ltd.,Property Wiard Limited,2026-04-17 12:07:36.619965,Kumari Bank Limited
2026041701014606,KBL,100,45,1680,227.2,381696.0,2026-04-17,186811609,142,Sunrise Securities Limited,Imperial Securities Company Pvt. Ltd.,2026-04-17 12:08:35.228380,Kumari Bank Limited
2026041701014607,KBL,32,45,1653,227.1,375396.3,2026-04-17,186811611,142,Premier Securities Company Ltd.,Imperial Securities Company Pvt. Ltd.,2026-04-17 12:08:35.228665,Kumari Bank Limited
2026041701014608,KBL,14,45,200,227.0,45400.0,2026-04-17,186811613,142,Nepal Stock House (PVT) Ltd.,Imperial Securities Company Pvt. Ltd.,2026-04-17 12:08:35.228799,Kumari Bank Limited
2026041701014609,KBL,35,45,50,227.0,11350.0,2026-04-17,186811615,142,Kohinoor Investment & Securities Pvt. Ltd.,Imperial Securities Company Pvt. Ltd.,2026-04-17 12:08:35.228931,Kumari Bank Limited
2026041701014610,KBL,42,45,1125,227.0,255375.0,2026-04-17,186811617,142,Sani Securities Company Ltd.,Imperial Securities Company Pvt. Ltd.,2026-04-17 12:08:35.229067,Kumari Bank Limited
2026041701014611,KBL,42,45,1125,227.0,255375.0,2026-04-17,186811619,142,Sani Securities Company Ltd.,Imperial Securities Company Pvt. Ltd.,2026-04-17 12:08:35.229194,Kumari Bank Limited
2026041701014612,KBL,1,45,1000,227.0,227000.0,2026-04-17,186811621,142,Kumari Securities Private Limited,Imperial Securities Company Pvt. Ltd.,2026-04-17 12:08:35.229319,Kumari Bank Limited
2026041701014613,KBL,41,45,200,227.0,45400.0,2026-04-17,186811623,142,Linch Stock Market Ltd.,Imperial Securities Company Pvt. Ltd.,2026-04-17 12:08:35.229442,Kumari Bank Limited
2026041701014614,KBL,62,45,100,227.0,22700.0,2026-04-17,186811625,142,Capital Max Securities Ltd,Imperial Securities Company Pvt. Ltd.,2026-04-17 12:08:35.229568,Kumari Bank Limited
2026041701014615,KBL,49,45,20,227.0,4540.0,2026-04-17,186811627,142,Online Securities Pvt. Ltd.,Imperial Securities Company Pvt. Ltd.,2026-04-17 12:08:35.229695,Kumari Bank Limited
2026041701014616,KBL,58,45,10,227.0,2270.0,2026-04-17,186811629,142,Naasa Securities Co. Ltd.,Imperial Securities Company Pvt. Ltd.,2026-04-17 12:08:35.229822,Kumari Bank Limited
2026041701014617,KBL,57,45,500,227.0,113500.0,2026-04-17,186811631,142,Aryatara Investment & Securities,Imperial Securities Company Pvt. Ltd.,2026-04-17 12:08:35.229947,Kumari Bank Limited
2026041701014618,KBL,35,45,220,227.0,49940.0,2026-04-17,186811633,142,Kohinoor Investment & Securities Pvt. Ltd.,Imperial Securities Company Pvt. Ltd.,2026-04-17 12:08:35.230074,Kumari Bank Limited
2026041701014619,KBL,16,45,500,227.0,113500.0,2026-04-17,186811635,142,Primo Securities (PVT) Ltd.,Imperial Securities Company Pvt. Ltd.,2026-04-17 12:08:35.230197,Kumari Bank Limited
2026041701014620,KBL,26,45,20,227.0,4540.0,2026-04-17,186811637,142,Asian Securities Private Ltd.,Imperial Securities Company Pvt. Ltd.,2026-04-17 12:08:35.230319,Kumari Bank Limited
2026041701014621,KBL,44,45,20,227.0,4540.0,2026-04-17,186811639,142,Dynamic Money Managers Securities Pvt. Ltd.,Imperial Securities Company Pvt. Ltd.,2026-04-17 12:08:35.230442,Kumari Bank Limited
2026041701014622,KBL,57,45,77,227.0,17479.0,2026-04-17,186811641,142,Aryatara Investment & Securities,Imperial Securities Company Pvt. Ltd.,2026-04-17 12:08:35.230564,Kumari Bank Limited
2026041701014623,KBL,29,45,1000,227.0,227000.0,2026-04-17,186811643,142,Trisul Securities & Invt. Ltd.,Imperial Securities Company Pvt. Ltd.,2026-04-17 12:08:35.230686,Kumari Bank Limited
2026041701014624,KBL,58,45,100,227.0,22700.0,2026-04-17,186811645,142,Naasa Securities Co. Ltd.,Imperial Securities Company Pvt. Ltd.,2026-04-17 12:08:35.230826,Kumari Bank Limited
2026041701014688,KBL,25,6,10,226.8,2268.0,2026-04-17,186811916,142,Sweta Securities Private Limited,Agrawal Securities (PVT) Ltd.,2026-04-17 12:08:57.585556,Kumari Bank Limited
2026041701014689,KBL,32,6,40,226.8,9072.0,2026-04-17,186811917,142,Premier Securities Company Ltd.,Agrawal Securities (PVT) Ltd.,2026-04-17 12:08:57.585860,Kumari Bank Limited
2026041701014715,KBL,58,45,13,227.0,2951.0,2026-04-17,186812128,142,Naasa Securities Co. Ltd.,Imperial Securities Company Pvt. Ltd.,2026-04-17 12:09:13.553395,Kumari Bank Limited
2026041701014836,KBL,32,6,460,226.8,104328.0,2026-04-17,186812870,142,Premier Securities Company Ltd.,Agrawal Securities (PVT) Ltd.,2026-04-17 12:10:04.620671,Kumari Bank Limited
2026041701014837,KBL,45,6,40,226.5,9060.0,2026-04-17,186812871,142,Imperial Securities Company Pvt. Ltd.,Agrawal Securities (PVT) Ltd.,2026-04-17 12:10:04.621226,Kumari Bank Limited
2026041701014955,KBL,32,45,500,226.6,113300.0,2026-04-17,186813572,142,Premier Securities Company Ltd.,Imperial Securities Company Pvt. Ltd.,2026-04-17 12:10:49.244366,Kumari Bank Limited
2026041701014956,KBL,25,45,200,226.5,45300.0,2026-04-17,186813574,142,Sweta Securities Private Limited,Imperial Securities Company Pvt. Ltd.,2026-04-17 12:10:49.244957,Kumari Bank Limited
2026041701014997,KBL,34,6,300,226.4,67920.0,2026-04-17,186813739,142,Vision Securities Pvt. Ltd,Agrawal Securities (PVT) Ltd.,2026-04-17 12:10:59.809277,Kumari Bank Limited
2026041701015036,KBL,32,45,500,226.5,113250.0,2026-04-17,186813980,142,Premier Securities Company Ltd.,Imperial Securities Company Pvt. Ltd.,2026-04-17 12:11:12.391098,Kumari Bank Limited
2026041701015040,KBL,34,45,139,226.4,31469.6,2026-04-17,186813999,142,Vision Securities Pvt. Ltd,Imperial Securities Company Pvt. Ltd.,2026-04-17 12:11:13.968466,Kumari Bank Limited
2026041701015110,KBL,34,45,187,226.4,42336.8,2026-04-17,186814365,142,Vision Securities Pvt. Ltd,Imperial Securities Company Pvt. Ltd.,2026-04-17 12:11:35.785672,Kumari Bank Limited
2026041701015114,KBL,14,21,15,226.5,3397.5,2026-04-17,186814436,142,Nepal Stock House (PVT) Ltd.,Midas Stock Broking Company Private Limited,2026-04-17 12:11:39.330966,Kumari Bank Limited
2026041701015115,KBL,34,21,89,226.4,20149.6,2026-04-17,186814437,142,Vision Securities Pvt. Ltd,Midas Stock Broking Company Private Limited,2026-04-17 12:11:39.330999,Kumari Bank Limited
2026041701015211,KBL,35,44,10,226.5,2265.0,2026-04-17,186814916,142,Kohinoor Investment & Securities Pvt. Ltd.,Dynamic Money Managers Securities Pvt. Ltd.,2026-04-17 12:12:07.254386,Kumari Bank Limited
2026041701015212,KBL,32,44,153,226.5,34654.5,2026-04-17,186814917,142,Premier Securities Company Ltd.,Dynamic Money Managers Securities Pvt. Ltd.,2026-04-17 12:12:07.254690,Kumari Bank Limited
2026041701015220,KBL,32,49,347,226.5,78595.5,2026-04-17,186814954,142,Premier Securities Company Ltd.,Online Securities Pvt. Ltd.,2026-04-17 12:12:11.076977,Kumari Bank Limited
2026041701015221,KBL,34,49,285,226.4,64524.0,2026-04-17,186814956,142,Vision Securities Pvt. Ltd,Online Securities Pvt. Ltd.,2026-04-17 12:12:11.077289,Kumari Bank Limited
2026041701015293,KBL,7,49,218,226.4,49355.2,2026-04-17,186815319,142,J.F. Securites (PVT) Ltd.,Online Securities Pvt. Ltd.,2026-04-17 12:12:30.925878,Kumari Bank Limited
2026041701015365,KBL,32,29,168,226.5,38052.0,2026-04-17,186815615,142,Premier Securities Company Ltd.,Trisul Securities & Invt. Ltd.,2026-04-17 12:12:47.377460,Kumari Bank Limited
2026041701015379,KBL,32,38,100,226.5,22650.0,2026-04-17,186815683,142,Premier Securities Company Ltd.,Dipshikha Dhitopatra Karobar Co. Pvt Ltd.,2026-04-17 12:12:51.850552,Kumari Bank Limited
2026041701015427,KBL,32,48,232,226.5,52548.0,2026-04-17,186815902,142,Premier Securities Company Ltd.,Trishakti Securities Public Limited,2026-04-17 12:13:02.100223,Kumari Bank Limited
2026041701015431,KBL,29,48,268,226.5,60702.0,2026-04-17,186815961,142,Trisul Securities & Invt. Ltd.,Trishakti Securities Public Limited,2026-04-17 12:13:04.394421,Kumari Bank Limited
2026041701015453,KBL,29,57,32,226.5,7248.0,2026-04-17,186816044,142,Trisul Securities & Invt. Ltd.,Aryatara Investment & Securities,2026-04-17 12:13:09.875206,Kumari Bank Limited
2026041701015469,KBL,76,57,10,226.5,2265.0,2026-04-17,186816116,142,Machhapuchchhre Securities Limited,Aryatara Investment & Securities,2026-04-17 12:13:15.330783,Kumari Bank Limited
2026041701015473,KBL,7,42,515,226.4,116596.0,2026-04-17,186816165,142,J.F. Securites (PVT) Ltd.,Sani Securities Company Ltd.,2026-04-17 12:13:17.399632,Kumari Bank Limited
2026041701015483,KBL,7,3,700,226.4,158480.0,2026-04-17,186816219,142,J.F. Securites (PVT) Ltd.,Arun Securities (PVT) Ltd.,2026-04-17 12:13:22.515091,Kumari Bank Limited
2026041701015506,KBL,32,57,158,226.5,35787.0,2026-04-17,186816297,142,Premier Securities Company Ltd.,Aryatara Investment & Securities,2026-04-17 12:13:31.107406,Kumari Bank Limited
2026041701015522,KBL,32,58,300,226.5,67950.0,2026-04-17,186816391,142,Premier Securities Company Ltd.,Naasa Securities Co. Ltd.,2026-04-17 12:13:36.705237,Kumari Bank Limited
2026041701015621,KBL,13,39,25,227.0,5675.0,2026-04-17,186816869,142,Thrive Brokerage House Pvt. Ltd,Sumeru Securities Pvt. Ltd.,2026-04-17 12:14:09.644937,Kumari Bank Limited
2026041701015622,KBL,13,47,75,227.0,17025.0,2026-04-17,186816872,142,Thrive Brokerage House Pvt. Ltd,Neev Securities Pvt. Ltd.,2026-04-17 12:14:09.645557,Kumari Bank Limited
2026041701015630,KBL,1,47,200,227.0,45400.0,2026-04-17,186816894,142,Kumari Securities Private Limited,Neev Securities Pvt. Ltd.,2026-04-17 12:14:12.676084,Kumari Bank Limited
2026041701015635,KBL,36,47,50,227.0,11350.0,2026-04-17,186816930,142,Secured Securities Ltd.,Neev Securities Pvt. Ltd.,2026-04-17 12:14:15.627240,Kumari Bank Limited
2026041701015677,KBL,54,28,10,226.6,2266.0,2026-04-17,186817204,142,Sewa Securities Pvt. Ltd.,Shree Krishna Securities Ltd.,2026-04-17 12:14:37.625211,Kumari Bank Limited
2026041701015678,KBL,32,28,42,226.5,9513.0,2026-04-17,186817206,142,Premier Securities Company Ltd.,Shree Krishna Securities Ltd.,2026-04-17 12:14:37.625534,Kumari Bank Limited
2026041701015679,KBL,7,28,228,226.4,51619.2,2026-04-17,186817207,142,J.F. Securites (PVT) Ltd.,Shree Krishna Securities Ltd.,2026-04-17 12:14:37.625674,Kumari Bank Limited
2026041701015681,KBL,37,47,60,227.0,13620.0,2026-04-17,186817224,142,Swarna Laxmi Securities Pvt. Ltd.,Neev Securities Pvt. Ltd.,2026-04-17 12:14:38.916433,Kumari Bank Limited
2026041701015709,KBL,7,42,170,226.4,38488.0,2026-04-17,186817389,142,J.F. Securites (PVT) Ltd.,Sani Securities Company Ltd.,2026-04-17 12:14:53.610029,Kumari Bank Limited
2026041701015756,KBL,41,47,200,227.0,45400.0,2026-04-17,186817582,142,Linch Stock Market Ltd.,Neev Securities Pvt. Ltd.,2026-04-17 12:15:11.733368,Kumari Bank Limited
2026041701015852,KBL,32,49,500,226.5,113250.0,2026-04-17,186817967,142,Premier Securities Company Ltd.,Online Securities Pvt. Ltd.,2026-04-17 12:15:41.245292,Kumari Bank Limited
2026041701016001,KBL,7,47,2169,226.4,491061.6,2026-04-17,186818644,142,J.F. Securites (PVT) Ltd.,Neev Securities Pvt. Ltd.,2026-04-17 12:16:40.345646,Kumari Bank Limited
2026041701016002,KBL,26,47,300,226.3,67890.0,2026-04-17,186818646,142,Asian Securities Private Ltd.,Neev Securities Pvt. Ltd.,2026-04-17 12:16:40.345747,Kumari Bank Limited
2026041701016003,KBL,46,47,2000,226.3,452600.0,2026-04-17,186818648,142,Kalika Securities Pvt. Ltd.,Neev Securities Pvt. Ltd.,2026-04-17 12:16:40.345825,Kumari Bank Limited
2026041701016004,KBL,62,47,50,226.3,11315.0,2026-04-17,186818650,142,Capital Max Securities Ltd,Neev Securities Pvt. Ltd.,2026-04-17 12:16:40.345921,Kumari Bank Limited
2026041701016005,KBL,16,47,700,226.2,158340.0,2026-04-17,186818652,142,Primo Securities (PVT) Ltd.,Neev Securities Pvt. Ltd.,2026-04-17 12:16:40.346001,Kumari Bank Limited
2026041701016006,KBL,62,47,3000,226.2,678600.0,2026-04-17,186818654,142,Capital Max Securities Ltd,Neev Securities Pvt. Ltd.,2026-04-17 12:16:40.346089,Kumari Bank Limited
2026041701016007,KBL,94,47,1000,226.1,226100.0,2026-04-17,186818656,142,K.B.L. Securities Limited ,Neev Securities Pvt. Ltd.,2026-04-17 12:16:40.346166,Kumari Bank Limited
2026041701016008,KBL,57,47,200,226.1,45220.0,2026-04-17,186818658,142,Aryatara Investment & Securities,Neev Securities Pvt. Ltd.,2026-04-17 12:16:40.346237,Kumari Bank Limited
2026041701016009,KBL,8,47,10,226.0,2260.0,2026-04-17,186818660,142,Brilliant Securities Pvt. Ltd.,Neev Securities Pvt. Ltd.,2026-04-17 12:16:40.346310,Kumari Bank Limited
2026041701016010,KBL,35,47,50,226.0,11300.0,2026-04-17,186818662,142,Kohinoor Investment & Securities Pvt. Ltd.,Neev Securities Pvt. Ltd.,2026-04-17 12:16:40.346384,Kumari Bank Limited
2026041701016011,KBL,47,47,215,226.0,48590.0,2026-04-17,186818664,142,Neev Securities Pvt. Ltd.,Neev Securities Pvt. Ltd.,2026-04-17 12:16:40.346457,Kumari Bank Limited
2026041701016012,KBL,58,47,100,226.0,22600.0,2026-04-17,186818666,142,Naasa Securities Co. Ltd.,Neev Securities Pvt. Ltd.,2026-04-17 12:16:40.346584,Kumari Bank Limited
2026041701016013,KBL,42,47,1000,226.0,226000.0,2026-04-17,186818668,142,Sani Securities Company Ltd.,Neev Securities Pvt. Ltd.,2026-04-17 12:16:40.346694,Kumari Bank Limited
2026041701016014,KBL,50,47,5000,226.0,1130000.0,2026-04-17,186818670,142,Cristal Kanchanjanga Securites Pvt. Ltd.,Neev Securities Pvt. Ltd.,2026-04-17 12:16:40.346767,Kumari Bank Limited
2026041701016015,KBL,72,47,400,226.0,90400.0,2026-04-17,186818672,142,Hatemalo Financial Services Private Limited,Neev Securities Pvt. Ltd.,2026-04-17 12:16:40.346837,Kumari Bank Limited
2026041701016016,KBL,26,47,250,226.0,56500.0,2026-04-17,186818674,142,Asian Securities Private Ltd.,Neev Securities Pvt. Ltd.,2026-04-17 12:16:40.346909,Kumari Bank Limited
2026041701016017,KBL,47,47,1000,226.0,226000.0,2026-04-17,186818676,142,Neev Securities Pvt. Ltd.,Neev Securities Pvt. Ltd.,2026-04-17 12:16:40.346980,Kumari Bank Limited
2026041701016018,KBL,57,47,1000,226.0,226000.0,2026-04-17,186818678,142,Aryatara Investment & Securities,Neev Securities Pvt. Ltd.,2026-04-17 12:16:40.347066,Kumari Bank Limited
2026041701016019,KBL,48,47,50,226.0,11300.0,2026-04-17,186818680,142,Trishakti Securities Public Limited,Neev Securities Pvt. Ltd.,2026-04-17 12:16:40.347134,Kumari Bank Limited
2026041701016020,KBL,51,47,700,226.0,158200.0,2026-04-17,186818682,142,Oxford Securities Pvt. Ltd.,Neev Securities Pvt. Ltd.,2026-04-17 12:16:40.347222,Kumari Bank Limited
2026041701016021,KBL,21,47,1602,226.0,362052.0,2026-04-17,186818683,142,Midas Stock Broking Company Private Limited,Neev Securities Pvt. Ltd.,2026-04-17 12:16:40.347279,Kumari Bank Limited
2026041701016069,KBL,33,49,200,226.4,45280.0,2026-04-17,186818966,142,Dakshinkali Investment & Securities Pvt. Ltd.,Online Securities Pvt. Ltd.,2026-04-17 12:17:06.895066,Kumari Bank Limited
2026041701016114,KBL,21,58,3398,226.0,767948.0,2026-04-17,186819270,142,Midas Stock Broking Company Private Limited,Naasa Securities Co. Ltd.,2026-04-17 12:17:27.493366,Kumari Bank Limited
2026041701016115,KBL,38,58,5000,226.0,1130000.0,2026-04-17,186819272,142,Dipshikha Dhitopatra Karobar Co. Pvt Ltd.,Naasa Securities Co. Ltd.,2026-04-17 12:17:27.493956,Kumari Bank Limited
2026041701016116,KBL,7,58,50,226.0,11300.0,2026-04-17,186819274,142,J.F. Securites (PVT) Ltd.,Naasa Securities Co. Ltd.,2026-04-17 12:17:27.494369,Kumari Bank Limited
2026041701016117,KBL,45,58,500,225.5,112750.0,2026-04-17,186819276,142,Imperial Securities Company Pvt. Ltd.,Naasa Securities Co. Ltd.,2026-04-17 12:17:27.494762,Kumari Bank Limited
2026041701016118,KBL,18,58,1000,225.5,225500.0,2026-04-17,186819278,142,Sagarmatha Securities Private Limited,Naasa Securities Co. Ltd.,2026-04-17 12:17:27.495165,Kumari Bank Limited
2026041701016119,KBL,17,58,500,225.5,112750.0,2026-04-17,186819280,142,ABC Securities Private Limited,Naasa Securities Co. Ltd.,2026-04-17 12:17:27.495570,Kumari Bank Limited
2026041701016120,KBL,45,58,1000,225.5,225500.0,2026-04-17,186819282,142,Imperial Securities Company Pvt. Ltd.,Naasa Securities Co. Ltd.,2026-04-17 12:17:27.495968,Kumari Bank Limited
2026041701016121,KBL,35,58,50,225.5,11275.0,2026-04-17,186819284,142,Kohinoor Investment & Securities Pvt. Ltd.,Naasa Securities Co. Ltd.,2026-04-17 12:17:27.496354,Kumari Bank Limited
2026041701016122,KBL,43,58,300,225.5,67650.0,2026-04-17,186819286,142,South Asian Bulls Pvt. Ltd.,Naasa Securities Co. Ltd.,2026-04-17 12:17:27.496729,Kumari Bank Limited
2026041701016123,KBL,45,58,160,225.5,36080.0,2026-04-17,186819288,142,Imperial Securities Company Pvt. Ltd.,Naasa Securities Co. Ltd.,2026-04-17 12:17:27.497134,Kumari Bank Limited
2026041701016124,KBL,45,58,800,225.4,180320.0,2026-04-17,186819290,142,Imperial Securities Company Pvt. Ltd.,Naasa Securities Co. Ltd.,2026-04-17 12:17:27.497496,Kumari Bank Limited
2026041701016125,KBL,48,58,200,225.4,45080.0,2026-04-17,186819292,142,Trishakti Securities Public Limited,Naasa Securities Co. Ltd.,2026-04-17 12:17:27.497865,Kumari Bank Limited
2026041701016126,KBL,4,58,1000,225.4,225400.0,2026-04-17,186819294,142,Opal Securities Investment (PVT) Ltd.,Naasa Securities Co. Ltd.,2026-04-17 12:17:27.498247,Kumari Bank Limited
2026041701016127,KBL,57,58,500,225.4,112700.0,2026-04-17,186819296,142,Aryatara Investment & Securities,Naasa Securities Co. Ltd.,2026-04-17 12:17:27.498602,Kumari Bank Limited
2026041701016128,KBL,50,58,200,225.4,45080.0,2026-04-17,186819298,142,Cristal Kanchanjanga Securites Pvt. Ltd.,Naasa Securities Co. Ltd.,2026-04-17 12:17:27.498956,Kumari Bank Limited
2026041701016129,KBL,6,58,100,225.1,22510.0,2026-04-17,186819300,142,Agrawal Securities (PVT) Ltd.,Naasa Securities Co. Ltd.,2026-04-17 12:17:27.499342,Kumari Bank Limited
2026041701016130,KBL,94,58,1000,225.1,225100.0,2026-04-17,186819302,142,K.B.L. Securities Limited ,Naasa Securities Co. Ltd.,2026-04-17 12:17:27.499573,Kumari Bank Limited
2026041701016131,KBL,38,58,50,225.1,11255.0,2026-04-17,186819304,142,Dipshikha Dhitopatra Karobar Co. Pvt Ltd.,Naasa Securities Co. Ltd.,2026-04-17 12:17:27.499698,Kumari Bank Limited
2026041701016132,KBL,60,58,500,225.0,112500.0,2026-04-17,186819306,142,Nagarik Stock Dealer ,Naasa Securities Co. Ltd.,2026-04-17 12:17:27.499825,Kumari Bank Limited
2026041701016133,KBL,4,58,100,225.0,22500.0,2026-04-17,186819308,142,Opal Securities Investment (PVT) Ltd.,Naasa Securities Co. Ltd.,2026-04-17 12:17:27.499952,Kumari Bank Limited
2026041701016134,KBL,14,58,1000,225.0,225000.0,2026-04-17,186819310,142,Nepal Stock House (PVT) Ltd.,Naasa Securities Co. Ltd.,2026-04-17 12:17:27.500107,Kumari Bank Limited
2026041701016135,KBL,48,58,25000,225.0,5625000.0,2026-04-17,186819312,142,Trishakti Securities Public Limited,Naasa Securities Co. Ltd.,2026-04-17 12:17:27.500233,Kumari Bank Limited
2026041701016136,KBL,48,58,25000,225.0,5625000.0,2026-04-17,186819314,142,Trishakti Securities Public Limited,Naasa Securities Co. Ltd.,2026-04-17 12:17:27.500355,Kumari Bank Limited
2026041701016137,KBL,33,58,50,225.0,11250.0,2026-04-17,186819316,142,Dakshinkali Investment & Securities Pvt. Ltd.,Naasa Securities Co. Ltd.,2026-04-17 12:17:27.500496,Kumari Bank Limited
2026041701016138,KBL,57,58,2000,225.0,450000.0,2026-04-17,186819318,142,Aryatara Investment & Securities,Naasa Securities Co. Ltd.,2026-04-17 12:17:27.500618,Kumari Bank Limited
2026041701016139,KBL,29,58,500,225.0,112500.0,2026-04-17,186819320,142,Trisul Securities & Invt. Ltd.,Naasa Securities Co. Ltd.,2026-04-17 12:17:27.500738,Kumari Bank Limited
2026041701016140,KBL,1,58,1000,225.0,225000.0,2026-04-17,186819322,142,Kumari Securities Private Limited,Naasa Securities Co. Ltd.,2026-04-17 12:17:27.500854,Kumari Bank Limited
2026041701016141,KBL,49,58,500,225.0,112500.0,2026-04-17,186819324,142,Online Securities Pvt. Ltd.,Naasa Securities Co. Ltd.,2026-04-17 12:17:27.500970,Kumari Bank Limited
2026041701016142,KBL,58,58,50,225.0,11250.0,2026-04-17,186819326,142,Naasa Securities Co. Ltd.,Naasa Securities Co. Ltd.,2026-04-17 12:17:27.501094,Kumari Bank Limited
2026041701016143,KBL,33,58,200,225.0,45000.0,2026-04-17,186819328,142,Dakshinkali Investment & Securities Pvt. Ltd.,Naasa Securities Co. Ltd.,2026-04-17 12:17:27.501213,Kumari Bank Limited
2026041701016144,KBL,1,58,500,225.0,112500.0,2026-04-17,186819330,142,Kumari Securities Private Limited,Naasa Securities Co. Ltd.,2026-04-17 12:17:27.501330,Kumari Bank Limited
2026041701016145,KBL,58,58,200,225.0,45000.0,2026-04-17,186819332,142,Naasa Securities Co. Ltd.,Naasa Securities Co. Ltd.,2026-04-17 12:17:27.501445,Kumari Bank Limited
2026041701016146,KBL,50,58,50,225.0,11250.0,2026-04-17,186819334,142,Cristal Kanchanjanga Securites Pvt. Ltd.,Naasa Securities Co. Ltd.,2026-04-17 12:17:27.501558,Kumari Bank Limited
2026041701016147,KBL,10,58,500,225.0,112500.0,2026-04-17,186819336,142,Pragyan Securities (PVT) Ltd.,Naasa Securities Co. Ltd.,2026-04-17 12:17:27.501671,Kumari Bank Limited
2026041701016148,KBL,49,58,500,225.0,112500.0,2026-04-17,186819338,142,Online Securities Pvt. Ltd.,Naasa Securities Co. Ltd.,2026-04-17 12:17:27.501892,Kumari Bank Limited
2026041701016149,KBL,18,58,50,225.0,11250.0,2026-04-17,186819340,142,Sagarmatha Securities Private Limited,Naasa Securities Co. Ltd.,2026-04-17 12:17:27.502005,Kumari Bank Limited
2026041701016150,KBL,57,58,10,225.0,2250.0,2026-04-17,186819342,142,Aryatara Investment & Securities,Naasa Securities Co. Ltd.,2026-04-17 12:17:27.502127,Kumari Bank Limited
2026041701016151,KBL,68,58,100,225.0,22500.0,2026-04-17,186819344,142,Elite Stock House Limited,Naasa Securities Co. Ltd.,2026-04-17 12:17:27.502239,Kumari Bank Limited
2026041701016152,KBL,69,58,200,225.0,45000.0,2026-04-17,186819346,142,INDEX SECURITIES LIMITED,Naasa Securities Co. Ltd.,2026-04-17 12:17:27.502375,Kumari Bank Limited
2026041701016153,KBL,25,58,442,225.0,99450.0,2026-04-17,186819348,142,Sweta Securities Private Limited,Naasa Securities Co. Ltd.,2026-04-17 12:17:27.502487,Kumari Bank Limited
2026041701016154,KBL,48,58,100,225.0,22500.0,2026-04-17,186819350,142,Trishakti Securities Public Limited,Naasa Securities Co. Ltd.,2026-04-17 12:17:27.502598,Kumari Bank Limited
2026041701016155,KBL,43,58,100,225.0,22500.0,2026-04-17,186819352,142,South Asian Bulls Pvt. Ltd.,Naasa Securities Co. Ltd.,2026-04-17 12:17:27.502710,Kumari Bank Limited
2026041701016156,KBL,34,58,500,225.0,112500.0,2026-04-17,186819354,142,Vision Securities Pvt. Ltd,Naasa Securities Co. Ltd.,2026-04-17 12:17:27.502831,Kumari Bank Limited
2026041701016157,KBL,58,58,20,225.0,4500.0,2026-04-17,186819356,142,Naasa Securities Co. Ltd.,Naasa Securities Co. Ltd.,2026-04-17 12:17:27.502941,Kumari Bank Limited
2026041701016158,KBL,13,58,500,225.0,112500.0,2026-04-17,186819358,142,Thrive Brokerage House Pvt. Ltd,Naasa Securities Co. Ltd.,2026-04-17 12:17:27.503055,Kumari Bank Limited
2026041701016159,KBL,44,58,20,225.0,4500.0,2026-04-17,186819360,142,Dynamic Money Managers Securities Pvt. Ltd.,Naasa Securities Co. Ltd.,2026-04-17 12:17:27.503167,Kumari Bank Limited
2026041701016160,KBL,58,58,50,225.0,11250.0,2026-04-17,186819362,142,Naasa Securities Co. Ltd.,Naasa Securities Co. Ltd.,2026-04-17 12:17:27.503273,Kumari Bank Limited
2026041701016161,KBL,39,58,100,225.0,22500.0,2026-04-17,186819364,142,Sumeru Securities Pvt. Ltd.,Naasa Securities Co. Ltd.,2026-04-17 12:17:27.503383,Kumari Bank Limited
2026041701016162,KBL,96,58,4000,225.0,900000.0,2026-04-17,186819366,142,Himalayan Securities Limited,Naasa Securities Co. Ltd.,2026-04-17 12:17:27.503494,Kumari Bank Limited
2026041701016163,KBL,7,58,50,225.0,11250.0,2026-04-17,186819368,142,J.F. Securites (PVT) Ltd.,Naasa Securities Co. Ltd.,2026-04-17 12:17:27.503598,Kumari Bank Limited
2026041701016164,KBL,32,58,10000,225.0,2250000.0,2026-04-17,186819370,142,Premier Securities Company Ltd.,Naasa Securities Co. Ltd.,2026-04-17 12:17:27.503703,Kumari Bank Limited
2026041701016165,KBL,48,58,1325,225.0,298125.0,2026-04-17,186819372,142,Trishakti Securities Public Limited,Naasa Securities Co. Ltd.,2026-04-17 12:17:27.503811,Kumari Bank Limited
2026041701016166,KBL,45,58,90,225.0,20250.0,2026-04-17,186819374,142,Imperial Securities Company Pvt. Ltd.,Naasa Securities Co. Ltd.,2026-04-17 12:17:27.503925,Kumari Bank Limited
2026041701016167,KBL,42,58,200,225.0,45000.0,2026-04-17,186819376,142,Sani Securities Company Ltd.,Naasa Securities Co. Ltd.,2026-04-17 12:17:27.504034,Kumari Bank Limited
2026041701016168,KBL,6,58,5000,225.0,1125000.0,2026-04-17,186819378,142,Agrawal Securities (PVT) Ltd.,Naasa Securities Co. Ltd.,2026-04-17 12:17:27.504141,Kumari Bank Limited
2026041701016170,KBL,35,58,10,225.0,2250.0,2026-04-17,186819386,142,Kohinoor Investment & Securities Pvt. Ltd.,Naasa Securities Co. Ltd.,2026-04-17 12:17:28.422781,Kumari Bank Limited
2026041701016240,KBL,32,58,1000,225.0,225000.0,2026-04-17,186819640,142,Premier Securities Company Ltd.,Naasa Securities Co. Ltd.,2026-04-17 12:17:58.939842,Kumari Bank Limited
2026041701016344,KBL,32,58,1000,225.0,225000.0,2026-04-17,186819966,142,Premier Securities Company Ltd.,Naasa Securities Co. Ltd.,2026-04-17 12:18:11.636659,Kumari Bank Limited
2026041701016405,KBL,62,58,100,225.0,22500.0,2026-04-17,186820120,142,Capital Max Securities Ltd,Naasa Securities Co. Ltd.,2026-04-17 12:18:15.768754,Kumari Bank Limited
2026041701016412,KBL,37,58,1575,225.0,354375.0,2026-04-17,186820141,142,Swarna Laxmi Securities Pvt. Ltd.,Naasa Securities Co. Ltd.,2026-04-17 12:18:18.745558,Kumari Bank Limited
2026041701016413,KBL,37,57,177,225.0,39825.0,2026-04-17,186820143,142,Swarna Laxmi Securities Pvt. Ltd.,Aryatara Investment & Securities,2026-04-17 12:18:18.746062,Kumari Bank Limited
2026041701016440,KBL,37,16,200,225.0,45000.0,2026-04-17,186820227,142,Swarna Laxmi Securities Pvt. Ltd.,Primo Securities (PVT) Ltd.,2026-04-17 12:18:23.201287,Kumari Bank Limited
2026041701016443,KBL,37,86,100,225.0,22500.0,2026-04-17,186820233,142,Swarna Laxmi Securities Pvt. Ltd.,Stoxkarts Securities Limited,2026-04-17 12:18:24.290362,Kumari Bank Limited
2026041701016718,KBL,21,58,10,225.3,2253.0,2026-04-17,186821490,142,Midas Stock Broking Company Private Limited,Naasa Securities Co. Ltd.,2026-04-17 12:19:37.630367,Kumari Bank Limited
2026041701016719,KBL,58,58,20,225.2,4504.0,2026-04-17,186821492,142,Naasa Securities Co. Ltd.,Naasa Securities Co. Ltd.,2026-04-17 12:19:37.630630,Kumari Bank Limited
2026041701016720,KBL,54,58,80,225.2,18016.0,2026-04-17,186821494,142,Sewa Securities Pvt. Ltd.,Naasa Securities Co. Ltd.,2026-04-17 12:19:37.630957,Kumari Bank Limited
2026041701016721,KBL,45,58,1000,225.2,225200.0,2026-04-17,186821496,142,Imperial Securities Company Pvt. Ltd.,Naasa Securities Co. Ltd.,2026-04-17 12:19:37.631297,Kumari Bank Limited
2026041701016722,KBL,46,58,200,225.1,45020.0,2026-04-17,186821498,142,Kalika Securities Pvt. Ltd.,Naasa Securities Co. Ltd.,2026-04-17 12:19:37.631622,Kumari Bank Limited
2026041701016723,KBL,14,58,200,225.1,45020.0,2026-04-17,186821500,142,Nepal Stock House (PVT) Ltd.,Naasa Securities Co. Ltd.,2026-04-17 12:19:37.631951,Kumari Bank Limited
2026041701016724,KBL,37,58,5948,225.0,1338300.0,2026-04-17,186821502,142,Swarna Laxmi Securities Pvt. Ltd.,Naasa Securities Co. Ltd.,2026-04-17 12:19:37.632304,Kumari Bank Limited
2026041701016741,KBL,1,58,100,225.0,22500.0,2026-04-17,186821598,142,Kumari Securities Private Limited,Naasa Securities Co. Ltd.,2026-04-17 12:19:43.003133,Kumari Bank Limited
2026041701016745,KBL,1,58,1000,225.0,225000.0,2026-04-17,186821608,142,Kumari Securities Private Limited,Naasa Securities Co. Ltd.,2026-04-17 12:19:43.974183,Kumari Bank Limited
2026041701016753,KBL,35,58,100,225.0,22500.0,2026-04-17,186821640,142,Kohinoor Investment & Securities Pvt. Ltd.,Naasa Securities Co. Ltd.,2026-04-17 12:19:45.177676,Kumari Bank Limited
2026041701016757,KBL,41,58,50,225.0,11250.0,2026-04-17,186821662,142,Linch Stock Market Ltd.,Naasa Securities Co. Ltd.,2026-04-17 12:19:46.257673,Kumari Bank Limited
2026041701016772,KBL,38,58,500,225.0,112500.0,2026-04-17,186821738,142,Dipshikha Dhitopatra Karobar Co. Pvt Ltd.,Naasa Securities Co. Ltd.,2026-04-17 12:19:52.068380,Kumari Bank Limited
2026041701016804,KBL,14,58,20,225.0,4500.0,2026-04-17,186821902,142,Nepal Stock House (PVT) Ltd.,Naasa Securities Co. Ltd.,2026-04-17 12:20:08.507931,Kumari Bank Limited
2026041701016823,KBL,58,41,10,224.6,2246.0,2026-04-17,186821958,142,Naasa Securities Co. Ltd.,Linch Stock Market Ltd.,2026-04-17 12:20:14.009839,Kumari Bank Limited
2026041701016898,KBL,82,29,100,224.6,22460.0,2026-04-17,186822299,142,N.M.B. SECURITIES LIMITED,Trisul Securities & Invt. Ltd.,2026-04-17 12:20:39.071984,Kumari Bank Limited
2026041701016925,KBL,1,58,100,224.7,22470.0,2026-04-17,186822426,142,Kumari Securities Private Limited,Naasa Securities Co. Ltd.,2026-04-17 12:20:50.536932,Kumari Bank Limited
2026041701016926,KBL,82,58,50,224.6,11230.0,2026-04-17,186822427,142,N.M.B. SECURITIES LIMITED,Naasa Securities Co. Ltd.,2026-04-17 12:20:50.537550,Kumari Bank Limited
2026041701016971,KBL,13,36,50,224.7,11235.0,2026-04-17,186822642,142,Thrive Brokerage House Pvt. Ltd,Secured Securities Ltd.,2026-04-17 12:21:06.404897,Kumari Bank Limited
2026041701016972,KBL,82,36,200,224.6,44920.0,2026-04-17,186822643,142,N.M.B. SECURITIES LIMITED,Secured Securities Ltd.,2026-04-17 12:21:06.405450,Kumari Bank Limited
2026041701017013,KBL,21,58,1000,224.9,224900.0,2026-04-17,186822792,142,Midas Stock Broking Company Private Limited,Naasa Securities Co. Ltd.,2026-04-17 12:21:19.336019,Kumari Bank Limited
2026041701017023,KBL,82,49,650,224.6,145990.0,2026-04-17,186822852,142,N.M.B. SECURITIES LIMITED,Online Securities Pvt. Ltd.,2026-04-17 12:21:27.428045,Kumari Bank Limited
2026041701017024,KBL,44,49,200,224.5,44900.0,2026-04-17,186822854,142,Dynamic Money Managers Securities Pvt. Ltd.,Online Securities Pvt. Ltd.,2026-04-17 12:21:27.428622,Kumari Bank Limited
2026041701017025,KBL,16,49,50,224.5,11225.0,2026-04-17,186822856,142,Primo Securities (PVT) Ltd.,Online Securities Pvt. Ltd.,2026-04-17 12:21:27.428997,Kumari Bank Limited
2026041701017026,KBL,57,49,1893,224.5,424978.5,2026-04-17,186822857,142,Aryatara Investment & Securities,Online Securities Pvt. Ltd.,2026-04-17 12:21:27.429381,Kumari Bank Limited
2026041701017040,KBL,62,21,1000,224.8,224800.0,2026-04-17,186823011,142,Capital Max Securities Ltd,Midas Stock Broking Company Private Limited,2026-04-17 12:21:42.254104,Kumari Bank Limited
2026041701017058,KBL,3,21,83,224.8,18658.4,2026-04-17,186823093,142,Arun Securities (PVT) Ltd.,Midas Stock Broking Company Private Limited,2026-04-17 12:21:49.061478,Kumari Bank Limited
2026041701017082,KBL,32,58,1000,224.9,224900.0,2026-04-17,186823188,142,Premier Securities Company Ltd.,Naasa Securities Co. Ltd.,2026-04-17 12:22:00.127384,Kumari Bank Limited
2026041701017083,KBL,38,58,200,224.9,44980.0,2026-04-17,186823192,142,Dipshikha Dhitopatra Karobar Co. Pvt Ltd.,Naasa Securities Co. Ltd.,2026-04-17 12:22:00.227898,Kumari Bank Limited
2026041701017108,KBL,32,58,240,224.9,53976.0,2026-04-17,186823317,142,Premier Securities Company Ltd.,Naasa Securities Co. Ltd.,2026-04-17 12:22:09.711190,Kumari Bank Limited
2026041701017109,KBL,32,34,500,224.9,112450.0,2026-04-17,186823319,142,Premier Securities Company Ltd.,Vision Securities Pvt. Ltd,2026-04-17 12:22:09.711484,Kumari Bank Limited
2026041701017127,KBL,32,7,260,224.9,58474.0,2026-04-17,186823398,142,Premier Securities Company Ltd.,J.F. Securites (PVT) Ltd.,2026-04-17 12:22:17.859732,Kumari Bank Limited
2026041701017128,KBL,38,7,32,224.9,7196.8,2026-04-17,186823399,142,Dipshikha Dhitopatra Karobar Co. Pvt Ltd.,J.F. Securites (PVT) Ltd.,2026-04-17 12:22:17.860316,Kumari Bank Limited
2026041701017210,KBL,56,58,100,225.0,22500.0,2026-04-17,186823596,142,Sri Hari Securities Pvt. Ltd.,Naasa Securities Co. Ltd.,2026-04-17 12:22:29.202083,Kumari Bank Limited
2026041701017217,KBL,14,58,1000,225.0,225000.0,2026-04-17,186823618,142,Nepal Stock House (PVT) Ltd.,Naasa Securities Co. Ltd.,2026-04-17 12:22:30.594742,Kumari Bank Limited
2026041701017256,KBL,38,49,200,224.9,44980.0,2026-04-17,186823751,142,Dipshikha Dhitopatra Karobar Co. Pvt Ltd.,Online Securities Pvt. Ltd.,2026-04-17 12:22:41.852440,Kumari Bank Limited
2026041701017338,KBL,32,58,1000,225.0,225000.0,2026-04-17,186824156,142,Premier Securities Company Ltd.,Naasa Securities Co. Ltd.,2026-04-17 12:23:10.824310,Kumari Bank Limited
2026041701017398,KBL,42,58,50,225.0,11250.0,2026-04-17,186824324,142,Sani Securities Company Ltd.,Naasa Securities Co. Ltd.,2026-04-17 12:23:15.574998,Kumari Bank Limited
2026041701017404,KBL,57,58,194,225.0,43650.0,2026-04-17,186824344,142,Aryatara Investment & Securities,Naasa Securities Co. Ltd.,2026-04-17 12:23:17.383582,Kumari Bank Limited
2026041701017417,KBL,32,58,924,225.0,207900.0,2026-04-17,186824417,142,Premier Securities Company Ltd.,Naasa Securities Co. Ltd.,2026-04-17 12:23:22.928150,Kumari Bank Limited
2026041701017418,KBL,32,29,76,225.0,17100.0,2026-04-17,186824420,142,Premier Securities Company Ltd.,Trisul Securities & Invt. Ltd.,2026-04-17 12:23:22.928429,Kumari Bank Limited
2026041701017420,KBL,87,29,242,225.0,54450.0,2026-04-17,186824425,142,S.P.S.A. Securities Limited,Trisul Securities & Invt. Ltd.,2026-04-17 12:23:23.458446,Kumari Bank Limited
2026041701017561,KBL,45,16,260,226.0,58760.0,2026-04-17,186825024,142,Imperial Securities Company Pvt. Ltd.,Primo Securities (PVT) Ltd.,2026-04-17 12:24:21.129205,Kumari Bank Limited
2026041701017626,KBL,70,16,40,226.0,9040.0,2026-04-17,186825347,142,Infinity Securities Limited,Primo Securities (PVT) Ltd.,2026-04-17 12:24:46.968929,Kumari Bank Limited
2026041701017627,KBL,70,34,460,226.0,103960.0,2026-04-17,186825350,142,Infinity Securities Limited,Vision Securities Pvt. Ltd,2026-04-17 12:24:46.969665,Kumari Bank Limited
2026041701017674,KBL,43,34,40,226.0,9040.0,2026-04-17,186825559,142,South Asian Bulls Pvt. Ltd.,Vision Securities Pvt. Ltd,2026-04-17 12:25:04.869008,Kumari Bank Limited
2026041701017675,KBL,43,38,10,226.0,2260.0,2026-04-17,186825562,142,South Asian Bulls Pvt. Ltd.,Dipshikha Dhitopatra Karobar Co. Pvt Ltd.,2026-04-17 12:25:04.869689,Kumari Bank Limited
2026041701017681,KBL,38,4,88,225.9,19879.2,2026-04-17,186825607,142,Dipshikha Dhitopatra Karobar Co. Pvt Ltd.,Opal Securities Investment (PVT) Ltd.,2026-04-17 12:25:06.779440,Kumari Bank Limited
2026041701017682,KBL,38,38,40,226.0,9040.0,2026-04-17,186825609,142,Dipshikha Dhitopatra Karobar Co. Pvt Ltd.,Dipshikha Dhitopatra Karobar Co. Pvt Ltd.,2026-04-17 12:25:06.779740,Kumari Bank Limited
2026041701017683,KBL,38,14,262,226.0,59212.0,2026-04-17,186825612,142,Dipshikha Dhitopatra Karobar Co. Pvt Ltd.,Nepal Stock House (PVT) Ltd.,2026-04-17 12:25:06.779871,Kumari Bank Limited
2026041701017688,KBL,58,14,38,226.0,8588.0,2026-04-17,186825627,142,Naasa Securities Co. Ltd.,Nepal Stock House (PVT) Ltd.,2026-04-17 12:25:09.929736,Kumari Bank Limited
2026041701017722,KBL,58,58,10,226.0,2260.0,2026-04-17,186825777,142,Naasa Securities Co. Ltd.,Naasa Securities Co. Ltd.,2026-04-17 12:25:26.519449,Kumari Bank Limited
2026041701017863,KBL,22,7,200,226.5,45300.0,2026-04-17,186826494,142,Siprabi Securities Pvt. Ltd.,J.F. Securites (PVT) Ltd.,2026-04-17 12:26:29.428897,Kumari Bank Limited
2026041701017940,KBL,76,49,1000,226.8,226800.0,2026-04-17,186826730,142,Machhapuchchhre Securities Limited,Online Securities Pvt. Ltd.,2026-04-17 12:26:49.996708,Kumari Bank Limited
2026041701017977,KBL,58,42,152,226.0,34352.0,2026-04-17,186826894,142,Naasa Securities Co. Ltd.,Sani Securities Company Ltd.,2026-04-17 12:26:59.259779,Kumari Bank Limited
2026041701017978,KBL,42,42,10,226.0,2260.0,2026-04-17,186826896,142,Sani Securities Company Ltd.,Sani Securities Company Ltd.,2026-04-17 12:26:59.260090,Kumari Bank Limited
2026041701017979,KBL,7,42,100,226.0,22600.0,2026-04-17,186826898,142,J.F. Securites (PVT) Ltd.,Sani Securities Company Ltd.,2026-04-17 12:26:59.260244,Kumari Bank Limited
2026041701017980,KBL,45,42,188,226.0,42488.0,2026-04-17,186826899,142,Imperial Securities Company Pvt. Ltd.,Sani Securities Company Ltd.,2026-04-17 12:26:59.260379,Kumari Bank Limited
2026041701018183,KBL,65,34,200,227.0,45400.0,2026-04-17,186827757,142,Sharepro Securities Private Limited,Vision Securities Pvt. Ltd,2026-04-17 12:28:19.420161,Kumari Bank Limited
2026041701018184,KBL,65,48,500,227.0,113500.0,2026-04-17,186827759,142,Sharepro Securities Private Limited,Trishakti Securities Public Limited,2026-04-17 12:28:19.420769,Kumari Bank Limited
2026041701018185,KBL,65,34,200,227.0,45400.0,2026-04-17,186827761,142,Sharepro Securities Private Limited,Vision Securities Pvt. Ltd,2026-04-17 12:28:19.421202,Kumari Bank Limited
2026041701018186,KBL,65,38,25,227.0,5675.0,2026-04-17,186827763,142,Sharepro Securities Private Limited,Dipshikha Dhitopatra Karobar Co. Pvt Ltd.,2026-04-17 12:28:19.421610,Kumari Bank Limited
2026041701018187,KBL,65,54,130,227.0,29510.0,2026-04-17,186827765,142,Sharepro Securities Private Limited,Sewa Securities Pvt. Ltd.,2026-04-17 12:28:19.422035,Kumari Bank Limited
2026041701018188,KBL,65,32,420,227.7,95634.0,2026-04-17,186827767,142,Sharepro Securities Private Limited,Premier Securities Company Ltd.,2026-04-17 12:28:19.422462,Kumari Bank Limited
2026041701018189,KBL,65,35,100,227.8,22780.0,2026-04-17,186827769,142,Sharepro Securities Private Limited,Kohinoor Investment & Securities Pvt. Ltd.,2026-04-17 12:28:19.422850,Kumari Bank Limited
2026041701018190,KBL,65,59,80,228.0,18240.0,2026-04-17,186827771,142,Sharepro Securities Private Limited,Deevyaa Securities & Stock House Pvt. Ltd,2026-04-17 12:28:19.423276,Kumari Bank Limited
2026041701018191,KBL,65,13,50,228.0,11400.0,2026-04-17,186827773,142,Sharepro Securities Private Limited,Thrive Brokerage House Pvt. Ltd,2026-04-17 12:28:19.423687,Kumari Bank Limited
2026041701018192,KBL,65,34,200,228.0,45600.0,2026-04-17,186827775,142,Sharepro Securities Private Limited,Vision Securities Pvt. Ltd,2026-04-17 12:28:19.424106,Kumari Bank Limited
2026041701018193,KBL,65,80,600,228.0,136800.0,2026-04-17,186827777,142,Sharepro Securities Private Limited,Indira securities pvt. ltd,2026-04-17 12:28:19.424513,Kumari Bank Limited
2026041701018194,KBL,65,62,1000,228.0,228000.0,2026-04-17,186827779,142,Sharepro Securities Private Limited,Capital Max Securities Ltd,2026-04-17 12:28:19.424906,Kumari Bank Limited
2026041701018195,KBL,65,37,200,228.0,45600.0,2026-04-17,186827781,142,Sharepro Securities Private Limited,Swarna Laxmi Securities Pvt. Ltd.,2026-04-17 12:28:19.425323,Kumari Bank Limited
2026041701018355,KBL,65,38,310,228.0,70680.0,2026-04-17,186828435,142,Sharepro Securities Private Limited,Dipshikha Dhitopatra Karobar Co. Pvt Ltd.,2026-04-17 12:29:12.728014,Kumari Bank Limited
2026041701018369,KBL,65,41,250,228.0,57000.0,2026-04-17,186828511,142,Sharepro Securities Private Limited,Linch Stock Market Ltd.,2026-04-17 12:29:21.401598,Kumari Bank Limited
2026041701018436,KBL,65,54,735,228.0,167580.0,2026-04-17,186828758,142,Sharepro Securities Private Limited,Sewa Securities Pvt. Ltd.,2026-04-17 12:29:40.224544,Kumari Bank Limited
2026041701018548,KBL,25,54,10,228.0,2280.0,2026-04-17,186829164,142,Sweta Securities Private Limited,Sewa Securities Pvt. Ltd.,2026-04-17 12:30:15.557359,Kumari Bank Limited
2026041701018671,KBL,26,42,700,227.0,158900.0,2026-04-17,186829701,142,Asian Securities Private Ltd.,Sani Securities Company Ltd.,2026-04-17 12:30:57.851029,Kumari Bank Limited
2026041701018795,KBL,45,47,10,227.9,2279.0,2026-04-17,186830011,142,Imperial Securities Company Pvt. Ltd.,Neev Securities Pvt. Ltd.,2026-04-17 12:31:21.611438,Kumari Bank Limited
2026041701018968,KBL,26,81,50,227.0,11350.0,2026-04-17,186830581,142,Asian Securities Private Ltd.,Aakashbhairab Securities Ltd.,2026-04-17 12:31:59.901231,Kumari Bank Limited
2026041701019246,KBL,38,28,25,227.8,5695.0,2026-04-17,186831770,142,Dipshikha Dhitopatra Karobar Co. Pvt Ltd.,Shree Krishna Securities Ltd.,2026-04-17 12:33:17.521866,Kumari Bank Limited
2026041701019424,KBL,53,34,1000,227.1,227100.0,2026-04-17,186832486,142,Investment Management Nepal Pvt. Ltd.,Vision Securities Pvt. Ltd,2026-04-17 12:34:08.820497,Kumari Bank Limited
2026041701019425,KBL,26,34,250,227.0,56750.0,2026-04-17,186832488,142,Asian Securities Private Ltd.,Vision Securities Pvt. Ltd,2026-04-17 12:34:08.820924,Kumari Bank Limited
2026041701019426,KBL,7,34,50,227.0,11350.0,2026-04-17,186832490,142,J.F. Securites (PVT) Ltd.,Vision Securities Pvt. Ltd,2026-04-17 12:34:08.821380,Kumari Bank Limited
2026041701019427,KBL,58,34,160,227.0,36320.0,2026-04-17,186832491,142,Naasa Securities Co. Ltd.,Vision Securities Pvt. Ltd,2026-04-17 12:34:08.821813,Kumari Bank Limited
2026041701019805,KBL,58,42,10,227.2,2272.0,2026-04-17,186834095,142,Naasa Securities Co. Ltd.,Sani Securities Company Ltd.,2026-04-17 12:36:30.772933,Kumari Bank Limited
2026041701019819,KBL,38,58,26,227.5,5915.0,2026-04-17,186834175,142,Dipshikha Dhitopatra Karobar Co. Pvt Ltd.,Naasa Securities Co. Ltd.,2026-04-17 12:36:39.925353,Kumari Bank Limited
2026041701019820,KBL,38,28,25,227.8,5695.0,2026-04-17,186834177,142,Dipshikha Dhitopatra Karobar Co. Pvt Ltd.,Shree Krishna Securities Ltd.,2026-04-17 12:36:39.926021,Kumari Bank Limited
2026041701019821,KBL,38,54,655,227.8,149209.0,2026-04-17,186834179,142,Dipshikha Dhitopatra Karobar Co. Pvt Ltd.,Sewa Securities Pvt. Ltd.,2026-04-17 12:36:39.926499,Kumari Bank Limited
2026041701019822,KBL,38,21,794,227.9,180952.6,2026-04-17,186834184,142,Dipshikha Dhitopatra Karobar Co. Pvt Ltd.,Midas Stock Broking Company Private Limited,2026-04-17 12:36:39.926929,Kumari Bank Limited
2026041701019870,KBL,54,34,200,227.2,45440.0,2026-04-17,186834406,142,Sewa Securities Pvt. Ltd.,Vision Securities Pvt. Ltd,2026-04-17 12:37:03.409340,Kumari Bank Limited
2026041701019871,KBL,38,34,360,227.1,81756.0,2026-04-17,186834407,142,Dipshikha Dhitopatra Karobar Co. Pvt Ltd.,Vision Securities Pvt. Ltd,2026-04-17 12:37:03.410207,Kumari Bank Limited
2026041701019885,KBL,38,21,206,227.9,46947.4,2026-04-17,186834447,142,Dipshikha Dhitopatra Karobar Co. Pvt Ltd.,Midas Stock Broking Company Private Limited,2026-04-17 12:37:05.201727,Kumari Bank Limited
2026041701019886,KBL,38,34,44,228.0,10032.0,2026-04-17,186834450,142,Dipshikha Dhitopatra Karobar Co. Pvt Ltd.,Vision Securities Pvt. Ltd,2026-04-17 12:37:05.202461,Kumari Bank Limited
2026041701019939,KBL,32,34,106,228.0,24168.0,2026-04-17,186834705,142,Premier Securities Company Ltd.,Vision Securities Pvt. Ltd,2026-04-17 12:37:27.956144,Kumari Bank Limited
2026041701019949,KBL,6,58,300,228.5,68550.0,2026-04-17,186834748,142,Agrawal Securities (PVT) Ltd.,Naasa Securities Co. Ltd.,2026-04-17 12:37:33.035693,Kumari Bank Limited
2026041701020242,KBL,32,42,194,228.0,44232.0,2026-04-17,186835990,142,Premier Securities Company Ltd.,Sani Securities Company Ltd.,2026-04-17 12:39:24.603814,Kumari Bank Limited
2026041701020243,KBL,58,42,306,228.0,69768.0,2026-04-17,186835991,142,Naasa Securities Co. Ltd.,Sani Securities Company Ltd.,2026-04-17 12:39:24.604568,Kumari Bank Limited
2026041701020278,KBL,58,1,100,228.0,22800.0,2026-04-17,186836147,142,Naasa Securities Co. Ltd.,Kumari Securities Private Limited,2026-04-17 12:39:41.676890,Kumari Bank Limited
2026041701020290,KBL,34,58,500,228.5,114250.0,2026-04-17,186836226,142,Vision Securities Pvt. Ltd,Naasa Securities Co. Ltd.,2026-04-17 12:39:53.180677,Kumari Bank Limited
2026041701020479,KBL,45,74,50,228.1,11405.0,2026-04-17,186836946,142,Imperial Securities Company Pvt. Ltd.,KALASH STOCK MARKET PVT. LTD.,2026-04-17 12:41:06.450582,Kumari Bank Limited
2026041701020480,KBL,58,74,304,228.0,69312.0,2026-04-17,186836948,142,Naasa Securities Co. Ltd.,KALASH STOCK MARKET PVT. LTD.,2026-04-17 12:41:06.450946,Kumari Bank Limited
2026041701020481,KBL,51,74,42,228.0,9576.0,2026-04-17,186836950,142,Oxford Securities Pvt. Ltd.,KALASH STOCK MARKET PVT. LTD.,2026-04-17 12:41:06.451115,Kumari Bank Limited
2026041701020482,KBL,35,74,50,228.0,11400.0,2026-04-17,186836952,142,Kohinoor Investment & Securities Pvt. Ltd.,KALASH STOCK MARKET PVT. LTD.,2026-04-17 12:41:06.451271,Kumari Bank Limited
2026041701020483,KBL,38,74,640,227.1,145344.0,2026-04-17,186836954,142,Dipshikha Dhitopatra Karobar Co. Pvt Ltd.,KALASH STOCK MARKET PVT. LTD.,2026-04-17 12:41:06.451428,Kumari Bank Limited
2026041701020484,KBL,13,74,500,227.0,113500.0,2026-04-17,186836956,142,Thrive Brokerage House Pvt. Ltd,KALASH STOCK MARKET PVT. LTD.,2026-04-17 12:41:06.451579,Kumari Bank Limited
2026041701020485,KBL,42,74,85,227.0,19295.0,2026-04-17,186836958,142,Sani Securities Company Ltd.,KALASH STOCK MARKET PVT. LTD.,2026-04-17 12:41:06.451733,Kumari Bank Limited
2026041701020486,KBL,7,74,300,227.0,68100.0,2026-04-17,186836960,142,J.F. Securites (PVT) Ltd.,KALASH STOCK MARKET PVT. LTD.,2026-04-17 12:41:06.451891,Kumari Bank Limited
2026041701020487,KBL,52,74,29,227.0,6583.0,2026-04-17,186836961,142,Sundhara Securities Limited,KALASH STOCK MARKET PVT. LTD.,2026-04-17 12:41:06.452048,Kumari Bank Limited
2026041701020586,KBL,38,1,400,228.2,91280.0,2026-04-17,186837371,142,Dipshikha Dhitopatra Karobar Co. Pvt Ltd.,Kumari Securities Private Limited,2026-04-17 12:41:44.326647,Kumari Bank Limited
2026041701020916,KBL,38,71,210,228.2,47922.0,2026-04-17,186838573,142,Dipshikha Dhitopatra Karobar Co. Pvt Ltd.,SHUBHAKAMANA SECURITIES PVT. LTD,2026-04-17 12:43:28.095668,Kumari Bank Limited
2026041701020953,KBL,4,58,200,228.3,45660.0,2026-04-17,186838683,142,Opal Securities Investment (PVT) Ltd.,Naasa Securities Co. Ltd.,2026-04-17 12:43:42.146715,Kumari Bank Limited
2026041701020954,KBL,4,58,300,228.3,68490.0,2026-04-17,186838686,142,Opal Securities Investment (PVT) Ltd.,Naasa Securities Co. Ltd.,2026-04-17 12:43:42.147452,Kumari Bank Limited
2026041701020962,KBL,1,58,400,228.3,91320.0,2026-04-17,186838757,142,Kumari Securities Private Limited,Naasa Securities Co. Ltd.,2026-04-17 12:43:44.548830,Kumari Bank Limited
2026041701020963,KBL,1,58,1700,228.3,388110.0,2026-04-17,186838760,142,Kumari Securities Private Limited,Naasa Securities Co. Ltd.,2026-04-17 12:43:44.549227,Kumari Bank Limited
2026041701020969,KBL,38,34,390,228.2,88998.0,2026-04-17,186838825,142,Dipshikha Dhitopatra Karobar Co. Pvt Ltd.,Vision Securities Pvt. Ltd,2026-04-17 12:43:49.322154,Kumari Bank Limited
2026041701020989,KBL,42,4,35,228.0,7980.0,2026-04-17,186838920,142,Sani Securities Company Ltd.,Opal Securities Investment (PVT) Ltd.,2026-04-17 12:43:58.503570,Kumari Bank Limited
2026041701020990,KBL,52,4,71,227.0,16117.0,2026-04-17,186838922,142,Sundhara Securities Limited,Opal Securities Investment (PVT) Ltd.,2026-04-17 12:43:58.503901,Kumari Bank Limited
2026041701020991,KBL,35,4,200,227.0,45400.0,2026-04-17,186838924,142,Kohinoor Investment & Securities Pvt. Ltd.,Opal Securities Investment (PVT) Ltd.,2026-04-17 12:43:58.504077,Kumari Bank Limited
2026041701020992,KBL,62,4,30,227.0,6810.0,2026-04-17,186838926,142,Capital Max Securities Ltd,Opal Securities Investment (PVT) Ltd.,2026-04-17 12:43:58.504241,Kumari Bank Limited
2026041701020993,KBL,58,4,22,227.0,4994.0,2026-04-17,186838928,142,Naasa Securities Co. Ltd.,Opal Securities Investment (PVT) Ltd.,2026-04-17 12:43:58.504398,Kumari Bank Limited
2026041701021039,KBL,5,4,161,227.0,36547.0,2026-04-17,186839107,142,Market Securities & Exchange (PVT) Ltd.,Opal Securities Investment (PVT) Ltd.,2026-04-17 12:44:15.380999,Kumari Bank Limited
2026041701021294,KBL,38,58,250,228.2,57050.0,2026-04-17,186840304,142,Dipshikha Dhitopatra Karobar Co. Pvt Ltd.,Naasa Securities Co. Ltd.,2026-04-17 12:46:11.771134,Kumari Bank Limited
2026041701021392,KBL,66,58,50,228.2,11410.0,2026-04-17,186840761,142,Miyo Securities Pvt Ltd,Naasa Securities Co. Ltd.,2026-04-17 12:46:59.685477,Kumari Bank Limited
2026041701021393,KBL,66,58,300,228.3,68490.0,2026-04-17,186840763,142,Miyo Securities Pvt Ltd,Naasa Securities Co. Ltd.,2026-04-17 12:46:59.685582,Kumari Bank Limited
2026041701021394,KBL,66,29,300,228.3,68490.0,2026-04-17,186840765,142,Miyo Securities Pvt Ltd,Trisul Securities & Invt. Ltd.,2026-04-17 12:46:59.685608,Kumari Bank Limited
2026041701021395,KBL,66,54,2000,228.4,456800.0,2026-04-17,186840767,142,Miyo Securities Pvt Ltd,Sewa Securities Pvt. Ltd.,2026-04-17 12:46:59.685634,Kumari Bank Limited
2026041701021396,KBL,66,58,2350,228.5,536975.0,2026-04-17,186840770,142,Miyo Securities Pvt Ltd,Naasa Securities Co. Ltd.,2026-04-17 12:46:59.685663,Kumari Bank Limited
2026041701021515,KBL,66,58,950,228.5,217075.0,2026-04-17,186841383,142,Miyo Securities Pvt Ltd,Naasa Securities Co. Ltd.,2026-04-17 12:47:55.105793,Kumari Bank Limited
2026041701021516,KBL,66,21,60,228.6,13716.0,2026-04-17,186841385,142,Miyo Securities Pvt Ltd,Midas Stock Broking Company Private Limited,2026-04-17 12:47:55.105894,Kumari Bank Limited
2026041701021517,KBL,66,48,1000,228.9,228900.0,2026-04-17,186841387,142,Miyo Securities Pvt Ltd,Trishakti Securities Public Limited,2026-04-17 12:47:55.106009,Kumari Bank Limited
2026041701021518,KBL,66,16,150,229.0,34350.0,2026-04-17,186841389,142,Miyo Securities Pvt Ltd,Primo Securities (PVT) Ltd.,2026-04-17 12:47:55.106108,Kumari Bank Limited
2026041701021519,KBL,66,7,840,229.0,192360.0,2026-04-17,186841392,142,Miyo Securities Pvt Ltd,J.F. Securites (PVT) Ltd.,2026-04-17 12:47:55.106174,Kumari Bank Limited
2026041701022047,KBL,58,34,10,228.1,2281.0,2026-04-17,186843923,142,Naasa Securities Co. Ltd.,Vision Securities Pvt. Ltd,2026-04-17 12:51:06.885462,Kumari Bank Limited
2026041701022137,KBL,58,34,110,228.1,25091.0,2026-04-17,186844426,142,Naasa Securities Co. Ltd.,Vision Securities Pvt. Ltd,2026-04-17 12:51:47.375827,Kumari Bank Limited
2026041701022138,KBL,45,34,500,228.1,114050.0,2026-04-17,186844428,142,Imperial Securities Company Pvt. Ltd.,Vision Securities Pvt. Ltd,2026-04-17 12:51:47.376205,Kumari Bank Limited
2026041701022139,KBL,32,34,390,228.0,88920.0,2026-04-17,186844429,142,Premier Securities Company Ltd.,Vision Securities Pvt. Ltd,2026-04-17 12:51:47.376377,Kumari Bank Limited
2026041701022151,KBL,32,45,610,228.0,139080.0,2026-04-17,186844548,142,Premier Securities Company Ltd.,Imperial Securities Company Pvt. Ltd.,2026-04-17 12:51:54.024499,Kumari Bank Limited
2026041701022152,KBL,42,45,390,228.0,88920.0,2026-04-17,186844549,142,Sani Securities Company Ltd.,Imperial Securities Company Pvt. Ltd.,2026-04-17 12:51:54.025234,Kumari Bank Limited
2026041701022153,KBL,42,48,450,228.0,102600.0,2026-04-17,186844551,142,Sani Securities Company Ltd.,Trishakti Securities Public Limited,2026-04-17 12:51:54.189278,Kumari Bank Limited
2026041701022157,KBL,42,50,500,228.0,114000.0,2026-04-17,186844605,142,Sani Securities Company Ltd.,Cristal Kanchanjanga Securites Pvt. Ltd.,2026-04-17 12:51:59.282609,Kumari Bank Limited
2026041701022158,KBL,67,41,1,224.6,224.6,2026-04-17,186844607,142,Property Wiard Limited,Linch Stock Market Ltd.,2026-04-17 12:51:59.399566,Kumari Bank Limited
2026041701022181,KBL,42,52,241,228.0,54948.0,2026-04-17,186844771,142,Sani Securities Company Ltd.,Sundhara Securities Limited,2026-04-17 12:52:11.203783,Kumari Bank Limited
2026041701022213,KBL,62,34,100,228.2,22820.0,2026-04-17,186844976,142,Capital Max Securities Ltd,Vision Securities Pvt. Ltd,2026-04-17 12:52:28.072110,Kumari Bank Limited
2026041701022214,KBL,42,34,400,228.0,91200.0,2026-04-17,186844977,142,Sani Securities Company Ltd.,Vision Securities Pvt. Ltd,2026-04-17 12:52:28.072840,Kumari Bank Limited
2026041701022220,KBL,42,1,119,228.0,27132.0,2026-04-17,186845034,142,Sani Securities Company Ltd.,Kumari Securities Private Limited,2026-04-17 12:52:33.157714,Kumari Bank Limited
2026041701022221,KBL,54,1,100,228.0,22800.0,2026-04-17,186845036,142,Sewa Securities Pvt. Ltd.,Kumari Securities Private Limited,2026-04-17 12:52:33.158429,Kumari Bank Limited
2026041701022222,KBL,35,1,47,228.0,10716.0,2026-04-17,186845038,142,Kohinoor Investment & Securities Pvt. Ltd.,Kumari Securities Private Limited,2026-04-17 12:52:33.160614,Kumari Bank Limited
2026041701022267,KBL,49,1,25,228.0,5700.0,2026-04-17,186845380,142,Online Securities Pvt. Ltd.,Kumari Securities Private Limited,2026-04-17 12:52:50.938966,Kumari Bank Limited
2026041701022272,KBL,74,21,90,227.6,20484.0,2026-04-17,186845433,142,KALASH STOCK MARKET PVT. LTD.,Midas Stock Broking Company Private Limited,2026-04-17 12:52:53.781820,Kumari Bank Limited
2026041701022299,KBL,44,45,900,227.9,205110.0,2026-04-17,186845528,142,Dynamic Money Managers Securities Pvt. Ltd.,Imperial Securities Company Pvt. Ltd.,2026-04-17 12:52:56.569897,Kumari Bank Limited
2026041701022417,KBL,74,34,910,227.6,207116.0,2026-04-17,186846259,142,KALASH STOCK MARKET PVT. LTD.,Vision Securities Pvt. Ltd,2026-04-17 12:53:50.525145,Kumari Bank Limited
2026041701022418,KBL,58,34,200,227.5,45500.0,2026-04-17,186846261,142,Naasa Securities Co. Ltd.,Vision Securities Pvt. Ltd,2026-04-17 12:53:50.525506,Kumari Bank Limited
2026041701022419,KBL,68,34,500,227.2,113600.0,2026-04-17,186846263,142,Elite Stock House Limited,Vision Securities Pvt. Ltd,2026-04-17 12:53:50.525682,Kumari Bank Limited
2026041701022420,KBL,68,34,1000,227.2,227200.0,2026-04-17,186846265,142,Elite Stock House Limited,Vision Securities Pvt. Ltd,2026-04-17 12:53:50.525852,Kumari Bank Limited
2026041701022421,KBL,51,34,890,227.1,202119.0,2026-04-17,186846266,142,Oxford Securities Pvt. Ltd.,Vision Securities Pvt. Ltd,2026-04-17 12:53:50.526042,Kumari Bank Limited
2026041701022541,KBL,51,45,2100,227.1,476910.0,2026-04-17,186846859,142,Oxford Securities Pvt. Ltd.,Imperial Securities Company Pvt. Ltd.,2026-04-17 12:54:31.586021,Kumari Bank Limited
2026041701022654,KBL,45,58,300,227.3,68190.0,2026-04-17,186847720,142,Imperial Securities Company Pvt. Ltd.,Naasa Securities Co. Ltd.,2026-04-17 12:55:30.355665,Kumari Bank Limited
2026041701022777,KBL,51,58,10,227.1,2271.0,2026-04-17,186848528,142,Oxford Securities Pvt. Ltd.,Naasa Securities Co. Ltd.,2026-04-17 12:56:37.416216,Kumari Bank Limited
2026041701022778,KBL,38,58,120,227.1,27252.0,2026-04-17,186848529,142,Dipshikha Dhitopatra Karobar Co. Pvt Ltd.,Naasa Securities Co. Ltd.,2026-04-17 12:56:37.416625,Kumari Bank Limited
2026041701022815,KBL,38,36,80,227.1,18168.0,2026-04-17,186848670,142,Dipshikha Dhitopatra Karobar Co. Pvt Ltd.,Secured Securities Ltd.,2026-04-17 12:56:52.436790,Kumari Bank Limited
2026041701022816,KBL,54,36,20,227.1,4542.0,2026-04-17,186848671,142,Sewa Securities Pvt. Ltd.,Secured Securities Ltd.,2026-04-17 12:56:52.437172,Kumari Bank Limited
2026041701022819,KBL,21,58,75,227.3,17047.5,2026-04-17,186848690,142,Midas Stock Broking Company Private Limited,Naasa Securities Co. Ltd.,2026-04-17 12:56:55.231965,Kumari Bank Limited
2026041701022824,KBL,54,34,80,227.1,18168.0,2026-04-17,186848704,142,Sewa Securities Pvt. Ltd.,Vision Securities Pvt. Ltd,2026-04-17 12:56:58.088482,Kumari Bank Limited
2026041701022825,KBL,5,34,339,227.0,76953.0,2026-04-17,186848706,142,Market Securities & Exchange (PVT) Ltd.,Vision Securities Pvt. Ltd,2026-04-17 12:56:58.089305,Kumari Bank Limited
2026041701022826,KBL,57,34,581,227.0,131887.0,2026-04-17,186848707,142,Aryatara Investment & Securities,Vision Securities Pvt. Ltd,2026-04-17 12:56:58.089831,Kumari Bank Limited
2026041701022876,KBL,57,39,169,227.0,38363.0,2026-04-17,186849192,142,Aryatara Investment & Securities,Sumeru Securities Pvt. Ltd.,2026-04-17 12:57:22.290743,Kumari Bank Limited
2026041701022877,KBL,17,39,400,227.0,90800.0,2026-04-17,186849194,142,ABC Securities Private Limited,Sumeru Securities Pvt. Ltd.,2026-04-17 12:57:22.291489,Kumari Bank Limited
2026041701022920,KBL,28,39,431,227.0,97837.0,2026-04-17,186849501,142,Shree Krishna Securities Ltd.,Sumeru Securities Pvt. Ltd.,2026-04-17 12:57:44.180268,Kumari Bank Limited
2026041701022921,KBL,28,58,2000,227.0,454000.0,2026-04-17,186849503,142,Shree Krishna Securities Ltd.,Naasa Securities Co. Ltd.,2026-04-17 12:57:44.180745,Kumari Bank Limited
2026041701022958,KBL,58,58,2,229.2,458.4,2026-04-17,186849803,142,Naasa Securities Co. Ltd.,Naasa Securities Co. Ltd.,2026-04-17 12:58:07.219375,Kumari Bank Limited
2026041701023037,KBL,28,57,75,227.0,17025.0,2026-04-17,186850123,142,Shree Krishna Securities Ltd.,Aryatara Investment & Securities,2026-04-17 12:58:40.686918,Kumari Bank Limited
2026041701023057,KBL,28,54,2000,227.0,454000.0,2026-04-17,186850177,142,Shree Krishna Securities Ltd.,Sewa Securities Pvt. Ltd.,2026-04-17 12:58:45.870533,Kumari Bank Limited
2026041701023111,KBL,28,58,494,227.0,112138.0,2026-04-17,186850382,142,Shree Krishna Securities Ltd.,Naasa Securities Co. Ltd.,2026-04-17 12:59:05.169784,Kumari Bank Limited
2026041701023112,KBL,58,58,506,227.0,114862.0,2026-04-17,186850383,142,Naasa Securities Co. Ltd.,Naasa Securities Co. Ltd.,2026-04-17 12:59:05.170551,Kumari Bank Limited
2026041701023113,KBL,58,36,534,227.0,121218.0,2026-04-17,186850386,142,Naasa Securities Co. Ltd.,Secured Securities Ltd.,2026-04-17 12:59:05.293352,Kumari Bank Limited
2026041701023180,KBL,17,36,366,227.0,83082.0,2026-04-17,186850663,142,ABC Securities Private Limited,Secured Securities Ltd.,2026-04-17 12:59:39.981218,Kumari Bank Limited
2026041701023214,KBL,17,8,24,227.0,5448.0,2026-04-17,186850829,142,ABC Securities Private Limited,Brilliant Securities Pvt. Ltd.,2026-04-17 13:00:04.315132,Kumari Bank Limited
2026041701023249,KBL,17,58,1625,227.3,369362.5,2026-04-17,186851009,142,ABC Securities Private Limited,Naasa Securities Co. Ltd.,2026-04-17 13:00:28.224074,Kumari Bank Limited
2026041701023250,KBL,17,58,1375,227.3,312537.5,2026-04-17,186851012,142,ABC Securities Private Limited,Naasa Securities Co. Ltd.,2026-04-17 13:00:28.224113,Kumari Bank Limited
2026041701023277,KBL,44,58,375,227.3,85237.5,2026-04-17,186851095,142,Dynamic Money Managers Securities Pvt. Ltd.,Naasa Securities Co. Ltd.,2026-04-17 13:00:43.407831,Kumari Bank Limited
2026041701023298,KBL,76,14,50,227.9,11395.0,2026-04-17,186851221,142,Machhapuchchhre Securities Limited,Nepal Stock House (PVT) Ltd.,2026-04-17 13:01:02.664831,Kumari Bank Limited
2026041701023299,KBL,76,57,335,227.9,76346.5,2026-04-17,186851224,142,Machhapuchchhre Securities Limited,Aryatara Investment & Securities,2026-04-17 13:01:02.664931,Kumari Bank Limited
2026041701023360,KBL,58,57,10,227.9,2279.0,2026-04-17,186851496,142,Naasa Securities Co. Ltd.,Aryatara Investment & Securities,2026-04-17 13:01:39.128643,Kumari Bank Limited
2026041701023403,KBL,44,40,28,227.3,6364.4,2026-04-17,186851693,142,Dynamic Money Managers Securities Pvt. Ltd.,Creative Securities Pvt Ltd,2026-04-17 13:02:05.095896,Kumari Bank Limited
2026041701023647,KBL,44,17,197,227.3,44778.1,2026-04-17,186852630,142,Dynamic Money Managers Securities Pvt. Ltd.,ABC Securities Private Limited,2026-04-17 13:04:08.043128,Kumari Bank Limited
2026041701023648,KBL,42,17,10,227.3,2273.0,2026-04-17,186852632,142,Sani Securities Company Ltd.,ABC Securities Private Limited,2026-04-17 13:04:08.043234,Kumari Bank Limited
2026041701023649,KBL,58,17,10,227.1,2271.0,2026-04-17,186852634,142,Naasa Securities Co. Ltd.,ABC Securities Private Limited,2026-04-17 13:04:08.043348,Kumari Bank Limited
2026041701023650,KBL,17,17,210,227.0,47670.0,2026-04-17,186852636,142,ABC Securities Private Limited,ABC Securities Private Limited,2026-04-17 13:04:08.043425,Kumari Bank Limited
2026041701023651,KBL,4,17,300,227.0,68100.0,2026-04-17,186852638,142,Opal Securities Investment (PVT) Ltd.,ABC Securities Private Limited,2026-04-17 13:04:08.043497,Kumari Bank Limited
2026041701023652,KBL,43,17,100,226.6,22660.0,2026-04-17,186852640,142,South Asian Bulls Pvt. Ltd.,ABC Securities Private Limited,2026-04-17 13:04:08.043569,Kumari Bank Limited
