contract_id,symbol,buyer_member_id,seller_member_id,volume,price,amount,buyer_broker,seller_broker,transaction_time
2026041704000010,KKHC,49,40,10,281.5,2815.0,Online Securities Pvt. Ltd.,Creative Securities Pvt Ltd,2026-04-17 10:46:00.039485
2026041704000067,KKHC,58,87,10,276.0,2760.0,Naasa Securities Co. Ltd.,S.P.S.A. Securities Limited,2026-04-17 11:00:41.395478
2026041704000099,KKHC,58,58,250,276.0,69000.0,Naasa Securities Co. Ltd.,Naasa Securities Co. Ltd.,2026-04-17 11:01:01.756932
2026041704000100,KKHC,51,58,165,276.0,45540.0,Oxford Securities Pvt. Ltd.,Naasa Securities Co. Ltd.,2026-04-17 11:01:01.757046
2026041704000293,KKHC,58,42,10,276.5,2765.0,Naasa Securities Co. Ltd.,Sani Securities Company Ltd.,2026-04-17 11:03:28.371219
2026041704000294,KKHC,51,42,335,276.0,92460.0,Oxford Securities Pvt. Ltd.,Sani Securities Company Ltd.,2026-04-17 11:03:28.371345
2026041704000295,KKHC,13,42,190,276.0,52440.0,Thrive Brokerage House Pvt. Ltd,Sani Securities Company Ltd.,2026-04-17 11:03:28.371428
2026041704000351,KKHC,13,42,10,276.0,2760.0,Thrive Brokerage House Pvt. Ltd,Sani Securities Company Ltd.,2026-04-17 11:04:22.125476
2026041704000477,KKHC,58,41,300,281.4,84420.0,Naasa Securities Co. Ltd.,Linch Stock Market Ltd.,2026-04-17 11:06:08.404883
2026041704000478,KKHC,58,51,200,281.4,56280.0,Naasa Securities Co. Ltd.,Oxford Securities Pvt. Ltd.,2026-04-17 11:06:08.404999
2026041704000479,KKHC,58,41,711,281.5,200146.5,Naasa Securities Co. Ltd.,Linch Stock Market Ltd.,2026-04-17 11:06:08.405033
2026041704000480,KKHC,58,58,33,281.5,9289.5,Naasa Securities Co. Ltd.,Naasa Securities Co. Ltd.,2026-04-17 11:06:08.405074
2026041704000541,KKHC,87,32,10,284.0,2840.0,S.P.S.A. Securities Limited,Premier Securities Company Ltd.,2026-04-17 11:06:45.866023
2026041704000552,KKHC,58,87,10,281.5,2815.0,Naasa Securities Co. Ltd.,S.P.S.A. Securities Limited,2026-04-17 11:06:55.334270
2026041704000602,KKHC,58,32,700,281.5,197050.0,Naasa Securities Co. Ltd.,Premier Securities Company Ltd.,2026-04-17 11:07:29.245724
2026041704000615,KKHC,58,53,46,281.5,12949.0,Naasa Securities Co. Ltd.,Investment Management Nepal Pvt. Ltd.,2026-04-17 11:07:43.254543
2026041704000616,KKHC,39,53,454,280.0,127120.0,Sumeru Securities Pvt. Ltd.,Investment Management Nepal Pvt. Ltd.,2026-04-17 11:07:43.254673
2026041704000843,KKHC,58,42,300,280.5,84150.0,Naasa Securities Co. Ltd.,Sani Securities Company Ltd.,2026-04-17 11:10:07.643947
2026041704000851,KKHC,48,58,16,282.0,4512.0,Trishakti Securities Public Limited,Naasa Securities Co. Ltd.,2026-04-17 11:10:14.662066
2026041704000920,KKHC,48,42,24,282.0,6768.0,Trishakti Securities Public Limited,Sani Securities Company Ltd.,2026-04-17 11:11:07.767151
2026041704001043,KKHC,46,44,10,283.7,2837.0,Kalika Securities Pvt. Ltd.,Dynamic Money Managers Securities Pvt. Ltd.,2026-04-17 11:13:05.944636
2026041704001052,KKHC,45,40,10,283.8,2838.0,Imperial Securities Company Pvt. Ltd.,Creative Securities Pvt Ltd,2026-04-17 11:13:16.614182
2026041704001066,KKHC,54,40,426,283.8,120898.8,Sewa Securities Pvt. Ltd.,Creative Securities Pvt Ltd,2026-04-17 11:13:27.101535
2026041704001075,KKHC,58,32,200,283.9,56780.0,Naasa Securities Co. Ltd.,Premier Securities Company Ltd.,2026-04-17 11:13:38.125650
2026041704001079,KKHC,65,32,63,283.9,17885.7,Sharepro Securities Private Limited,Premier Securities Company Ltd.,2026-04-17 11:13:44.832746
2026041704001089,KKHC,49,32,20,283.9,5678.0,Online Securities Pvt. Ltd.,Premier Securities Company Ltd.,2026-04-17 11:13:50.764992
2026041704001101,KKHC,59,32,100,283.9,28390.0,Deevyaa Securities & Stock House Pvt. Ltd,Premier Securities Company Ltd.,2026-04-17 11:13:58.533153
2026041704001105,KKHC,35,32,117,283.9,33216.3,Kohinoor Investment & Securities Pvt. Ltd.,Premier Securities Company Ltd.,2026-04-17 11:14:02.105691
2026041704001112,KKHC,58,32,20,284.0,5680.0,Naasa Securities Co. Ltd.,Premier Securities Company Ltd.,2026-04-17 11:14:11.395183
2026041704001120,KKHC,45,32,100,284.0,28400.0,Imperial Securities Company Pvt. Ltd.,Premier Securities Company Ltd.,2026-04-17 11:14:17.231425
2026041704001123,KKHC,51,32,370,284.0,105080.0,Oxford Securities Pvt. Ltd.,Premier Securities Company Ltd.,2026-04-17 11:14:20.401832
2026041704001124,KKHC,51,48,1630,284.0,462920.0,Oxford Securities Pvt. Ltd.,Trishakti Securities Public Limited,2026-04-17 11:14:20.402009
2026041704001129,KKHC,32,48,150,284.0,42600.0,Premier Securities Company Ltd.,Trishakti Securities Public Limited,2026-04-17 11:14:25.813732
2026041704001136,KKHC,49,48,300,284.0,85200.0,Online Securities Pvt. Ltd.,Trishakti Securities Public Limited,2026-04-17 11:14:31.120607
2026041704001143,KKHC,1,48,200,284.0,56800.0,Kumari Securities Private Limited,Trishakti Securities Public Limited,2026-04-17 11:14:34.322646
2026041704001146,KKHC,32,48,50,284.0,14200.0,Premier Securities Company Ltd.,Trishakti Securities Public Limited,2026-04-17 11:14:37.378686
2026041704001152,KKHC,83,48,670,284.0,190280.0,Sanima Securities Limited,Trishakti Securities Public Limited,2026-04-17 11:14:39.023419
2026041704001164,KKHC,32,32,1000,285.9,285900.0,Premier Securities Company Ltd.,Premier Securities Company Ltd.,2026-04-17 11:14:50.313842
2026041704001180,KKHC,48,95,100,285.0,28500.0,Trishakti Securities Public Limited,Magnet Securities and Investment Company Private Limited,2026-04-17 11:14:50.878442
2026041704001193,KKHC,51,95,900,285.0,256500.0,Oxford Securities Pvt. Ltd.,Magnet Securities and Investment Company Private Limited,2026-04-17 11:15:01.582284
2026041704001209,KKHC,85,38,30,286.0,8580.0,Capital Hub P. Ltd,Dipshikha Dhitopatra Karobar Co. Pvt Ltd.,2026-04-17 11:15:12.444254
2026041704001210,KKHC,85,42,424,286.0,121264.0,Capital Hub P. Ltd,Sani Securities Company Ltd.,2026-04-17 11:15:12.444376
2026041704001211,KKHC,85,52,10,286.9,2869.0,Capital Hub P. Ltd,Sundhara Securities Limited,2026-04-17 11:15:12.444427
2026041704001212,KKHC,85,35,266,287.0,76342.0,Capital Hub P. Ltd,Kohinoor Investment & Securities Pvt. Ltd.,2026-04-17 11:15:12.444471
2026041704001213,KKHC,85,39,1000,287.0,287000.0,Capital Hub P. Ltd,Sumeru Securities Pvt. Ltd.,2026-04-17 11:15:12.444518
2026041704001214,KKHC,85,52,30,287.0,8610.0,Capital Hub P. Ltd,Sundhara Securities Limited,2026-04-17 11:15:12.444569
2026041704001215,KKHC,85,39,240,287.0,68880.0,Capital Hub P. Ltd,Sumeru Securities Pvt. Ltd.,2026-04-17 11:15:12.444653
2026041704001216,KKHC,51,58,100,285.0,28500.0,Oxford Securities Pvt. Ltd.,Naasa Securities Co. Ltd.,2026-04-17 11:15:13.364258
2026041704001240,KKHC,47,34,40,285.1,11404.0,Neev Securities Pvt. Ltd.,Vision Securities Pvt. Ltd,2026-04-17 11:15:28.133021
2026041704001259,KKHC,94,32,40,285.9,11436.0,K.B.L. Securities Limited ,Premier Securities Company Ltd.,2026-04-17 11:15:34.454224
2026041704001265,KKHC,32,32,960,285.9,274464.0,Premier Securities Company Ltd.,Premier Securities Company Ltd.,2026-04-17 11:15:40.902776
2026041704001286,KKHC,47,57,60,286.0,17160.0,Neev Securities Pvt. Ltd.,Aryatara Investment & Securities,2026-04-17 11:15:55.555578
2026041704001288,KKHC,32,34,40,285.9,11436.0,Premier Securities Company Ltd.,Vision Securities Pvt. Ltd,2026-04-17 11:15:56.858291
2026041704001289,KKHC,51,34,960,285.9,274464.0,Oxford Securities Pvt. Ltd.,Vision Securities Pvt. Ltd,2026-04-17 11:15:56.858388
2026041704001302,KKHC,45,57,100,286.0,28600.0,Imperial Securities Company Pvt. Ltd.,Aryatara Investment & Securities,2026-04-17 11:16:02.027170
2026041704001307,KKHC,51,58,40,285.9,11436.0,Oxford Securities Pvt. Ltd.,Naasa Securities Co. Ltd.,2026-04-17 11:16:05.208239
2026041704001308,KKHC,46,58,10,285.9,2859.0,Kalika Securities Pvt. Ltd.,Naasa Securities Co. Ltd.,2026-04-17 11:16:05.208371
2026041704001334,KKHC,46,22,1500,285.9,428850.0,Kalika Securities Pvt. Ltd.,Siprabi Securities Pvt. Ltd.,2026-04-17 11:16:09.968416
2026041704001342,KKHC,47,57,240,286.0,68640.0,Neev Securities Pvt. Ltd.,Aryatara Investment & Securities,2026-04-17 11:16:19.362475
2026041704001343,KKHC,47,49,50,286.0,14300.0,Neev Securities Pvt. Ltd.,Online Securities Pvt. Ltd.,2026-04-17 11:16:19.362671
2026041704001344,KKHC,47,42,100,286.9,28690.0,Neev Securities Pvt. Ltd.,Sani Securities Company Ltd.,2026-04-17 11:16:19.362799
2026041704001345,KKHC,47,32,110,286.9,31559.0,Neev Securities Pvt. Ltd.,Premier Securities Company Ltd.,2026-04-17 11:16:19.362923
2026041704001441,KKHC,46,45,250,286.8,71700.0,Kalika Securities Pvt. Ltd.,Imperial Securities Company Pvt. Ltd.,2026-04-17 11:16:45.941301
2026041704001450,KKHC,46,44,20,286.8,5736.0,Kalika Securities Pvt. Ltd.,Dynamic Money Managers Securities Pvt. Ltd.,2026-04-17 11:16:50.673058
2026041704001455,KKHC,1,32,200,286.9,57380.0,Kumari Securities Private Limited,Premier Securities Company Ltd.,2026-04-17 11:16:54.490388
2026041704001468,KKHC,48,32,100,286.9,28690.0,Trishakti Securities Public Limited,Premier Securities Company Ltd.,2026-04-17 11:17:00.449785
2026041704001477,KKHC,51,32,590,286.9,169271.0,Oxford Securities Pvt. Ltd.,Premier Securities Company Ltd.,2026-04-17 11:17:01.093505
2026041704001490,KKHC,51,57,400,286.9,114760.0,Oxford Securities Pvt. Ltd.,Aryatara Investment & Securities,2026-04-17 11:17:03.473960
2026041704001494,KKHC,51,49,10,286.9,2869.0,Oxford Securities Pvt. Ltd.,Online Securities Pvt. Ltd.,2026-04-17 11:17:10.283203
2026041704001495,KKHC,46,49,50,286.8,14340.0,Kalika Securities Pvt. Ltd.,Online Securities Pvt. Ltd.,2026-04-17 11:17:10.283449
2026041704001506,KKHC,47,57,100,286.0,28600.0,Neev Securities Pvt. Ltd.,Aryatara Investment & Securities,2026-04-17 11:17:16.100714
2026041704001507,KKHC,49,57,10,286.0,2860.0,Online Securities Pvt. Ltd.,Aryatara Investment & Securities,2026-04-17 11:17:16.100812
2026041704001520,KKHC,44,57,40,286.0,11440.0,Dynamic Money Managers Securities Pvt. Ltd.,Aryatara Investment & Securities,2026-04-17 11:17:21.723626
2026041704001525,KKHC,58,38,200,285.0,57000.0,Naasa Securities Co. Ltd.,Dipshikha Dhitopatra Karobar Co. Pvt Ltd.,2026-04-17 11:17:23.657115
2026041704001526,KKHC,58,87,300,285.0,85500.0,Naasa Securities Co. Ltd.,S.P.S.A. Securities Limited,2026-04-17 11:17:24.676187
2026041704001527,KKHC,41,87,100,285.0,28500.0,Linch Stock Market Ltd.,S.P.S.A. Securities Limited,2026-04-17 11:17:24.676298
2026041704001540,KKHC,83,58,200,284.0,56800.0,Sanima Securities Limited,Naasa Securities Co. Ltd.,2026-04-17 11:17:32.243502
2026041704001548,KKHC,83,57,340,284.0,96560.0,Sanima Securities Limited,Aryatara Investment & Securities,2026-04-17 11:17:37.128255
2026041704001579,KKHC,83,42,10,284.0,2840.0,Sanima Securities Limited,Sani Securities Company Ltd.,2026-04-17 11:17:46.334378
2026041704001582,KKHC,54,87,10,283.8,2838.0,Sewa Securities Pvt. Ltd.,S.P.S.A. Securities Limited,2026-04-17 11:17:50.805094
2026041704001637,KKHC,54,36,64,283.8,18163.2,Sewa Securities Pvt. Ltd.,Secured Securities Ltd.,2026-04-17 11:18:07.518155
2026041704001641,KKHC,5,87,10,280.2,2802.0,Market Securities & Exchange (PVT) Ltd.,S.P.S.A. Securities Limited,2026-04-17 11:18:10.657111
2026041704001733,KKHC,42,10,10,282.0,2820.0,Sani Securities Company Ltd.,Pragyan Securities (PVT) Ltd.,2026-04-17 11:19:03.002037
2026041704001734,KKHC,45,10,100,280.4,28040.0,Imperial Securities Company Pvt. Ltd.,Pragyan Securities (PVT) Ltd.,2026-04-17 11:19:03.002242
2026041704001735,KKHC,47,10,100,280.3,28030.0,Neev Securities Pvt. Ltd.,Pragyan Securities (PVT) Ltd.,2026-04-17 11:19:03.002399
2026041704001736,KKHC,85,10,90,280.3,25227.0,Capital Hub P. Ltd,Pragyan Securities (PVT) Ltd.,2026-04-17 11:19:03.002535
2026041704001737,KKHC,85,39,410,280.3,114923.0,Capital Hub P. Ltd,Sumeru Securities Pvt. Ltd.,2026-04-17 11:19:03.433486
2026041704001738,KKHC,58,39,10,280.3,2803.0,Naasa Securities Co. Ltd.,Sumeru Securities Pvt. Ltd.,2026-04-17 11:19:03.433591
2026041704001739,KKHC,5,39,240,280.2,67248.0,Market Securities & Exchange (PVT) Ltd.,Sumeru Securities Pvt. Ltd.,2026-04-17 11:19:03.433662
2026041704001740,KKHC,58,39,100,280.2,28020.0,Naasa Securities Co. Ltd.,Sumeru Securities Pvt. Ltd.,2026-04-17 11:19:03.433718
2026041704001741,KKHC,34,39,240,280.1,67224.0,Vision Securities Pvt. Ltd,Sumeru Securities Pvt. Ltd.,2026-04-17 11:19:03.433770
2026041704001862,KKHC,36,25,200,280.2,56040.0,Secured Securities Ltd.,Sweta Securities Private Limited,2026-04-17 11:20:19.810617
2026041704001927,KKHC,46,6,10,280.2,2802.0,Kalika Securities Pvt. Ltd.,Agrawal Securities (PVT) Ltd.,2026-04-17 11:20:51.974520
2026041704001928,KKHC,34,6,760,280.1,212876.0,Vision Securities Pvt. Ltd,Agrawal Securities (PVT) Ltd.,2026-04-17 11:20:51.974731
2026041704001929,KKHC,33,6,100,280.1,28010.0,Dakshinkali Investment & Securities Pvt. Ltd.,Agrawal Securities (PVT) Ltd.,2026-04-17 11:20:51.974873
2026041704001935,KKHC,39,26,2000,280.0,560000.0,Sumeru Securities Pvt. Ltd.,Asian Securities Private Ltd.,2026-04-17 11:21:01.632400
2026041704001940,KKHC,39,36,258,280.0,72240.0,Sumeru Securities Pvt. Ltd.,Secured Securities Ltd.,2026-04-17 11:21:06.864489
2026041704001947,KKHC,46,6,10,280.1,2801.0,Kalika Securities Pvt. Ltd.,Agrawal Securities (PVT) Ltd.,2026-04-17 11:21:17.154559
2026041704001956,KKHC,39,6,1000,280.0,280000.0,Sumeru Securities Pvt. Ltd.,Agrawal Securities (PVT) Ltd.,2026-04-17 11:21:21.506147
2026041704001957,KKHC,39,57,1000,280.0,280000.0,Sumeru Securities Pvt. Ltd.,Aryatara Investment & Securities,2026-04-17 11:21:21.706013
2026041704001960,KKHC,39,58,100,280.0,28000.0,Sumeru Securities Pvt. Ltd.,Naasa Securities Co. Ltd.,2026-04-17 11:21:25.460390
2026041704001975,KKHC,39,6,120,280.0,33600.0,Sumeru Securities Pvt. Ltd.,Agrawal Securities (PVT) Ltd.,2026-04-17 11:21:37.854730
2026041704002020,KKHC,39,58,68,280.0,19040.0,Sumeru Securities Pvt. Ltd.,Naasa Securities Co. Ltd.,2026-04-17 11:22:06.225183
2026041704002021,KKHC,22,58,115,280.0,32200.0,Siprabi Securities Pvt. Ltd.,Naasa Securities Co. Ltd.,2026-04-17 11:22:06.225299
2026041704002153,KKHC,36,6,155,280.1,43415.5,Secured Securities Ltd.,Agrawal Securities (PVT) Ltd.,2026-04-17 11:23:16.935967
2026041704002207,KKHC,36,63,165,280.1,46216.5,Secured Securities Ltd.,Himalayan Brokerage Company Limited,2026-04-17 11:24:01.380435
2026041704002369,KKHC,58,14,10,281.0,2810.0,Naasa Securities Co. Ltd.,Nepal Stock House (PVT) Ltd.,2026-04-17 11:25:09.546464
2026041704002379,KKHC,36,70,180,280.1,50418.0,Secured Securities Ltd.,Infinity Securities Limited,2026-04-17 11:25:19.267995
2026041704002380,KKHC,22,70,1310,280.0,366800.0,Siprabi Securities Pvt. Ltd.,Infinity Securities Limited,2026-04-17 11:25:19.268216
2026041704002391,KKHC,22,48,75,280.0,21000.0,Siprabi Securities Pvt. Ltd.,Trishakti Securities Public Limited,2026-04-17 11:25:23.295127
2026041704002392,KKHC,58,48,17,280.0,4760.0,Naasa Securities Co. Ltd.,Trishakti Securities Public Limited,2026-04-17 11:25:23.295249
2026041704002393,KKHC,49,48,15,280.0,4200.0,Online Securities Pvt. Ltd.,Trishakti Securities Public Limited,2026-04-17 11:25:23.295351
2026041704002394,KKHC,41,48,10,280.0,2800.0,Linch Stock Market Ltd.,Trishakti Securities Public Limited,2026-04-17 11:25:23.295455
2026041704002395,KKHC,3,48,253,278.5,70460.5,Arun Securities (PVT) Ltd.,Trishakti Securities Public Limited,2026-04-17 11:25:23.295558
2026041704002413,KKHC,3,35,30,278.5,8355.0,Arun Securities (PVT) Ltd.,Kohinoor Investment & Securities Pvt. Ltd.,2026-04-17 11:25:47.971913
2026041704002435,KKHC,89,70,10,280.0,2800.0,Global IME Securities Limited,Infinity Securities Limited,2026-04-17 11:26:01.883873
2026041704002462,KKHC,22,58,10,278.6,2786.0,Siprabi Securities Pvt. Ltd.,Naasa Securities Co. Ltd.,2026-04-17 11:26:28.099675
2026041704002529,KKHC,35,17,114,279.0,31806.0,Kohinoor Investment & Securities Pvt. Ltd.,ABC Securities Private Limited,2026-04-17 11:27:15.792720
2026041704002845,KKHC,26,17,886,279.0,247194.0,Asian Securities Private Ltd.,ABC Securities Private Limited,2026-04-17 11:31:42.118222
2026041704002846,KKHC,26,42,1050,279.0,292950.0,Asian Securities Private Ltd.,Sani Securities Company Ltd.,2026-04-17 11:31:42.118349
2026041704002847,KKHC,26,41,1000,279.0,279000.0,Asian Securities Private Ltd.,Linch Stock Market Ltd.,2026-04-17 11:31:42.118405
2026041704003197,KKHC,45,98,100,278.7,27870.0,Imperial Securities Company Pvt. Ltd.,Trademow Securities Private Limited,2026-04-17 11:36:03.325728
2026041704003198,KKHC,49,98,500,278.7,139350.0,Online Securities Pvt. Ltd.,Trademow Securities Private Limited,2026-04-17 11:36:03.325874
2026041704003199,KKHC,26,98,54,278.7,15049.8,Asian Securities Private Ltd.,Trademow Securities Private Limited,2026-04-17 11:36:03.325947
2026041704003312,KKHC,35,58,32,280.7,8982.4,Kohinoor Investment & Securities Pvt. Ltd.,Naasa Securities Co. Ltd.,2026-04-17 11:37:06.704346
2026041704003436,KKHC,56,51,100,280.9,28090.0,Sri Hari Securities Pvt. Ltd.,Oxford Securities Pvt. Ltd.,2026-04-17 11:38:52.270159
2026041704003437,KKHC,56,34,50,280.9,14045.0,Sri Hari Securities Pvt. Ltd.,Vision Securities Pvt. Ltd,2026-04-17 11:38:52.270288
2026041704003475,KKHC,22,34,150,280.9,42135.0,Siprabi Securities Pvt. Ltd.,Vision Securities Pvt. Ltd,2026-04-17 11:39:21.747036
2026041704003503,KKHC,22,58,50,280.9,14045.0,Siprabi Securities Pvt. Ltd.,Naasa Securities Co. Ltd.,2026-04-17 11:39:46.871940
2026041704003518,KKHC,35,14,350,281.0,98350.0,Kohinoor Investment & Securities Pvt. Ltd.,Nepal Stock House (PVT) Ltd.,2026-04-17 11:40:01.810277
2026041704003519,KKHC,35,32,150,281.0,42150.0,Kohinoor Investment & Securities Pvt. Ltd.,Premier Securities Company Ltd.,2026-04-17 11:40:01.810454
2026041704003536,KKHC,22,32,150,281.0,42150.0,Siprabi Securities Pvt. Ltd.,Premier Securities Company Ltd.,2026-04-17 11:40:27.320654
2026041704003554,KKHC,58,41,20,280.0,5600.0,Naasa Securities Co. Ltd.,Linch Stock Market Ltd.,2026-04-17 11:40:44.865810
2026041704003564,KKHC,35,41,30,280.0,8400.0,Kohinoor Investment & Securities Pvt. Ltd.,Linch Stock Market Ltd.,2026-04-17 11:41:04.126705
2026041704003599,KKHC,26,32,200,281.0,56200.0,Asian Securities Private Ltd.,Premier Securities Company Ltd.,2026-04-17 11:41:24.544416
2026041704003682,KKHC,35,36,10,281.9,2819.0,Kohinoor Investment & Securities Pvt. Ltd.,Secured Securities Ltd.,2026-04-17 11:42:37.067961
2026041704003683,KKHC,35,32,200,281.9,56380.0,Kohinoor Investment & Securities Pvt. Ltd.,Premier Securities Company Ltd.,2026-04-17 11:42:37.068106
2026041704003684,KKHC,35,49,100,282.0,28200.0,Kohinoor Investment & Securities Pvt. Ltd.,Online Securities Pvt. Ltd.,2026-04-17 11:42:37.068164
2026041704003685,KKHC,35,58,16,282.0,4512.0,Kohinoor Investment & Securities Pvt. Ltd.,Naasa Securities Co. Ltd.,2026-04-17 11:42:37.068220
2026041704003686,KKHC,35,42,139,282.0,39198.0,Kohinoor Investment & Securities Pvt. Ltd.,Sani Securities Company Ltd.,2026-04-17 11:42:37.068278
2026041704003702,KKHC,36,42,21,282.0,5922.0,Secured Securities Ltd.,Sani Securities Company Ltd.,2026-04-17 11:42:55.097010
2026041704003703,KKHC,36,1,20,282.0,5640.0,Secured Securities Ltd.,Kumari Securities Private Limited,2026-04-17 11:42:55.097202
2026041704003712,KKHC,36,54,10,283.0,2830.0,Secured Securities Ltd.,Sewa Securities Pvt. Ltd.,2026-04-17 11:43:09.196205
2026041704003716,KKHC,89,54,10,283.0,2830.0,Global IME Securities Limited,Sewa Securities Pvt. Ltd.,2026-04-17 11:43:17.812723
2026041704003719,KKHC,26,87,10,281.0,2810.0,Asian Securities Private Ltd.,S.P.S.A. Securities Limited,2026-04-17 11:43:20.612139
2026041704003769,KKHC,45,51,50,282.0,14100.0,Imperial Securities Company Pvt. Ltd.,Oxford Securities Pvt. Ltd.,2026-04-17 11:44:28.562378
2026041704003782,KKHC,26,51,48,282.0,13536.0,Asian Securities Private Ltd.,Oxford Securities Pvt. Ltd.,2026-04-17 11:44:38.636950
2026041704003783,KKHC,26,54,20,283.0,5660.0,Asian Securities Private Ltd.,Sewa Securities Pvt. Ltd.,2026-04-17 11:44:38.637273
2026041704003784,KKHC,26,58,20,283.0,5660.0,Asian Securities Private Ltd.,Naasa Securities Co. Ltd.,2026-04-17 11:44:38.637579
2026041704003785,KKHC,26,4,20,283.0,5660.0,Asian Securities Private Ltd.,Opal Securities Investment (PVT) Ltd.,2026-04-17 11:44:38.637844
2026041704003786,KKHC,26,39,360,283.0,101880.0,Asian Securities Private Ltd.,Sumeru Securities Pvt. Ltd.,2026-04-17 11:44:38.638093
2026041704003787,KKHC,26,13,332,283.0,93956.0,Asian Securities Private Ltd.,Thrive Brokerage House Pvt. Ltd,2026-04-17 11:44:38.638368
2026041704003837,KKHC,48,13,10,283.0,2830.0,Trishakti Securities Public Limited,Thrive Brokerage House Pvt. Ltd,2026-04-17 11:45:17.418754
2026041704003875,KKHC,58,13,21,283.0,5943.0,Naasa Securities Co. Ltd.,Thrive Brokerage House Pvt. Ltd,2026-04-17 11:46:15.922596
2026041704003907,KKHC,8,13,137,283.0,38771.0,Brilliant Securities Pvt. Ltd.,Thrive Brokerage House Pvt. Ltd,2026-04-17 11:47:04.323267
2026041704003913,KKHC,58,38,20,283.9,5678.0,Naasa Securities Co. Ltd.,Dipshikha Dhitopatra Karobar Co. Pvt Ltd.,2026-04-17 11:47:10.001425
2026041704003914,KKHC,58,42,90,284.0,25560.0,Naasa Securities Co. Ltd.,Sani Securities Company Ltd.,2026-04-17 11:47:10.001726
2026041704003915,KKHC,58,58,590,284.0,167560.0,Naasa Securities Co. Ltd.,Naasa Securities Co. Ltd.,2026-04-17 11:47:10.001898
2026041704003922,KKHC,8,87,10,283.0,2830.0,Brilliant Securities Pvt. Ltd.,S.P.S.A. Securities Limited,2026-04-17 11:47:20.448338
2026041704003953,KKHC,70,58,500,284.0,142000.0,Infinity Securities Limited,Naasa Securities Co. Ltd.,2026-04-17 11:47:45.529808
2026041704003956,KKHC,42,58,1500,284.0,426000.0,Sani Securities Company Ltd.,Naasa Securities Co. Ltd.,2026-04-17 11:47:46.958803
2026041704003962,KKHC,8,87,10,283.0,2830.0,Brilliant Securities Pvt. Ltd.,S.P.S.A. Securities Limited,2026-04-17 11:47:52.228413
2026041704003964,KKHC,42,58,910,284.0,258440.0,Sani Securities Company Ltd.,Naasa Securities Co. Ltd.,2026-04-17 11:47:56.283428
2026041704003965,KKHC,42,18,150,284.0,42600.0,Sani Securities Company Ltd.,Sagarmatha Securities Private Limited,2026-04-17 11:47:56.283622
2026041704003966,KKHC,42,45,32,284.0,9088.0,Sani Securities Company Ltd.,Imperial Securities Company Pvt. Ltd.,2026-04-17 11:47:56.283763
2026041704003967,KKHC,42,17,408,284.0,115872.0,Sani Securities Company Ltd.,ABC Securities Private Limited,2026-04-17 11:47:56.283856
2026041704003969,KKHC,58,17,15,284.0,4260.0,Naasa Securities Co. Ltd.,ABC Securities Private Limited,2026-04-17 11:47:58.666264
2026041704003970,KKHC,8,87,10,283.0,2830.0,Brilliant Securities Pvt. Ltd.,S.P.S.A. Securities Limited,2026-04-17 11:48:02.528146
2026041704004060,KKHC,8,38,800,283.0,226400.0,Brilliant Securities Pvt. Ltd.,Dipshikha Dhitopatra Karobar Co. Pvt Ltd.,2026-04-17 11:49:08.277704
2026041704004061,KKHC,8,74,33,283.0,9339.0,Brilliant Securities Pvt. Ltd.,KALASH STOCK MARKET PVT. LTD.,2026-04-17 11:49:08.466093
2026041704004062,KKHC,49,74,20,283.0,5660.0,Online Securities Pvt. Ltd.,KALASH STOCK MARKET PVT. LTD.,2026-04-17 11:49:08.466255
2026041704004063,KKHC,8,74,1000,283.0,283000.0,Brilliant Securities Pvt. Ltd.,KALASH STOCK MARKET PVT. LTD.,2026-04-17 11:49:08.466329
2026041704004064,KKHC,58,74,20,283.0,5660.0,Naasa Securities Co. Ltd.,KALASH STOCK MARKET PVT. LTD.,2026-04-17 11:49:08.466389
2026041704004065,KKHC,58,74,30,283.0,8490.0,Naasa Securities Co. Ltd.,KALASH STOCK MARKET PVT. LTD.,2026-04-17 11:49:08.466458
2026041704004066,KKHC,49,74,10,283.0,2830.0,Online Securities Pvt. Ltd.,KALASH STOCK MARKET PVT. LTD.,2026-04-17 11:49:08.466642
2026041704004076,KKHC,34,74,417,283.0,118011.0,Vision Securities Pvt. Ltd,KALASH STOCK MARKET PVT. LTD.,2026-04-17 11:49:09.544534
2026041704004095,KKHC,34,38,94,283.0,26602.0,Vision Securities Pvt. Ltd,Dipshikha Dhitopatra Karobar Co. Pvt Ltd.,2026-04-17 11:49:18.702208
2026041704004096,KKHC,45,71,10,283.9,2839.0,Imperial Securities Company Pvt. Ltd.,SHUBHAKAMANA SECURITIES PVT. LTD,2026-04-17 11:49:20.334867
2026041704004097,KKHC,34,42,100,283.0,28300.0,Vision Securities Pvt. Ltd,Sani Securities Company Ltd.,2026-04-17 11:49:22.160671
2026041704004111,KKHC,34,58,200,283.0,56600.0,Vision Securities Pvt. Ltd,Naasa Securities Co. Ltd.,2026-04-17 11:49:35.245878
2026041704004122,KKHC,34,54,200,283.0,56600.0,Vision Securities Pvt. Ltd,Sewa Securities Pvt. Ltd.,2026-04-17 11:49:38.584489
2026041704004163,KKHC,34,51,400,283.0,113200.0,Vision Securities Pvt. Ltd,Oxford Securities Pvt. Ltd.,2026-04-17 11:50:21.494581
2026041704004164,KKHC,34,16,470,283.0,133010.0,Vision Securities Pvt. Ltd,Primo Securities (PVT) Ltd.,2026-04-17 11:50:21.531054
2026041704004172,KKHC,34,72,1500,283.0,424500.0,Vision Securities Pvt. Ltd,Hatemalo Financial Services Private Limited,2026-04-17 11:50:33.069922
2026041704004178,KKHC,34,51,154,283.0,43582.0,Vision Securities Pvt. Ltd,Oxford Securities Pvt. Ltd.,2026-04-17 11:50:34.643593
2026041704004205,KKHC,16,51,46,283.0,13018.0,Primo Securities (PVT) Ltd.,Oxford Securities Pvt. Ltd.,2026-04-17 11:50:51.629287
2026041704004206,KKHC,16,99,50,283.7,14185.0,Primo Securities (PVT) Ltd.,Prabhu Stock Market Limited,2026-04-17 11:50:51.629566
2026041704004207,KKHC,16,71,104,283.9,29525.6,Primo Securities (PVT) Ltd.,SHUBHAKAMANA SECURITIES PVT. LTD,2026-04-17 11:50:51.629737
2026041704004228,KKHC,42,87,10,281.1,2811.0,Sani Securities Company Ltd.,S.P.S.A. Securities Limited,2026-04-17 11:51:01.445473
2026041704004314,KKHC,42,48,100,281.1,28110.0,Sani Securities Company Ltd.,Trishakti Securities Public Limited,2026-04-17 11:51:59.377755
2026041704004407,KKHC,42,72,90,281.1,25299.0,Sani Securities Company Ltd.,Hatemalo Financial Services Private Limited,2026-04-17 11:52:53.000492
2026041704004408,KKHC,58,72,180,281.0,50580.0,Naasa Securities Co. Ltd.,Hatemalo Financial Services Private Limited,2026-04-17 11:52:53.000780
2026041704004409,KKHC,58,72,10,281.0,2810.0,Naasa Securities Co. Ltd.,Hatemalo Financial Services Private Limited,2026-04-17 11:52:53.000960
2026041704004410,KKHC,58,72,30,280.0,8400.0,Naasa Securities Co. Ltd.,Hatemalo Financial Services Private Limited,2026-04-17 11:52:53.001138
2026041704004439,KKHC,58,58,50,280.0,14000.0,Naasa Securities Co. Ltd.,Naasa Securities Co. Ltd.,2026-04-17 11:53:09.522982
2026041704004452,KKHC,58,58,70,280.0,19600.0,Naasa Securities Co. Ltd.,Naasa Securities Co. Ltd.,2026-04-17 11:53:21.368617
2026041704004453,KKHC,58,58,25,280.0,7000.0,Naasa Securities Co. Ltd.,Naasa Securities Co. Ltd.,2026-04-17 11:53:21.368903
2026041704004454,KKHC,58,58,107,279.9,29949.3,Naasa Securities Co. Ltd.,Naasa Securities Co. Ltd.,2026-04-17 11:53:21.369081
2026041704004455,KKHC,34,58,12,279.0,3348.0,Vision Securities Pvt. Ltd,Naasa Securities Co. Ltd.,2026-04-17 11:53:21.369257
2026041704004456,KKHC,34,58,100,278.8,27880.0,Vision Securities Pvt. Ltd,Naasa Securities Co. Ltd.,2026-04-17 11:53:21.369441
2026041704004457,KKHC,22,58,200,278.7,55740.0,Siprabi Securities Pvt. Ltd.,Naasa Securities Co. Ltd.,2026-04-17 11:53:21.369613
2026041704004458,KKHC,3,58,1717,278.5,478184.5,Arun Securities (PVT) Ltd.,Naasa Securities Co. Ltd.,2026-04-17 11:53:21.369780
2026041704004459,KKHC,49,58,10,278.0,2780.0,Online Securities Pvt. Ltd.,Naasa Securities Co. Ltd.,2026-04-17 11:53:21.369947
2026041704004460,KKHC,3,58,1445,278.0,401710.0,Arun Securities (PVT) Ltd.,Naasa Securities Co. Ltd.,2026-04-17 11:53:21.370111
2026041704004551,KKHC,42,38,10,282.8,2828.0,Sani Securities Company Ltd.,Dipshikha Dhitopatra Karobar Co. Pvt Ltd.,2026-04-17 11:54:15.027508
2026041704004577,KKHC,58,42,24,280.0,6720.0,Naasa Securities Co. Ltd.,Sani Securities Company Ltd.,2026-04-17 11:54:27.944423
2026041704004625,KKHC,58,46,7,280.0,1960.0,Naasa Securities Co. Ltd.,Kalika Securities Pvt. Ltd.,2026-04-17 11:54:49.910558
2026041704004895,KKHC,57,42,300,280.0,84000.0,Aryatara Investment & Securities,Sani Securities Company Ltd.,2026-04-17 11:57:15.633560
2026041704005000,KKHC,58,49,105,278.2,29211.0,Naasa Securities Co. Ltd.,Online Securities Pvt. Ltd.,2026-04-17 11:58:30.677324
2026041704005001,KKHC,45,49,195,278.2,54249.0,Imperial Securities Company Pvt. Ltd.,Online Securities Pvt. Ltd.,2026-04-17 11:58:30.677471
2026041704005050,KKHC,45,33,500,278.2,139100.0,Imperial Securities Company Pvt. Ltd.,Dakshinkali Investment & Securities Pvt. Ltd.,2026-04-17 11:59:03.124107
2026041704005326,KKHC,45,42,26,278.2,7233.2,Imperial Securities Company Pvt. Ltd.,Sani Securities Company Ltd.,2026-04-17 12:01:15.606486
2026041704005517,KKHC,45,57,279,278.2,77617.8,Imperial Securities Company Pvt. Ltd.,Aryatara Investment & Securities,2026-04-17 12:02:33.447582
2026041704005532,KKHC,11,42,300,278.1,83430.0,Malla & Malla Stock Broking Company Pvt. Limited,Sani Securities Company Ltd.,2026-04-17 12:02:40.714105
2026041704005571,KKHC,3,57,55,278.0,15290.0,Arun Securities (PVT) Ltd.,Aryatara Investment & Securities,2026-04-17 12:03:04.031821
2026041704005572,KKHC,3,57,200,278.0,55600.0,Arun Securities (PVT) Ltd.,Aryatara Investment & Securities,2026-04-17 12:03:04.031997
2026041704005573,KKHC,6,57,20,278.0,5560.0,Agrawal Securities (PVT) Ltd.,Aryatara Investment & Securities,2026-04-17 12:03:04.032060
2026041704005574,KKHC,3,57,500,278.0,139000.0,Arun Securities (PVT) Ltd.,Aryatara Investment & Securities,2026-04-17 12:03:04.032114
2026041704005575,KKHC,3,57,106,278.0,29468.0,Arun Securities (PVT) Ltd.,Aryatara Investment & Securities,2026-04-17 12:03:04.032178
2026041704005721,KKHC,3,54,35,278.0,9730.0,Arun Securities (PVT) Ltd.,Sewa Securities Pvt. Ltd.,2026-04-17 12:04:13.570437
2026041704005859,KKHC,3,11,10,278.0,2780.0,Arun Securities (PVT) Ltd.,Malla & Malla Stock Broking Company Pvt. Limited,2026-04-17 12:05:20.062616
2026041704005989,KKHC,3,74,49,278.0,13622.0,Arun Securities (PVT) Ltd.,KALASH STOCK MARKET PVT. LTD.,2026-04-17 12:06:20.544560
2026041704005990,KKHC,34,74,100,278.0,27800.0,Vision Securities Pvt. Ltd,KALASH STOCK MARKET PVT. LTD.,2026-04-17 12:06:20.544843
2026041704005991,KKHC,41,74,20,278.0,5560.0,Linch Stock Market Ltd.,KALASH STOCK MARKET PVT. LTD.,2026-04-17 12:06:20.545038
2026041704005992,KKHC,89,74,351,278.0,97578.0,Global IME Securities Limited,KALASH STOCK MARKET PVT. LTD.,2026-04-17 12:06:20.545223
2026041704006013,KKHC,89,39,500,278.0,139000.0,Global IME Securities Limited,Sumeru Securities Pvt. Ltd.,2026-04-17 12:06:33.113372
2026041704006412,KKHC,58,44,10,279.9,2799.0,Naasa Securities Co. Ltd.,Dynamic Money Managers Securities Pvt. Ltd.,2026-04-17 12:10:03.204134
2026041704006535,KKHC,33,42,200,280.0,56000.0,Dakshinkali Investment & Securities Pvt. Ltd.,Sani Securities Company Ltd.,2026-04-17 12:10:44.195502
2026041704006647,KKHC,17,87,11,279.9,3078.9,ABC Securities Private Limited,S.P.S.A. Securities Limited,2026-04-17 12:11:47.301573
2026041704006692,KKHC,89,87,10,278.0,2780.0,Global IME Securities Limited,S.P.S.A. Securities Limited,2026-04-17 12:12:06.668964
2026041704006795,KKHC,89,58,38,278.0,10564.0,Global IME Securities Limited,Naasa Securities Co. Ltd.,2026-04-17 12:12:43.052376
2026041704006796,KKHC,58,58,24,278.0,6672.0,Naasa Securities Co. Ltd.,Naasa Securities Co. Ltd.,2026-04-17 12:12:43.052549
2026041704006812,KKHC,58,49,301,278.0,83678.0,Naasa Securities Co. Ltd.,Online Securities Pvt. Ltd.,2026-04-17 12:12:53.304436
2026041704006899,KKHC,34,48,158,277.9,43908.2,Vision Securities Pvt. Ltd,Trishakti Securities Public Limited,2026-04-17 12:13:17.299366
2026041704006929,KKHC,45,49,10,278.0,2780.0,Imperial Securities Company Pvt. Ltd.,Online Securities Pvt. Ltd.,2026-04-17 12:13:31.774853
2026041704007141,KKHC,35,49,50,278.9,13945.0,Kohinoor Investment & Securities Pvt. Ltd.,Online Securities Pvt. Ltd.,2026-04-17 12:15:37.044421
2026041704007211,KKHC,34,34,20,277.9,5558.0,Vision Securities Pvt. Ltd,Vision Securities Pvt. Ltd,2026-04-17 12:16:11.697797
2026041704007214,KKHC,22,49,100,278.0,27800.0,Siprabi Securities Pvt. Ltd.,Online Securities Pvt. Ltd.,2026-04-17 12:16:14.095134
2026041704007240,KKHC,22,80,250,278.0,69500.0,Siprabi Securities Pvt. Ltd.,Indira securities pvt. ltd,2026-04-17 12:16:30.664660
2026041704007478,KKHC,34,80,22,277.9,6113.8,Vision Securities Pvt. Ltd,Indira securities pvt. ltd,2026-04-17 12:18:56.321285
2026041704007550,KKHC,25,49,25,277.4,6935.0,Sweta Securities Private Limited,Online Securities Pvt. Ltd.,2026-04-17 12:19:25.249661
2026041704007551,KKHC,14,49,60,277.4,16644.0,Nepal Stock House (PVT) Ltd.,Online Securities Pvt. Ltd.,2026-04-17 12:19:25.249941
2026041704007591,KKHC,46,80,10,277.1,2771.0,Kalika Securities Pvt. Ltd.,Indira securities pvt. ltd,2026-04-17 12:19:45.649744
2026041704007592,KKHC,16,80,250,277.1,69275.0,Primo Securities (PVT) Ltd.,Indira securities pvt. ltd,2026-04-17 12:19:45.650020
2026041704007624,KKHC,25,49,23,277.4,6380.2,Sweta Securities Private Limited,Online Securities Pvt. Ltd.,2026-04-17 12:20:01.348197
2026041704007696,KKHC,45,16,100,277.0,27700.0,Imperial Securities Company Pvt. Ltd.,Primo Securities (PVT) Ltd.,2026-04-17 12:21:00.017655
2026041704007697,KKHC,49,16,70,277.0,19390.0,Online Securities Pvt. Ltd.,Primo Securities (PVT) Ltd.,2026-04-17 12:21:00.017935
2026041704007698,KKHC,54,16,400,277.0,110800.0,Sewa Securities Pvt. Ltd.,Primo Securities (PVT) Ltd.,2026-04-17 12:21:00.018141
2026041704007699,KKHC,44,16,20,277.0,5540.0,Dynamic Money Managers Securities Pvt. Ltd.,Primo Securities (PVT) Ltd.,2026-04-17 12:21:00.018355
2026041704007700,KKHC,57,16,300,277.0,83100.0,Aryatara Investment & Securities,Primo Securities (PVT) Ltd.,2026-04-17 12:21:00.018588
2026041704007730,KKHC,21,34,50,276.0,13800.0,Midas Stock Broking Company Private Limited,Vision Securities Pvt. Ltd,2026-04-17 12:21:29.917152
2026041704007751,KKHC,21,80,50,276.0,13800.0,Midas Stock Broking Company Private Limited,Indira securities pvt. ltd,2026-04-17 12:21:37.959772
2026041704007752,KKHC,41,80,10,276.0,2760.0,Linch Stock Market Ltd.,Indira securities pvt. ltd,2026-04-17 12:21:37.959958
2026041704007753,KKHC,6,80,20,276.0,5520.0,Agrawal Securities (PVT) Ltd.,Indira securities pvt. ltd,2026-04-17 12:21:37.960020
2026041704007829,KKHC,41,42,300,275.1,82530.0,Linch Stock Market Ltd.,Sani Securities Company Ltd.,2026-04-17 12:22:46.797765
2026041704007830,KKHC,41,42,10,275.0,2750.0,Linch Stock Market Ltd.,Sani Securities Company Ltd.,2026-04-17 12:22:46.798127
2026041704007831,KKHC,40,42,1000,275.0,275000.0,Creative Securities Pvt Ltd,Sani Securities Company Ltd.,2026-04-17 12:22:46.798329
2026041704007832,KKHC,43,42,30,275.0,8250.0,South Asian Bulls Pvt. Ltd.,Sani Securities Company Ltd.,2026-04-17 12:22:46.798504
2026041704007833,KKHC,22,42,660,275.0,181500.0,Siprabi Securities Pvt. Ltd.,Sani Securities Company Ltd.,2026-04-17 12:22:46.798688
2026041704008231,KKHC,22,80,50,275.0,13750.0,Siprabi Securities Pvt. Ltd.,Indira securities pvt. ltd,2026-04-17 12:27:46.150650
2026041704008372,KKHC,22,80,38,275.0,10450.0,Siprabi Securities Pvt. Ltd.,Indira securities pvt. ltd,2026-04-17 12:29:37.314348
2026041704008738,KKHC,41,58,200,276.0,55200.0,Linch Stock Market Ltd.,Naasa Securities Co. Ltd.,2026-04-17 12:33:56.203736
2026041704008768,KKHC,1,16,100,277.0,27700.0,Kumari Securities Private Limited,Primo Securities (PVT) Ltd.,2026-04-17 12:34:42.866609
2026041704008838,KKHC,22,16,10,277.0,2770.0,Siprabi Securities Pvt. Ltd.,Primo Securities (PVT) Ltd.,2026-04-17 12:35:38.493154
2026041704008839,KKHC,22,49,490,277.0,135730.0,Siprabi Securities Pvt. Ltd.,Online Securities Pvt. Ltd.,2026-04-17 12:35:38.493384
2026041704008898,KKHC,45,49,10,277.0,2770.0,Imperial Securities Company Pvt. Ltd.,Online Securities Pvt. Ltd.,2026-04-17 12:36:17.217875
2026041704008909,KKHC,45,49,10,277.0,2770.0,Imperial Securities Company Pvt. Ltd.,Online Securities Pvt. Ltd.,2026-04-17 12:36:30.894052
2026041704008924,KKHC,85,49,490,277.0,135730.0,Capital Hub P. Ltd,Online Securities Pvt. Ltd.,2026-04-17 12:36:39.933005
2026041704009023,KKHC,41,4,12,277.9,3334.8,Linch Stock Market Ltd.,Opal Securities Investment (PVT) Ltd.,2026-04-17 12:37:52.207376
2026041704009024,KKHC,41,49,288,277.9,80035.2,Linch Stock Market Ltd.,Online Securities Pvt. Ltd.,2026-04-17 12:37:52.207563
2026041704009044,KKHC,57,49,99,277.9,27512.1,Aryatara Investment & Securities,Online Securities Pvt. Ltd.,2026-04-17 12:38:10.022874
2026041704009046,KKHC,11,49,613,277.9,170352.7,Malla & Malla Stock Broking Company Pvt. Limited,Online Securities Pvt. Ltd.,2026-04-17 12:38:14.272333
2026041704009074,KKHC,1,58,110,277.9,30569.0,Kumari Securities Private Limited,Naasa Securities Co. Ltd.,2026-04-17 12:38:34.915468
2026041704009080,KKHC,6,6,1,283.0,283.0,Agrawal Securities (PVT) Ltd.,Agrawal Securities (PVT) Ltd.,2026-04-17 12:38:40.175883
2026041704009090,KKHC,58,6,3,282.0,846.0,Naasa Securities Co. Ltd.,Agrawal Securities (PVT) Ltd.,2026-04-17 12:38:48.997277
2026041704009172,KKHC,1,49,90,277.9,25011.0,Kumari Securities Private Limited,Online Securities Pvt. Ltd.,2026-04-17 12:39:59.420679
2026041704009211,KKHC,34,49,10,277.9,2779.0,Vision Securities Pvt. Ltd,Online Securities Pvt. Ltd.,2026-04-17 12:40:30.817039
2026041704009280,KKHC,74,49,400,277.9,111160.0,KALASH STOCK MARKET PVT. LTD.,Online Securities Pvt. Ltd.,2026-04-17 12:41:31.035997
2026041704009400,KKHC,40,22,20,279.0,5580.0,Creative Securities Pvt Ltd,Siprabi Securities Pvt. Ltd.,2026-04-17 12:43:31.637195
2026041704009410,KKHC,87,1,50,279.9,13995.0,S.P.S.A. Securities Limited,Kumari Securities Private Limited,2026-04-17 12:43:42.172810
2026041704009411,KKHC,87,42,336,280.0,94080.0,S.P.S.A. Securities Limited,Sani Securities Company Ltd.,2026-04-17 12:43:42.172850
2026041704009412,KKHC,87,34,15,280.0,4200.0,S.P.S.A. Securities Limited,Vision Securities Pvt. Ltd,2026-04-17 12:43:42.172876
2026041704009413,KKHC,87,57,70,280.0,19600.0,S.P.S.A. Securities Limited,Aryatara Investment & Securities,2026-04-17 12:43:42.172896
2026041704009414,KKHC,87,35,449,280.0,125720.0,S.P.S.A. Securities Limited,Kohinoor Investment & Securities Pvt. Ltd.,2026-04-17 12:43:42.172920
2026041704009415,KKHC,87,59,100,280.0,28000.0,S.P.S.A. Securities Limited,Deevyaa Securities & Stock House Pvt. Ltd,2026-04-17 12:43:42.172941
2026041704009416,KKHC,87,43,10,280.0,2800.0,S.P.S.A. Securities Limited,South Asian Bulls Pvt. Ltd.,2026-04-17 12:43:42.172963
2026041704009417,KKHC,87,49,500,280.0,140000.0,S.P.S.A. Securities Limited,Online Securities Pvt. Ltd.,2026-04-17 12:43:42.172988
2026041704009418,KKHC,87,49,101,280.5,28330.5,S.P.S.A. Securities Limited,Online Securities Pvt. Ltd.,2026-04-17 12:43:42.173019
2026041704009419,KKHC,87,44,10,280.9,2809.0,S.P.S.A. Securities Limited,Dynamic Money Managers Securities Pvt. Ltd.,2026-04-17 12:43:42.173048
2026041704009420,KKHC,87,77,68,280.9,19101.2,S.P.S.A. Securities Limited,Nabil Stock Dealer Ltd.,2026-04-17 12:43:42.173068
2026041704009421,KKHC,87,7,300,281.0,84300.0,S.P.S.A. Securities Limited,J.F. Securites (PVT) Ltd.,2026-04-17 12:43:42.173088
2026041704009422,KKHC,87,53,500,281.0,140500.0,S.P.S.A. Securities Limited,Investment Management Nepal Pvt. Ltd.,2026-04-17 12:43:42.173111
2026041704009423,KKHC,87,58,10,281.0,2810.0,S.P.S.A. Securities Limited,Naasa Securities Co. Ltd.,2026-04-17 12:43:42.173131
2026041704009424,KKHC,87,58,10,281.0,2810.0,S.P.S.A. Securities Limited,Naasa Securities Co. Ltd.,2026-04-17 12:43:42.173154
2026041704009425,KKHC,87,17,9471,281.0,2661351.0,S.P.S.A. Securities Limited,ABC Securities Private Limited,2026-04-17 12:43:42.173176
2026041704009442,KKHC,40,87,10,279.0,2790.0,Creative Securities Pvt Ltd,S.P.S.A. Securities Limited,2026-04-17 12:43:45.918834
2026041704009597,KKHC,40,70,70,280.0,19600.0,Creative Securities Pvt Ltd,Infinity Securities Limited,2026-04-17 12:46:07.065378
2026041704009619,KKHC,39,87,10,279.0,2790.0,Sumeru Securities Pvt. Ltd.,S.P.S.A. Securities Limited,2026-04-17 12:46:27.410064
2026041704009661,KKHC,42,70,30,280.0,8400.0,Sani Securities Company Ltd.,Infinity Securities Limited,2026-04-17 12:46:59.710894
2026041704009759,KKHC,42,58,16,280.0,4480.0,Sani Securities Company Ltd.,Naasa Securities Co. Ltd.,2026-04-17 12:48:11.579448
2026041704010128,KKHC,42,26,54,280.0,15120.0,Sani Securities Company Ltd.,Asian Securities Private Ltd.,2026-04-17 12:51:40.180871
2026041704010129,KKHC,67,26,890,280.0,249200.0,Property Wiard Limited,Asian Securities Private Ltd.,2026-04-17 12:51:40.180933
2026041704010130,KKHC,39,26,50,280.0,14000.0,Sumeru Securities Pvt. Ltd.,Asian Securities Private Ltd.,2026-04-17 12:51:40.180962
2026041704010266,KKHC,39,49,40,279.0,11160.0,Sumeru Securities Pvt. Ltd.,Online Securities Pvt. Ltd.,2026-04-17 12:52:38.343562
2026041704010316,KKHC,32,87,10,277.1,2771.0,Premier Securities Company Ltd.,S.P.S.A. Securities Limited,2026-04-17 12:52:59.333840
2026041704010433,KKHC,4,49,400,279.0,111600.0,Opal Securities Investment (PVT) Ltd.,Online Securities Pvt. Ltd.,2026-04-17 12:53:52.178132
2026041704010752,KKHC,58,87,10,277.5,2775.0,Naasa Securities Co. Ltd.,S.P.S.A. Securities Limited,2026-04-17 12:56:05.192380
2026041704010867,KKHC,87,49,460,279.0,128340.0,S.P.S.A. Securities Limited,Online Securities Pvt. Ltd.,2026-04-17 12:57:12.177707
2026041704010868,KKHC,87,17,529,279.0,147591.0,S.P.S.A. Securities Limited,ABC Securities Private Limited,2026-04-17 12:57:12.177802
2026041704010869,KKHC,87,49,100,279.0,27900.0,S.P.S.A. Securities Limited,Online Securities Pvt. Ltd.,2026-04-17 12:57:12.177871
2026041704010870,KKHC,87,49,1000,280.0,280000.0,S.P.S.A. Securities Limited,Online Securities Pvt. Ltd.,2026-04-17 12:57:12.177960
2026041704010871,KKHC,87,58,16,280.0,4480.0,S.P.S.A. Securities Limited,Naasa Securities Co. Ltd.,2026-04-17 12:57:12.178034
2026041704010872,KKHC,87,26,35,280.9,9831.5,S.P.S.A. Securities Limited,Asian Securities Private Ltd.,2026-04-17 12:57:12.178110
2026041704010873,KKHC,87,6,40,281.3,11252.0,S.P.S.A. Securities Limited,Agrawal Securities (PVT) Ltd.,2026-04-17 12:57:12.178167
2026041704010874,KKHC,87,32,500,282.0,141000.0,S.P.S.A. Securities Limited,Premier Securities Company Ltd.,2026-04-17 12:57:12.178278
2026041704010875,KKHC,87,58,150,282.0,42300.0,S.P.S.A. Securities Limited,Naasa Securities Co. Ltd.,2026-04-17 12:57:12.178383
2026041704010876,KKHC,87,45,1500,282.0,423000.0,S.P.S.A. Securities Limited,Imperial Securities Company Pvt. Ltd.,2026-04-17 12:57:12.178470
2026041704010877,KKHC,87,14,100,282.0,28200.0,S.P.S.A. Securities Limited,Nepal Stock House (PVT) Ltd.,2026-04-17 12:57:12.178523
2026041704010878,KKHC,87,44,10,282.5,2825.0,S.P.S.A. Securities Limited,Dynamic Money Managers Securities Pvt. Ltd.,2026-04-17 12:57:12.178588
2026041704010879,KKHC,87,38,990,282.8,279972.0,S.P.S.A. Securities Limited,Dipshikha Dhitopatra Karobar Co. Pvt Ltd.,2026-04-17 12:57:12.178653
2026041704010880,KKHC,87,1,750,282.9,212175.0,S.P.S.A. Securities Limited,Kumari Securities Private Limited,2026-04-17 12:57:12.178721
2026041704010881,KKHC,87,26,100,283.0,28300.0,S.P.S.A. Securities Limited,Asian Securities Private Ltd.,2026-04-17 12:57:12.178777
2026041704010882,KKHC,87,14,108,283.0,30564.0,S.P.S.A. Securities Limited,Nepal Stock House (PVT) Ltd.,2026-04-17 12:57:12.178833
2026041704010883,KKHC,87,32,100,283.0,28300.0,S.P.S.A. Securities Limited,Premier Securities Company Ltd.,2026-04-17 12:57:12.178889
2026041704010884,KKHC,87,33,100,283.0,28300.0,S.P.S.A. Securities Limited,Dakshinkali Investment & Securities Pvt. Ltd.,2026-04-17 12:57:12.178945
2026041704010885,KKHC,87,8,145,283.0,41035.0,S.P.S.A. Securities Limited,Brilliant Securities Pvt. Ltd.,2026-04-17 12:57:12.179008
2026041704010886,KKHC,87,41,100,283.0,28300.0,S.P.S.A. Securities Limited,Linch Stock Market Ltd.,2026-04-17 12:57:12.179095
2026041704010887,KKHC,87,56,100,283.4,28340.0,S.P.S.A. Securities Limited,Sri Hari Securities Pvt. Ltd.,2026-04-17 12:57:12.179170
2026041704010888,KKHC,87,44,50,283.4,14170.0,S.P.S.A. Securities Limited,Dynamic Money Managers Securities Pvt. Ltd.,2026-04-17 12:57:12.179221
2026041704010889,KKHC,87,62,210,283.5,59535.0,S.P.S.A. Securities Limited,Capital Max Securities Ltd,2026-04-17 12:57:12.179275
2026041704010890,KKHC,87,45,400,283.5,113400.0,S.P.S.A. Securities Limited,Imperial Securities Company Pvt. Ltd.,2026-04-17 12:57:12.179381
2026041704010891,KKHC,87,34,100,283.8,28380.0,S.P.S.A. Securities Limited,Vision Securities Pvt. Ltd,2026-04-17 12:57:12.179438
2026041704010892,KKHC,87,71,386,283.9,109585.4,S.P.S.A. Securities Limited,SHUBHAKAMANA SECURITIES PVT. LTD,2026-04-17 12:57:12.179496
2026041704010893,KKHC,87,17,577,284.0,163868.0,S.P.S.A. Securities Limited,ABC Securities Private Limited,2026-04-17 12:57:12.179561
2026041704010894,KKHC,87,48,400,284.0,113600.0,S.P.S.A. Securities Limited,Trishakti Securities Public Limited,2026-04-17 12:57:12.179614
2026041704010895,KKHC,87,58,21,284.0,5964.0,S.P.S.A. Securities Limited,Naasa Securities Co. Ltd.,2026-04-17 12:57:12.179676
2026041704010896,KKHC,87,35,1400,284.5,398300.0,S.P.S.A. Securities Limited,Kohinoor Investment & Securities Pvt. Ltd.,2026-04-17 12:57:12.179772
2026041704010897,KKHC,87,26,2000,284.5,569000.0,S.P.S.A. Securities Limited,Asian Securities Private Ltd.,2026-04-17 12:57:12.179844
2026041704010898,KKHC,87,58,600,285.0,171000.0,S.P.S.A. Securities Limited,Naasa Securities Co. Ltd.,2026-04-17 12:57:12.179916
2026041704010899,KKHC,87,42,100,285.0,28500.0,S.P.S.A. Securities Limited,Sani Securities Company Ltd.,2026-04-17 12:57:12.179981
2026041704010900,KKHC,87,28,200,285.0,57000.0,S.P.S.A. Securities Limited,Shree Krishna Securities Ltd.,2026-04-17 12:57:12.180037
2026041704010901,KKHC,87,35,274,285.0,78090.0,S.P.S.A. Securities Limited,Kohinoor Investment & Securities Pvt. Ltd.,2026-04-17 12:57:12.180101
2026041704010902,KKHC,87,57,300,285.0,85500.0,S.P.S.A. Securities Limited,Aryatara Investment & Securities,2026-04-17 12:57:12.180165
2026041704010903,KKHC,87,50,100,285.0,28500.0,S.P.S.A. Securities Limited,Cristal Kanchanjanga Securites Pvt. Ltd.,2026-04-17 12:57:12.180233
2026041704010904,KKHC,87,58,106,285.0,30210.0,S.P.S.A. Securities Limited,Naasa Securities Co. Ltd.,2026-04-17 12:57:12.180301
2026041704010905,KKHC,87,48,40,285.0,11400.0,S.P.S.A. Securities Limited,Trishakti Securities Public Limited,2026-04-17 12:57:12.180374
2026041704010906,KKHC,87,42,500,285.0,142500.0,S.P.S.A. Securities Limited,Sani Securities Company Ltd.,2026-04-17 12:57:12.180427
2026041704010907,KKHC,87,19,150,285.6,42840.0,S.P.S.A. Securities Limited,Nepal Investment And Securities Trading Private Limited,2026-04-17 12:57:12.180493
2026041704010908,KKHC,87,58,82,285.6,23419.2,S.P.S.A. Securities Limited,Naasa Securities Co. Ltd.,2026-04-17 12:57:12.180565
2026041704010909,KKHC,87,33,200,285.6,57120.0,S.P.S.A. Securities Limited,Dakshinkali Investment & Securities Pvt. Ltd.,2026-04-17 12:57:12.180627
2026041704010910,KKHC,87,40,17910,285.6,5115096.0,S.P.S.A. Securities Limited,Creative Securities Pvt Ltd,2026-04-17 12:57:12.180687
2026041704010911,KKHC,87,99,100,285.6,28560.0,S.P.S.A. Securities Limited,Prabhu Stock Market Limited,2026-04-17 12:57:12.180756
2026041704010912,KKHC,87,59,10,285.6,2856.0,S.P.S.A. Securities Limited,Deevyaa Securities & Stock House Pvt. Ltd,2026-04-17 12:57:12.180819
2026041704010913,KKHC,87,26,500,285.7,142850.0,S.P.S.A. Securities Limited,Asian Securities Private Ltd.,2026-04-17 12:57:12.180880
2026041704010914,KKHC,87,41,30,285.7,8571.0,S.P.S.A. Securities Limited,Linch Stock Market Ltd.,2026-04-17 12:57:12.180942
2026041704010915,KKHC,87,58,25,285.7,7142.5,S.P.S.A. Securities Limited,Naasa Securities Co. Ltd.,2026-04-17 12:57:12.181017
2026041704010916,KKHC,87,4,20,286.0,5720.0,S.P.S.A. Securities Limited,Opal Securities Investment (PVT) Ltd.,2026-04-17 12:57:12.181099
2026041704010917,KKHC,87,13,500,286.0,143000.0,S.P.S.A. Securities Limited,Thrive Brokerage House Pvt. Ltd,2026-04-17 12:57:12.181164
2026041704010918,KKHC,87,1,100,286.0,28600.0,S.P.S.A. Securities Limited,Kumari Securities Private Limited,2026-04-17 12:57:12.181225
2026041704010919,KKHC,87,45,800,286.0,228800.0,S.P.S.A. Securities Limited,Imperial Securities Company Pvt. Ltd.,2026-04-17 12:57:12.181294
2026041704010920,KKHC,87,45,500,286.6,143300.0,S.P.S.A. Securities Limited,Imperial Securities Company Pvt. Ltd.,2026-04-17 12:57:12.181376
2026041704010921,KKHC,87,58,50,286.6,14330.0,S.P.S.A. Securities Limited,Naasa Securities Co. Ltd.,2026-04-17 12:57:12.181449
2026041704010922,KKHC,87,51,100,286.7,28670.0,S.P.S.A. Securities Limited,Oxford Securities Pvt. Ltd.,2026-04-17 12:57:12.181507
2026041704010923,KKHC,87,32,30,286.9,8607.0,S.P.S.A. Securities Limited,Premier Securities Company Ltd.,2026-04-17 12:57:12.181568
2026041704010924,KKHC,87,59,1000,287.0,287000.0,S.P.S.A. Securities Limited,Deevyaa Securities & Stock House Pvt. Ltd,2026-04-17 12:57:12.181637
2026041704010925,KKHC,87,32,500,287.0,143500.0,S.P.S.A. Securities Limited,Premier Securities Company Ltd.,2026-04-17 12:57:12.181700
2026041704010926,KKHC,87,48,400,287.0,114800.0,S.P.S.A. Securities Limited,Trishakti Securities Public Limited,2026-04-17 12:57:12.181778
2026041704010927,KKHC,87,45,100,287.6,28760.0,S.P.S.A. Securities Limited,Imperial Securities Company Pvt. Ltd.,2026-04-17 12:57:12.181849
2026041704010928,KKHC,87,57,500,288.0,144000.0,S.P.S.A. Securities Limited,Aryatara Investment & Securities,2026-04-17 12:57:12.181923
2026041704010929,KKHC,87,34,618,288.0,177984.0,S.P.S.A. Securities Limited,Vision Securities Pvt. Ltd,2026-04-17 12:57:12.181984
2026041704010930,KKHC,87,33,500,288.0,144000.0,S.P.S.A. Securities Limited,Dakshinkali Investment & Securities Pvt. Ltd.,2026-04-17 12:57:12.182056
2026041704010931,KKHC,87,50,100,288.0,28800.0,S.P.S.A. Securities Limited,Cristal Kanchanjanga Securites Pvt. Ltd.,2026-04-17 12:57:12.182126
2026041704010932,KKHC,87,32,100,288.0,28800.0,S.P.S.A. Securities Limited,Premier Securities Company Ltd.,2026-04-17 12:57:12.182213
2026041704010933,KKHC,87,14,60,288.0,17280.0,S.P.S.A. Securities Limited,Nepal Stock House (PVT) Ltd.,2026-04-17 12:57:12.182294
2026041704010934,KKHC,87,44,10,288.5,2885.0,S.P.S.A. Securities Limited,Dynamic Money Managers Securities Pvt. Ltd.,2026-04-17 12:57:12.182379
2026041704010935,KKHC,87,57,200,288.6,57720.0,S.P.S.A. Securities Limited,Aryatara Investment & Securities,2026-04-17 12:57:12.182450
2026041704010936,KKHC,87,98,1000,288.6,288600.0,S.P.S.A. Securities Limited,Trademow Securities Private Limited,2026-04-17 12:57:12.182536
2026041704010937,KKHC,87,45,60,288.6,17316.0,S.P.S.A. Securities Limited,Imperial Securities Company Pvt. Ltd.,2026-04-17 12:57:12.182596
2026041704010938,KKHC,87,32,100,288.6,28860.0,S.P.S.A. Securities Limited,Premier Securities Company Ltd.,2026-04-17 12:57:12.182665
2026041704010939,KKHC,87,57,500,288.6,144300.0,S.P.S.A. Securities Limited,Aryatara Investment & Securities,2026-04-17 12:57:12.182785
2026041704010940,KKHC,87,29,200,288.6,57720.0,S.P.S.A. Securities Limited,Trisul Securities & Invt. Ltd.,2026-04-17 12:57:12.182855
2026041704010941,KKHC,87,43,500,288.6,144300.0,S.P.S.A. Securities Limited,South Asian Bulls Pvt. Ltd.,2026-04-17 12:57:12.182923
2026041704010942,KKHC,87,42,616,288.6,177777.6,S.P.S.A. Securities Limited,Sani Securities Company Ltd.,2026-04-17 12:57:12.182975
2026041704010943,KKHC,87,71,500,288.6,144300.0,S.P.S.A. Securities Limited,SHUBHAKAMANA SECURITIES PVT. LTD,2026-04-17 12:57:12.183045
2026041704010944,KKHC,87,1,30,288.6,8658.0,S.P.S.A. Securities Limited,Kumari Securities Private Limited,2026-04-17 12:57:12.183116
2026041704010945,KKHC,87,39,500,289.0,144500.0,S.P.S.A. Securities Limited,Sumeru Securities Pvt. Ltd.,2026-04-17 12:57:12.183182
2026041704010946,KKHC,87,6,200,289.0,57800.0,S.P.S.A. Securities Limited,Agrawal Securities (PVT) Ltd.,2026-04-17 12:57:12.183256
2026041704010947,KKHC,87,38,10,289.0,2890.0,S.P.S.A. Securities Limited,Dipshikha Dhitopatra Karobar Co. Pvt Ltd.,2026-04-17 12:57:12.183338
2026041704010948,KKHC,87,26,100,289.4,28940.0,S.P.S.A. Securities Limited,Asian Securities Private Ltd.,2026-04-17 12:57:12.183405
2026041704010949,KKHC,87,32,30,289.4,8682.0,S.P.S.A. Securities Limited,Premier Securities Company Ltd.,2026-04-17 12:57:12.183474
2026041704010950,KKHC,87,43,40,289.5,11580.0,S.P.S.A. Securities Limited,South Asian Bulls Pvt. Ltd.,2026-04-17 12:57:12.183550
2026041704010951,KKHC,87,91,100,289.6,28960.0,S.P.S.A. Securities Limited,Citizens Share Broker Limited,2026-04-17 12:57:12.183620
2026041704010952,KKHC,87,1,100,289.6,28960.0,S.P.S.A. Securities Limited,Kumari Securities Private Limited,2026-04-17 12:57:12.183686
2026041704010953,KKHC,87,58,204,289.6,59078.4,S.P.S.A. Securities Limited,Naasa Securities Co. Ltd.,2026-04-17 12:57:12.183753
2026041704010954,KKHC,87,59,100,290.0,29000.0,S.P.S.A. Securities Limited,Deevyaa Securities & Stock House Pvt. Ltd,2026-04-17 12:57:12.183817
2026041704010955,KKHC,87,58,50,290.0,14500.0,S.P.S.A. Securities Limited,Naasa Securities Co. Ltd.,2026-04-17 12:57:12.183887
2026041704010956,KKHC,87,52,300,290.0,87000.0,S.P.S.A. Securities Limited,Sundhara Securities Limited,2026-04-17 12:57:12.183952
2026041704010957,KKHC,87,81,1000,290.7,290700.0,S.P.S.A. Securities Limited,Aakashbhairab Securities Ltd.,2026-04-17 12:57:12.184019
2026041704010958,KKHC,87,50,200,290.7,58140.0,S.P.S.A. Securities Limited,Cristal Kanchanjanga Securites Pvt. Ltd.,2026-04-17 12:57:12.184089
2026041704010959,KKHC,87,1,100,291.6,29160.0,S.P.S.A. Securities Limited,Kumari Securities Private Limited,2026-04-17 12:57:12.184138
2026041704010960,KKHC,87,14,140,292.0,40880.0,S.P.S.A. Securities Limited,Nepal Stock House (PVT) Ltd.,2026-04-17 12:57:12.184191
2026041704010961,KKHC,87,46,300,292.0,87600.0,S.P.S.A. Securities Limited,Kalika Securities Pvt. Ltd.,2026-04-17 12:57:12.184274
2026041704010962,KKHC,87,34,500,292.0,146000.0,S.P.S.A. Securities Limited,Vision Securities Pvt. Ltd,2026-04-17 12:57:12.184363
2026041704010963,KKHC,87,39,1000,292.0,292000.0,S.P.S.A. Securities Limited,Sumeru Securities Pvt. Ltd.,2026-04-17 12:57:12.184426
2026041704010964,KKHC,87,14,250,292.5,73125.0,S.P.S.A. Securities Limited,Nepal Stock House (PVT) Ltd.,2026-04-17 12:57:12.184490
2026041704010965,KKHC,87,74,10,292.5,2925.0,S.P.S.A. Securities Limited,KALASH STOCK MARKET PVT. LTD.,2026-04-17 12:57:12.184548
2026041704010966,KKHC,87,49,1000,292.6,292600.0,S.P.S.A. Securities Limited,Online Securities Pvt. Ltd.,2026-04-17 12:57:12.184605
2026041704010967,KKHC,87,58,260,292.6,76076.0,S.P.S.A. Securities Limited,Naasa Securities Co. Ltd.,2026-04-17 12:57:12.184669
2026041704010968,KKHC,72,72,10,297.8,2978.0,Hatemalo Financial Services Private Limited,Hatemalo Financial Services Private Limited,2026-04-17 12:57:12.568618
2026041704010974,KKHC,32,87,10,277.3,2773.0,Premier Securities Company Ltd.,S.P.S.A. Securities Limited,2026-04-17 12:57:16.303045
2026041704010987,KKHC,32,72,10,277.3,2773.0,Premier Securities Company Ltd.,Hatemalo Financial Services Private Limited,2026-04-17 12:57:27.589310
2026041704011012,KKHC,72,87,10,282.8,2828.0,Hatemalo Financial Services Private Limited,S.P.S.A. Securities Limited,2026-04-17 12:57:45.737624
2026041704011033,KKHC,32,87,10,277.3,2773.0,Premier Securities Company Ltd.,S.P.S.A. Securities Limited,2026-04-17 12:58:02.822248
2026041704011083,KKHC,52,48,10,288.0,2880.0,Sundhara Securities Limited,Trishakti Securities Public Limited,2026-04-17 12:59:16.385962
2026041704011086,KKHC,1,87,10,277.5,2775.0,Kumari Securities Private Limited,S.P.S.A. Securities Limited,2026-04-17 12:59:18.412737
2026041704011151,KKHC,25,52,100,280.0,28000.0,Sweta Securities Private Limited,Sundhara Securities Limited,2026-04-17 13:00:30.620831
2026041704011152,KKHC,17,52,10,280.0,2800.0,ABC Securities Private Limited,Sundhara Securities Limited,2026-04-17 13:00:32.104155
2026041704011153,KKHC,17,87,10,280.0,2800.0,ABC Securities Private Limited,S.P.S.A. Securities Limited,2026-04-17 13:00:32.778115
2026041704011165,KKHC,7,48,10,288.0,2880.0,J.F. Securites (PVT) Ltd.,Trishakti Securities Public Limited,2026-04-17 13:00:49.645016
2026041704011166,KKHC,17,87,10,280.0,2800.0,ABC Securities Private Limited,S.P.S.A. Securities Limited,2026-04-17 13:00:51.587604
2026041704011248,KKHC,42,45,300,285.0,85500.0,Sani Securities Company Ltd.,Imperial Securities Company Pvt. Ltd.,2026-04-17 13:02:29.506901
2026041704011249,KKHC,42,58,100,285.0,28500.0,Sani Securities Company Ltd.,Naasa Securities Co. Ltd.,2026-04-17 13:02:29.507115
2026041704011250,KKHC,3,87,10,281.3,2813.0,Arun Securities (PVT) Ltd.,S.P.S.A. Securities Limited,2026-04-17 13:02:31.774021
2026041704011268,KKHC,3,56,500,281.3,140650.0,Arun Securities (PVT) Ltd.,Sri Hari Securities Pvt. Ltd.,2026-04-17 13:02:45.360587
2026041704011408,KKHC,62,89,7,280.7,1964.9,Capital Max Securities Ltd,Global IME Securities Limited,2026-04-17 13:05:51.298958
2026041704011456,KKHC,41,38,100,282.2,28220.0,Linch Stock Market Ltd.,Dipshikha Dhitopatra Karobar Co. Pvt Ltd.,2026-04-17 13:07:28.884780
2026041704011457,KKHC,6,38,200,282.2,56440.0,Agrawal Securities (PVT) Ltd.,Dipshikha Dhitopatra Karobar Co. Pvt Ltd.,2026-04-17 13:07:28.884818
2026041704011462,KKHC,25,45,240,285.5,68520.0,Sweta Securities Private Limited,Imperial Securities Company Pvt. Ltd.,2026-04-17 13:07:33.989733
2026041704011463,KKHC,25,58,100,285.6,28560.0,Sweta Securities Private Limited,Naasa Securities Co. Ltd.,2026-04-17 13:07:33.989966
2026041704011464,KKHC,25,11,10,285.6,2856.0,Sweta Securities Private Limited,Malla & Malla Stock Broking Company Pvt. Limited,2026-04-17 13:07:33.990117
2026041704011465,KKHC,25,38,20,285.6,5712.0,Sweta Securities Private Limited,Dipshikha Dhitopatra Karobar Co. Pvt Ltd.,2026-04-17 13:07:33.990261
2026041704011466,KKHC,25,49,30,286.0,8580.0,Sweta Securities Private Limited,Online Securities Pvt. Ltd.,2026-04-17 13:07:33.990436
2026041704011471,KKHC,6,87,10,282.2,2822.0,Agrawal Securities (PVT) Ltd.,S.P.S.A. Securities Limited,2026-04-17 13:07:36.450287
2026041704011506,KKHC,6,38,90,282.2,25398.0,Agrawal Securities (PVT) Ltd.,Dipshikha Dhitopatra Karobar Co. Pvt Ltd.,2026-04-17 13:08:36.846853
2026041704011507,KKHC,35,38,100,282.1,28210.0,Kohinoor Investment & Securities Pvt. Ltd.,Dipshikha Dhitopatra Karobar Co. Pvt Ltd.,2026-04-17 13:08:36.846960
2026041704011508,KKHC,25,38,100,282.0,28200.0,Sweta Securities Private Limited,Dipshikha Dhitopatra Karobar Co. Pvt Ltd.,2026-04-17 13:08:36.847053
2026041704011509,KKHC,47,38,406,282.0,114492.0,Neev Securities Pvt. Ltd.,Dipshikha Dhitopatra Karobar Co. Pvt Ltd.,2026-04-17 13:08:36.847152
2026041704011527,KKHC,6,21,240,282.2,67728.0,Agrawal Securities (PVT) Ltd.,Midas Stock Broking Company Private Limited,2026-04-17 13:09:15.683224
2026041704011575,KKHC,58,1,50,282.3,14115.0,Naasa Securities Co. Ltd.,Kumari Securities Private Limited,2026-04-17 13:10:11.346924
2026041704011576,KKHC,6,1,260,282.2,73372.0,Agrawal Securities (PVT) Ltd.,Kumari Securities Private Limited,2026-04-17 13:10:11.347224
2026041704011577,KKHC,47,1,190,282.0,53580.0,Neev Securities Pvt. Ltd.,Kumari Securities Private Limited,2026-04-17 13:10:11.347394
2026041704011633,KKHC,47,49,150,282.0,42300.0,Neev Securities Pvt. Ltd.,Online Securities Pvt. Ltd.,2026-04-17 13:11:25.602950
2026041704011664,KKHC,47,1,100,282.0,28200.0,Neev Securities Pvt. Ltd.,Kumari Securities Private Limited,2026-04-17 13:12:24.400010
2026041704011695,KKHC,13,36,200,282.0,56400.0,Thrive Brokerage House Pvt. Ltd,Secured Securities Ltd.,2026-04-17 13:13:01.652009
2026041704011700,KKHC,58,45,10,282.0,2820.0,Naasa Securities Co. Ltd.,Imperial Securities Company Pvt. Ltd.,2026-04-17 13:13:16.119964
2026041704011722,KKHC,6,45,200,282.0,56400.0,Agrawal Securities (PVT) Ltd.,Imperial Securities Company Pvt. Ltd.,2026-04-17 13:13:30.682381
2026041704011767,KKHC,21,87,10,281.5,2815.0,Midas Stock Broking Company Private Limited,S.P.S.A. Securities Limited,2026-04-17 13:14:22.470978
2026041704011806,KKHC,21,72,115,281.5,32372.5,Midas Stock Broking Company Private Limited,Hatemalo Financial Services Private Limited,2026-04-17 13:14:53.629189
2026041704011807,KKHC,3,72,65,281.3,18284.5,Arun Securities (PVT) Ltd.,Hatemalo Financial Services Private Limited,2026-04-17 13:14:53.629377
2026041704011808,KKHC,22,72,200,281.0,56200.0,Siprabi Securities Pvt. Ltd.,Hatemalo Financial Services Private Limited,2026-04-17 13:14:53.629438
2026041704011809,KKHC,28,72,80,280.0,22400.0,Shree Krishna Securities Ltd.,Hatemalo Financial Services Private Limited,2026-04-17 13:14:53.629490
2026041704011810,KKHC,58,72,10,280.0,2800.0,Naasa Securities Co. Ltd.,Hatemalo Financial Services Private Limited,2026-04-17 13:14:53.629543
2026041704011811,KKHC,39,72,50,280.0,14000.0,Sumeru Securities Pvt. Ltd.,Hatemalo Financial Services Private Limited,2026-04-17 13:14:53.629591
2026041704011812,KKHC,41,72,80,280.0,22400.0,Linch Stock Market Ltd.,Hatemalo Financial Services Private Limited,2026-04-17 13:14:53.629643
2026041704011816,KKHC,25,45,90,282.0,25380.0,Sweta Securities Private Limited,Imperial Securities Company Pvt. Ltd.,2026-04-17 13:15:02.085693
2026041704011833,KKHC,41,87,11,280.0,3080.0,Linch Stock Market Ltd.,S.P.S.A. Securities Limited,2026-04-17 13:16:07.083991
2026041704011834,KKHC,1,87,10,279.1,2791.0,Kumari Securities Private Limited,S.P.S.A. Securities Limited,2026-04-17 13:16:12.000221
2026041704012094,KKHC,25,51,100,282.0,28200.0,Sweta Securities Private Limited,Oxford Securities Pvt. Ltd.,2026-04-17 13:20:28.524543
2026041704012095,KKHC,25,44,200,282.0,56400.0,Sweta Securities Private Limited,Dynamic Money Managers Securities Pvt. Ltd.,2026-04-17 13:20:28.524701
2026041704012103,KKHC,57,87,10,280.0,2800.0,Aryatara Investment & Securities,S.P.S.A. Securities Limited,2026-04-17 13:20:32.405339
2026041704012284,KKHC,47,41,100,283.0,28300.0,Neev Securities Pvt. Ltd.,Linch Stock Market Ltd.,2026-04-17 13:23:17.642951
2026041704012364,KKHC,47,87,191,283.0,54053.0,Neev Securities Pvt. Ltd.,S.P.S.A. Securities Limited,2026-04-17 13:24:29.329710
2026041704012371,KKHC,1,87,10,280.1,2801.0,Kumari Securities Private Limited,S.P.S.A. Securities Limited,2026-04-17 13:24:33.006234
2026041704012671,KKHC,1,28,20,280.3,5606.0,Kumari Securities Private Limited,Shree Krishna Securities Ltd.,2026-04-17 13:30:01.470319
2026041704013008,KKHC,57,42,35,283.0,9905.0,Aryatara Investment & Securities,Sani Securities Company Ltd.,2026-04-17 13:32:37.318018
2026041704013038,KKHC,1,87,10,280.6,2806.0,Kumari Securities Private Limited,S.P.S.A. Securities Limited,2026-04-17 13:33:00.711263
2026041704013306,KKHC,57,49,10,281.1,2811.0,Aryatara Investment & Securities,Online Securities Pvt. Ltd.,2026-04-17 13:35:09.561203
2026041704013654,KKHC,17,34,10,283.4,2834.0,ABC Securities Private Limited,Vision Securities Pvt. Ltd,2026-04-17 13:38:27.425636
2026041704013655,KKHC,17,49,300,283.5,85050.0,ABC Securities Private Limited,Online Securities Pvt. Ltd.,2026-04-17 13:38:27.425816
2026041704013656,KKHC,17,51,20,284.0,5680.0,ABC Securities Private Limited,Oxford Securities Pvt. Ltd.,2026-04-17 13:38:27.425889
2026041704013657,KKHC,17,57,100,284.0,28400.0,ABC Securities Private Limited,Aryatara Investment & Securities,2026-04-17 13:38:27.425950
2026041704013658,KKHC,17,57,500,284.0,142000.0,ABC Securities Private Limited,Aryatara Investment & Securities,2026-04-17 13:38:27.426013
2026041704013659,KKHC,17,87,570,284.0,161880.0,ABC Securities Private Limited,S.P.S.A. Securities Limited,2026-04-17 13:38:27.426092
2026041704013686,KKHC,17,87,1500,284.0,426000.0,ABC Securities Private Limited,S.P.S.A. Securities Limited,2026-04-17 13:38:31.864558
2026041704013691,KKHC,17,87,1500,284.0,426000.0,ABC Securities Private Limited,S.P.S.A. Securities Limited,2026-04-17 13:38:37.524526
2026041704013722,KKHC,17,87,1500,284.0,426000.0,ABC Securities Private Limited,S.P.S.A. Securities Limited,2026-04-17 13:38:43.569592
2026041704013743,KKHC,32,39,100,284.0,28400.0,Premier Securities Company Ltd.,Sumeru Securities Pvt. Ltd.,2026-04-17 13:38:58.916232
2026041704013760,KKHC,57,58,40,284.4,11376.0,Aryatara Investment & Securities,Naasa Securities Co. Ltd.,2026-04-17 13:39:11.775399
2026041704013769,KKHC,25,58,210,284.4,59724.0,Sweta Securities Private Limited,Naasa Securities Co. Ltd.,2026-04-17 13:39:18.717612
2026041704013770,KKHC,25,42,100,284.6,28460.0,Sweta Securities Private Limited,Sani Securities Company Ltd.,2026-04-17 13:39:18.717781
2026041704013771,KKHC,25,35,100,285.0,28500.0,Sweta Securities Private Limited,Kohinoor Investment & Securities Pvt. Ltd.,2026-04-17 13:39:18.717845
2026041704013772,KKHC,25,26,590,285.0,168150.0,Sweta Securities Private Limited,Asian Securities Private Ltd.,2026-04-17 13:39:18.717924
2026041704013792,KKHC,32,26,660,285.0,188100.0,Premier Securities Company Ltd.,Asian Securities Private Ltd.,2026-04-17 13:39:34.501307
2026041704013805,KKHC,6,26,250,285.0,71250.0,Agrawal Securities (PVT) Ltd.,Asian Securities Private Ltd.,2026-04-17 13:39:40.321428
2026041704013806,KKHC,6,49,150,285.0,42750.0,Agrawal Securities (PVT) Ltd.,Online Securities Pvt. Ltd.,2026-04-17 13:39:40.321607
2026041704013807,KKHC,6,43,200,285.0,57000.0,Agrawal Securities (PVT) Ltd.,South Asian Bulls Pvt. Ltd.,2026-04-17 13:39:40.321668
2026041704013808,KKHC,6,7,500,285.0,142500.0,Agrawal Securities (PVT) Ltd.,J.F. Securites (PVT) Ltd.,2026-04-17 13:39:40.321725
2026041704013810,KKHC,6,87,10,285.0,2850.0,Agrawal Securities (PVT) Ltd.,S.P.S.A. Securities Limited,2026-04-17 13:39:41.964258
2026041704013815,KKHC,6,66,300,285.0,85500.0,Agrawal Securities (PVT) Ltd.,Miyo Securities Pvt Ltd,2026-04-17 13:39:42.397211
2026041704013844,KKHC,6,26,370,285.0,105450.0,Agrawal Securities (PVT) Ltd.,Asian Securities Private Ltd.,2026-04-17 13:40:02.659846
2026041704013845,KKHC,58,26,1130,285.0,322050.0,Naasa Securities Co. Ltd.,Asian Securities Private Ltd.,2026-04-17 13:40:02.659886
2026041704013846,KKHC,25,6,200,286.0,57200.0,Sweta Securities Private Limited,Agrawal Securities (PVT) Ltd.,2026-04-17 13:40:04.792457
2026041704013847,KKHC,25,58,50,286.0,14300.0,Sweta Securities Private Limited,Naasa Securities Co. Ltd.,2026-04-17 13:40:04.792668
2026041704013901,KKHC,58,87,10,285.0,2850.0,Naasa Securities Co. Ltd.,S.P.S.A. Securities Limited,2026-04-17 13:40:57.411617
2026041704013904,KKHC,45,66,200,286.5,57300.0,Imperial Securities Company Pvt. Ltd.,Miyo Securities Pvt Ltd,2026-04-17 13:41:00.429777
2026041704013907,KKHC,50,57,210,287.0,60270.0,Cristal Kanchanjanga Securites Pvt. Ltd.,Aryatara Investment & Securities,2026-04-17 13:41:02.182135
2026041704013922,KKHC,58,87,10,285.0,2850.0,Naasa Securities Co. Ltd.,S.P.S.A. Securities Limited,2026-04-17 13:41:09.371895
2026041704013953,KKHC,58,34,180,285.0,51300.0,Naasa Securities Co. Ltd.,Vision Securities Pvt. Ltd,2026-04-17 13:41:28.924377
2026041704013954,KKHC,34,34,210,285.0,59850.0,Vision Securities Pvt. Ltd,Vision Securities Pvt. Ltd,2026-04-17 13:41:28.924547
2026041704014001,KKHC,34,10,400,285.0,114000.0,Vision Securities Pvt. Ltd,Pragyan Securities (PVT) Ltd.,2026-04-17 13:41:47.023208
2026041704014028,KKHC,34,49,118,285.0,33630.0,Vision Securities Pvt. Ltd,Online Securities Pvt. Ltd.,2026-04-17 13:41:56.398025
2026041704014186,KKHC,34,51,272,285.0,77520.0,Vision Securities Pvt. Ltd,Oxford Securities Pvt. Ltd.,2026-04-17 13:43:11.983400
2026041704014201,KKHC,17,87,10,284.0,2840.0,ABC Securities Private Limited,S.P.S.A. Securities Limited,2026-04-17 13:43:22.624853
2026041704014244,KKHC,17,17,500,284.0,142000.0,ABC Securities Private Limited,ABC Securities Private Limited,2026-04-17 13:43:36.260185
2026041704014368,KKHC,17,11,990,284.0,281160.0,ABC Securities Private Limited,Malla & Malla Stock Broking Company Pvt. Limited,2026-04-17 13:44:13.655161
2026041704014369,KKHC,17,11,1010,284.0,286840.0,ABC Securities Private Limited,Malla & Malla Stock Broking Company Pvt. Limited,2026-04-17 13:44:13.655371
2026041704014392,KKHC,17,22,490,284.0,139160.0,ABC Securities Private Limited,Siprabi Securities Pvt. Ltd.,2026-04-17 13:44:27.913907
2026041704014393,KKHC,17,22,159,284.0,45156.0,ABC Securities Private Limited,Siprabi Securities Pvt. Ltd.,2026-04-17 13:44:27.914209
2026041704014395,KKHC,17,63,841,284.0,238844.0,ABC Securities Private Limited,Himalayan Brokerage Company Limited,2026-04-17 13:44:28.579581
2026041704014396,KKHC,39,63,100,281.0,28100.0,Sumeru Securities Pvt. Ltd.,Himalayan Brokerage Company Limited,2026-04-17 13:44:28.579680
2026041704014397,KKHC,54,63,1000,281.0,281000.0,Sewa Securities Pvt. Ltd.,Himalayan Brokerage Company Limited,2026-04-17 13:44:28.579785
2026041704014398,KKHC,48,63,500,280.7,140350.0,Trishakti Securities Public Limited,Himalayan Brokerage Company Limited,2026-04-17 13:44:28.579848
2026041704014399,KKHC,22,63,90,280.6,25254.0,Siprabi Securities Pvt. Ltd.,Himalayan Brokerage Company Limited,2026-04-17 13:44:28.579914
2026041704014400,KKHC,1,63,960,280.2,268992.0,Kumari Securities Private Limited,Himalayan Brokerage Company Limited,2026-04-17 13:44:28.579976
2026041704014401,KKHC,39,63,1000,280.0,280000.0,Sumeru Securities Pvt. Ltd.,Himalayan Brokerage Company Limited,2026-04-17 13:44:28.580040
2026041704014402,KKHC,21,63,100,280.0,28000.0,Midas Stock Broking Company Private Limited,Himalayan Brokerage Company Limited,2026-04-17 13:44:28.580105
2026041704014403,KKHC,58,63,10,280.0,2800.0,Naasa Securities Co. Ltd.,Himalayan Brokerage Company Limited,2026-04-17 13:44:28.580166
2026041704014404,KKHC,57,63,600,280.0,168000.0,Aryatara Investment & Securities,Himalayan Brokerage Company Limited,2026-04-17 13:44:28.580227
2026041704014405,KKHC,51,63,200,280.0,56000.0,Oxford Securities Pvt. Ltd.,Himalayan Brokerage Company Limited,2026-04-17 13:44:28.580287
2026041704014406,KKHC,58,63,57,280.0,15960.0,Naasa Securities Co. Ltd.,Himalayan Brokerage Company Limited,2026-04-17 13:44:28.580374
2026041704014407,KKHC,35,63,146,280.0,40880.0,Kohinoor Investment & Securities Pvt. Ltd.,Himalayan Brokerage Company Limited,2026-04-17 13:44:28.580439
2026041704014408,KKHC,35,63,50,279.4,13970.0,Kohinoor Investment & Securities Pvt. Ltd.,Himalayan Brokerage Company Limited,2026-04-17 13:44:28.580499
2026041704014409,KKHC,58,63,15,279.1,4186.5,Naasa Securities Co. Ltd.,Himalayan Brokerage Company Limited,2026-04-17 13:44:28.580564
2026041704014410,KKHC,88,63,650,279.0,181350.0,Blue Chip Securities Ltd,Himalayan Brokerage Company Limited,2026-04-17 13:44:28.580642
2026041704014411,KKHC,1,63,80,278.5,22280.0,Kumari Securities Private Limited,Himalayan Brokerage Company Limited,2026-04-17 13:44:28.580708
2026041704014412,KKHC,35,63,50,278.2,13910.0,Kohinoor Investment & Securities Pvt. Ltd.,Himalayan Brokerage Company Limited,2026-04-17 13:44:28.580775
2026041704014413,KKHC,34,63,230,278.0,63940.0,Vision Securities Pvt. Ltd,Himalayan Brokerage Company Limited,2026-04-17 13:44:28.580836
2026041704014414,KKHC,58,63,70,277.5,19425.0,Naasa Securities Co. Ltd.,Himalayan Brokerage Company Limited,2026-04-17 13:44:28.580901
2026041704014415,KKHC,70,63,500,277.5,138750.0,Infinity Securities Limited,Himalayan Brokerage Company Limited,2026-04-17 13:44:28.580962
2026041704014416,KKHC,33,63,251,277.0,69527.0,Dakshinkali Investment & Securities Pvt. Ltd.,Himalayan Brokerage Company Limited,2026-04-17 13:44:28.581029
2026041704014812,KKHC,57,49,100,280.0,28000.0,Aryatara Investment & Securities,Online Securities Pvt. Ltd.,2026-04-17 13:49:43.717089
2026041704014813,KKHC,1,49,100,279.1,27910.0,Kumari Securities Private Limited,Online Securities Pvt. Ltd.,2026-04-17 13:49:43.717289
2026041704014814,KKHC,58,49,74,279.1,20653.4,Naasa Securities Co. Ltd.,Online Securities Pvt. Ltd.,2026-04-17 13:49:43.717365
2026041704014815,KKHC,58,49,100,279.0,27900.0,Naasa Securities Co. Ltd.,Online Securities Pvt. Ltd.,2026-04-17 13:49:43.717426
2026041704014816,KKHC,22,49,134,278.4,37305.6,Siprabi Securities Pvt. Ltd.,Online Securities Pvt. Ltd.,2026-04-17 13:49:43.717492
2026041704014851,KKHC,47,52,9,283.0,2547.0,Neev Securities Pvt. Ltd.,Sundhara Securities Limited,2026-04-17 13:50:35.454885
2026041704015032,KKHC,58,45,100,282.0,28200.0,Naasa Securities Co. Ltd.,Imperial Securities Company Pvt. Ltd.,2026-04-17 13:53:53.293599
2026041704015036,KKHC,58,87,10,278.7,2787.0,Naasa Securities Co. Ltd.,S.P.S.A. Securities Limited,2026-04-17 13:54:05.491836
2026041704015514,KKHC,34,45,60,280.1,16806.0,Vision Securities Pvt. Ltd,Imperial Securities Company Pvt. Ltd.,2026-04-17 14:03:21.873369
2026041704015569,KKHC,34,45,500,281.9,140950.0,Vision Securities Pvt. Ltd,Imperial Securities Company Pvt. Ltd.,2026-04-17 14:04:24.943106
2026041704015615,KKHC,16,45,170,281.9,47923.0,Primo Securities (PVT) Ltd.,Imperial Securities Company Pvt. Ltd.,2026-04-17 14:04:38.528659
2026041704015616,KKHC,16,40,200,282.0,56400.0,Primo Securities (PVT) Ltd.,Creative Securities Pvt Ltd,2026-04-17 14:04:38.528824
2026041704015617,KKHC,16,14,32,282.5,9040.0,Primo Securities (PVT) Ltd.,Nepal Stock House (PVT) Ltd.,2026-04-17 14:04:38.528895
2026041704015618,KKHC,16,25,200,283.9,56780.0,Primo Securities (PVT) Ltd.,Sweta Securities Private Limited,2026-04-17 14:04:38.528961
2026041704015648,KKHC,76,72,400,284.0,113600.0,Machhapuchchhre Securities Limited,Hatemalo Financial Services Private Limited,2026-04-17 14:05:03.616938
2026041704015657,KKHC,16,45,50,283.9,14195.0,Primo Securities (PVT) Ltd.,Imperial Securities Company Pvt. Ltd.,2026-04-17 14:05:06.939962
2026041704015757,KKHC,16,11,348,283.9,98797.2,Primo Securities (PVT) Ltd.,Malla & Malla Stock Broking Company Pvt. Limited,2026-04-17 14:06:05.543910
2026041704015777,KKHC,91,72,600,284.0,170400.0,Citizens Share Broker Limited,Hatemalo Financial Services Private Limited,2026-04-17 14:06:13.931711
2026041704015778,KKHC,91,21,1200,284.0,340800.0,Citizens Share Broker Limited,Midas Stock Broking Company Private Limited,2026-04-17 14:06:13.932071
2026041704015779,KKHC,91,45,200,284.0,56800.0,Citizens Share Broker Limited,Imperial Securities Company Pvt. Ltd.,2026-04-17 14:06:13.932271
2026041704015780,KKHC,91,41,100,284.0,28400.0,Citizens Share Broker Limited,Linch Stock Market Ltd.,2026-04-17 14:06:13.932481
2026041704015785,KKHC,34,87,10,280.1,2801.0,Vision Securities Pvt. Ltd,S.P.S.A. Securities Limited,2026-04-17 14:06:26.831073
2026041704016000,KKHC,89,40,10,283.9,2839.0,Global IME Securities Limited,Creative Securities Pvt Ltd,2026-04-17 14:08:31.154004
2026041704016038,KKHC,16,87,10,280.5,2805.0,Primo Securities (PVT) Ltd.,S.P.S.A. Securities Limited,2026-04-17 14:08:58.244047
2026041704016232,KKHC,58,3,10,284.0,2840.0,Naasa Securities Co. Ltd.,Arun Securities (PVT) Ltd.,2026-04-17 14:10:45.519795
2026041704016254,KKHC,45,87,10,280.8,2808.0,Imperial Securities Company Pvt. Ltd.,S.P.S.A. Securities Limited,2026-04-17 14:11:01.131167
2026041704016567,KKHC,81,57,50,282.0,14100.0,Aakashbhairab Securities Ltd.,Aryatara Investment & Securities,2026-04-17 14:14:31.190472
2026041704016703,KKHC,81,35,60,282.0,16920.0,Aakashbhairab Securities Ltd.,Kohinoor Investment & Securities Pvt. Ltd.,2026-04-17 14:16:16.015760
2026041704016950,KKHC,34,3,240,284.0,68160.0,Vision Securities Pvt. Ltd,Arun Securities (PVT) Ltd.,2026-04-17 14:18:09.349723
2026041704016951,KKHC,34,58,39,284.0,11076.0,Vision Securities Pvt. Ltd,Naasa Securities Co. Ltd.,2026-04-17 14:18:09.350066
2026041704017024,KKHC,34,33,100,284.2,28420.0,Vision Securities Pvt. Ltd,Dakshinkali Investment & Securities Pvt. Ltd.,2026-04-17 14:18:41.310736
2026041704017126,KKHC,34,11,121,284.2,34388.2,Vision Securities Pvt. Ltd,Malla & Malla Stock Broking Company Pvt. Limited,2026-04-17 14:19:43.514647
2026041704017162,KKHC,81,87,10,282.0,2820.0,Aakashbhairab Securities Ltd.,S.P.S.A. Securities Limited,2026-04-17 14:20:07.833518
2026041704017451,KKHC,22,33,22,283.0,6226.0,Siprabi Securities Pvt. Ltd.,Dakshinkali Investment & Securities Pvt. Ltd.,2026-04-17 14:23:20.630152
2026041704017554,KKHC,58,32,10,282.9,2829.0,Naasa Securities Co. Ltd.,Premier Securities Company Ltd.,2026-04-17 14:24:48.300165
2026041704017555,KKHC,58,33,10,283.0,2830.0,Naasa Securities Co. Ltd.,Dakshinkali Investment & Securities Pvt. Ltd.,2026-04-17 14:24:48.300230
2026041704017788,KKHC,1,33,18,283.0,5094.0,Kumari Securities Private Limited,Dakshinkali Investment & Securities Pvt. Ltd.,2026-04-17 14:28:22.995485
2026041704017789,KKHC,1,33,50,283.0,14150.0,Kumari Securities Private Limited,Dakshinkali Investment & Securities Pvt. Ltd.,2026-04-17 14:28:22.995715
2026041704017790,KKHC,1,72,1000,284.0,284000.0,Kumari Securities Private Limited,Hatemalo Financial Services Private Limited,2026-04-17 14:28:22.995796
2026041704017791,KKHC,1,10,880,284.0,249920.0,Kumari Securities Private Limited,Pragyan Securities (PVT) Ltd.,2026-04-17 14:28:22.995876
2026041704017792,KKHC,1,47,50,284.0,14200.0,Kumari Securities Private Limited,Neev Securities Pvt. Ltd.,2026-04-17 14:28:22.995956
2026041704017961,KKHC,81,87,10,282.0,2820.0,Aakashbhairab Securities Ltd.,S.P.S.A. Securities Limited,2026-04-17 14:30:40.653666
2026041704018046,KKHC,81,14,70,282.0,19740.0,Aakashbhairab Securities Ltd.,Nepal Stock House (PVT) Ltd.,2026-04-17 14:31:35.586452
2026041704018047,KKHC,49,14,330,282.0,93060.0,Online Securities Pvt. Ltd.,Nepal Stock House (PVT) Ltd.,2026-04-17 14:31:35.586700
2026041704018051,KKHC,49,7,170,282.0,47940.0,Online Securities Pvt. Ltd.,J.F. Securites (PVT) Ltd.,2026-04-17 14:31:38.217677
2026041704018052,KKHC,16,7,30,282.0,8460.0,Primo Securities (PVT) Ltd.,J.F. Securites (PVT) Ltd.,2026-04-17 14:31:38.217888
2026041704018088,KKHC,16,4,300,282.0,84600.0,Primo Securities (PVT) Ltd.,Opal Securities Investment (PVT) Ltd.,2026-04-17 14:32:00.083642
2026041704018090,KKHC,68,38,205,284.0,58220.0,Elite Stock House Limited,Dipshikha Dhitopatra Karobar Co. Pvt Ltd.,2026-04-17 14:32:08.304338
2026041704018091,KKHC,68,34,25,284.7,7117.5,Elite Stock House Limited,Vision Securities Pvt. Ltd,2026-04-17 14:32:08.304762
2026041704018092,KKHC,68,57,435,284.7,123844.5,Elite Stock House Limited,Aryatara Investment & Securities,2026-04-17 14:32:08.305020
2026041704018093,KKHC,68,18,35,284.8,9968.0,Elite Stock House Limited,Sagarmatha Securities Private Limited,2026-04-17 14:32:08.305268
2026041704018111,KKHC,16,87,10,281.5,2815.0,Primo Securities (PVT) Ltd.,S.P.S.A. Securities Limited,2026-04-17 14:32:22.355250
2026041704018449,KKHC,49,4,100,282.0,28200.0,Online Securities Pvt. Ltd.,Opal Securities Investment (PVT) Ltd.,2026-04-17 14:35:26.005871
2026041704018545,KKHC,58,35,126,282.1,35544.6,Naasa Securities Co. Ltd.,Kohinoor Investment & Securities Pvt. Ltd.,2026-04-17 14:36:42.061119
2026041704018582,KKHC,46,57,20,283.0,5660.0,Kalika Securities Pvt. Ltd.,Aryatara Investment & Securities,2026-04-17 14:37:03.007968
2026041704018645,KKHC,49,68,100,284.0,28400.0,Online Securities Pvt. Ltd.,Elite Stock House Limited,2026-04-17 14:37:45.735958
2026041704018646,KKHC,49,7,100,284.0,28400.0,Online Securities Pvt. Ltd.,J.F. Securites (PVT) Ltd.,2026-04-17 14:37:45.736249
2026041704018647,KKHC,49,34,200,284.6,56920.0,Online Securities Pvt. Ltd.,Vision Securities Pvt. Ltd,2026-04-17 14:37:45.736347
2026041704018659,KKHC,68,14,400,284.6,113840.0,Elite Stock House Limited,Nepal Stock House (PVT) Ltd.,2026-04-17 14:37:55.738588
2026041704018670,KKHC,49,14,400,284.5,113800.0,Online Securities Pvt. Ltd.,Nepal Stock House (PVT) Ltd.,2026-04-17 14:38:06.219756
2026041704018671,KKHC,49,14,100,284.7,28470.0,Online Securities Pvt. Ltd.,Nepal Stock House (PVT) Ltd.,2026-04-17 14:38:06.220016
2026041704018689,KKHC,49,14,500,284.7,142350.0,Online Securities Pvt. Ltd.,Nepal Stock House (PVT) Ltd.,2026-04-17 14:38:36.761090
2026041704018719,KKHC,49,14,400,284.7,113880.0,Online Securities Pvt. Ltd.,Nepal Stock House (PVT) Ltd.,2026-04-17 14:39:13.264265
2026041704018739,KKHC,45,4,25,284.7,7117.5,Imperial Securities Company Pvt. Ltd.,Opal Securities Investment (PVT) Ltd.,2026-04-17 14:39:28.896826
2026041704018748,KKHC,99,18,115,284.8,32752.0,Prabhu Stock Market Limited,Sagarmatha Securities Private Limited,2026-04-17 14:39:39.435116
2026041704018749,KKHC,99,25,885,284.8,252048.0,Prabhu Stock Market Limited,Sweta Securities Private Limited,2026-04-17 14:39:39.435531
2026041704018752,KKHC,45,35,20,284.7,5694.0,Imperial Securities Company Pvt. Ltd.,Kohinoor Investment & Securities Pvt. Ltd.,2026-04-17 14:39:41.631901
2026041704018753,KKHC,45,11,84,284.7,23914.8,Imperial Securities Company Pvt. Ltd.,Malla & Malla Stock Broking Company Pvt. Limited,2026-04-17 14:39:42.901613
2026041704018757,KKHC,11,25,500,284.8,142400.0,Malla & Malla Stock Broking Company Pvt. Limited,Sweta Securities Private Limited,2026-04-17 14:39:45.829701
2026041704018771,KKHC,36,25,500,284.8,142400.0,Secured Securities Ltd.,Sweta Securities Private Limited,2026-04-17 14:39:51.598058
2026041704018796,KKHC,45,25,206,284.8,58668.8,Imperial Securities Company Pvt. Ltd.,Sweta Securities Private Limited,2026-04-17 14:40:13.405902
2026041704018849,KKHC,71,25,909,284.8,258883.2,SHUBHAKAMANA SECURITIES PVT. LTD,Sweta Securities Private Limited,2026-04-17 14:40:42.539741
2026041704018850,KKHC,71,51,518,285.0,147630.0,SHUBHAKAMANA SECURITIES PVT. LTD,Oxford Securities Pvt. Ltd.,2026-04-17 14:40:42.539996
2026041704018851,KKHC,71,45,100,285.0,28500.0,SHUBHAKAMANA SECURITIES PVT. LTD,Imperial Securities Company Pvt. Ltd.,2026-04-17 14:40:42.540088
2026041704018852,KKHC,71,58,1000,285.0,285000.0,SHUBHAKAMANA SECURITIES PVT. LTD,Naasa Securities Co. Ltd.,2026-04-17 14:40:42.540178
2026041704018853,KKHC,71,49,200,285.0,57000.0,SHUBHAKAMANA SECURITIES PVT. LTD,Online Securities Pvt. Ltd.,2026-04-17 14:40:42.540261
2026041704018854,KKHC,71,45,500,285.0,142500.0,SHUBHAKAMANA SECURITIES PVT. LTD,Imperial Securities Company Pvt. Ltd.,2026-04-17 14:40:42.540391
2026041704018888,KKHC,16,87,10,283.0,2830.0,Primo Securities (PVT) Ltd.,S.P.S.A. Securities Limited,2026-04-17 14:41:09.485417
2026041704018956,KKHC,54,1,62,283.0,17546.0,Sewa Securities Pvt. Ltd.,Kumari Securities Private Limited,2026-04-17 14:41:50.395738
2026041704018957,KKHC,58,1,138,282.1,38929.8,Naasa Securities Co. Ltd.,Kumari Securities Private Limited,2026-04-17 14:41:50.396143
2026041704019061,KKHC,58,18,20,282.1,5642.0,Naasa Securities Co. Ltd.,Sagarmatha Securities Private Limited,2026-04-17 14:42:22.945503
2026041704019578,KKHC,47,3,100,283.0,28300.0,Neev Securities Pvt. Ltd.,Arun Securities (PVT) Ltd.,2026-04-17 14:47:46.758832
2026041704019621,KKHC,45,3,10,283.0,2830.0,Imperial Securities Company Pvt. Ltd.,Arun Securities (PVT) Ltd.,2026-04-17 14:48:16.437182
2026041704019662,KKHC,43,3,200,283.0,56600.0,South Asian Bulls Pvt. Ltd.,Arun Securities (PVT) Ltd.,2026-04-17 14:48:47.624788
2026041704019789,KKHC,34,3,930,283.0,263190.0,Vision Securities Pvt. Ltd,Arun Securities (PVT) Ltd.,2026-04-17 14:49:31.518438
2026041704019843,KKHC,71,3,760,283.0,215080.0,SHUBHAKAMANA SECURITIES PVT. LTD,Arun Securities (PVT) Ltd.,2026-04-17 14:49:53.333526
2026041704019844,KKHC,71,58,30,283.0,8490.0,SHUBHAKAMANA SECURITIES PVT. LTD,Naasa Securities Co. Ltd.,2026-04-17 14:49:53.333801
2026041704019845,KKHC,71,40,983,283.0,278189.0,SHUBHAKAMANA SECURITIES PVT. LTD,Creative Securities Pvt Ltd,2026-04-17 14:49:53.333895
2026041704019887,KKHC,39,40,50,283.0,14150.0,Sumeru Securities Pvt. Ltd.,Creative Securities Pvt Ltd,2026-04-17 14:50:11.944674
2026041704020019,KKHC,21,40,500,283.0,141500.0,Midas Stock Broking Company Private Limited,Creative Securities Pvt Ltd,2026-04-17 14:51:10.436588
2026041704020333,KKHC,13,40,267,283.0,75561.0,Thrive Brokerage House Pvt. Ltd,Creative Securities Pvt Ltd,2026-04-17 14:53:07.490302
2026041704020334,KKHC,13,45,83,283.0,23489.0,Thrive Brokerage House Pvt. Ltd,Imperial Securities Company Pvt. Ltd.,2026-04-17 14:53:07.490763
2026041704020339,KKHC,58,45,168,283.0,47544.0,Naasa Securities Co. Ltd.,Imperial Securities Company Pvt. Ltd.,2026-04-17 14:53:09.618900
2026041704020379,KKHC,60,45,88,283.0,24904.0,Nagarik Stock Dealer ,Imperial Securities Company Pvt. Ltd.,2026-04-17 14:53:20.667875
2026041704020568,KKHC,36,64,200,283.0,56600.0,Secured Securities Ltd.,SUN SECURITIES PVT LTD,2026-04-17 14:54:41.589247
2026041704020576,KKHC,75,64,100,283.0,28300.0,N.I.M.B. Stock Markets Limited,SUN SECURITIES PVT LTD,2026-04-17 14:54:46.213739
2026041704020623,KKHC,46,57,100,282.9,28290.0,Kalika Securities Pvt. Ltd.,Aryatara Investment & Securities,2026-04-17 14:55:01.182821
2026041704020691,KKHC,54,64,700,283.0,198100.0,Sewa Securities Pvt. Ltd.,SUN SECURITIES PVT LTD,2026-04-17 14:55:21.910588
2026041704020692,KKHC,54,19,183,283.0,51789.0,Sewa Securities Pvt. Ltd.,Nepal Investment And Securities Trading Private Limited,2026-04-17 14:55:21.910993
2026041704020821,KKHC,46,45,1056,282.9,298742.4,Kalika Securities Pvt. Ltd.,Imperial Securities Company Pvt. Ltd.,2026-04-17 14:55:49.825242
2026041704020851,KKHC,46,58,450,282.9,127305.0,Kalika Securities Pvt. Ltd.,Naasa Securities Co. Ltd.,2026-04-17 14:56:04.712802
2026041704020852,KKHC,46,17,18370,282.9,5196873.0,Kalika Securities Pvt. Ltd.,ABC Securities Private Limited,2026-04-17 14:56:04.713265
2026041704020871,KKHC,22,19,50,283.0,14150.0,Siprabi Securities Pvt. Ltd.,Nepal Investment And Securities Trading Private Limited,2026-04-17 14:56:11.502689
2026041704020873,KKHC,46,40,20,282.9,5658.0,Kalika Securities Pvt. Ltd.,Creative Securities Pvt Ltd,2026-04-17 14:56:11.882010
2026041704020947,KKHC,74,19,267,283.0,75561.0,KALASH STOCK MARKET PVT. LTD.,Nepal Investment And Securities Trading Private Limited,2026-04-17 14:56:27.694024
2026041704020948,KKHC,74,90,150,283.0,42450.0,KALASH STOCK MARKET PVT. LTD.,Sajilo Broker Limited,2026-04-17 14:56:27.694287
2026041704020949,KKHC,74,45,65,283.0,18395.0,KALASH STOCK MARKET PVT. LTD.,Imperial Securities Company Pvt. Ltd.,2026-04-17 14:56:27.694391
2026041704020950,KKHC,74,64,3000,283.0,849000.0,KALASH STOCK MARKET PVT. LTD.,SUN SECURITIES PVT LTD,2026-04-17 14:56:27.694481
2026041704020951,KKHC,74,26,18,283.0,5094.0,KALASH STOCK MARKET PVT. LTD.,Asian Securities Private Ltd.,2026-04-17 14:56:27.694571
2026041704021191,KKHC,74,44,1750,283.5,496125.0,KALASH STOCK MARKET PVT. LTD.,Dynamic Money Managers Securities Pvt. Ltd.,2026-04-17 14:57:10.780178
2026041704021192,KKHC,74,6,100,283.5,28350.0,KALASH STOCK MARKET PVT. LTD.,Agrawal Securities (PVT) Ltd.,2026-04-17 14:57:10.780386
2026041704021193,KKHC,74,25,1000,284.0,284000.0,KALASH STOCK MARKET PVT. LTD.,Sweta Securities Private Limited,2026-04-17 14:57:10.780488
2026041704021194,KKHC,74,44,1500,284.0,426000.0,KALASH STOCK MARKET PVT. LTD.,Dynamic Money Managers Securities Pvt. Ltd.,2026-04-17 14:57:10.780585
2026041704021195,KKHC,74,47,335,284.0,95140.0,KALASH STOCK MARKET PVT. LTD.,Neev Securities Pvt. Ltd.,2026-04-17 14:57:10.780680
2026041704021279,KKHC,22,44,100,285.0,28500.0,Siprabi Securities Pvt. Ltd.,Dynamic Money Managers Securities Pvt. Ltd.,2026-04-17 14:57:30.698847
2026041704021344,KKHC,35,72,300,283.6,85080.0,Kohinoor Investment & Securities Pvt. Ltd.,Hatemalo Financial Services Private Limited,2026-04-17 14:57:44.961606
2026041704021345,KKHC,22,72,100,283.5,28350.0,Siprabi Securities Pvt. Ltd.,Hatemalo Financial Services Private Limited,2026-04-17 14:57:44.961679
2026041704021346,KKHC,52,72,10,283.0,2830.0,Sundhara Securities Limited,Hatemalo Financial Services Private Limited,2026-04-17 14:57:44.961705
2026041704021347,KKHC,74,72,590,283.0,166970.0,KALASH STOCK MARKET PVT. LTD.,Hatemalo Financial Services Private Limited,2026-04-17 14:57:44.961728
2026041704021776,KKHC,74,57,30,283.0,8490.0,KALASH STOCK MARKET PVT. LTD.,Aryatara Investment & Securities,2026-04-17 14:58:52.852484
2026041704021912,KKHC,74,74,50,283.5,14175.0,KALASH STOCK MARKET PVT. LTD.,KALASH STOCK MARKET PVT. LTD.,2026-04-17 14:59:07.902421
2026041704021919,KKHC,74,7,100,283.5,28350.0,KALASH STOCK MARKET PVT. LTD.,J.F. Securites (PVT) Ltd.,2026-04-17 14:59:08.778373
2026041704021920,KKHC,49,7,495,283.1,140134.5,Online Securities Pvt. Ltd.,J.F. Securites (PVT) Ltd.,2026-04-17 14:59:08.778969
2026041704021921,KKHC,74,7,80,283.0,22640.0,KALASH STOCK MARKET PVT. LTD.,J.F. Securites (PVT) Ltd.,2026-04-17 14:59:08.779511
2026041704021922,KKHC,58,7,20,283.0,5660.0,Naasa Securities Co. Ltd.,J.F. Securites (PVT) Ltd.,2026-04-17 14:59:08.779991
2026041704021923,KKHC,68,7,280,283.0,79240.0,Elite Stock House Limited,J.F. Securites (PVT) Ltd.,2026-04-17 14:59:08.780555
2026041704021924,KKHC,41,7,100,282.1,28210.0,Linch Stock Market Ltd.,J.F. Securites (PVT) Ltd.,2026-04-17 14:59:08.780993
2026041704021925,KKHC,66,7,200,282.1,56420.0,Miyo Securities Pvt Ltd,J.F. Securites (PVT) Ltd.,2026-04-17 14:59:08.781128
2026041704021926,KKHC,6,7,100,282.0,28200.0,Agrawal Securities (PVT) Ltd.,J.F. Securites (PVT) Ltd.,2026-04-17 14:59:08.781273
2026041704021927,KKHC,38,7,10,282.0,2820.0,Dipshikha Dhitopatra Karobar Co. Pvt Ltd.,J.F. Securites (PVT) Ltd.,2026-04-17 14:59:08.781417
2026041704021930,KKHC,58,7,17,282.0,4794.0,Naasa Securities Co. Ltd.,J.F. Securites (PVT) Ltd.,2026-04-17 14:59:09.322794
2026041704021944,KKHC,17,7,699,282.0,197118.0,ABC Securities Private Limited,J.F. Securites (PVT) Ltd.,2026-04-17 14:59:12.762566
2026041704022105,KKHC,42,99,1000,281.8,281800.0,Sani Securities Company Ltd.,Prabhu Stock Market Limited,2026-04-17 14:59:30.964619
2026041704022198,KKHC,51,47,1000,281.9,281900.0,Oxford Securities Pvt. Ltd.,Neev Securities Pvt. Ltd.,2026-04-17 14:59:38.584064
2026041704022367,KKHC,57,7,100,282.0,28200.0,Aryatara Investment & Securities,J.F. Securites (PVT) Ltd.,2026-04-17 14:59:52.265188
2026041704022419,KKHC,42,32,500,281.8,140900.0,Sani Securities Company Ltd.,Premier Securities Company Ltd.,2026-04-17 14:59:56.759172
2026041704022420,KKHC,42,32,300,281.7,84510.0,Sani Securities Company Ltd.,Premier Securities Company Ltd.,2026-04-17 14:59:56.759241
2026041704022441,KKHC,46,7,199,282.0,56118.0,Kalika Securities Pvt. Ltd.,J.F. Securites (PVT) Ltd.,2026-04-17 14:59:56.980008
2026041704022442,KKHC,46,6,250,282.0,70500.0,Kalika Securities Pvt. Ltd.,Agrawal Securities (PVT) Ltd.,2026-04-17 14:59:56.980060
2026041704022443,KKHC,46,35,50,282.0,14100.0,Kalika Securities Pvt. Ltd.,Kohinoor Investment & Securities Pvt. Ltd.,2026-04-17 14:59:56.980110
2026041704022444,KKHC,46,34,10,282.0,2820.0,Kalika Securities Pvt. Ltd.,Vision Securities Pvt. Ltd,2026-04-17 14:59:56.980145
2026041704022445,KKHC,46,62,175,282.0,49350.0,Kalika Securities Pvt. Ltd.,Capital Max Securities Ltd,2026-04-17 14:59:56.980180
2026041704022446,KKHC,46,16,100,283.0,28300.0,Kalika Securities Pvt. Ltd.,Primo Securities (PVT) Ltd.,2026-04-17 14:59:56.980213
2026041704022447,KKHC,46,58,330,283.0,93390.0,Kalika Securities Pvt. Ltd.,Naasa Securities Co. Ltd.,2026-04-17 14:59:56.980234
2026041704022448,KKHC,46,22,1000,283.9,283900.0,Kalika Securities Pvt. Ltd.,Siprabi Securities Pvt. Ltd.,2026-04-17 14:59:56.980258
2026041704022449,KKHC,46,49,50,284.0,14200.0,Kalika Securities Pvt. Ltd.,Online Securities Pvt. Ltd.,2026-04-17 14:59:56.980282
2026041704022450,KKHC,46,50,94,284.0,26696.0,Kalika Securities Pvt. Ltd.,Cristal Kanchanjanga Securites Pvt. Ltd.,2026-04-17 14:59:56.980306
2026041704022451,KKHC,46,21,30,284.9,8547.0,Kalika Securities Pvt. Ltd.,Midas Stock Broking Company Private Limited,2026-04-17 14:59:56.980339
2026041704022452,KKHC,46,26,15,284.9,4273.5,Kalika Securities Pvt. Ltd.,Asian Securities Private Ltd.,2026-04-17 14:59:56.980368
2026041704022453,KKHC,46,44,1650,285.0,470250.0,Kalika Securities Pvt. Ltd.,Dynamic Money Managers Securities Pvt. Ltd.,2026-04-17 14:59:56.980413
2026041704022454,KKHC,46,32,10,285.0,2850.0,Kalika Securities Pvt. Ltd.,Premier Securities Company Ltd.,2026-04-17 14:59:56.980437
2026041704022455,KKHC,46,58,50,285.0,14250.0,Kalika Securities Pvt. Ltd.,Naasa Securities Co. Ltd.,2026-04-17 14:59:56.980466
2026041704022456,KKHC,46,1,50,285.0,14250.0,Kalika Securities Pvt. Ltd.,Kumari Securities Private Limited,2026-04-17 14:59:56.980503
2026041704022457,KKHC,46,6,100,285.0,28500.0,Kalika Securities Pvt. Ltd.,Agrawal Securities (PVT) Ltd.,2026-04-17 14:59:56.980538
2026041704022458,KKHC,46,58,2874,285.0,819090.0,Kalika Securities Pvt. Ltd.,Naasa Securities Co. Ltd.,2026-04-17 14:59:56.980569
2026041704022459,KKHC,46,32,100,285.4,28540.0,Kalika Securities Pvt. Ltd.,Premier Securities Company Ltd.,2026-04-17 14:59:56.980603
2026041704022460,KKHC,46,14,800,285.5,228400.0,Kalika Securities Pvt. Ltd.,Nepal Stock House (PVT) Ltd.,2026-04-17 14:59:56.980640
2026041704022461,KKHC,46,48,220,285.5,62810.0,Kalika Securities Pvt. Ltd.,Trishakti Securities Public Limited,2026-04-17 14:59:56.980673
2026041704022462,KKHC,46,58,100,285.6,28560.0,Kalika Securities Pvt. Ltd.,Naasa Securities Co. Ltd.,2026-04-17 14:59:56.980722
2026041704022463,KKHC,46,6,500,285.6,142800.0,Kalika Securities Pvt. Ltd.,Agrawal Securities (PVT) Ltd.,2026-04-17 14:59:56.980769
2026041704022464,KKHC,46,49,10,286.0,2860.0,Kalika Securities Pvt. Ltd.,Online Securities Pvt. Ltd.,2026-04-17 14:59:56.980798
2026041704022465,KKHC,46,53,20,286.0,5720.0,Kalika Securities Pvt. Ltd.,Investment Management Nepal Pvt. Ltd.,2026-04-17 14:59:56.980823
2026041704022466,KKHC,46,49,150,286.0,42900.0,Kalika Securities Pvt. Ltd.,Online Securities Pvt. Ltd.,2026-04-17 14:59:56.980845
2026041704022467,KKHC,46,34,200,286.0,57200.0,Kalika Securities Pvt. Ltd.,Vision Securities Pvt. Ltd,2026-04-17 14:59:56.980866
2026041704022468,KKHC,46,36,150,286.0,42900.0,Kalika Securities Pvt. Ltd.,Secured Securities Ltd.,2026-04-17 14:59:56.980889
2026041704022469,KKHC,46,7,100,286.0,28600.0,Kalika Securities Pvt. Ltd.,J.F. Securites (PVT) Ltd.,2026-04-17 14:59:56.980911
2026041704022470,KKHC,46,49,50,286.1,14305.0,Kalika Securities Pvt. Ltd.,Online Securities Pvt. Ltd.,2026-04-17 14:59:56.980946
2026041704022471,KKHC,46,75,55,286.4,15752.0,Kalika Securities Pvt. Ltd.,N.I.M.B. Stock Markets Limited,2026-04-17 14:59:56.980981
2026041704022472,KKHC,46,34,20,286.4,5728.0,Kalika Securities Pvt. Ltd.,Vision Securities Pvt. Ltd,2026-04-17 14:59:56.981007
2026041704022473,KKHC,46,62,500,286.9,143450.0,Kalika Securities Pvt. Ltd.,Capital Max Securities Ltd,2026-04-17 14:59:56.981030
2026041704022474,KKHC,46,57,390,287.0,111930.0,Kalika Securities Pvt. Ltd.,Aryatara Investment & Securities,2026-04-17 14:59:56.981057
2026041704022475,KKHC,46,58,500,287.0,143500.0,Kalika Securities Pvt. Ltd.,Naasa Securities Co. Ltd.,2026-04-17 14:59:56.981087
2026041704022476,KKHC,46,28,100,287.0,28700.0,Kalika Securities Pvt. Ltd.,Shree Krishna Securities Ltd.,2026-04-17 14:59:56.981117
2026041704022477,KKHC,46,33,80,287.0,22960.0,Kalika Securities Pvt. Ltd.,Dakshinkali Investment & Securities Pvt. Ltd.,2026-04-17 14:59:56.981152
2026041704022478,KKHC,46,28,200,287.0,57400.0,Kalika Securities Pvt. Ltd.,Shree Krishna Securities Ltd.,2026-04-17 14:59:56.981182
2026041704022479,KKHC,46,58,500,287.0,143500.0,Kalika Securities Pvt. Ltd.,Naasa Securities Co. Ltd.,2026-04-17 14:59:56.981217
2026041704022480,KKHC,46,48,50,287.0,14350.0,Kalika Securities Pvt. Ltd.,Trishakti Securities Public Limited,2026-04-17 14:59:56.981246
2026041704022481,KKHC,46,62,20,287.5,5750.0,Kalika Securities Pvt. Ltd.,Capital Max Securities Ltd,2026-04-17 14:59:56.981283
2026041704022482,KKHC,46,28,200,287.6,57520.0,Kalika Securities Pvt. Ltd.,Shree Krishna Securities Ltd.,2026-04-17 14:59:56.981327
2026041704022483,KKHC,46,75,66,287.6,18981.6,Kalika Securities Pvt. Ltd.,N.I.M.B. Stock Markets Limited,2026-04-17 14:59:56.981352
2026041704022484,KKHC,46,57,45,287.6,12942.0,Kalika Securities Pvt. Ltd.,Aryatara Investment & Securities,2026-04-17 14:59:56.981375
2026041704022485,KKHC,46,11,150,287.6,43140.0,Kalika Securities Pvt. Ltd.,Malla & Malla Stock Broking Company Pvt. Limited,2026-04-17 14:59:56.981397
2026041704022486,KKHC,46,57,500,287.6,143800.0,Kalika Securities Pvt. Ltd.,Aryatara Investment & Securities,2026-04-17 14:59:56.981421
2026041704022487,KKHC,46,56,50,287.6,14380.0,Kalika Securities Pvt. Ltd.,Sri Hari Securities Pvt. Ltd.,2026-04-17 14:59:56.981452
2026041704022488,KKHC,46,75,55,287.6,15818.0,Kalika Securities Pvt. Ltd.,N.I.M.B. Stock Markets Limited,2026-04-17 14:59:56.981474
2026041704022489,KKHC,46,58,20,287.7,5754.0,Kalika Securities Pvt. Ltd.,Naasa Securities Co. Ltd.,2026-04-17 14:59:56.981504
2026041704022490,KKHC,46,48,30,288.0,8640.0,Kalika Securities Pvt. Ltd.,Trishakti Securities Public Limited,2026-04-17 14:59:56.981562
2026041704022491,KKHC,46,32,100,288.0,28800.0,Kalika Securities Pvt. Ltd.,Premier Securities Company Ltd.,2026-04-17 14:59:56.981599
2026041704022492,KKHC,46,59,10,288.0,2880.0,Kalika Securities Pvt. Ltd.,Deevyaa Securities & Stock House Pvt. Ltd,2026-04-17 14:59:56.981635
2026041704022493,KKHC,46,42,42,288.0,12096.0,Kalika Securities Pvt. Ltd.,Sani Securities Company Ltd.,2026-04-17 14:59:56.981663
2026041704022494,KKHC,46,50,100,288.0,28800.0,Kalika Securities Pvt. Ltd.,Cristal Kanchanjanga Securites Pvt. Ltd.,2026-04-17 14:59:56.981695
2026041704022495,KKHC,46,42,66,288.0,19008.0,Kalika Securities Pvt. Ltd.,Sani Securities Company Ltd.,2026-04-17 14:59:56.981722
2026041704022496,KKHC,46,32,200,288.0,57600.0,Kalika Securities Pvt. Ltd.,Premier Securities Company Ltd.,2026-04-17 14:59:56.981757
2026041704022497,KKHC,46,41,220,288.0,63360.0,Kalika Securities Pvt. Ltd.,Linch Stock Market Ltd.,2026-04-17 14:59:56.981784
2026041704022498,KKHC,46,3,250,288.5,72125.0,Kalika Securities Pvt. Ltd.,Arun Securities (PVT) Ltd.,2026-04-17 14:59:56.981821
2026041704022499,KKHC,46,57,55,288.6,15873.0,Kalika Securities Pvt. Ltd.,Aryatara Investment & Securities,2026-04-17 14:59:56.981862
2026041704022500,KKHC,46,51,100,288.6,28860.0,Kalika Securities Pvt. Ltd.,Oxford Securities Pvt. Ltd.,2026-04-17 14:59:56.981903
2026041704022501,KKHC,46,17,100,288.6,28860.0,Kalika Securities Pvt. Ltd.,ABC Securities Private Limited,2026-04-17 14:59:56.981930
2026041704022502,KKHC,46,53,10,288.6,2886.0,Kalika Securities Pvt. Ltd.,Investment Management Nepal Pvt. Ltd.,2026-04-17 14:59:56.981966
2026041704022503,KKHC,46,25,200,288.6,57720.0,Kalika Securities Pvt. Ltd.,Sweta Securities Private Limited,2026-04-17 14:59:56.981984
2026041704022504,KKHC,46,49,100,288.6,28860.0,Kalika Securities Pvt. Ltd.,Online Securities Pvt. Ltd.,2026-04-17 14:59:56.982007
2026041704022505,KKHC,46,32,300,288.6,86580.0,Kalika Securities Pvt. Ltd.,Premier Securities Company Ltd.,2026-04-17 14:59:56.982031
2026041704022506,KKHC,46,43,10,288.6,2886.0,Kalika Securities Pvt. Ltd.,South Asian Bulls Pvt. Ltd.,2026-04-17 14:59:56.982059
2026041704022507,KKHC,46,57,500,288.6,144300.0,Kalika Securities Pvt. Ltd.,Aryatara Investment & Securities,2026-04-17 14:59:56.982082
2026041704022508,KKHC,46,17,100,288.6,28860.0,Kalika Securities Pvt. Ltd.,ABC Securities Private Limited,2026-04-17 14:59:56.982105
2026041704022509,KKHC,46,59,10,289.0,2890.0,Kalika Securities Pvt. Ltd.,Deevyaa Securities & Stock House Pvt. Ltd,2026-04-17 14:59:56.982128
2026041704022510,KKHC,46,42,60,289.0,17340.0,Kalika Securities Pvt. Ltd.,Sani Securities Company Ltd.,2026-04-17 14:59:56.982153
2026041704022511,KKHC,46,95,1000,289.5,289500.0,Kalika Securities Pvt. Ltd.,Magnet Securities and Investment Company Private Limited,2026-04-17 14:59:56.982183
2026041704022512,KKHC,46,75,66,289.5,19107.0,Kalika Securities Pvt. Ltd.,N.I.M.B. Stock Markets Limited,2026-04-17 14:59:56.982215
2026041704022513,KKHC,46,57,66,289.5,19107.0,Kalika Securities Pvt. Ltd.,Aryatara Investment & Securities,2026-04-17 14:59:56.982260
2026041704022514,KKHC,46,1,1000,289.5,289500.0,Kalika Securities Pvt. Ltd.,Kumari Securities Private Limited,2026-04-17 14:59:56.982288
2026041704022515,KKHC,46,53,100,289.5,28950.0,Kalika Securities Pvt. Ltd.,Investment Management Nepal Pvt. Ltd.,2026-04-17 14:59:56.982326
2026041704022516,KKHC,46,34,100,289.6,28960.0,Kalika Securities Pvt. Ltd.,Vision Securities Pvt. Ltd,2026-04-17 14:59:56.982357
2026041704022517,KKHC,46,34,150,289.6,43440.0,Kalika Securities Pvt. Ltd.,Vision Securities Pvt. Ltd,2026-04-17 14:59:56.982389
2026041704022518,KKHC,46,58,242,289.6,70083.2,Kalika Securities Pvt. Ltd.,Naasa Securities Co. Ltd.,2026-04-17 14:59:56.982424
2026041704022519,KKHC,46,17,500,289.6,144800.0,Kalika Securities Pvt. Ltd.,ABC Securities Private Limited,2026-04-17 14:59:56.982457
2026041704022520,KKHC,46,57,79,289.8,22894.2,Kalika Securities Pvt. Ltd.,Aryatara Investment & Securities,2026-04-17 14:59:56.982502
