contractId,stockSymbol,buyerMemberId,sellerMemberId,quantity,rate,amount,businessDate,tradeBookId,stockId,buyerBrokerName,sellerBrokerName,transaction_time,securityName
2026041703000737,LICN,32,45,104,825.0,85800.0,2026-04-17,186783358,188,Premier Securities Company Ltd.,Imperial Securities Company Pvt. Ltd.,2026-04-17 11:33:26.581760,Life Insurance Corporation (Nepal) Limited
2026041703000833,LICN,59,45,63,818.0,51534.0,2026-04-17,186786865,188,Deevyaa Securities & Stock House Pvt. Ltd,Imperial Securities Company Pvt. Ltd.,2026-04-17 11:37:25.436657,Life Insurance Corporation (Nepal) Limited
2026041703000867,LICN,59,49,37,818.0,30266.0,2026-04-17,186787990,188,Deevyaa Securities & Stock House Pvt. Ltd,Online Securities Pvt. Ltd.,2026-04-17 11:38:55.394808,Life Insurance Corporation (Nepal) Limited
2026041703000868,LICN,34,49,100,817.2,81720.0,2026-04-17,186787992,188,Vision Securities Pvt. Ltd,Online Securities Pvt. Ltd.,2026-04-17 11:38:55.394978,Life Insurance Corporation (Nepal) Limited
2026041703000869,LICN,58,49,20,817.2,16344.0,2026-04-17,186787994,188,Naasa Securities Co. Ltd.,Online Securities Pvt. Ltd.,2026-04-17 11:38:55.395091,Life Insurance Corporation (Nepal) Limited
2026041703000870,LICN,59,49,100,817.1,81710.0,2026-04-17,186787996,188,Deevyaa Securities & Stock House Pvt. Ltd,Online Securities Pvt. Ltd.,2026-04-17 11:38:55.395186,Life Insurance Corporation (Nepal) Limited
2026041703000871,LICN,49,49,200,817.0,163400.0,2026-04-17,186787998,188,Online Securities Pvt. Ltd.,Online Securities Pvt. Ltd.,2026-04-17 11:38:55.395280,Life Insurance Corporation (Nepal) Limited
2026041703000917,LICN,34,49,200,817.0,163400.0,2026-04-17,186789346,188,Vision Securities Pvt. Ltd,Online Securities Pvt. Ltd.,2026-04-17 11:40:24.620148,Life Insurance Corporation (Nepal) Limited
2026041703000943,LICN,32,49,10,817.0,8170.0,2026-04-17,186789958,188,Premier Securities Company Ltd.,Online Securities Pvt. Ltd.,2026-04-17 11:41:07.962595,Life Insurance Corporation (Nepal) Limited
2026041703000962,LICN,32,49,10,817.0,8170.0,2026-04-17,186790500,188,Premier Securities Company Ltd.,Online Securities Pvt. Ltd.,2026-04-17 11:41:52.898709,Life Insurance Corporation (Nepal) Limited
2026041703000999,LICN,58,49,18,817.0,14706.0,2026-04-17,186791936,188,Naasa Securities Co. Ltd.,Online Securities Pvt. Ltd.,2026-04-17 11:43:43.520202,Life Insurance Corporation (Nepal) Limited
2026041703001040,LICN,39,49,333,817.0,272061.0,2026-04-17,186793207,188,Sumeru Securities Pvt. Ltd.,Online Securities Pvt. Ltd.,2026-04-17 11:45:26.030295,Life Insurance Corporation (Nepal) Limited
2026041703001430,LICN,39,66,27,817.0,22059.0,2026-04-17,186801900,188,Sumeru Securities Pvt. Ltd.,Miyo Securities Pvt Ltd,2026-04-17 11:57:14.954858,Life Insurance Corporation (Nepal) Limited
2026041703001431,LICN,58,66,50,817.0,40850.0,2026-04-17,186801902,188,Naasa Securities Co. Ltd.,Miyo Securities Pvt Ltd,2026-04-17 11:57:14.954911,Life Insurance Corporation (Nepal) Limited
2026041703001432,LICN,42,66,100,817.0,81700.0,2026-04-17,186801904,188,Sani Securities Company Ltd.,Miyo Securities Pvt Ltd,2026-04-17 11:57:14.954933,Life Insurance Corporation (Nepal) Limited
2026041703001433,LICN,43,66,100,816.1,81610.0,2026-04-17,186801906,188,South Asian Bulls Pvt. Ltd.,Miyo Securities Pvt Ltd,2026-04-17 11:57:14.954956,Life Insurance Corporation (Nepal) Limited
2026041703001434,LICN,62,66,20,816.1,16322.0,2026-04-17,186801908,188,Capital Max Securities Ltd,Miyo Securities Pvt Ltd,2026-04-17 11:57:14.954978,Life Insurance Corporation (Nepal) Limited
2026041703001435,LICN,34,66,50,815.5,40775.0,2026-04-17,186801910,188,Vision Securities Pvt. Ltd,Miyo Securities Pvt Ltd,2026-04-17 11:57:14.955001,Life Insurance Corporation (Nepal) Limited
2026041703001436,LICN,45,66,100,815.1,81510.0,2026-04-17,186801912,188,Imperial Securities Company Pvt. Ltd.,Miyo Securities Pvt Ltd,2026-04-17 11:57:14.955038,Life Insurance Corporation (Nepal) Limited
2026041703001437,LICN,36,66,50,815.1,40755.0,2026-04-17,186801914,188,Secured Securities Ltd.,Miyo Securities Pvt Ltd,2026-04-17 11:57:14.955056,Life Insurance Corporation (Nepal) Limited
2026041703001438,LICN,42,66,23,815.0,18745.0,2026-04-17,186801916,188,Sani Securities Company Ltd.,Miyo Securities Pvt Ltd,2026-04-17 11:57:14.955077,Life Insurance Corporation (Nepal) Limited
2026041703001439,LICN,36,66,25,815.0,20375.0,2026-04-17,186801918,188,Secured Securities Ltd.,Miyo Securities Pvt Ltd,2026-04-17 11:57:14.955096,Life Insurance Corporation (Nepal) Limited
2026041703001440,LICN,42,66,50,815.0,40750.0,2026-04-17,186801920,188,Sani Securities Company Ltd.,Miyo Securities Pvt Ltd,2026-04-17 11:57:14.955117,Life Insurance Corporation (Nepal) Limited
2026041703001441,LICN,26,66,100,814.0,81400.0,2026-04-17,186801922,188,Asian Securities Private Ltd.,Miyo Securities Pvt Ltd,2026-04-17 11:57:14.955136,Life Insurance Corporation (Nepal) Limited
2026041703001442,LICN,60,66,100,814.0,81400.0,2026-04-17,186801924,188,Nagarik Stock Dealer ,Miyo Securities Pvt Ltd,2026-04-17 11:57:14.955157,Life Insurance Corporation (Nepal) Limited
2026041703001443,LICN,34,66,100,811.9,81190.0,2026-04-17,186801926,188,Vision Securities Pvt. Ltd,Miyo Securities Pvt Ltd,2026-04-17 11:57:14.955177,Life Insurance Corporation (Nepal) Limited
2026041703001444,LICN,17,66,10,811.8,8118.0,2026-04-17,186801928,188,ABC Securities Private Limited,Miyo Securities Pvt Ltd,2026-04-17 11:57:14.955205,Life Insurance Corporation (Nepal) Limited
2026041703001445,LICN,58,66,95,811.8,77121.0,2026-04-17,186801929,188,Naasa Securities Co. Ltd.,Miyo Securities Pvt Ltd,2026-04-17 11:57:14.955227,Life Insurance Corporation (Nepal) Limited
2026041703001688,LICN,42,51,100,812.0,81200.0,2026-04-17,186807224,188,Sani Securities Company Ltd.,Oxford Securities Pvt. Ltd.,2026-04-17 12:03:26.042760,Life Insurance Corporation (Nepal) Limited
2026041703001689,LICN,49,51,20,812.0,16240.0,2026-04-17,186807226,188,Online Securities Pvt. Ltd.,Oxford Securities Pvt. Ltd.,2026-04-17 12:03:26.042912,Life Insurance Corporation (Nepal) Limited
2026041703001710,LICN,7,51,40,811.8,32472.0,2026-04-17,186807716,188,J.F. Securites (PVT) Ltd.,Oxford Securities Pvt. Ltd.,2026-04-17 12:03:51.136467,Life Insurance Corporation (Nepal) Limited
2026041703001711,LICN,8,51,10,811.8,8118.0,2026-04-17,186807718,188,Brilliant Securities Pvt. Ltd.,Oxford Securities Pvt. Ltd.,2026-04-17 12:03:51.136668,Life Insurance Corporation (Nepal) Limited
2026041703001712,LICN,53,51,20,811.8,16236.0,2026-04-17,186807720,188,Investment Management Nepal Pvt. Ltd.,Oxford Securities Pvt. Ltd.,2026-04-17 12:03:51.136787,Life Insurance Corporation (Nepal) Limited
2026041703001713,LICN,42,78,40,811.7,32468.0,2026-04-17,186807744,188,Sani Securities Company Ltd.,Garima Securities Limited,2026-04-17 12:03:54.067743,Life Insurance Corporation (Nepal) Limited
2026041703001714,LICN,44,78,50,811.2,40560.0,2026-04-17,186807746,188,Dynamic Money Managers Securities Pvt. Ltd.,Garima Securities Limited,2026-04-17 12:03:54.067867,Life Insurance Corporation (Nepal) Limited
2026041703001715,LICN,74,78,500,811.1,405550.0,2026-04-17,186807748,188,KALASH STOCK MARKET PVT. LTD.,Garima Securities Limited,2026-04-17 12:03:54.067911,Life Insurance Corporation (Nepal) Limited
2026041703001716,LICN,36,78,50,811.1,40555.0,2026-04-17,186807750,188,Secured Securities Ltd.,Garima Securities Limited,2026-04-17 12:03:54.067949,Life Insurance Corporation (Nepal) Limited
2026041703001717,LICN,62,78,10,811.0,8110.0,2026-04-17,186807752,188,Capital Max Securities Ltd,Garima Securities Limited,2026-04-17 12:03:54.068000,Life Insurance Corporation (Nepal) Limited
2026041703001718,LICN,34,78,100,810.1,81010.0,2026-04-17,186807754,188,Vision Securities Pvt. Ltd,Garima Securities Limited,2026-04-17 12:03:54.068048,Life Insurance Corporation (Nepal) Limited
2026041703001719,LICN,7,78,76,810.0,61560.0,2026-04-17,186807755,188,J.F. Securites (PVT) Ltd.,Garima Securities Limited,2026-04-17 12:03:54.068083,Life Insurance Corporation (Nepal) Limited
2026041703001724,LICN,51,51,50,811.8,40590.0,2026-04-17,186807814,188,Oxford Securities Pvt. Ltd.,Oxford Securities Pvt. Ltd.,2026-04-17 12:03:57.739635,Life Insurance Corporation (Nepal) Limited
2026041703001743,LICN,7,51,44,810.0,35640.0,2026-04-17,186808206,188,J.F. Securites (PVT) Ltd.,Oxford Securities Pvt. Ltd.,2026-04-17 12:04:26.448978,Life Insurance Corporation (Nepal) Limited
2026041703001744,LICN,22,51,22,810.0,17820.0,2026-04-17,186808208,188,Siprabi Securities Pvt. Ltd.,Oxford Securities Pvt. Ltd.,2026-04-17 12:04:26.449172,Life Insurance Corporation (Nepal) Limited
2026041703002374,LICN,48,6,300,815.3,244590.0,2026-04-17,186821824,188,Trishakti Securities Public Limited,Agrawal Securities (PVT) Ltd.,2026-04-17 12:19:59.856550,Life Insurance Corporation (Nepal) Limited
2026041703002375,LICN,29,6,200,815.2,163040.0,2026-04-17,186821825,188,Trisul Securities & Invt. Ltd.,Agrawal Securities (PVT) Ltd.,2026-04-17 12:19:59.856625,Life Insurance Corporation (Nepal) Limited
2026041703002693,LICN,29,22,300,815.2,244560.0,2026-04-17,186827440,188,Trisul Securities & Invt. Ltd.,Siprabi Securities Pvt. Ltd.,2026-04-17 12:27:43.533354,Life Insurance Corporation (Nepal) Limited
2026041703002694,LICN,34,22,100,815.1,81510.0,2026-04-17,186827442,188,Vision Securities Pvt. Ltd,Siprabi Securities Pvt. Ltd.,2026-04-17 12:27:43.533464,Life Insurance Corporation (Nepal) Limited
2026041703002695,LICN,42,22,50,815.0,40750.0,2026-04-17,186827443,188,Sani Securities Company Ltd.,Siprabi Securities Pvt. Ltd.,2026-04-17 12:27:43.533512,Life Insurance Corporation (Nepal) Limited
2026041703002739,LICN,32,25,55,815.0,44825.0,2026-04-17,186829145,188,Premier Securities Company Ltd.,Sweta Securities Private Limited,2026-04-17 12:30:14.194398,Life Insurance Corporation (Nepal) Limited
2026041703002897,LICN,44,66,105,820.0,86100.0,2026-04-17,186833164,188,Dynamic Money Managers Securities Pvt. Ltd.,Miyo Securities Pvt Ltd,2026-04-17 12:35:09.331031,Life Insurance Corporation (Nepal) Limited
2026041703002941,LICN,49,66,50,820.0,41000.0,2026-04-17,186833706,188,Online Securities Pvt. Ltd.,Miyo Securities Pvt Ltd,2026-04-17 12:35:54.051008,Life Insurance Corporation (Nepal) Limited
2026041703002986,LICN,16,66,45,820.0,36900.0,2026-04-17,186834861,188,Primo Securities (PVT) Ltd.,Miyo Securities Pvt Ltd,2026-04-17 12:37:47.188159,Life Insurance Corporation (Nepal) Limited
2026041703003087,LICN,7,51,4,810.0,3240.0,2026-04-17,186837977,188,J.F. Securites (PVT) Ltd.,Oxford Securities Pvt. Ltd.,2026-04-17 12:42:44.779928,Life Insurance Corporation (Nepal) Limited
2026041703003118,LICN,34,36,20,820.0,16400.0,2026-04-17,186838879,188,Vision Securities Pvt. Ltd,Secured Securities Ltd.,2026-04-17 12:43:53.873538,Life Insurance Corporation (Nepal) Limited
2026041703003119,LICN,34,58,10,824.9,8249.0,2026-04-17,186838882,188,Vision Securities Pvt. Ltd,Naasa Securities Co. Ltd.,2026-04-17 12:43:53.873577,Life Insurance Corporation (Nepal) Limited
2026041703003497,LICN,58,65,12,824.0,9888.0,2026-04-17,186846558,188,Naasa Securities Co. Ltd.,Sharepro Securities Private Limited,2026-04-17 12:54:11.884801,Life Insurance Corporation (Nepal) Limited
2026041703003498,LICN,58,65,12,817.0,9804.0,2026-04-17,186846560,188,Naasa Securities Co. Ltd.,Sharepro Securities Private Limited,2026-04-17 12:54:11.884858,Life Insurance Corporation (Nepal) Limited
2026041703003499,LICN,42,65,26,816.0,21216.0,2026-04-17,186846561,188,Sani Securities Company Ltd.,Sharepro Securities Private Limited,2026-04-17 12:54:11.884883,Life Insurance Corporation (Nepal) Limited
2026041703003834,LICN,58,26,5,811.8,4059.0,2026-04-17,186854751,188,Naasa Securities Co. Ltd.,Asian Securities Private Ltd.,2026-04-17 13:08:57.885443,Life Insurance Corporation (Nepal) Limited
2026041703004212,LICN,41,58,33,824.0,27192.0,2026-04-17,186865592,188,Linch Stock Market Ltd.,Naasa Securities Co. Ltd.,2026-04-17 13:28:59.245732,Life Insurance Corporation (Nepal) Limited
2026041703004275,LICN,41,42,67,825.0,55275.0,2026-04-17,186866932,188,Linch Stock Market Ltd.,Sani Securities Company Ltd.,2026-04-17 13:31:19.564564,Life Insurance Corporation (Nepal) Limited
2026041703004300,LICN,32,42,21,825.0,17325.0,2026-04-17,186868189,188,Premier Securities Company Ltd.,Sani Securities Company Ltd.,2026-04-17 13:32:39.492693,Life Insurance Corporation (Nepal) Limited
2026041703004301,LICN,32,81,44,825.0,36300.0,2026-04-17,186868192,188,Premier Securities Company Ltd.,Aakashbhairab Securities Ltd.,2026-04-17 13:32:39.492878,Life Insurance Corporation (Nepal) Limited
2026041703004360,LICN,71,59,14,820.0,11480.0,2026-04-17,186869972,188,SHUBHAKAMANA SECURITIES PVT. LTD,Deevyaa Securities & Stock House Pvt. Ltd,2026-04-17 13:34:37.490231,Life Insurance Corporation (Nepal) Limited
2026041703005154,LICN,49,1,50,824.0,41200.0,2026-04-17,186890894,188,Online Securities Pvt. Ltd.,Kumari Securities Private Limited,2026-04-17 14:06:01.581297,Life Insurance Corporation (Nepal) Limited
2026041703005155,LICN,58,1,10,820.1,8201.0,2026-04-17,186890896,188,Naasa Securities Co. Ltd.,Kumari Securities Private Limited,2026-04-17 14:06:01.581443,Life Insurance Corporation (Nepal) Limited
2026041703005156,LICN,71,1,10,820.0,8200.0,2026-04-17,186890897,188,SHUBHAKAMANA SECURITIES PVT. LTD,Kumari Securities Private Limited,2026-04-17 14:06:01.581503,Life Insurance Corporation (Nepal) Limited
2026041703005392,LICN,42,59,100,821.0,82100.0,2026-04-17,186898090,188,Sani Securities Company Ltd.,Deevyaa Securities & Stock House Pvt. Ltd,2026-04-17 14:15:20.752181,Life Insurance Corporation (Nepal) Limited
2026041703005393,LICN,36,59,100,821.0,82100.0,2026-04-17,186898091,188,Secured Securities Ltd.,Deevyaa Securities & Stock House Pvt. Ltd,2026-04-17 14:15:20.752488,Life Insurance Corporation (Nepal) Limited
2026041703005402,LICN,71,65,66,820.0,54120.0,2026-04-17,186898226,188,SHUBHAKAMANA SECURITIES PVT. LTD,Sharepro Securities Private Limited,2026-04-17 14:15:32.135381,Life Insurance Corporation (Nepal) Limited
2026041703005403,LICN,58,65,64,820.0,52480.0,2026-04-17,186898227,188,Naasa Securities Co. Ltd.,Sharepro Securities Private Limited,2026-04-17 14:15:32.135479,Life Insurance Corporation (Nepal) Limited
2026041703005617,LICN,45,22,150,821.0,123150.0,2026-04-17,186903028,188,Imperial Securities Company Pvt. Ltd.,Siprabi Securities Pvt. Ltd.,2026-04-17 14:21:54.621098,Life Insurance Corporation (Nepal) Limited
2026041703005618,LICN,56,22,80,821.0,65680.0,2026-04-17,186903030,188,Sri Hari Securities Pvt. Ltd.,Siprabi Securities Pvt. Ltd.,2026-04-17 14:21:54.621283,Life Insurance Corporation (Nepal) Limited
2026041703005619,LICN,58,22,36,820.0,29520.0,2026-04-17,186903032,188,Naasa Securities Co. Ltd.,Siprabi Securities Pvt. Ltd.,2026-04-17 14:21:54.621367,Life Insurance Corporation (Nepal) Limited
2026041703005620,LICN,44,22,20,820.0,16400.0,2026-04-17,186903034,188,Dynamic Money Managers Securities Pvt. Ltd.,Siprabi Securities Pvt. Ltd.,2026-04-17 14:21:54.621429,Life Insurance Corporation (Nepal) Limited
2026041703005621,LICN,74,22,50,820.0,41000.0,2026-04-17,186903036,188,KALASH STOCK MARKET PVT. LTD.,Siprabi Securities Pvt. Ltd.,2026-04-17 14:21:54.621490,Life Insurance Corporation (Nepal) Limited
2026041703005622,LICN,36,22,100,820.0,82000.0,2026-04-17,186903038,188,Secured Securities Ltd.,Siprabi Securities Pvt. Ltd.,2026-04-17 14:21:54.621550,Life Insurance Corporation (Nepal) Limited
2026041703005623,LICN,28,22,700,820.0,574000.0,2026-04-17,186903039,188,Shree Krishna Securities Ltd.,Siprabi Securities Pvt. Ltd.,2026-04-17 14:21:54.621619,Life Insurance Corporation (Nepal) Limited
2026041703005834,LICN,34,59,10,825.0,8250.0,2026-04-17,186907204,188,Vision Securities Pvt. Ltd,Deevyaa Securities & Stock House Pvt. Ltd,2026-04-17 14:27:14.937601,Life Insurance Corporation (Nepal) Limited
2026041703005939,LICN,42,8,23,824.9,18972.7,2026-04-17,186909722,188,Sani Securities Company Ltd.,Brilliant Securities Pvt. Ltd.,2026-04-17 14:30:43.311701,Life Insurance Corporation (Nepal) Limited
2026041703006021,LICN,45,8,262,821.0,215102.0,2026-04-17,186911789,188,Imperial Securities Company Pvt. Ltd.,Brilliant Securities Pvt. Ltd.,2026-04-17 14:33:31.845874,Life Insurance Corporation (Nepal) Limited
2026041703006592,LICN,28,50,200,822.0,164400.0,2026-04-17,186921555,188,Shree Krishna Securities Ltd.,Cristal Kanchanjanga Securites Pvt. Ltd.,2026-04-17 14:45:39.793050,Life Insurance Corporation (Nepal) Limited
2026041703006862,LICN,11,44,20,823.0,16460.0,2026-04-17,186927902,188,Malla & Malla Stock Broking Company Pvt. Limited,Dynamic Money Managers Securities Pvt. Ltd.,2026-04-17 14:50:37.803982,Life Insurance Corporation (Nepal) Limited
2026041703006897,LICN,45,19,20,822.9,16458.0,2026-04-17,186928551,188,Imperial Securities Company Pvt. Ltd.,Nepal Investment And Securities Trading Private Limited,2026-04-17 14:50:58.687534,Life Insurance Corporation (Nepal) Limited
2026041703006898,LICN,45,44,79,823.0,65017.0,2026-04-17,186928553,188,Imperial Securities Company Pvt. Ltd.,Dynamic Money Managers Securities Pvt. Ltd.,2026-04-17 14:50:58.687610,Life Insurance Corporation (Nepal) Limited
2026041703006899,LICN,45,59,308,825.0,254100.0,2026-04-17,186928555,188,Imperial Securities Company Pvt. Ltd.,Deevyaa Securities & Stock House Pvt. Ltd,2026-04-17 14:50:58.687651,Life Insurance Corporation (Nepal) Limited
2026041703006900,LICN,45,59,70,825.1,57757.0,2026-04-17,186928557,188,Imperial Securities Company Pvt. Ltd.,Deevyaa Securities & Stock House Pvt. Ltd,2026-04-17 14:50:58.687678,Life Insurance Corporation (Nepal) Limited
2026041703006901,LICN,45,45,23,826.2,19002.6,2026-04-17,186928560,188,Imperial Securities Company Pvt. Ltd.,Imperial Securities Company Pvt. Ltd.,2026-04-17 14:50:58.687704,Life Insurance Corporation (Nepal) Limited
2026041703006936,LICN,45,45,77,826.2,63617.4,2026-04-17,186929207,188,Imperial Securities Company Pvt. Ltd.,Imperial Securities Company Pvt. Ltd.,2026-04-17 14:51:31.039472,Life Insurance Corporation (Nepal) Limited
2026041703006937,LICN,45,81,256,830.0,212480.0,2026-04-17,186929209,188,Imperial Securities Company Pvt. Ltd.,Aakashbhairab Securities Ltd.,2026-04-17 14:51:31.039574,Life Insurance Corporation (Nepal) Limited
2026041703006938,LICN,45,58,35,831.3,29095.5,2026-04-17,186929211,188,Imperial Securities Company Pvt. Ltd.,Naasa Securities Co. Ltd.,2026-04-17 14:51:31.039651,Life Insurance Corporation (Nepal) Limited
2026041703006939,LICN,45,54,80,831.5,66520.0,2026-04-17,186929213,188,Imperial Securities Company Pvt. Ltd.,Sewa Securities Pvt. Ltd.,2026-04-17 14:51:31.039724,Life Insurance Corporation (Nepal) Limited
2026041703006940,LICN,45,54,10,831.5,8315.0,2026-04-17,186929215,188,Imperial Securities Company Pvt. Ltd.,Sewa Securities Pvt. Ltd.,2026-04-17 14:51:31.039795,Life Insurance Corporation (Nepal) Limited
2026041703006941,LICN,45,51,42,836.4,35128.8,2026-04-17,186929218,188,Imperial Securities Company Pvt. Ltd.,Oxford Securities Pvt. Ltd.,2026-04-17 14:51:31.039862,Life Insurance Corporation (Nepal) Limited
2026041703006985,LICN,45,91,25,836.4,20910.0,2026-04-17,186929969,188,Imperial Securities Company Pvt. Ltd.,Citizens Share Broker Limited,2026-04-17 14:52:01.783633,Life Insurance Corporation (Nepal) Limited
2026041703006986,LICN,45,62,30,836.4,25092.0,2026-04-17,186929971,188,Imperial Securities Company Pvt. Ltd.,Capital Max Securities Ltd,2026-04-17 14:52:01.783682,Life Insurance Corporation (Nepal) Limited
2026041703006987,LICN,45,77,445,837.4,372643.0,2026-04-17,186929974,188,Imperial Securities Company Pvt. Ltd.,Nabil Stock Dealer Ltd.,2026-04-17 14:52:01.783718,Life Insurance Corporation (Nepal) Limited
2026041703008095,LICN,29,58,373,824.1,307389.3,2026-04-17,186947467,188,Trisul Securities & Invt. Ltd.,Naasa Securities Co. Ltd.,2026-04-17 14:59:57.573821,Life Insurance Corporation (Nepal) Limited
