contract_id,symbol,buyer_member_id,seller_member_id,volume,price,amount,buyer_broker,seller_broker,transaction_time
2026041704000593,MEN,32,95,300,597.0,179100.0,Premier Securities Company Ltd.,Magnet Securities and Investment Company Private Limited,2026-04-17 11:07:26.859704
2026041704000614,MEN,42,95,68,596.0,40528.0,Sani Securities Company Ltd.,Magnet Securities and Investment Company Private Limited,2026-04-17 11:07:43.224352
2026041704001014,MEN,29,17,10,597.0,5970.0,Trisul Securities & Invt. Ltd.,ABC Securities Private Limited,2026-04-17 11:12:36.227283
2026041704001228,MEN,29,95,40,597.0,23880.0,Trisul Securities & Invt. Ltd.,Magnet Securities and Investment Company Private Limited,2026-04-17 11:15:22.103714
2026041704001229,MEN,25,95,700,597.0,417900.0,Sweta Securities Private Limited,Magnet Securities and Investment Company Private Limited,2026-04-17 11:15:22.103813
2026041704001690,MEN,65,95,100,596.1,59610.0,Sharepro Securities Private Limited,Magnet Securities and Investment Company Private Limited,2026-04-17 11:18:39.529086
2026041704001703,MEN,36,95,50,596.0,29800.0,Secured Securities Ltd.,Magnet Securities and Investment Company Private Limited,2026-04-17 11:18:50.461565
2026041704001731,MEN,17,95,500,595.5,297750.0,ABC Securities Private Limited,Magnet Securities and Investment Company Private Limited,2026-04-17 11:19:02.120379
2026041704001760,MEN,40,95,150,595.1,89265.0,Creative Securities Pvt Ltd,Magnet Securities and Investment Company Private Limited,2026-04-17 11:19:15.430288
2026041704001761,MEN,56,95,250,595.1,148775.0,Sri Hari Securities Pvt. Ltd.,Magnet Securities and Investment Company Private Limited,2026-04-17 11:19:15.430470
2026041704001803,MEN,5,95,1886,595.0,1122170.0,Market Securities & Exchange (PVT) Ltd.,Magnet Securities and Investment Company Private Limited,2026-04-17 11:19:40.567978
2026041704001946,MEN,62,17,10,595.5,5955.0,Capital Max Securities Ltd,ABC Securities Private Limited,2026-04-17 11:21:16.590932
2026041704002579,MEN,42,14,12,596.0,7152.0,Sani Securities Company Ltd.,Nepal Stock House (PVT) Ltd.,2026-04-17 11:28:07.185130
2026041704002580,MEN,58,14,38,596.0,22648.0,Naasa Securities Co. Ltd.,Nepal Stock House (PVT) Ltd.,2026-04-17 11:28:07.185260
2026041704003431,MEN,47,58,80,600.0,48000.0,Neev Securities Pvt. Ltd.,Naasa Securities Co. Ltd.,2026-04-17 11:38:44.159793
2026041704003432,MEN,47,45,15,600.0,9000.0,Neev Securities Pvt. Ltd.,Imperial Securities Company Pvt. Ltd.,2026-04-17 11:38:44.160039
2026041704003433,MEN,47,34,160,600.0,96000.0,Neev Securities Pvt. Ltd.,Vision Securities Pvt. Ltd,2026-04-17 11:38:44.160187
2026041704003434,MEN,47,29,500,600.0,300000.0,Neev Securities Pvt. Ltd.,Trisul Securities & Invt. Ltd.,2026-04-17 11:38:44.160348
2026041704003602,MEN,47,58,15,597.1,8956.5,Neev Securities Pvt. Ltd.,Naasa Securities Co. Ltd.,2026-04-17 11:41:37.938424
2026041704003666,MEN,47,91,20,597.1,11942.0,Neev Securities Pvt. Ltd.,Citizens Share Broker Limited,2026-04-17 11:42:18.164038
2026041704003710,MEN,47,49,1000,600.0,600000.0,Neev Securities Pvt. Ltd.,Online Securities Pvt. Ltd.,2026-04-17 11:43:06.519326
2026041704003882,MEN,47,41,13,597.1,7762.3,Neev Securities Pvt. Ltd.,Linch Stock Market Ltd.,2026-04-17 11:46:21.901905
2026041704003984,MEN,47,1,80,597.1,47768.0,Neev Securities Pvt. Ltd.,Kumari Securities Private Limited,2026-04-17 11:48:09.705274
2026041704004012,MEN,47,58,15,597.9,8968.5,Neev Securities Pvt. Ltd.,Naasa Securities Co. Ltd.,2026-04-17 11:48:24.211543
2026041704004013,MEN,47,41,10,600.0,6000.0,Neev Securities Pvt. Ltd.,Linch Stock Market Ltd.,2026-04-17 11:48:24.211696
2026041704004014,MEN,47,47,400,600.0,240000.0,Neev Securities Pvt. Ltd.,Neev Securities Pvt. Ltd.,2026-04-17 11:48:24.211751
2026041704005082,MEN,45,21,100,597.1,59710.0,Imperial Securities Company Pvt. Ltd.,Midas Stock Broking Company Private Limited,2026-04-17 11:59:21.557122
2026041704005083,MEN,47,21,50,597.1,29855.0,Neev Securities Pvt. Ltd.,Midas Stock Broking Company Private Limited,2026-04-17 11:59:21.557436
2026041704005325,MEN,74,57,15,598.0,8970.0,KALASH STOCK MARKET PVT. LTD.,Aryatara Investment & Securities,2026-04-17 12:01:13.700614
2026041704005397,MEN,47,45,142,597.1,84788.2,Neev Securities Pvt. Ltd.,Imperial Securities Company Pvt. Ltd.,2026-04-17 12:01:44.247906
2026041704005398,MEN,58,45,58,597.0,34626.0,Naasa Securities Co. Ltd.,Imperial Securities Company Pvt. Ltd.,2026-04-17 12:01:44.248012
2026041704005758,MEN,58,42,42,597.0,25074.0,Naasa Securities Co. Ltd.,Sani Securities Company Ltd.,2026-04-17 12:04:39.656805
2026041704005759,MEN,57,42,58,597.0,34626.0,Aryatara Investment & Securities,Sani Securities Company Ltd.,2026-04-17 12:04:39.656962
2026041704005929,MEN,58,58,13,597.8,7771.4,Naasa Securities Co. Ltd.,Naasa Securities Co. Ltd.,2026-04-17 12:05:52.354896
2026041704006112,MEN,46,14,10,597.1,5971.0,Kalika Securities Pvt. Ltd.,Nepal Stock House (PVT) Ltd.,2026-04-17 12:07:21.063101
2026041704006113,MEN,57,14,42,597.0,25074.0,Aryatara Investment & Securities,Nepal Stock House (PVT) Ltd.,2026-04-17 12:07:21.063290
2026041704006211,MEN,49,58,159,596.5,94843.5,Online Securities Pvt. Ltd.,Naasa Securities Co. Ltd.,2026-04-17 12:08:32.260295
2026041704006331,MEN,76,14,348,597.0,207756.0,Machhapuchchhre Securities Limited,Nepal Stock House (PVT) Ltd.,2026-04-17 12:09:46.806173
2026041704006332,MEN,76,35,20,597.0,11940.0,Machhapuchchhre Securities Limited,Kohinoor Investment & Securities Pvt. Ltd.,2026-04-17 12:09:46.806347
2026041704006342,MEN,66,39,80,597.7,47816.0,Miyo Securities Pvt Ltd,Sumeru Securities Pvt. Ltd.,2026-04-17 12:09:53.910071
2026041704006343,MEN,66,57,85,598.0,50830.0,Miyo Securities Pvt Ltd,Aryatara Investment & Securities,2026-04-17 12:09:53.910135
2026041704006344,MEN,66,57,1000,598.0,598000.0,Miyo Securities Pvt Ltd,Aryatara Investment & Securities,2026-04-17 12:09:53.910169
2026041704006345,MEN,66,44,240,599.5,143880.0,Miyo Securities Pvt Ltd,Dynamic Money Managers Securities Pvt. Ltd.,2026-04-17 12:09:53.910197
2026041704006346,MEN,66,45,11,600.0,6600.0,Miyo Securities Pvt Ltd,Imperial Securities Company Pvt. Ltd.,2026-04-17 12:09:53.910221
2026041704006347,MEN,66,34,80,600.0,48000.0,Miyo Securities Pvt Ltd,Vision Securities Pvt. Ltd,2026-04-17 12:09:53.910270
2026041704006623,MEN,76,7,138,596.7,82344.6,Machhapuchchhre Securities Limited,J.F. Securites (PVT) Ltd.,2026-04-17 12:11:38.096246
2026041704006902,MEN,38,44,2,585.9,1171.8,Dipshikha Dhitopatra Karobar Co. Pvt Ltd.,Dynamic Money Managers Securities Pvt. Ltd.,2026-04-17 12:13:20.888658
2026041704006928,MEN,38,44,2,586.0,1172.0,Dipshikha Dhitopatra Karobar Co. Pvt Ltd.,Dynamic Money Managers Securities Pvt. Ltd.,2026-04-17 12:13:31.710036
2026041704007194,MEN,56,33,25,600.3,15007.5,Sri Hari Securities Pvt. Ltd.,Dakshinkali Investment & Securities Pvt. Ltd.,2026-04-17 12:15:56.947636
2026041704007195,MEN,56,38,500,600.4,300200.0,Sri Hari Securities Pvt. Ltd.,Dipshikha Dhitopatra Karobar Co. Pvt Ltd.,2026-04-17 12:15:56.947773
2026041704007196,MEN,56,5,975,601.0,585975.0,Sri Hari Securities Pvt. Ltd.,Market Securities & Exchange (PVT) Ltd.,2026-04-17 12:15:56.947838
2026041704007613,MEN,76,14,480,597.1,286608.0,Machhapuchchhre Securities Limited,Nepal Stock House (PVT) Ltd.,2026-04-17 12:19:53.939097
2026041704007632,MEN,29,53,50,598.0,29900.0,Trisul Securities & Invt. Ltd.,Investment Management Nepal Pvt. Ltd.,2026-04-17 12:20:10.412344
2026041704007636,MEN,76,53,14,598.0,8372.0,Machhapuchchhre Securities Limited,Investment Management Nepal Pvt. Ltd.,2026-04-17 12:20:15.509248
2026041704007641,MEN,56,62,72,597.0,42984.0,Sri Hari Securities Pvt. Ltd.,Capital Max Securities Ltd,2026-04-17 12:20:20.912467
2026041704007733,MEN,56,53,236,597.0,140892.0,Sri Hari Securities Pvt. Ltd.,Investment Management Nepal Pvt. Ltd.,2026-04-17 12:21:30.147370
2026041704008119,MEN,56,25,100,597.0,59700.0,Sri Hari Securities Pvt. Ltd.,Sweta Securities Private Limited,2026-04-17 12:26:10.634808
2026041704008316,MEN,56,58,92,597.0,54924.0,Sri Hari Securities Pvt. Ltd.,Naasa Securities Co. Ltd.,2026-04-17 12:28:45.369137
2026041704008353,MEN,58,38,20,597.0,11940.0,Naasa Securities Co. Ltd.,Dipshikha Dhitopatra Karobar Co. Pvt Ltd.,2026-04-17 12:29:18.936838
2026041704008373,MEN,58,25,16,597.0,9552.0,Naasa Securities Co. Ltd.,Sweta Securities Private Limited,2026-04-17 12:29:37.615113
2026041704008837,MEN,43,14,100,598.0,59800.0,South Asian Bulls Pvt. Ltd.,Nepal Stock House (PVT) Ltd.,2026-04-17 12:35:37.929257
2026041704009257,MEN,32,57,10,598.2,5982.0,Premier Securities Company Ltd.,Aryatara Investment & Securities,2026-04-17 12:41:19.062901
2026041704009258,MEN,32,57,15,598.2,8973.0,Premier Securities Company Ltd.,Aryatara Investment & Securities,2026-04-17 12:41:19.063253
2026041704009309,MEN,58,50,20,598.1,11962.0,Naasa Securities Co. Ltd.,Cristal Kanchanjanga Securites Pvt. Ltd.,2026-04-17 12:42:06.866927
2026041704009310,MEN,43,50,300,598.0,179400.0,South Asian Bulls Pvt. Ltd.,Cristal Kanchanjanga Securites Pvt. Ltd.,2026-04-17 12:42:06.867113
2026041704009311,MEN,58,50,139,597.0,82983.0,Naasa Securities Co. Ltd.,Cristal Kanchanjanga Securites Pvt. Ltd.,2026-04-17 12:42:06.867182
2026041704009312,MEN,36,50,400,597.0,238800.0,Secured Securities Ltd.,Cristal Kanchanjanga Securites Pvt. Ltd.,2026-04-17 12:42:06.867247
2026041704009313,MEN,49,50,141,596.5,84106.5,Online Securities Pvt. Ltd.,Cristal Kanchanjanga Securites Pvt. Ltd.,2026-04-17 12:42:06.867358
2026041704009514,MEN,5,59,15,597.0,8955.0,Market Securities & Exchange (PVT) Ltd.,Deevyaa Securities & Stock House Pvt. Ltd,2026-04-17 12:44:58.209682
2026041704009706,MEN,62,39,100,598.0,59800.0,Capital Max Securities Ltd,Sumeru Securities Pvt. Ltd.,2026-04-17 12:47:36.152065
2026041704009806,MEN,1,39,100,598.0,59800.0,Kumari Securities Private Limited,Sumeru Securities Pvt. Ltd.,2026-04-17 12:48:39.846902
2026041704009817,MEN,36,39,280,598.0,167440.0,Secured Securities Ltd.,Sumeru Securities Pvt. Ltd.,2026-04-17 12:48:44.738103
2026041704009882,MEN,45,57,35,598.2,20937.0,Imperial Securities Company Pvt. Ltd.,Aryatara Investment & Securities,2026-04-17 12:49:12.214275
2026041704010337,MEN,58,57,19,598.2,11365.8,Naasa Securities Co. Ltd.,Aryatara Investment & Securities,2026-04-17 12:53:04.645628
2026041704010467,MEN,22,58,10,598.1,5981.0,Siprabi Securities Pvt. Ltd.,Naasa Securities Co. Ltd.,2026-04-17 12:54:13.085120
2026041704010570,MEN,36,57,41,598.0,24518.0,Secured Securities Ltd.,Aryatara Investment & Securities,2026-04-17 12:55:01.069986
2026041704010986,MEN,36,72,15,598.0,8970.0,Secured Securities Ltd.,Hatemalo Financial Services Private Limited,2026-04-17 12:57:23.797724
2026041704011016,MEN,36,58,12,598.0,7176.0,Secured Securities Ltd.,Naasa Securities Co. Ltd.,2026-04-17 12:57:48.645520
2026041704011017,MEN,5,58,88,598.0,52624.0,Market Securities & Exchange (PVT) Ltd.,Naasa Securities Co. Ltd.,2026-04-17 12:57:48.645908
2026041704011054,MEN,14,58,15,598.5,8977.5,Nepal Stock House (PVT) Ltd.,Naasa Securities Co. Ltd.,2026-04-17 12:58:22.569790
2026041704011197,MEN,58,17,12,599.0,7188.0,Naasa Securities Co. Ltd.,ABC Securities Private Limited,2026-04-17 13:01:20.508547
2026041704011198,MEN,14,35,20,598.5,11970.0,Nepal Stock House (PVT) Ltd.,Kohinoor Investment & Securities Pvt. Ltd.,2026-04-17 13:01:21.307378
2026041704011242,MEN,56,17,20,599.0,11980.0,Sri Hari Securities Pvt. Ltd.,ABC Securities Private Limited,2026-04-17 13:02:21.408081
2026041704011292,MEN,50,17,68,599.0,40732.0,Cristal Kanchanjanga Securites Pvt. Ltd.,ABC Securities Private Limited,2026-04-17 13:03:17.821190
2026041704011293,MEN,50,58,15,599.0,8985.0,Cristal Kanchanjanga Securites Pvt. Ltd.,Naasa Securities Co. Ltd.,2026-04-17 13:03:17.821420
2026041704011383,MEN,50,44,417,599.0,249783.0,Cristal Kanchanjanga Securites Pvt. Ltd.,Dynamic Money Managers Securities Pvt. Ltd.,2026-04-17 13:05:04.543256
2026041704011403,MEN,14,17,965,598.5,577552.5,Nepal Stock House (PVT) Ltd.,ABC Securities Private Limited,2026-04-17 13:05:35.846216
2026041704011404,MEN,5,17,35,598.0,20930.0,Market Securities & Exchange (PVT) Ltd.,ABC Securities Private Limited,2026-04-17 13:05:35.846271
2026041704011430,MEN,5,16,1000,598.0,598000.0,Market Securities & Exchange (PVT) Ltd.,Primo Securities (PVT) Ltd.,2026-04-17 13:06:39.982304
2026041704011691,MEN,5,16,15,598.0,8970.0,Market Securities & Exchange (PVT) Ltd.,Primo Securities (PVT) Ltd.,2026-04-17 13:12:52.551562
2026041704012087,MEN,13,28,150,599.7,89955.0,Thrive Brokerage House Pvt. Ltd,Shree Krishna Securities Ltd.,2026-04-17 13:20:16.429094
2026041704012104,MEN,50,8,416,598.5,248976.0,Cristal Kanchanjanga Securites Pvt. Ltd.,Brilliant Securities Pvt. Ltd.,2026-04-17 13:20:32.626790
2026041704012412,MEN,34,28,20,599.7,11994.0,Vision Securities Pvt. Ltd,Shree Krishna Securities Ltd.,2026-04-17 13:25:16.652307
2026041704012621,MEN,50,28,84,599.7,50374.8,Cristal Kanchanjanga Securites Pvt. Ltd.,Shree Krishna Securities Ltd.,2026-04-17 13:29:14.408490
2026041704012756,MEN,66,28,46,599.7,27586.2,Miyo Securities Pvt Ltd,Shree Krishna Securities Ltd.,2026-04-17 13:30:41.756158
2026041704012757,MEN,66,44,300,599.8,179940.0,Miyo Securities Pvt Ltd,Dynamic Money Managers Securities Pvt. Ltd.,2026-04-17 13:30:41.756252
2026041704012758,MEN,66,28,300,599.9,179970.0,Miyo Securities Pvt Ltd,Shree Krishna Securities Ltd.,2026-04-17 13:30:41.756310
2026041704012759,MEN,66,45,50,600.0,30000.0,Miyo Securities Pvt Ltd,Imperial Securities Company Pvt. Ltd.,2026-04-17 13:30:41.756368
2026041704012760,MEN,66,16,244,600.0,146400.0,Miyo Securities Pvt Ltd,Primo Securities (PVT) Ltd.,2026-04-17 13:30:41.756394
2026041704012761,MEN,66,19,600,600.0,360000.0,Miyo Securities Pvt Ltd,Nepal Investment And Securities Trading Private Limited,2026-04-17 13:30:41.756419
2026041704012762,MEN,66,43,150,600.0,90000.0,Miyo Securities Pvt Ltd,South Asian Bulls Pvt. Ltd.,2026-04-17 13:30:41.756446
2026041704012763,MEN,66,57,100,600.0,60000.0,Miyo Securities Pvt Ltd,Aryatara Investment & Securities,2026-04-17 13:30:41.756472
2026041704012764,MEN,66,22,25,600.0,15000.0,Miyo Securities Pvt Ltd,Siprabi Securities Pvt. Ltd.,2026-04-17 13:30:41.756500
2026041704012765,MEN,66,10,185,600.0,111000.0,Miyo Securities Pvt Ltd,Pragyan Securities (PVT) Ltd.,2026-04-17 13:30:41.756523
2026041704013010,MEN,39,10,50,600.0,30000.0,Sumeru Securities Pvt. Ltd.,Pragyan Securities (PVT) Ltd.,2026-04-17 13:32:42.284783
2026041704013241,MEN,26,10,28,600.0,16800.0,Asian Securities Private Ltd.,Pragyan Securities (PVT) Ltd.,2026-04-17 13:34:39.786252
2026041704013437,MEN,21,10,43,600.0,25800.0,Midas Stock Broking Company Private Limited,Pragyan Securities (PVT) Ltd.,2026-04-17 13:36:35.453511
2026041704013438,MEN,21,7,107,600.0,64200.0,Midas Stock Broking Company Private Limited,J.F. Securites (PVT) Ltd.,2026-04-17 13:36:35.453850
2026041704013497,MEN,37,7,13,600.0,7800.0,Swarna Laxmi Securities Pvt. Ltd.,J.F. Securites (PVT) Ltd.,2026-04-17 13:37:23.571639
2026041704013545,MEN,67,7,80,600.0,48000.0,Property Wiard Limited,J.F. Securites (PVT) Ltd.,2026-04-17 13:37:46.975446
2026041704013546,MEN,67,64,100,600.1,60010.0,Property Wiard Limited,SUN SECURITIES PVT LTD,2026-04-17 13:37:46.975635
2026041704013547,MEN,67,21,265,600.1,159026.5,Property Wiard Limited,Midas Stock Broking Company Private Limited,2026-04-17 13:37:46.975731
2026041704013548,MEN,67,72,113,600.6,67867.8,Property Wiard Limited,Hatemalo Financial Services Private Limited,2026-04-17 13:37:46.975835
2026041704013549,MEN,67,5,25,601.0,15025.0,Property Wiard Limited,Market Securities & Exchange (PVT) Ltd.,2026-04-17 13:37:46.976048
2026041704013550,MEN,67,5,417,601.0,250617.0,Property Wiard Limited,Market Securities & Exchange (PVT) Ltd.,2026-04-17 13:37:46.976251
2026041704014095,MEN,7,5,30,601.0,18030.0,J.F. Securites (PVT) Ltd.,Market Securities & Exchange (PVT) Ltd.,2026-04-17 13:42:19.025785
2026041704014652,MEN,42,45,10,600.0,6000.0,Sani Securities Company Ltd.,Imperial Securities Company Pvt. Ltd.,2026-04-17 13:47:02.589139
2026041704014780,MEN,13,91,45,598.1,26914.5,Thrive Brokerage House Pvt. Ltd,Citizens Share Broker Limited,2026-04-17 13:49:19.603344
2026041704014781,MEN,5,91,255,598.0,152490.0,Market Securities & Exchange (PVT) Ltd.,Citizens Share Broker Limited,2026-04-17 13:49:19.603742
2026041704014874,MEN,58,58,2,600.3,1200.6,Naasa Securities Co. Ltd.,Naasa Securities Co. Ltd.,2026-04-17 13:51:12.973310
2026041704015000,MEN,5,13,15,598.0,8970.0,Market Securities & Exchange (PVT) Ltd.,Thrive Brokerage House Pvt. Ltd,2026-04-17 13:53:12.122297
2026041704015060,MEN,74,36,1,595.0,595.0,KALASH STOCK MARKET PVT. LTD.,Secured Securities Ltd.,2026-04-17 13:54:32.043492
2026041704015126,MEN,74,25,2,597.0,1194.0,KALASH STOCK MARKET PVT. LTD.,Sweta Securities Private Limited,2026-04-17 13:55:14.290895
2026041704015142,MEN,74,58,2,598.0,1196.0,KALASH STOCK MARKET PVT. LTD.,Naasa Securities Co. Ltd.,2026-04-17 13:55:32.013277
2026041704015313,MEN,5,62,40,598.0,23920.0,Market Securities & Exchange (PVT) Ltd.,Capital Max Securities Ltd,2026-04-17 13:59:09.716557
2026041704015482,MEN,57,21,16,600.0,9600.0,Aryatara Investment & Securities,Midas Stock Broking Company Private Limited,2026-04-17 14:02:45.536663
2026041704015502,MEN,94,21,50,600.0,30000.0,K.B.L. Securities Limited ,Midas Stock Broking Company Private Limited,2026-04-17 14:03:10.913338
2026041704015515,MEN,74,21,10,600.0,6000.0,KALASH STOCK MARKET PVT. LTD.,Midas Stock Broking Company Private Limited,2026-04-17 14:03:22.434832
2026041704015541,MEN,11,21,25,600.0,15000.0,Malla & Malla Stock Broking Company Pvt. Limited,Midas Stock Broking Company Private Limited,2026-04-17 14:03:58.688488
2026041704015806,MEN,94,21,10,600.0,6000.0,K.B.L. Securities Limited ,Midas Stock Broking Company Private Limited,2026-04-17 14:06:38.373683
2026041704016072,MEN,54,48,10,599.5,5995.0,Sewa Securities Pvt. Ltd.,Trishakti Securities Public Limited,2026-04-17 14:09:26.143719
2026041704016073,MEN,75,48,490,599.0,293510.0,N.I.M.B. Stock Markets Limited,Trishakti Securities Public Limited,2026-04-17 14:09:26.144076
2026041704016377,MEN,6,21,20,600.0,12000.0,Agrawal Securities (PVT) Ltd.,Midas Stock Broking Company Private Limited,2026-04-17 14:12:20.108610
2026041704016712,MEN,6,21,369,600.0,221400.0,Agrawal Securities (PVT) Ltd.,Midas Stock Broking Company Private Limited,2026-04-17 14:16:23.192278
2026041704016713,MEN,6,45,225,600.8,135180.0,Agrawal Securities (PVT) Ltd.,Imperial Securities Company Pvt. Ltd.,2026-04-17 14:16:23.192670
2026041704016714,MEN,6,49,447,600.9,268602.3,Agrawal Securities (PVT) Ltd.,Online Securities Pvt. Ltd.,2026-04-17 14:16:23.192898
2026041704016715,MEN,6,42,500,600.9,300450.0,Agrawal Securities (PVT) Ltd.,Sani Securities Company Ltd.,2026-04-17 14:16:23.193136
2026041704016716,MEN,6,5,553,601.0,332353.0,Agrawal Securities (PVT) Ltd.,Market Securities & Exchange (PVT) Ltd.,2026-04-17 14:16:23.193375
2026041704016717,MEN,6,19,52,601.0,31252.0,Agrawal Securities (PVT) Ltd.,Nepal Investment And Securities Trading Private Limited,2026-04-17 14:16:23.193591
2026041704016718,MEN,6,16,354,601.0,212754.0,Agrawal Securities (PVT) Ltd.,Primo Securities (PVT) Ltd.,2026-04-17 14:16:23.193813
2026041704017103,MEN,7,16,20,601.0,12020.0,J.F. Securites (PVT) Ltd.,Primo Securities (PVT) Ltd.,2026-04-17 14:19:25.953018
2026041704017543,MEN,41,1,40,600.0,24000.0,Linch Stock Market Ltd.,Kumari Securities Private Limited,2026-04-17 14:24:41.106201
2026041704017559,MEN,56,1,60,600.0,36000.0,Sri Hari Securities Pvt. Ltd.,Kumari Securities Private Limited,2026-04-17 14:24:50.655611
2026041704017560,MEN,56,22,25,600.0,15000.0,Sri Hari Securities Pvt. Ltd.,Siprabi Securities Pvt. Ltd.,2026-04-17 14:24:50.656027
2026041704017561,MEN,56,4,583,600.8,350266.4,Sri Hari Securities Pvt. Ltd.,Opal Securities Investment (PVT) Ltd.,2026-04-17 14:24:50.656256
2026041704017562,MEN,56,76,1000,600.9,600900.0,Sri Hari Securities Pvt. Ltd.,Machhapuchchhre Securities Limited,2026-04-17 14:24:50.656551
2026041704017563,MEN,56,16,126,601.0,75726.0,Sri Hari Securities Pvt. Ltd.,Primo Securities (PVT) Ltd.,2026-04-17 14:24:50.656767
2026041704017564,MEN,56,22,25,601.0,15025.0,Sri Hari Securities Pvt. Ltd.,Siprabi Securities Pvt. Ltd.,2026-04-17 14:24:50.656980
2026041704017565,MEN,56,1,100,601.0,60100.0,Sri Hari Securities Pvt. Ltd.,Kumari Securities Private Limited,2026-04-17 14:24:50.657235
2026041704017566,MEN,56,50,81,601.0,48681.0,Sri Hari Securities Pvt. Ltd.,Cristal Kanchanjanga Securites Pvt. Ltd.,2026-04-17 14:24:50.657580
2026041704017590,MEN,26,1,85,600.0,51000.0,Asian Securities Private Ltd.,Kumari Securities Private Limited,2026-04-17 14:25:10.950603
2026041704017591,MEN,75,1,10,599.0,5990.0,N.I.M.B. Stock Markets Limited,Kumari Securities Private Limited,2026-04-17 14:25:10.950969
2026041704017592,MEN,42,1,98,599.0,58702.0,Sani Securities Company Ltd.,Kumari Securities Private Limited,2026-04-17 14:25:10.951188
2026041704017951,MEN,58,8,100,599.0,59900.0,Naasa Securities Co. Ltd.,Brilliant Securities Pvt. Ltd.,2026-04-17 14:30:37.775582
2026041704017952,MEN,49,8,12,599.0,7188.0,Online Securities Pvt. Ltd.,Brilliant Securities Pvt. Ltd.,2026-04-17 14:30:37.775955
2026041704017953,MEN,29,8,50,599.0,29950.0,Trisul Securities & Invt. Ltd.,Brilliant Securities Pvt. Ltd.,2026-04-17 14:30:37.776223
2026041704017954,MEN,35,8,50,598.8,29940.0,Kohinoor Investment & Securities Pvt. Ltd.,Brilliant Securities Pvt. Ltd.,2026-04-17 14:30:37.776529
2026041704017955,MEN,32,8,100,598.4,59840.0,Premier Securities Company Ltd.,Brilliant Securities Pvt. Ltd.,2026-04-17 14:30:37.776859
2026041704017956,MEN,58,8,188,598.3,112480.4,Naasa Securities Co. Ltd.,Brilliant Securities Pvt. Ltd.,2026-04-17 14:30:37.777110
2026041704017963,MEN,58,8,500,598.3,299150.0,Naasa Securities Co. Ltd.,Brilliant Securities Pvt. Ltd.,2026-04-17 14:30:44.492211
2026041704017979,MEN,58,8,302,598.3,180686.6,Naasa Securities Co. Ltd.,Brilliant Securities Pvt. Ltd.,2026-04-17 14:30:56.473538
2026041704017980,MEN,41,8,78,598.2,46659.6,Linch Stock Market Ltd.,Brilliant Securities Pvt. Ltd.,2026-04-17 14:30:56.473909
2026041704018076,MEN,41,76,50,598.2,29910.0,Linch Stock Market Ltd.,Machhapuchchhre Securities Limited,2026-04-17 14:31:59.040443
2026041704018211,MEN,41,42,72,598.2,43070.4,Linch Stock Market Ltd.,Sani Securities Company Ltd.,2026-04-17 14:33:03.854282
2026041704018212,MEN,83,42,28,598.2,16749.6,Sanima Securities Limited,Sani Securities Company Ltd.,2026-04-17 14:33:03.854490
2026041704018266,MEN,74,49,6,599.0,3594.0,KALASH STOCK MARKET PVT. LTD.,Online Securities Pvt. Ltd.,2026-04-17 14:33:43.275451
2026041704018348,MEN,66,6,1000,600.0,600000.0,Miyo Securities Pvt Ltd,Agrawal Securities (PVT) Ltd.,2026-04-17 14:34:49.825689
2026041704018349,MEN,66,45,400,600.8,240320.0,Miyo Securities Pvt Ltd,Imperial Securities Company Pvt. Ltd.,2026-04-17 14:34:49.825758
2026041704018350,MEN,66,7,250,600.9,150225.0,Miyo Securities Pvt Ltd,J.F. Securites (PVT) Ltd.,2026-04-17 14:34:49.825789
2026041704018351,MEN,66,50,350,601.0,210350.0,Miyo Securities Pvt Ltd,Cristal Kanchanjanga Securites Pvt. Ltd.,2026-04-17 14:34:49.825818
2026041704018394,MEN,83,42,22,598.2,13160.4,Sanima Securities Limited,Sani Securities Company Ltd.,2026-04-17 14:35:05.104413
2026041704018395,MEN,83,42,50,598.2,29910.0,Sanima Securities Limited,Sani Securities Company Ltd.,2026-04-17 14:35:05.104501
2026041704018650,MEN,21,1,60,599.0,35940.0,Midas Stock Broking Company Private Limited,Kumari Securities Private Limited,2026-04-17 14:37:50.634904
2026041704018871,MEN,25,1,40,599.0,23960.0,Sweta Securities Private Limited,Kumari Securities Private Limited,2026-04-17 14:41:00.628647
2026041704018952,MEN,25,18,460,599.0,275540.0,Sweta Securities Private Limited,Sagarmatha Securities Private Limited,2026-04-17 14:41:46.387955
2026041704018953,MEN,25,18,40,599.0,23960.0,Sweta Securities Private Limited,Sagarmatha Securities Private Limited,2026-04-17 14:41:46.388363
2026041704019178,MEN,57,49,200,599.9,119980.0,Aryatara Investment & Securities,Online Securities Pvt. Ltd.,2026-04-17 14:43:43.364994
2026041704019317,MEN,47,59,200,600.0,120000.0,Neev Securities Pvt. Ltd.,Deevyaa Securities & Stock House Pvt. Ltd,2026-04-17 14:45:20.717998
2026041704019434,MEN,49,74,13,600.0,7800.0,Online Securities Pvt. Ltd.,KALASH STOCK MARKET PVT. LTD.,2026-04-17 14:46:24.398864
2026041704019551,MEN,47,74,200,600.0,120000.0,Neev Securities Pvt. Ltd.,KALASH STOCK MARKET PVT. LTD.,2026-04-17 14:47:31.471801
2026041704019574,MEN,52,1,6,600.0,3600.0,Sundhara Securities Limited,Kumari Securities Private Limited,2026-04-17 14:47:43.909616
2026041704019589,MEN,10,74,10,600.0,6000.0,Pragyan Securities (PVT) Ltd.,KALASH STOCK MARKET PVT. LTD.,2026-04-17 14:47:57.191798
2026041704019600,MEN,36,74,200,600.0,120000.0,Secured Securities Ltd.,KALASH STOCK MARKET PVT. LTD.,2026-04-17 14:48:04.518244
2026041704019669,MEN,25,41,160,599.0,95840.0,Sweta Securities Private Limited,Linch Stock Market Ltd.,2026-04-17 14:48:51.760797
2026041704019670,MEN,44,41,11,599.0,6589.0,Dynamic Money Managers Securities Pvt. Ltd.,Linch Stock Market Ltd.,2026-04-17 14:48:51.760994
2026041704019671,MEN,14,41,40,599.0,23960.0,Nepal Stock House (PVT) Ltd.,Linch Stock Market Ltd.,2026-04-17 14:48:51.761069
2026041704019672,MEN,43,41,89,599.0,53311.0,South Asian Bulls Pvt. Ltd.,Linch Stock Market Ltd.,2026-04-17 14:48:51.761143
2026041704019783,MEN,66,74,77,600.0,46200.0,Miyo Securities Pvt Ltd,KALASH STOCK MARKET PVT. LTD.,2026-04-17 14:49:28.508888
2026041704019784,MEN,66,38,800,600.0,480000.0,Miyo Securities Pvt Ltd,Dipshikha Dhitopatra Karobar Co. Pvt Ltd.,2026-04-17 14:49:28.509119
2026041704019785,MEN,66,38,678,600.0,406800.0,Miyo Securities Pvt Ltd,Dipshikha Dhitopatra Karobar Co. Pvt Ltd.,2026-04-17 14:49:28.509202
2026041704019882,MEN,57,14,500,600.0,300000.0,Aryatara Investment & Securities,Nepal Stock House (PVT) Ltd.,2026-04-17 14:50:11.457599
2026041704020156,MEN,43,45,10,599.0,5990.0,South Asian Bulls Pvt. Ltd.,Imperial Securities Company Pvt. Ltd.,2026-04-17 14:51:51.874689
2026041704020165,MEN,43,35,200,599.0,119800.0,South Asian Bulls Pvt. Ltd.,Kohinoor Investment & Securities Pvt. Ltd.,2026-04-17 14:51:58.143785
2026041704020191,MEN,17,45,10,599.0,5990.0,ABC Securities Private Limited,Imperial Securities Company Pvt. Ltd.,2026-04-17 14:52:08.618575
2026041704020452,MEN,17,58,15,599.0,8985.0,ABC Securities Private Limited,Naasa Securities Co. Ltd.,2026-04-17 14:53:52.415073
2026041704020668,MEN,45,14,10,600.0,6000.0,Imperial Securities Company Pvt. Ltd.,Nepal Stock House (PVT) Ltd.,2026-04-17 14:55:15.570667
2026041704020718,MEN,83,14,40,600.0,24000.0,Sanima Securities Limited,Nepal Stock House (PVT) Ltd.,2026-04-17 14:55:33.510705
2026041704020719,MEN,83,38,170,600.0,102000.0,Sanima Securities Limited,Dipshikha Dhitopatra Karobar Co. Pvt Ltd.,2026-04-17 14:55:33.511064
2026041704021168,MEN,83,38,130,600.0,78000.0,Sanima Securities Limited,Dipshikha Dhitopatra Karobar Co. Pvt Ltd.,2026-04-17 14:57:06.938077
2026041704021169,MEN,83,45,15,600.0,9000.0,Sanima Securities Limited,Imperial Securities Company Pvt. Ltd.,2026-04-17 14:57:06.938428
2026041704021170,MEN,83,17,50,600.0,30000.0,Sanima Securities Limited,ABC Securities Private Limited,2026-04-17 14:57:06.938647
2026041704021171,MEN,83,57,26,600.0,15600.0,Sanima Securities Limited,Aryatara Investment & Securities,2026-04-17 14:57:06.938859
2026041704021222,MEN,66,49,1000,600.9,600900.0,Miyo Securities Pvt Ltd,Online Securities Pvt. Ltd.,2026-04-17 14:57:16.347533
2026041704021223,MEN,66,50,1000,601.0,601000.0,Miyo Securities Pvt Ltd,Cristal Kanchanjanga Securites Pvt. Ltd.,2026-04-17 14:57:16.347897
2026041704021412,MEN,74,49,2,598.3,1196.6,KALASH STOCK MARKET PVT. LTD.,Online Securities Pvt. Ltd.,2026-04-17 14:57:56.737107
2026041704021433,MEN,83,56,15,601.0,9015.0,Sanima Securities Limited,Sri Hari Securities Pvt. Ltd.,2026-04-17 14:58:00.062640
2026041704021434,MEN,83,41,15,601.0,9015.0,Sanima Securities Limited,Linch Stock Market Ltd.,2026-04-17 14:58:00.062890
2026041704021518,MEN,83,98,15,601.0,9015.0,Sanima Securities Limited,Trademow Securities Private Limited,2026-04-17 14:58:06.977910
2026041704021700,MEN,83,35,34,601.0,20434.0,Sanima Securities Limited,Kohinoor Investment & Securities Pvt. Ltd.,2026-04-17 14:58:38.870926
