contractId,stockSymbol,buyerMemberId,sellerMemberId,quantity,rate,amount,businessDate,tradeBookId,stockId,buyerBrokerName,sellerBrokerName,transaction_time,securityName
2026041705000017,MKJC,74,48,10,508.6,5086.0,2026-04-17,186754801,8005,KALASH STOCK MARKET PVT. LTD.,Trishakti Securities Public Limited,2026-04-17 10:46:00.036117,Mailung Khola Jal Vidhyut Company Limited
2026041705000082,MKJC,48,48,10,518.7,5187.0,2026-04-17,186755458,8005,Trishakti Securities Public Limited,Trishakti Securities Public Limited,2026-04-17 11:01:03.649085,Mailung Khola Jal Vidhyut Company Limited
2026041705000095,MKJC,48,48,10,529.0,5290.0,2026-04-17,186755584,8005,Trishakti Securities Public Limited,Trishakti Securities Public Limited,2026-04-17 11:01:17.729109,Mailung Khola Jal Vidhyut Company Limited
2026041705000108,MKJC,74,48,10,512.1,5121.0,2026-04-17,186755711,8005,KALASH STOCK MARKET PVT. LTD.,Trishakti Securities Public Limited,2026-04-17 11:01:29.412468,Mailung Khola Jal Vidhyut Company Limited
2026041705000135,MKJC,48,34,100,529.0,52900.0,2026-04-17,186756190,8005,Trishakti Securities Public Limited,Vision Securities Pvt. Ltd,2026-04-17 11:02:05.872289,Mailung Khola Jal Vidhyut Company Limited
2026041705000169,MKJC,48,65,10,528.9,5289.0,2026-04-17,186756632,8005,Trishakti Securities Public Limited,Sharepro Securities Private Limited,2026-04-17 11:02:35.762031,Mailung Khola Jal Vidhyut Company Limited
2026041705000186,MKJC,48,65,90,528.9,47601.0,2026-04-17,186756837,8005,Trishakti Securities Public Limited,Sharepro Securities Private Limited,2026-04-17 11:02:47.916485,Mailung Khola Jal Vidhyut Company Limited
2026041705000187,MKJC,48,53,10,538.0,5380.0,2026-04-17,186756840,8005,Trishakti Securities Public Limited,Investment Management Nepal Pvt. Ltd.,2026-04-17 11:02:47.916524,Mailung Khola Jal Vidhyut Company Limited
2026041705000202,MKJC,57,48,10,512.5,5125.0,2026-04-17,186757067,8005,Aryatara Investment & Securities,Trishakti Securities Public Limited,2026-04-17 11:03:02.116913,Mailung Khola Jal Vidhyut Company Limited
2026041705000240,MKJC,21,58,10,512.6,5126.0,2026-04-17,186757491,8005,Midas Stock Broking Company Private Limited,Naasa Securities Co. Ltd.,2026-04-17 11:03:37.243089,Mailung Khola Jal Vidhyut Company Limited
2026041705000421,MKJC,48,57,10,522.8,5228.0,2026-04-17,186759866,8005,Trishakti Securities Public Limited,Aryatara Investment & Securities,2026-04-17 11:07:06.668432,Mailung Khola Jal Vidhyut Company Limited
2026041705000675,MKJC,42,57,30,522.8,15684.0,2026-04-17,186763172,8005,Sani Securities Company Ltd.,Aryatara Investment & Securities,2026-04-17 11:11:25.769408,Mailung Khola Jal Vidhyut Company Limited
2026041705000922,MKJC,74,72,17,518.0,8806.0,2026-04-17,186765879,8005,KALASH STOCK MARKET PVT. LTD.,Hatemalo Financial Services Private Limited,2026-04-17 11:15:17.177090,Mailung Khola Jal Vidhyut Company Limited
2026041705001007,MKJC,48,49,10,520.0,5200.0,2026-04-17,186766847,8005,Trishakti Securities Public Limited,Online Securities Pvt. Ltd.,2026-04-17 11:16:22.108518,Mailung Khola Jal Vidhyut Company Limited
2026041705001008,MKJC,48,58,10,520.0,5200.0,2026-04-17,186766849,8005,Trishakti Securities Public Limited,Naasa Securities Co. Ltd.,2026-04-17 11:16:22.108610,Mailung Khola Jal Vidhyut Company Limited
2026041705001009,MKJC,48,8,30,528.0,15840.0,2026-04-17,186766851,8005,Trishakti Securities Public Limited,Brilliant Securities Pvt. Ltd.,2026-04-17 11:16:22.108667,Mailung Khola Jal Vidhyut Company Limited
2026041705001010,MKJC,48,48,100,528.0,52800.0,2026-04-17,186766853,8005,Trishakti Securities Public Limited,Trishakti Securities Public Limited,2026-04-17 11:16:22.108689,Mailung Khola Jal Vidhyut Company Limited
2026041705001011,MKJC,48,57,10,529.0,5290.0,2026-04-17,186766856,8005,Trishakti Securities Public Limited,Aryatara Investment & Securities,2026-04-17 11:16:22.108711,Mailung Khola Jal Vidhyut Company Limited
2026041705001592,MKJC,44,58,15,520.0,7800.0,2026-04-17,186771899,8005,Dynamic Money Managers Securities Pvt. Ltd.,Naasa Securities Co. Ltd.,2026-04-17 11:21:10.785418,Mailung Khola Jal Vidhyut Company Limited
2026041705001620,MKJC,44,41,10,520.0,5200.0,2026-04-17,186772163,8005,Dynamic Money Managers Securities Pvt. Ltd.,Linch Stock Market Ltd.,2026-04-17 11:21:36.244567,Mailung Khola Jal Vidhyut Company Limited
2026041705001625,MKJC,48,10,10,526.8,5268.0,2026-04-17,186772198,8005,Trishakti Securities Public Limited,Pragyan Securities (PVT) Ltd.,2026-04-17 11:21:39.111940,Mailung Khola Jal Vidhyut Company Limited
2026041705001631,MKJC,74,14,463,518.0,239834.0,2026-04-17,186772248,8005,KALASH STOCK MARKET PVT. LTD.,Nepal Stock House (PVT) Ltd.,2026-04-17 11:21:42.724909,Mailung Khola Jal Vidhyut Company Limited
2026041705001632,MKJC,33,14,500,516.1,258050.0,2026-04-17,186772250,8005,Dakshinkali Investment & Securities Pvt. Ltd.,Nepal Stock House (PVT) Ltd.,2026-04-17 11:21:42.724993,Mailung Khola Jal Vidhyut Company Limited
2026041705001633,MKJC,95,14,100,516.0,51600.0,2026-04-17,186772252,8005,Magnet Securities and Investment Company Private Limited,Nepal Stock House (PVT) Ltd.,2026-04-17 11:21:42.725041,Mailung Khola Jal Vidhyut Company Limited
2026041705001634,MKJC,33,14,437,515.1,225098.7,2026-04-17,186772253,8005,Dakshinkali Investment & Securities Pvt. Ltd.,Nepal Stock House (PVT) Ltd.,2026-04-17 11:21:42.725068,Mailung Khola Jal Vidhyut Company Limited
2026041705001747,MKJC,48,16,10,525.4,5254.0,2026-04-17,186773560,8005,Trishakti Securities Public Limited,Primo Securities (PVT) Ltd.,2026-04-17 11:23:01.405221,Mailung Khola Jal Vidhyut Company Limited
2026041705003823,MKJC,44,42,15,522.0,7830.0,2026-04-17,186794074,8005,Dynamic Money Managers Securities Pvt. Ltd.,Sani Securities Company Ltd.,2026-04-17 11:46:40.031223,Mailung Khola Jal Vidhyut Company Limited
2026041705004518,MKJC,62,58,100,516.5,51650.0,2026-04-17,186800775,8005,Capital Max Securities Ltd,Naasa Securities Co. Ltd.,2026-04-17 11:55:54.813174,Mailung Khola Jal Vidhyut Company Limited
2026041705004617,MKJC,62,49,10,516.5,5165.0,2026-04-17,186801703,8005,Capital Max Securities Ltd,Online Securities Pvt. Ltd.,2026-04-17 11:57:04.447757,Mailung Khola Jal Vidhyut Company Limited
2026041705004733,MKJC,48,42,10,522.0,5220.0,2026-04-17,186802970,8005,Trishakti Securities Public Limited,Sani Securities Company Ltd.,2026-04-17 11:58:28.248037,Mailung Khola Jal Vidhyut Company Limited
2026041705005601,MKJC,62,57,690,516.5,356385.0,2026-04-17,186810646,8005,Capital Max Securities Ltd,Aryatara Investment & Securities,2026-04-17 12:07:25.286339,Mailung Khola Jal Vidhyut Company Limited
2026041705005602,MKJC,39,57,200,516.1,103220.0,2026-04-17,186810648,8005,Sumeru Securities Pvt. Ltd.,Aryatara Investment & Securities,2026-04-17 12:07:25.286417,Mailung Khola Jal Vidhyut Company Limited
2026041705005603,MKJC,63,57,500,516.0,258000.0,2026-04-17,186810649,8005,Himalayan Brokerage Company Limited,Aryatara Investment & Securities,2026-04-17 12:07:25.286452,Mailung Khola Jal Vidhyut Company Limited
2026041705005670,MKJC,4,57,100,515.6,51560.0,2026-04-17,186811098,8005,Opal Securities Investment (PVT) Ltd.,Aryatara Investment & Securities,2026-04-17 12:07:56.557422,Mailung Khola Jal Vidhyut Company Limited
2026041705005671,MKJC,32,57,10,515.5,5155.0,2026-04-17,186811100,8005,Premier Securities Company Ltd.,Aryatara Investment & Securities,2026-04-17 12:07:56.557507,Mailung Khola Jal Vidhyut Company Limited
2026041705005672,MKJC,58,57,200,515.5,103100.0,2026-04-17,186811102,8005,Naasa Securities Co. Ltd.,Aryatara Investment & Securities,2026-04-17 12:07:56.557569,Mailung Khola Jal Vidhyut Company Limited
2026041705005673,MKJC,8,57,50,515.4,25770.0,2026-04-17,186811104,8005,Brilliant Securities Pvt. Ltd.,Aryatara Investment & Securities,2026-04-17 12:07:56.557630,Mailung Khola Jal Vidhyut Company Limited
2026041705005674,MKJC,5,57,10,515.0,5150.0,2026-04-17,186811106,8005,Market Securities & Exchange (PVT) Ltd.,Aryatara Investment & Securities,2026-04-17 12:07:56.557692,Mailung Khola Jal Vidhyut Company Limited
2026041705005675,MKJC,42,57,100,515.0,51500.0,2026-04-17,186811108,8005,Sani Securities Company Ltd.,Aryatara Investment & Securities,2026-04-17 12:07:56.557755,Mailung Khola Jal Vidhyut Company Limited
2026041705005676,MKJC,33,57,530,514.9,272897.0,2026-04-17,186811109,8005,Dakshinkali Investment & Securities Pvt. Ltd.,Aryatara Investment & Securities,2026-04-17 12:07:56.557819,Mailung Khola Jal Vidhyut Company Limited
2026041705006176,MKJC,83,57,50,515.0,25750.0,2026-04-17,186815541,8005,Sanima Securities Limited,Aryatara Investment & Securities,2026-04-17 12:12:41.591283,Mailung Khola Jal Vidhyut Company Limited
2026041705006309,MKJC,83,57,450,515.0,231750.0,2026-04-17,186816795,8005,Sanima Securities Limited,Aryatara Investment & Securities,2026-04-17 12:14:03.595972,Mailung Khola Jal Vidhyut Company Limited
2026041705006410,MKJC,44,42,20,517.0,10340.0,2026-04-17,186817604,8005,Dynamic Money Managers Securities Pvt. Ltd.,Sani Securities Company Ltd.,2026-04-17 12:15:15.619755,Mailung Khola Jal Vidhyut Company Limited
2026041705006920,MKJC,83,14,70,515.0,36050.0,2026-04-17,186823127,8005,Sanima Securities Limited,Nepal Stock House (PVT) Ltd.,2026-04-17 12:21:51.048584,Mailung Khola Jal Vidhyut Company Limited
2026041705007062,MKJC,83,14,300,515.0,154500.0,2026-04-17,186824767,8005,Sanima Securities Limited,Nepal Stock House (PVT) Ltd.,2026-04-17 12:23:54.572140,Mailung Khola Jal Vidhyut Company Limited
2026041705007074,MKJC,44,35,10,515.5,5155.0,2026-04-17,186824840,8005,Dynamic Money Managers Securities Pvt. Ltd.,Kohinoor Investment & Securities Pvt. Ltd.,2026-04-17 12:24:01.719906,Mailung Khola Jal Vidhyut Company Limited
2026041705007163,MKJC,58,58,100,515.1,51510.0,2026-04-17,186825820,8005,Naasa Securities Co. Ltd.,Naasa Securities Co. Ltd.,2026-04-17 12:25:29.637468,Mailung Khola Jal Vidhyut Company Limited
2026041705007164,MKJC,83,58,130,515.0,66950.0,2026-04-17,186825822,8005,Sanima Securities Limited,Naasa Securities Co. Ltd.,2026-04-17 12:25:29.637731,Mailung Khola Jal Vidhyut Company Limited
2026041705007165,MKJC,33,58,770,514.9,396473.0,2026-04-17,186825823,8005,Dakshinkali Investment & Securities Pvt. Ltd.,Naasa Securities Co. Ltd.,2026-04-17 12:25:29.637890,Mailung Khola Jal Vidhyut Company Limited
2026041705007232,MKJC,33,34,400,514.9,205960.0,2026-04-17,186826349,8005,Dakshinkali Investment & Securities Pvt. Ltd.,Vision Securities Pvt. Ltd,2026-04-17 12:26:17.276980,Mailung Khola Jal Vidhyut Company Limited
2026041705007356,MKJC,58,14,10,515.0,5150.0,2026-04-17,186827631,8005,Naasa Securities Co. Ltd.,Nepal Stock House (PVT) Ltd.,2026-04-17 12:28:04.441005,Mailung Khola Jal Vidhyut Company Limited
2026041705007436,MKJC,58,57,40,515.0,20600.0,2026-04-17,186828437,8005,Naasa Securities Co. Ltd.,Aryatara Investment & Securities,2026-04-17 12:29:13.128585,Mailung Khola Jal Vidhyut Company Limited
2026041705007474,MKJC,33,57,19,514.9,9783.1,2026-04-17,186828785,8005,Dakshinkali Investment & Securities Pvt. Ltd.,Aryatara Investment & Securities,2026-04-17 12:29:42.237003,Mailung Khola Jal Vidhyut Company Limited
2026041705009239,MKJC,48,19,10,519.0,5190.0,2026-04-17,186845000,8005,Trishakti Securities Public Limited,Nepal Investment And Securities Trading Private Limited,2026-04-17 12:52:31.972645,Mailung Khola Jal Vidhyut Company Limited
2026041705009293,MKJC,62,35,10,515.1,5151.0,2026-04-17,186845279,8005,Capital Max Securities Ltd,Kohinoor Investment & Securities Pvt. Ltd.,2026-04-17 12:52:46.095193,Mailung Khola Jal Vidhyut Company Limited
2026041705009381,MKJC,62,34,10,515.1,5151.0,2026-04-17,186845807,8005,Capital Max Securities Ltd,Vision Securities Pvt. Ltd,2026-04-17 12:53:19.836140,Mailung Khola Jal Vidhyut Company Limited
2026041705009573,MKJC,62,58,230,515.1,118473.0,2026-04-17,186847168,8005,Capital Max Securities Ltd,Naasa Securities Co. Ltd.,2026-04-17 12:54:50.118948,Mailung Khola Jal Vidhyut Company Limited
2026041705009574,MKJC,65,58,100,515.1,51510.0,2026-04-17,186847170,8005,Sharepro Securities Private Limited,Naasa Securities Co. Ltd.,2026-04-17 12:54:50.119189,Mailung Khola Jal Vidhyut Company Limited
2026041705009575,MKJC,44,58,20,515.0,10300.0,2026-04-17,186847172,8005,Dynamic Money Managers Securities Pvt. Ltd.,Naasa Securities Co. Ltd.,2026-04-17 12:54:50.119375,Mailung Khola Jal Vidhyut Company Limited
2026041705009576,MKJC,74,58,400,515.0,206000.0,2026-04-17,186847174,8005,KALASH STOCK MARKET PVT. LTD.,Naasa Securities Co. Ltd.,2026-04-17 12:54:50.119542,Mailung Khola Jal Vidhyut Company Limited
2026041705009656,MKJC,49,58,75,515.0,38625.0,2026-04-17,186847936,8005,Online Securities Pvt. Ltd.,Naasa Securities Co. Ltd.,2026-04-17 12:55:46.083137,Mailung Khola Jal Vidhyut Company Limited
2026041705010034,MKJC,1,58,100,515.0,51500.0,2026-04-17,186850518,8005,Kumari Securities Private Limited,Naasa Securities Co. Ltd.,2026-04-17 12:59:18.417141,Mailung Khola Jal Vidhyut Company Limited
2026041705010060,MKJC,21,58,74,515.0,38110.0,2026-04-17,186850815,8005,Midas Stock Broking Company Private Limited,Naasa Securities Co. Ltd.,2026-04-17 13:00:03.000519,Mailung Khola Jal Vidhyut Company Limited
2026041705010061,MKJC,21,19,16,515.0,8240.0,2026-04-17,186850818,8005,Midas Stock Broking Company Private Limited,Nepal Investment And Securities Trading Private Limited,2026-04-17 13:00:03.000788,Mailung Khola Jal Vidhyut Company Limited
2026041705010068,MKJC,33,34,30,514.9,15447.0,2026-04-17,186850897,8005,Dakshinkali Investment & Securities Pvt. Ltd.,Vision Securities Pvt. Ltd,2026-04-17 13:00:11.613356,Mailung Khola Jal Vidhyut Company Limited
2026041705010110,MKJC,33,34,10,514.9,5149.0,2026-04-17,186851323,8005,Dakshinkali Investment & Securities Pvt. Ltd.,Vision Securities Pvt. Ltd,2026-04-17 13:01:15.317576,Mailung Khola Jal Vidhyut Company Limited
2026041705010202,MKJC,44,19,10,515.0,5150.0,2026-04-17,186852114,8005,Dynamic Money Managers Securities Pvt. Ltd.,Nepal Investment And Securities Trading Private Limited,2026-04-17 13:03:00.032602,Mailung Khola Jal Vidhyut Company Limited
2026041705010511,MKJC,58,19,64,515.0,32960.0,2026-04-17,186854919,8005,Naasa Securities Co. Ltd.,Nepal Investment And Securities Trading Private Limited,2026-04-17 13:09:34.315939,Mailung Khola Jal Vidhyut Company Limited
2026041705010512,MKJC,58,35,10,515.0,5150.0,2026-04-17,186854922,8005,Naasa Securities Co. Ltd.,Kohinoor Investment & Securities Pvt. Ltd.,2026-04-17 13:09:34.316234,Mailung Khola Jal Vidhyut Company Limited
2026041705010972,MKJC,63,58,10,515.1,5151.0,2026-04-17,186859341,8005,Himalayan Brokerage Company Limited,Naasa Securities Co. Ltd.,2026-04-17 13:19:13.114478,Mailung Khola Jal Vidhyut Company Limited
2026041705012108,MKJC,57,58,23,515.3,11851.9,2026-04-17,186871116,8005,Aryatara Investment & Securities,Naasa Securities Co. Ltd.,2026-04-17 13:36:20.422429,Mailung Khola Jal Vidhyut Company Limited
2026041705012109,MKJC,62,58,77,515.2,39670.4,2026-04-17,186871117,8005,Capital Max Securities Ltd,Naasa Securities Co. Ltd.,2026-04-17 13:36:20.422505,Mailung Khola Jal Vidhyut Company Limited
2026041705012128,MKJC,48,50,10,518.0,5180.0,2026-04-17,186871333,8005,Trishakti Securities Public Limited,Cristal Kanchanjanga Securites Pvt. Ltd.,2026-04-17 13:36:45.472038,Mailung Khola Jal Vidhyut Company Limited
2026041705012129,MKJC,48,17,10,518.0,5180.0,2026-04-17,186871335,8005,Trishakti Securities Public Limited,ABC Securities Private Limited,2026-04-17 13:36:45.472121,Mailung Khola Jal Vidhyut Company Limited
2026041705012130,MKJC,48,34,10,519.0,5190.0,2026-04-17,186871338,8005,Trishakti Securities Public Limited,Vision Securities Pvt. Ltd,2026-04-17 13:36:45.472228,Mailung Khola Jal Vidhyut Company Limited
2026041705012520,MKJC,35,34,390,519.0,202410.0,2026-04-17,186874519,8005,Kohinoor Investment & Securities Pvt. Ltd.,Vision Securities Pvt. Ltd,2026-04-17 13:41:16.159643,Mailung Khola Jal Vidhyut Company Limited
2026041705012521,MKJC,35,36,10,519.0,5190.0,2026-04-17,186874522,8005,Kohinoor Investment & Securities Pvt. Ltd.,Secured Securities Ltd.,2026-04-17 13:41:16.159885,Mailung Khola Jal Vidhyut Company Limited
2026041705013117,MKJC,62,41,80,515.2,41216.0,2026-04-17,186879809,8005,Capital Max Securities Ltd,Linch Stock Market Ltd.,2026-04-17 13:49:35.213996,Mailung Khola Jal Vidhyut Company Limited
2026041705013209,MKJC,62,34,20,515.2,10304.0,2026-04-17,186880497,8005,Capital Max Securities Ltd,Vision Securities Pvt. Ltd,2026-04-17 13:51:07.821078,Mailung Khola Jal Vidhyut Company Limited
2026041705013947,MKJC,35,6,200,518.0,103600.0,2026-04-17,186891655,8005,Kohinoor Investment & Securities Pvt. Ltd.,Agrawal Securities (PVT) Ltd.,2026-04-17 14:07:06.929839,Mailung Khola Jal Vidhyut Company Limited
2026041705013948,MKJC,35,53,200,518.7,103740.0,2026-04-17,186891657,8005,Kohinoor Investment & Securities Pvt. Ltd.,Investment Management Nepal Pvt. Ltd.,2026-04-17 14:07:06.930107,Mailung Khola Jal Vidhyut Company Limited
2026041705013949,MKJC,35,36,490,519.0,254310.0,2026-04-17,186891659,8005,Kohinoor Investment & Securities Pvt. Ltd.,Secured Securities Ltd.,2026-04-17 14:07:06.930278,Mailung Khola Jal Vidhyut Company Limited
2026041705013950,MKJC,35,36,410,519.0,212790.0,2026-04-17,186891661,8005,Kohinoor Investment & Securities Pvt. Ltd.,Secured Securities Ltd.,2026-04-17 14:07:06.930478,Mailung Khola Jal Vidhyut Company Limited
2026041705013951,MKJC,35,6,200,519.0,103800.0,2026-04-17,186891663,8005,Kohinoor Investment & Securities Pvt. Ltd.,Agrawal Securities (PVT) Ltd.,2026-04-17 14:07:06.930634,Mailung Khola Jal Vidhyut Company Limited
2026041705013952,MKJC,35,46,790,520.0,410800.0,2026-04-17,186891665,8005,Kohinoor Investment & Securities Pvt. Ltd.,Kalika Securities Pvt. Ltd.,2026-04-17 14:07:06.930820,Mailung Khola Jal Vidhyut Company Limited
2026041705013953,MKJC,35,41,10,520.0,5200.0,2026-04-17,186891667,8005,Kohinoor Investment & Securities Pvt. Ltd.,Linch Stock Market Ltd.,2026-04-17 14:07:06.930982,Mailung Khola Jal Vidhyut Company Limited
2026041705013954,MKJC,35,26,600,520.0,312000.0,2026-04-17,186891669,8005,Kohinoor Investment & Securities Pvt. Ltd.,Asian Securities Private Ltd.,2026-04-17 14:07:06.931132,Mailung Khola Jal Vidhyut Company Limited
2026041705014524,MKJC,35,53,200,520.0,104000.0,2026-04-17,186897541,8005,Kohinoor Investment & Securities Pvt. Ltd.,Investment Management Nepal Pvt. Ltd.,2026-04-17 14:14:34.698270,Mailung Khola Jal Vidhyut Company Limited
2026041705014702,MKJC,33,14,350,522.0,182700.0,2026-04-17,186898801,8005,Dakshinkali Investment & Securities Pvt. Ltd.,Nepal Stock House (PVT) Ltd.,2026-04-17 14:16:20.826180,Mailung Khola Jal Vidhyut Company Limited
2026041705014703,MKJC,33,34,500,522.0,261000.0,2026-04-17,186898803,8005,Dakshinkali Investment & Securities Pvt. Ltd.,Vision Securities Pvt. Ltd,2026-04-17 14:16:20.826353,Mailung Khola Jal Vidhyut Company Limited
2026041705014704,MKJC,33,45,150,522.0,78300.0,2026-04-17,186898806,8005,Dakshinkali Investment & Securities Pvt. Ltd.,Imperial Securities Company Pvt. Ltd.,2026-04-17 14:16:20.826410,Mailung Khola Jal Vidhyut Company Limited
2026041705015402,MKJC,33,17,500,520.1,260050.0,2026-04-17,186904866,8005,Dakshinkali Investment & Securities Pvt. Ltd.,ABC Securities Private Limited,2026-04-17 14:24:14.605832,Mailung Khola Jal Vidhyut Company Limited
2026041705015403,MKJC,35,17,500,520.0,260000.0,2026-04-17,186904867,8005,Kohinoor Investment & Securities Pvt. Ltd.,ABC Securities Private Limited,2026-04-17 14:24:14.606145,Mailung Khola Jal Vidhyut Company Limited
2026041705015977,MKJC,35,22,400,520.0,208000.0,2026-04-17,186910398,8005,Kohinoor Investment & Securities Pvt. Ltd.,Siprabi Securities Pvt. Ltd.,2026-04-17 14:31:32.544767,Mailung Khola Jal Vidhyut Company Limited
2026041705015978,MKJC,35,22,100,520.0,52000.0,2026-04-17,186910399,8005,Kohinoor Investment & Securities Pvt. Ltd.,Siprabi Securities Pvt. Ltd.,2026-04-17 14:31:32.544912,Mailung Khola Jal Vidhyut Company Limited
2026041705016076,MKJC,35,17,50,520.0,26000.0,2026-04-17,186911193,8005,Kohinoor Investment & Securities Pvt. Ltd.,ABC Securities Private Limited,2026-04-17 14:32:40.005655,Mailung Khola Jal Vidhyut Company Limited
2026041705016093,MKJC,35,32,100,520.0,52000.0,2026-04-17,186911291,8005,Kohinoor Investment & Securities Pvt. Ltd.,Premier Securities Company Ltd.,2026-04-17 14:32:48.690708,Mailung Khola Jal Vidhyut Company Limited
2026041705016497,MKJC,35,35,500,520.0,260000.0,2026-04-17,186915205,8005,Kohinoor Investment & Securities Pvt. Ltd.,Kohinoor Investment & Securities Pvt. Ltd.,2026-04-17 14:37:39.811542,Mailung Khola Jal Vidhyut Company Limited
2026041705016574,MKJC,35,57,50,520.0,26000.0,2026-04-17,186915947,8005,Kohinoor Investment & Securities Pvt. Ltd.,Aryatara Investment & Securities,2026-04-17 14:38:47.333362,Mailung Khola Jal Vidhyut Company Limited
2026041705017764,MKJC,38,42,20,521.0,10420.0,2026-04-17,186929331,8005,Dipshikha Dhitopatra Karobar Co. Pvt Ltd.,Sani Securities Company Ltd.,2026-04-17 14:51:34.073184,Mailung Khola Jal Vidhyut Company Limited
2026041705018690,MKJC,38,8,20,521.0,10420.0,2026-04-17,186937909,8005,Dipshikha Dhitopatra Karobar Co. Pvt Ltd.,Brilliant Securities Pvt. Ltd.,2026-04-17 14:57:13.288189,Mailung Khola Jal Vidhyut Company Limited
2026041705018939,MKJC,84,70,250,521.1,130275.0,2026-04-17,186940107,8005,MILKY WAY SHARE BROKER COMPANY LTD ,Infinity Securities Limited,2026-04-17 14:58:09.491368,Mailung Khola Jal Vidhyut Company Limited
2026041705019115,MKJC,38,6,20,521.0,10420.0,2026-04-17,186941595,8005,Dipshikha Dhitopatra Karobar Co. Pvt Ltd.,Agrawal Securities (PVT) Ltd.,2026-04-17 14:58:48.084749,Mailung Khola Jal Vidhyut Company Limited
2026041705019116,MKJC,42,6,137,521.0,71377.0,2026-04-17,186941596,8005,Sani Securities Company Ltd.,Agrawal Securities (PVT) Ltd.,2026-04-17 14:58:48.084998,Mailung Khola Jal Vidhyut Company Limited
2026041705019160,MKJC,42,65,60,521.0,31260.0,2026-04-17,186942523,8005,Sani Securities Company Ltd.,Sharepro Securities Private Limited,2026-04-17 14:59:01.820364,Mailung Khola Jal Vidhyut Company Limited
2026041705019189,MKJC,42,70,50,521.0,26050.0,2026-04-17,186942799,8005,Sani Securities Company Ltd.,Infinity Securities Limited,2026-04-17 14:59:07.672015,Mailung Khola Jal Vidhyut Company Limited
2026041705019405,MKJC,57,70,33,521.1,17196.3,2026-04-17,186944740,8005,Aryatara Investment & Securities,Infinity Securities Limited,2026-04-17 14:59:35.321212,Mailung Khola Jal Vidhyut Company Limited
2026041705019406,MKJC,42,70,17,521.0,8857.0,2026-04-17,186944741,8005,Sani Securities Company Ltd.,Infinity Securities Limited,2026-04-17 14:59:35.321345,Mailung Khola Jal Vidhyut Company Limited
2026041705019631,MKJC,42,1,40,521.0,20840.0,2026-04-17,186946515,8005,Sani Securities Company Ltd.,Kumari Securities Private Limited,2026-04-17 14:59:54.482976,Mailung Khola Jal Vidhyut Company Limited
2026041705019676,MKJC,48,45,50,522.0,26100.0,2026-04-17,186947076,8005,Trishakti Securities Public Limited,Imperial Securities Company Pvt. Ltd.,2026-04-17 14:59:57.907683,Mailung Khola Jal Vidhyut Company Limited
2026041705019677,MKJC,48,32,50,523.8,26190.0,2026-04-17,186947079,8005,Trishakti Securities Public Limited,Premier Securities Company Ltd.,2026-04-17 14:59:57.907744,Mailung Khola Jal Vidhyut Company Limited
2026041705019678,MKJC,48,16,100,523.9,52390.0,2026-04-17,186947084,8005,Trishakti Securities Public Limited,Primo Securities (PVT) Ltd.,2026-04-17 14:59:57.907772,Mailung Khola Jal Vidhyut Company Limited
2026041705019679,MKJC,48,42,60,524.8,31488.0,2026-04-17,186947090,8005,Trishakti Securities Public Limited,Sani Securities Company Ltd.,2026-04-17 14:59:57.907804,Mailung Khola Jal Vidhyut Company Limited
