contract_id,symbol,buyer_member_id,seller_member_id,volume,price,amount,buyer_broker,seller_broker,transaction_time
2026041703000276,NFS,58,32,10,612.2,6122.0,Naasa Securities Co. Ltd.,Premier Securities Company Ltd.,2026-04-17 11:17:05.776503
2026041703000324,NFS,16,28,10,616.0,6160.0,Primo Securities (PVT) Ltd.,Shree Krishna Securities Ltd.,2026-04-17 11:20:05.892259
2026041703000360,NFS,42,32,3,605.6,1816.8,Sani Securities Company Ltd.,Premier Securities Company Ltd.,2026-04-17 11:20:53.348565
2026041703000582,NFS,16,58,40,616.0,24640.0,Primo Securities (PVT) Ltd.,Naasa Securities Co. Ltd.,2026-04-17 11:28:17.649701
2026041703000611,NFS,44,58,10,616.0,6160.0,Dynamic Money Managers Securities Pvt. Ltd.,Naasa Securities Co. Ltd.,2026-04-17 11:29:06.837275
2026041703000612,NFS,21,58,70,613.0,42910.0,Midas Stock Broking Company Private Limited,Naasa Securities Co. Ltd.,2026-04-17 11:29:06.837452
2026041703000676,NFS,83,59,21,616.0,12936.0,Sanima Securities Limited,Deevyaa Securities & Stock House Pvt. Ltd,2026-04-17 11:31:11.284263
2026041703000721,NFS,21,59,16,613.0,9808.0,Midas Stock Broking Company Private Limited,Deevyaa Securities & Stock House Pvt. Ltd,2026-04-17 11:32:40.414327
2026041703000722,NFS,19,59,10,613.0,6130.0,Nepal Investment And Securities Trading Private Limited,Deevyaa Securities & Stock House Pvt. Ltd,2026-04-17 11:32:40.414507
2026041703000736,NFS,50,59,455,612.3,278596.5,Cristal Kanchanjanga Securites Pvt. Ltd.,Deevyaa Securities & Stock House Pvt. Ltd,2026-04-17 11:33:21.828333
2026041703000770,NFS,14,52,20,613.0,12260.0,Nepal Stock House (PVT) Ltd.,Sundhara Securities Limited,2026-04-17 11:34:59.991241
2026041703000771,NFS,50,52,45,612.3,27553.5,Cristal Kanchanjanga Securites Pvt. Ltd.,Sundhara Securities Limited,2026-04-17 11:34:59.991432
2026041703000772,NFS,6,52,101,612.2,61832.2,Agrawal Securities (PVT) Ltd.,Sundhara Securities Limited,2026-04-17 11:34:59.991552
2026041703000773,NFS,45,52,20,612.1,12242.0,Imperial Securities Company Pvt. Ltd.,Sundhara Securities Limited,2026-04-17 11:34:59.991651
2026041703000774,NFS,43,52,30,612.1,18363.0,South Asian Bulls Pvt. Ltd.,Sundhara Securities Limited,2026-04-17 11:34:59.991756
2026041703000775,NFS,14,52,100,612.0,61200.0,Nepal Stock House (PVT) Ltd.,Sundhara Securities Limited,2026-04-17 11:34:59.991874
2026041703000776,NFS,58,52,20,612.0,12240.0,Naasa Securities Co. Ltd.,Sundhara Securities Limited,2026-04-17 11:34:59.992012
2026041703000777,NFS,34,52,100,612.0,61200.0,Vision Securities Pvt. Ltd,Sundhara Securities Limited,2026-04-17 11:34:59.992144
2026041703000785,NFS,41,52,1000,610.1,610100.0,Linch Stock Market Ltd.,Sundhara Securities Limited,2026-04-17 11:35:27.142447
2026041703000786,NFS,41,52,864,610.1,527126.4,Linch Stock Market Ltd.,Sundhara Securities Limited,2026-04-17 11:35:27.142609
2026041703000858,NFS,41,52,136,610.1,82973.6,Linch Stock Market Ltd.,Sundhara Securities Limited,2026-04-17 11:38:38.872003
2026041703000859,NFS,11,52,180,610.1,109818.0,Malla & Malla Stock Broking Company Pvt. Limited,Sundhara Securities Limited,2026-04-17 11:38:38.872121
2026041703000860,NFS,21,52,20,610.1,12202.0,Midas Stock Broking Company Private Limited,Sundhara Securities Limited,2026-04-17 11:38:38.872163
2026041703000861,NFS,16,52,50,610.0,30500.0,Primo Securities (PVT) Ltd.,Sundhara Securities Limited,2026-04-17 11:38:38.872203
2026041703000862,NFS,7,52,50,610.0,30500.0,J.F. Securites (PVT) Ltd.,Sundhara Securities Limited,2026-04-17 11:38:38.872246
2026041703000863,NFS,81,52,250,610.0,152500.0,Aakashbhairab Securities Ltd.,Sundhara Securities Limited,2026-04-17 11:38:38.872304
2026041703000864,NFS,33,52,114,610.0,69540.0,Dakshinkali Investment & Securities Pvt. Ltd.,Sundhara Securities Limited,2026-04-17 11:38:38.872342
2026041703000998,NFS,41,43,20,610.1,12202.0,Linch Stock Market Ltd.,South Asian Bulls Pvt. Ltd.,2026-04-17 11:43:42.832540
2026041703001453,NFS,48,6,44,613.1,26976.4,Trishakti Securities Public Limited,Agrawal Securities (PVT) Ltd.,2026-04-17 11:57:36.124520
2026041703001506,NFS,48,49,16,616.0,9856.0,Trishakti Securities Public Limited,Online Securities Pvt. Ltd.,2026-04-17 11:58:32.176079
2026041703001564,NFS,41,49,16,616.0,9856.0,Linch Stock Market Ltd.,Online Securities Pvt. Ltd.,2026-04-17 11:59:55.028842
2026041703001565,NFS,41,21,50,616.0,30800.0,Linch Stock Market Ltd.,Midas Stock Broking Company Private Limited,2026-04-17 11:59:55.028960
2026041703001566,NFS,41,42,34,616.0,20944.0,Linch Stock Market Ltd.,Sani Securities Company Ltd.,2026-04-17 11:59:55.029013
2026041703001814,NFS,58,52,40,612.3,24492.0,Naasa Securities Co. Ltd.,Sundhara Securities Limited,2026-04-17 12:06:21.981972
2026041703001815,NFS,49,52,500,612.2,306100.0,Online Securities Pvt. Ltd.,Sundhara Securities Limited,2026-04-17 12:06:21.982223
2026041703001816,NFS,34,52,760,612.1,465196.0,Vision Securities Pvt. Ltd,Sundhara Securities Limited,2026-04-17 12:06:21.982366
2026041703002043,NFS,49,38,13,615.0,7995.0,Online Securities Pvt. Ltd.,Dipshikha Dhitopatra Karobar Co. Pvt Ltd.,2026-04-17 12:11:41.572184
2026041703002204,NFS,34,38,40,612.1,24484.0,Vision Securities Pvt. Ltd,Dipshikha Dhitopatra Karobar Co. Pvt Ltd.,2026-04-17 12:17:02.265526
2026041703002213,NFS,21,58,50,612.0,30600.0,Midas Stock Broking Company Private Limited,Naasa Securities Co. Ltd.,2026-04-17 12:17:17.051002
2026041703002214,NFS,11,58,35,611.1,21388.5,Malla & Malla Stock Broking Company Pvt. Limited,Naasa Securities Co. Ltd.,2026-04-17 12:17:17.051251
2026041703002215,NFS,28,58,440,611.0,268840.0,Shree Krishna Securities Ltd.,Naasa Securities Co. Ltd.,2026-04-17 12:17:17.051403
2026041703002521,NFS,42,22,10,612.5,6125.0,Sani Securities Company Ltd.,Siprabi Securities Pvt. Ltd.,2026-04-17 12:24:04.108546
2026041703002522,NFS,6,22,190,612.0,116280.0,Agrawal Securities (PVT) Ltd.,Siprabi Securities Pvt. Ltd.,2026-04-17 12:24:04.108686
2026041703003033,NFS,6,38,1,612.0,612.0,Agrawal Securities (PVT) Ltd.,Dipshikha Dhitopatra Karobar Co. Pvt Ltd.,2026-04-17 12:40:34.046953
2026041703003129,NFS,58,32,20,613.0,12260.0,Naasa Securities Co. Ltd.,Premier Securities Company Ltd.,2026-04-17 12:44:11.006106
2026041703003337,NFS,29,22,100,614.9,61490.0,Trisul Securities & Invt. Ltd.,Siprabi Securities Pvt. Ltd.,2026-04-17 12:49:57.000305
2026041703003338,NFS,29,38,87,615.0,53505.0,Trisul Securities & Invt. Ltd.,Dipshikha Dhitopatra Karobar Co. Pvt Ltd.,2026-04-17 12:49:57.000525
2026041703003339,NFS,29,17,130,615.0,79950.0,Trisul Securities & Invt. Ltd.,ABC Securities Private Limited,2026-04-17 12:49:57.000684
2026041703003340,NFS,29,34,183,615.0,112545.0,Trisul Securities & Invt. Ltd.,Vision Securities Pvt. Ltd,2026-04-17 12:49:57.000836
2026041703003403,NFS,88,34,1817,615.0,1117455.0,Blue Chip Securities Ltd,Vision Securities Pvt. Ltd,2026-04-17 12:51:26.414897
2026041703003445,NFS,38,42,100,614.0,61400.0,Dipshikha Dhitopatra Karobar Co. Pvt Ltd.,Sani Securities Company Ltd.,2026-04-17 12:52:55.991877
2026041703003446,NFS,58,42,10,613.0,6130.0,Naasa Securities Co. Ltd.,Sani Securities Company Ltd.,2026-04-17 12:52:55.992002
2026041703003447,NFS,57,42,56,613.0,34328.0,Aryatara Investment & Securities,Sani Securities Company Ltd.,2026-04-17 12:52:55.992067
2026041703003607,NFS,41,21,10,616.0,6160.0,Linch Stock Market Ltd.,Midas Stock Broking Company Private Limited,2026-04-17 12:57:57.567270
2026041703003675,NFS,57,6,10,613.0,6130.0,Aryatara Investment & Securities,Agrawal Securities (PVT) Ltd.,2026-04-17 13:01:14.387752
2026041703003842,NFS,29,21,70,616.0,43120.0,Trisul Securities & Invt. Ltd.,Midas Stock Broking Company Private Limited,2026-04-17 13:09:44.547600
2026041703003843,NFS,29,34,300,616.0,184800.0,Trisul Securities & Invt. Ltd.,Vision Securities Pvt. Ltd,2026-04-17 13:09:44.547874
2026041703003844,NFS,29,39,130,616.0,80080.0,Trisul Securities & Invt. Ltd.,Sumeru Securities Pvt. Ltd.,2026-04-17 13:09:44.548100
2026041703004266,NFS,26,39,15,616.0,9240.0,Asian Securities Private Ltd.,Sumeru Securities Pvt. Ltd.,2026-04-17 13:31:02.656998
2026041703004378,NFS,45,39,10,616.0,6160.0,Imperial Securities Company Pvt. Ltd.,Sumeru Securities Pvt. Ltd.,2026-04-17 13:35:44.443376
2026041703004388,NFS,14,39,50,616.0,30800.0,Nepal Stock House (PVT) Ltd.,Sumeru Securities Pvt. Ltd.,2026-04-17 13:36:16.850551
2026041703004558,NFS,58,33,10,616.0,6160.0,Naasa Securities Co. Ltd.,Dakshinkali Investment & Securities Pvt. Ltd.,2026-04-17 13:44:14.170404
2026041703004953,NFS,41,7,10,617.7,6177.0,Linch Stock Market Ltd.,J.F. Securites (PVT) Ltd.,2026-04-17 14:00:00.610739
2026041703004975,NFS,57,7,14,617.7,8647.8,Aryatara Investment & Securities,J.F. Securites (PVT) Ltd.,2026-04-17 14:00:22.570243
2026041703005141,NFS,42,49,20,615.5,12310.0,Sani Securities Company Ltd.,Online Securities Pvt. Ltd.,2026-04-17 14:05:28.379467
2026041703005232,NFS,14,7,50,617.7,30885.0,Nepal Stock House (PVT) Ltd.,J.F. Securites (PVT) Ltd.,2026-04-17 14:09:26.086561
2026041703005353,NFS,14,7,100,617.7,61770.0,Nepal Stock House (PVT) Ltd.,J.F. Securites (PVT) Ltd.,2026-04-17 14:14:01.425280
2026041703005369,NFS,14,7,26,617.7,16060.2,Nepal Stock House (PVT) Ltd.,J.F. Securites (PVT) Ltd.,2026-04-17 14:14:43.091555
2026041703005555,NFS,56,57,50,616.1,30805.0,Sri Hari Securities Pvt. Ltd.,Aryatara Investment & Securities,2026-04-17 14:20:36.554155
2026041703005556,NFS,45,57,71,616.0,43736.0,Imperial Securities Company Pvt. Ltd.,Aryatara Investment & Securities,2026-04-17 14:20:36.554433
2026041703005557,NFS,44,57,379,616.0,233464.0,Dynamic Money Managers Securities Pvt. Ltd.,Aryatara Investment & Securities,2026-04-17 14:20:36.554595
2026041703005646,NFS,44,42,420,616.0,258720.0,Dynamic Money Managers Securities Pvt. Ltd.,Sani Securities Company Ltd.,2026-04-17 14:22:39.504269
2026041703005823,NFS,33,42,100,616.0,61600.0,Dakshinkali Investment & Securities Pvt. Ltd.,Sani Securities Company Ltd.,2026-04-17 14:26:49.833942
2026041703005961,NFS,22,42,50,615.7,30785.0,Siprabi Securities Pvt. Ltd.,Sani Securities Company Ltd.,2026-04-17 14:31:38.104074
2026041703005995,NFS,49,42,20,615.2,12304.0,Online Securities Pvt. Ltd.,Sani Securities Company Ltd.,2026-04-17 14:32:57.849395
2026041703005996,NFS,11,42,100,615.0,61500.0,Malla & Malla Stock Broking Company Pvt. Limited,Sani Securities Company Ltd.,2026-04-17 14:32:57.849552
2026041703005997,NFS,51,42,80,615.0,49200.0,Oxford Securities Pvt. Ltd.,Sani Securities Company Ltd.,2026-04-17 14:32:57.849609
2026041703006028,NFS,51,42,20,615.0,12300.0,Oxford Securities Pvt. Ltd.,Sani Securities Company Ltd.,2026-04-17 14:33:37.589141
2026041703006029,NFS,32,42,60,615.0,36900.0,Premier Securities Company Ltd.,Sani Securities Company Ltd.,2026-04-17 14:33:37.589433
2026041703006078,NFS,14,56,30,615.0,18450.0,Nepal Stock House (PVT) Ltd.,Sri Hari Securities Pvt. Ltd.,2026-04-17 14:35:13.609801
2026041703006526,NFS,66,58,20,615.0,12300.0,Miyo Securities Pvt Ltd,Naasa Securities Co. Ltd.,2026-04-17 14:43:35.328867
2026041703006607,NFS,58,63,300,614.1,184230.0,Naasa Securities Co. Ltd.,Himalayan Brokerage Company Limited,2026-04-17 14:46:14.038329
2026041703006632,NFS,58,42,20,615.0,12300.0,Naasa Securities Co. Ltd.,Sani Securities Company Ltd.,2026-04-17 14:46:33.373513
2026041703006633,NFS,58,34,480,616.0,295680.0,Naasa Securities Co. Ltd.,Vision Securities Pvt. Ltd,2026-04-17 14:46:33.373650
2026041703006904,NFS,19,42,80,615.0,49200.0,Nepal Investment And Securities Trading Private Limited,Sani Securities Company Ltd.,2026-04-17 14:51:03.950577
2026041703006905,NFS,19,42,10,615.0,6150.0,Nepal Investment And Securities Trading Private Limited,Sani Securities Company Ltd.,2026-04-17 14:51:03.950830
2026041703007010,NFS,45,57,20,615.0,12300.0,Imperial Securities Company Pvt. Ltd.,Aryatara Investment & Securities,2026-04-17 14:52:24.360663
2026041703007011,NFS,58,57,90,615.0,55350.0,Naasa Securities Co. Ltd.,Aryatara Investment & Securities,2026-04-17 14:52:24.360798
2026041703007012,NFS,66,57,20,615.0,12300.0,Miyo Securities Pvt Ltd,Aryatara Investment & Securities,2026-04-17 14:52:24.360862
2026041703007181,NFS,52,57,100,615.0,61500.0,Sundhara Securities Limited,Aryatara Investment & Securities,2026-04-17 14:54:10.054807
2026041703007199,NFS,59,39,50,614.2,30710.0,Deevyaa Securities & Stock House Pvt. Ltd,Sumeru Securities Pvt. Ltd.,2026-04-17 14:54:31.758207
2026041703007200,NFS,57,39,10,614.1,6141.0,Aryatara Investment & Securities,Sumeru Securities Pvt. Ltd.,2026-04-17 14:54:31.758381
2026041703007201,NFS,57,39,50,614.0,30700.0,Aryatara Investment & Securities,Sumeru Securities Pvt. Ltd.,2026-04-17 14:54:31.758440
2026041703007202,NFS,42,39,50,614.0,30700.0,Sani Securities Company Ltd.,Sumeru Securities Pvt. Ltd.,2026-04-17 14:54:31.758498
2026041703007256,NFS,59,39,40,614.0,24560.0,Deevyaa Securities & Stock House Pvt. Ltd,Sumeru Securities Pvt. Ltd.,2026-04-17 14:55:17.284379
2026041703007336,NFS,43,57,50,614.0,30700.0,South Asian Bulls Pvt. Ltd.,Aryatara Investment & Securities,2026-04-17 14:56:08.685711
2026041703007340,NFS,58,57,500,614.0,307000.0,Naasa Securities Co. Ltd.,Aryatara Investment & Securities,2026-04-17 14:56:10.011860
2026041703007345,NFS,74,68,150,613.5,92025.0,KALASH STOCK MARKET PVT. LTD.,Elite Stock House Limited,2026-04-17 14:56:15.249614
2026041703007346,NFS,44,68,30,613.5,18405.0,Dynamic Money Managers Securities Pvt. Ltd.,Elite Stock House Limited,2026-04-17 14:56:15.249761
2026041703007347,NFS,13,68,100,613.3,61330.0,Thrive Brokerage House Pvt. Ltd,Elite Stock House Limited,2026-04-17 14:56:15.249824
2026041703007348,NFS,6,68,10,613.2,6132.0,Agrawal Securities (PVT) Ltd.,Elite Stock House Limited,2026-04-17 14:56:15.249882
2026041703007349,NFS,57,68,50,613.1,30655.0,Aryatara Investment & Securities,Elite Stock House Limited,2026-04-17 14:56:15.249941
2026041703007350,NFS,57,68,160,613.0,98080.0,Aryatara Investment & Securities,Elite Stock House Limited,2026-04-17 14:56:15.249996
2026041703007407,NFS,59,57,20,613.1,12262.0,Deevyaa Securities & Stock House Pvt. Ltd,Aryatara Investment & Securities,2026-04-17 14:56:38.272678
2026041703007408,NFS,57,57,60,613.0,36780.0,Aryatara Investment & Securities,Aryatara Investment & Securities,2026-04-17 14:56:38.272822
2026041703007430,NFS,19,34,20,616.0,12320.0,Nepal Investment And Securities Trading Private Limited,Vision Securities Pvt. Ltd,2026-04-17 14:56:51.611959
2026041703007431,NFS,19,45,90,616.0,55440.0,Nepal Investment And Securities Trading Private Limited,Imperial Securities Company Pvt. Ltd.,2026-04-17 14:56:51.612097
2026041703007597,NFS,57,34,10,613.1,6131.0,Aryatara Investment & Securities,Vision Securities Pvt. Ltd,2026-04-17 14:57:59.437162
2026041703007598,NFS,57,34,90,613.0,55170.0,Aryatara Investment & Securities,Vision Securities Pvt. Ltd,2026-04-17 14:57:59.437298
2026041703007681,NFS,36,45,70,616.0,43120.0,Secured Securities Ltd.,Imperial Securities Company Pvt. Ltd.,2026-04-17 14:58:30.991775
2026041703007682,NFS,36,49,165,616.0,101640.0,Secured Securities Ltd.,Online Securities Pvt. Ltd.,2026-04-17 14:58:30.992045
2026041703007686,NFS,29,49,35,616.0,21560.0,Trisul Securities & Invt. Ltd.,Online Securities Pvt. Ltd.,2026-04-17 14:58:32.874654
2026041703007715,NFS,29,63,85,616.0,52360.0,Trisul Securities & Invt. Ltd.,Himalayan Brokerage Company Limited,2026-04-17 14:58:45.100347
2026041703007958,NFS,41,51,10,616.0,6160.0,Linch Stock Market Ltd.,Oxford Securities Pvt. Ltd.,2026-04-17 14:59:38.766576
2026041703008042,NFS,22,69,90,615.0,55350.0,Siprabi Securities Pvt. Ltd.,INDEX SECURITIES LIMITED,2026-04-17 14:59:53.036824
2026041703008067,NFS,34,69,100,615.0,61500.0,Vision Securities Pvt. Ltd,INDEX SECURITIES LIMITED,2026-04-17 14:59:55.698011
2026041703008090,NFS,49,63,50,614.0,30700.0,Online Securities Pvt. Ltd.,Himalayan Brokerage Company Limited,2026-04-17 14:59:57.078021
2026041703008094,NFS,6,63,150,614.0,92100.0,Agrawal Securities (PVT) Ltd.,Himalayan Brokerage Company Limited,2026-04-17 14:59:57.454329
