contractId,stockSymbol,buyerMemberId,sellerMemberId,quantity,rate,amount,businessDate,tradeBookId,stockId,buyerBrokerName,sellerBrokerName,transaction_time,securityName
2026041703000084,NLICL,14,59,25,595.0,14875.0,2026-04-17,186759425,178,Nepal Stock House (PVT) Ltd.,Deevyaa Securities & Stock House Pvt. Ltd,2026-04-17 11:06:26.273830,National Life Insurance Co. Ltd.
2026041703000306,NLICL,65,58,10,595.0,5950.0,2026-04-17,186770151,178,Sharepro Securities Private Limited,Naasa Securities Co. Ltd.,2026-04-17 11:19:22.954767,National Life Insurance Co. Ltd.
2026041703000545,NLICL,65,36,83,595.0,49385.0,2026-04-17,186777011,178,Sharepro Securities Private Limited,Secured Securities Ltd.,2026-04-17 11:26:24.072241,National Life Insurance Co. Ltd.
2026041703000581,NLICL,46,94,10,594.9,5949.0,2026-04-17,186778501,178,Kalika Securities Pvt. Ltd.,K.B.L. Securities Limited ,2026-04-17 11:28:11.539678,National Life Insurance Co. Ltd.
2026041703000617,NLICL,57,87,100,597.0,59700.0,2026-04-17,186779613,178,Aryatara Investment & Securities,S.P.S.A. Securities Limited,2026-04-17 11:29:20.495132,National Life Insurance Co. Ltd.
2026041703000618,NLICL,57,35,20,597.0,11940.0,2026-04-17,186779616,178,Aryatara Investment & Securities,Kohinoor Investment & Securities Pvt. Ltd.,2026-04-17 11:29:20.495207,National Life Insurance Co. Ltd.
2026041703000933,NLICL,58,57,20,596.5,11930.0,2026-04-17,186789618,178,Naasa Securities Co. Ltd.,Aryatara Investment & Securities,2026-04-17 11:40:44.140820,National Life Insurance Co. Ltd.
2026041703001000,NLICL,6,87,10,596.0,5960.0,2026-04-17,186791998,178,Agrawal Securities (PVT) Ltd.,S.P.S.A. Securities Limited,2026-04-17 11:43:45.087058,National Life Insurance Co. Ltd.
2026041703001032,NLICL,42,59,11,595.0,6545.0,2026-04-17,186792990,178,Sani Securities Company Ltd.,Deevyaa Securities & Stock House Pvt. Ltd,2026-04-17 11:45:07.321383,National Life Insurance Co. Ltd.
2026041703001098,NLICL,46,59,14,594.9,8328.6,2026-04-17,186794793,178,Kalika Securities Pvt. Ltd.,Deevyaa Securities & Stock House Pvt. Ltd,2026-04-17 11:47:49.010047,National Life Insurance Co. Ltd.
2026041703001344,NLICL,96,41,67,591.3,39617.1,2026-04-17,186800561,178,Himalayan Securities Limited,Linch Stock Market Ltd.,2026-04-17 11:55:36.634326,National Life Insurance Co. Ltd.
2026041703001667,NLICL,96,58,50,591.3,29565.0,2026-04-17,186806503,178,Himalayan Securities Limited,Naasa Securities Co. Ltd.,2026-04-17 12:02:40.258326,National Life Insurance Co. Ltd.
2026041703001740,NLICL,96,87,83,591.3,49077.9,2026-04-17,186808190,178,Himalayan Securities Limited,S.P.S.A. Securities Limited,2026-04-17 12:04:25.510096,National Life Insurance Co. Ltd.
2026041703001741,NLICL,96,87,200,591.3,118260.0,2026-04-17,186808192,178,Himalayan Securities Limited,S.P.S.A. Securities Limited,2026-04-17 12:04:25.510168,National Life Insurance Co. Ltd.
2026041703001742,NLICL,35,87,500,591.2,295600.0,2026-04-17,186808193,178,Kohinoor Investment & Securities Pvt. Ltd.,S.P.S.A. Securities Limited,2026-04-17 12:04:25.510203,National Life Insurance Co. Ltd.
2026041703001833,NLICL,18,76,185,590.0,109150.0,2026-04-17,186810419,178,Sagarmatha Securities Private Limited,Machhapuchchhre Securities Limited,2026-04-17 12:07:07.511808,National Life Insurance Co. Ltd.
2026041703001902,NLICL,18,87,815,590.0,480850.0,2026-04-17,186811864,178,Sagarmatha Securities Private Limited,S.P.S.A. Securities Limited,2026-04-17 12:08:53.265663,National Life Insurance Co. Ltd.
2026041703001903,NLICL,58,87,200,590.0,118000.0,2026-04-17,186811866,178,Naasa Securities Co. Ltd.,S.P.S.A. Securities Limited,2026-04-17 12:08:53.265732,National Life Insurance Co. Ltd.
2026041703001904,NLICL,54,87,30,590.0,17700.0,2026-04-17,186811867,178,Sewa Securities Pvt. Ltd.,S.P.S.A. Securities Limited,2026-04-17 12:08:53.265764,National Life Insurance Co. Ltd.
2026041703002051,NLICL,49,66,24,586.0,14064.0,2026-04-17,186814775,178,Online Securities Pvt. Ltd.,Miyo Securities Pvt Ltd,2026-04-17 12:12:01.435017,National Life Insurance Co. Ltd.
2026041703002612,NLICL,16,48,208,587.0,122096.0,2026-04-17,186826259,178,Primo Securities (PVT) Ltd.,Trishakti Securities Public Limited,2026-04-17 12:26:11.096866,National Life Insurance Co. Ltd.
2026041703002841,NLICL,16,4,10,587.0,5870.0,2026-04-17,186832299,178,Primo Securities (PVT) Ltd.,Opal Securities Investment (PVT) Ltd.,2026-04-17 12:33:51.675220,National Life Insurance Co. Ltd.
2026041703002857,NLICL,46,25,1,594.9,594.9,2026-04-17,186832655,178,Kalika Securities Pvt. Ltd.,Sweta Securities Private Limited,2026-04-17 12:34:23.634514,National Life Insurance Co. Ltd.
2026041703002860,NLICL,16,4,56,587.0,32872.0,2026-04-17,186832735,178,Primo Securities (PVT) Ltd.,Opal Securities Investment (PVT) Ltd.,2026-04-17 12:34:31.587579,National Life Insurance Co. Ltd.
2026041703002878,NLICL,16,4,128,587.0,75136.0,2026-04-17,186832853,178,Primo Securities (PVT) Ltd.,Opal Securities Investment (PVT) Ltd.,2026-04-17 12:34:42.513667,National Life Insurance Co. Ltd.
2026041703003036,NLICL,3,58,10,589.9,5899.0,2026-04-17,186836746,178,Arun Securities (PVT) Ltd.,Naasa Securities Co. Ltd.,2026-04-17 12:40:43.310335,National Life Insurance Co. Ltd.
2026041703003107,NLICL,16,57,98,590.0,57820.0,2026-04-17,186838556,178,Primo Securities (PVT) Ltd.,Aryatara Investment & Securities,2026-04-17 12:43:26.076237,National Life Insurance Co. Ltd.
2026041703003121,NLICL,58,57,50,590.0,29500.0,2026-04-17,186838930,178,Naasa Securities Co. Ltd.,Aryatara Investment & Securities,2026-04-17 12:43:59.009195,National Life Insurance Co. Ltd.
2026041703003330,NLICL,34,57,200,590.0,118000.0,2026-04-17,186842906,178,Vision Securities Pvt. Ltd,Aryatara Investment & Securities,2026-04-17 12:49:46.478842,National Life Insurance Co. Ltd.
2026041703003481,NLICL,76,4,200,587.1,117420.0,2026-04-17,186846256,178,Machhapuchchhre Securities Limited,Opal Securities Investment (PVT) Ltd.,2026-04-17 12:53:50.297595,National Life Insurance Co. Ltd.
2026041703003483,NLICL,58,65,20,587.0,11740.0,2026-04-17,186846352,178,Naasa Securities Co. Ltd.,Sharepro Securities Private Limited,2026-04-17 12:53:55.204565,National Life Insurance Co. Ltd.
2026041703003484,NLICL,49,65,16,587.0,9392.0,2026-04-17,186846353,178,Online Securities Pvt. Ltd.,Sharepro Securities Private Limited,2026-04-17 12:53:55.204646,National Life Insurance Co. Ltd.
2026041703003625,NLICL,45,57,95,590.0,56050.0,2026-04-17,186850308,178,Imperial Securities Company Pvt. Ltd.,Aryatara Investment & Securities,2026-04-17 12:59:00.109502,National Life Insurance Co. Ltd.
2026041703003868,NLICL,49,57,1657,590.0,977630.0,2026-04-17,186856031,178,Online Securities Pvt. Ltd.,Aryatara Investment & Securities,2026-04-17 13:12:19.935652,National Life Insurance Co. Ltd.
2026041703003869,NLICL,49,33,18,590.0,10620.0,2026-04-17,186856033,178,Online Securities Pvt. Ltd.,Dakshinkali Investment & Securities Pvt. Ltd.,2026-04-17 13:12:19.935825,National Life Insurance Co. Ltd.
2026041703004342,NLICL,57,58,9,584.0,5256.0,2026-04-17,186869487,178,Aryatara Investment & Securities,Naasa Securities Co. Ltd.,2026-04-17 13:34:02.892570,National Life Insurance Co. Ltd.
2026041703004362,NLICL,57,49,1,578.2,578.2,2026-04-17,186870217,178,Aryatara Investment & Securities,Online Securities Pvt. Ltd.,2026-04-17 13:34:54.092882,National Life Insurance Co. Ltd.
2026041703004379,NLICL,57,19,4,590.0,2360.0,2026-04-17,186870777,178,Aryatara Investment & Securities,Nepal Investment And Securities Trading Private Limited,2026-04-17 13:35:45.652228,National Life Insurance Co. Ltd.
2026041703004811,NLICL,57,8,10,590.2,5902.0,2026-04-17,186881604,178,Aryatara Investment & Securities,Brilliant Securities Pvt. Ltd.,2026-04-17 13:53:40.782141,National Life Insurance Co. Ltd.
2026041703004812,NLICL,34,8,200,590.2,118040.0,2026-04-17,186881606,178,Vision Securities Pvt. Ltd,Brilliant Securities Pvt. Ltd.,2026-04-17 13:53:40.782331,National Life Insurance Co. Ltd.
2026041703004813,NLICL,36,8,202,590.1,119200.2,2026-04-17,186881608,178,Secured Securities Ltd.,Brilliant Securities Pvt. Ltd.,2026-04-17 13:53:40.782453,National Life Insurance Co. Ltd.
2026041703004814,NLICL,49,8,314,590.0,185260.0,2026-04-17,186881609,178,Online Securities Pvt. Ltd.,Brilliant Securities Pvt. Ltd.,2026-04-17 13:53:40.782567,National Life Insurance Co. Ltd.
2026041703004920,NLICL,49,70,11,590.0,6490.0,2026-04-17,186883632,178,Online Securities Pvt. Ltd.,Infinity Securities Limited,2026-04-17 13:58:31.758107,National Life Insurance Co. Ltd.
2026041703004921,NLICL,54,70,85,587.1,49903.5,2026-04-17,186883634,178,Sewa Securities Pvt. Ltd.,Infinity Securities Limited,2026-04-17 13:58:31.758217,National Life Insurance Co. Ltd.
2026041703005054,NLICL,94,8,70,594.0,41580.0,2026-04-17,186888600,178,K.B.L. Securities Limited ,Brilliant Securities Pvt. Ltd.,2026-04-17 14:03:59.588104,National Life Insurance Co. Ltd.
2026041703005151,NLICL,1,58,160,587.1,93936.0,2026-04-17,186890649,178,Kumari Securities Private Limited,Naasa Securities Co. Ltd.,2026-04-17 14:05:50.890086,National Life Insurance Co. Ltd.
2026041703005945,NLICL,34,8,10,594.0,5940.0,2026-04-17,186909848,178,Vision Securities Pvt. Ltd,Brilliant Securities Pvt. Ltd.,2026-04-17 14:30:49.085333,National Life Insurance Co. Ltd.
2026041703005975,NLICL,33,76,20,588.1,11762.0,2026-04-17,186910874,178,Dakshinkali Investment & Securities Pvt. Ltd.,Machhapuchchhre Securities Limited,2026-04-17 14:32:10.953071,National Life Insurance Co. Ltd.
2026041703005976,NLICL,43,76,100,588.0,58800.0,2026-04-17,186910876,178,South Asian Bulls Pvt. Ltd.,Machhapuchchhre Securities Limited,2026-04-17 14:32:10.953181,National Life Insurance Co. Ltd.
2026041703005977,NLICL,11,76,84,587.6,49358.4,2026-04-17,186910877,178,Malla & Malla Stock Broking Company Pvt. Limited,Machhapuchchhre Securities Limited,2026-04-17 14:32:10.953257,National Life Insurance Co. Ltd.
2026041703006155,NLICL,42,44,21,588.1,12350.1,2026-04-17,186915002,178,Sani Securities Company Ltd.,Dynamic Money Managers Securities Pvt. Ltd.,2026-04-17 14:37:27.010731,National Life Insurance Co. Ltd.
2026041703006156,NLICL,10,44,88,588.0,51744.0,2026-04-17,186915003,178,Pragyan Securities (PVT) Ltd.,Dynamic Money Managers Securities Pvt. Ltd.,2026-04-17 14:37:27.010883,National Life Insurance Co. Ltd.
2026041703006467,NLICL,34,7,10,593.9,5939.0,2026-04-17,186919018,178,Vision Securities Pvt. Ltd,J.F. Securites (PVT) Ltd.,2026-04-17 14:42:40.887438,National Life Insurance Co. Ltd.
2026041703006470,NLICL,1,50,40,588.1,23524.0,2026-04-17,186919063,178,Kumari Securities Private Limited,Cristal Kanchanjanga Securites Pvt. Ltd.,2026-04-17 14:42:44.111536,National Life Insurance Co. Ltd.
2026041703006471,NLICL,10,50,112,588.0,65856.0,2026-04-17,186919065,178,Pragyan Securities (PVT) Ltd.,Cristal Kanchanjanga Securites Pvt. Ltd.,2026-04-17 14:42:44.111637,National Life Insurance Co. Ltd.
2026041703006472,NLICL,11,50,16,587.6,9401.6,2026-04-17,186919067,178,Malla & Malla Stock Broking Company Pvt. Limited,Cristal Kanchanjanga Securites Pvt. Ltd.,2026-04-17 14:42:44.111698,National Life Insurance Co. Ltd.
2026041703006473,NLICL,4,50,26,587.5,15275.0,2026-04-17,186919069,178,Opal Securities Investment (PVT) Ltd.,Cristal Kanchanjanga Securites Pvt. Ltd.,2026-04-17 14:42:44.111738,National Life Insurance Co. Ltd.
2026041703006474,NLICL,4,50,34,587.5,19975.0,2026-04-17,186919071,178,Opal Securities Investment (PVT) Ltd.,Cristal Kanchanjanga Securites Pvt. Ltd.,2026-04-17 14:42:44.111777,National Life Insurance Co. Ltd.
2026041703006475,NLICL,41,50,12,587.5,7050.0,2026-04-17,186919073,178,Linch Stock Market Ltd.,Cristal Kanchanjanga Securites Pvt. Ltd.,2026-04-17 14:42:44.111819,National Life Insurance Co. Ltd.
2026041703006476,NLICL,94,50,10,587.3,5873.0,2026-04-17,186919075,178,K.B.L. Securities Limited ,Cristal Kanchanjanga Securites Pvt. Ltd.,2026-04-17 14:42:44.111859,National Life Insurance Co. Ltd.
2026041703006477,NLICL,49,50,60,587.0,35220.0,2026-04-17,186919077,178,Online Securities Pvt. Ltd.,Cristal Kanchanjanga Securites Pvt. Ltd.,2026-04-17 14:42:44.111900,National Life Insurance Co. Ltd.
2026041703006478,NLICL,54,50,300,587.0,176100.0,2026-04-17,186919079,178,Sewa Securities Pvt. Ltd.,Cristal Kanchanjanga Securites Pvt. Ltd.,2026-04-17 14:42:44.111939,National Life Insurance Co. Ltd.
2026041703006479,NLICL,25,50,185,587.0,108595.0,2026-04-17,186919081,178,Sweta Securities Private Limited,Cristal Kanchanjanga Securites Pvt. Ltd.,2026-04-17 14:42:44.111976,National Life Insurance Co. Ltd.
2026041703006480,NLICL,33,50,500,587.0,293500.0,2026-04-17,186919083,178,Dakshinkali Investment & Securities Pvt. Ltd.,Cristal Kanchanjanga Securites Pvt. Ltd.,2026-04-17 14:42:44.112015,National Life Insurance Co. Ltd.
2026041703006481,NLICL,35,50,50,586.5,29325.0,2026-04-17,186919085,178,Kohinoor Investment & Securities Pvt. Ltd.,Cristal Kanchanjanga Securites Pvt. Ltd.,2026-04-17 14:42:44.112065,National Life Insurance Co. Ltd.
2026041703006482,NLICL,18,50,1000,586.0,586000.0,2026-04-17,186919087,178,Sagarmatha Securities Private Limited,Cristal Kanchanjanga Securites Pvt. Ltd.,2026-04-17 14:42:44.112100,National Life Insurance Co. Ltd.
2026041703006483,NLICL,34,50,25,586.0,14650.0,2026-04-17,186919089,178,Vision Securities Pvt. Ltd,Cristal Kanchanjanga Securites Pvt. Ltd.,2026-04-17 14:42:44.112134,National Life Insurance Co. Ltd.
2026041703006484,NLICL,42,50,30,586.0,17580.0,2026-04-17,186919091,178,Sani Securities Company Ltd.,Cristal Kanchanjanga Securites Pvt. Ltd.,2026-04-17 14:42:44.112174,National Life Insurance Co. Ltd.
2026041703006485,NLICL,42,50,20,586.0,11720.0,2026-04-17,186919093,178,Sani Securities Company Ltd.,Cristal Kanchanjanga Securites Pvt. Ltd.,2026-04-17 14:42:44.112211,National Life Insurance Co. Ltd.
2026041703006486,NLICL,11,50,20,586.0,11720.0,2026-04-17,186919095,178,Malla & Malla Stock Broking Company Pvt. Limited,Cristal Kanchanjanga Securites Pvt. Ltd.,2026-04-17 14:42:44.112267,National Life Insurance Co. Ltd.
2026041703006487,NLICL,13,50,50,586.0,29300.0,2026-04-17,186919037,178,Thrive Brokerage House Pvt. Ltd,Cristal Kanchanjanga Securites Pvt. Ltd.,2026-04-17 14:42:44.112304,National Life Insurance Co. Ltd.
2026041703006488,NLICL,49,50,350,585.0,204750.0,2026-04-17,186919039,178,Online Securities Pvt. Ltd.,Cristal Kanchanjanga Securites Pvt. Ltd.,2026-04-17 14:42:44.112342,National Life Insurance Co. Ltd.
2026041703006489,NLICL,58,50,45,585.0,26325.0,2026-04-17,186919041,178,Naasa Securities Co. Ltd.,Cristal Kanchanjanga Securites Pvt. Ltd.,2026-04-17 14:42:44.112375,National Life Insurance Co. Ltd.
2026041703006490,NLICL,45,50,100,585.0,58500.0,2026-04-17,186919043,178,Imperial Securities Company Pvt. Ltd.,Cristal Kanchanjanga Securites Pvt. Ltd.,2026-04-17 14:42:44.112409,National Life Insurance Co. Ltd.
2026041703006491,NLICL,54,50,136,585.0,79560.0,2026-04-17,186919045,178,Sewa Securities Pvt. Ltd.,Cristal Kanchanjanga Securites Pvt. Ltd.,2026-04-17 14:42:44.112445,National Life Insurance Co. Ltd.
2026041703006492,NLICL,58,50,150,585.0,87750.0,2026-04-17,186919047,178,Naasa Securities Co. Ltd.,Cristal Kanchanjanga Securites Pvt. Ltd.,2026-04-17 14:42:44.112479,National Life Insurance Co. Ltd.
2026041703006493,NLICL,5,50,20,585.0,11700.0,2026-04-17,186919049,178,Market Securities & Exchange (PVT) Ltd.,Cristal Kanchanjanga Securites Pvt. Ltd.,2026-04-17 14:42:44.112512,National Life Insurance Co. Ltd.
2026041703006494,NLICL,44,50,100,585.0,58500.0,2026-04-17,186919051,178,Dynamic Money Managers Securities Pvt. Ltd.,Cristal Kanchanjanga Securites Pvt. Ltd.,2026-04-17 14:42:44.112546,National Life Insurance Co. Ltd.
2026041703006495,NLICL,40,50,200,585.0,117000.0,2026-04-17,186919053,178,Creative Securities Pvt Ltd,Cristal Kanchanjanga Securites Pvt. Ltd.,2026-04-17 14:42:44.112579,National Life Insurance Co. Ltd.
2026041703006812,NLICL,57,50,20,583.7,11674.0,2026-04-17,186926796,178,Aryatara Investment & Securities,Cristal Kanchanjanga Securites Pvt. Ltd.,2026-04-17 14:49:47.105961,National Life Insurance Co. Ltd.
2026041703006813,NLICL,44,50,100,583.6,58360.0,2026-04-17,186926798,178,Dynamic Money Managers Securities Pvt. Ltd.,Cristal Kanchanjanga Securites Pvt. Ltd.,2026-04-17 14:49:47.106081,National Life Insurance Co. Ltd.
2026041703006814,NLICL,25,50,81,583.6,47271.6,2026-04-17,186926800,178,Sweta Securities Private Limited,Cristal Kanchanjanga Securites Pvt. Ltd.,2026-04-17 14:49:47.106121,National Life Insurance Co. Ltd.
2026041703006815,NLICL,25,50,500,583.5,291750.0,2026-04-17,186926802,178,Sweta Securities Private Limited,Cristal Kanchanjanga Securites Pvt. Ltd.,2026-04-17 14:49:47.106156,National Life Insurance Co. Ltd.
2026041703006816,NLICL,26,50,10,583.1,5831.0,2026-04-17,186926804,178,Asian Securities Private Ltd.,Cristal Kanchanjanga Securites Pvt. Ltd.,2026-04-17 14:49:47.106194,National Life Insurance Co. Ltd.
2026041703006817,NLICL,46,50,15,583.1,8746.5,2026-04-17,186926806,178,Kalika Securities Pvt. Ltd.,Cristal Kanchanjanga Securites Pvt. Ltd.,2026-04-17 14:49:47.106228,National Life Insurance Co. Ltd.
2026041703006818,NLICL,53,50,100,583.1,58310.0,2026-04-17,186926808,178,Investment Management Nepal Pvt. Ltd.,Cristal Kanchanjanga Securites Pvt. Ltd.,2026-04-17 14:49:47.106262,National Life Insurance Co. Ltd.
2026041703006819,NLICL,43,50,50,583.0,29150.0,2026-04-17,186926810,178,South Asian Bulls Pvt. Ltd.,Cristal Kanchanjanga Securites Pvt. Ltd.,2026-04-17 14:49:47.106295,National Life Insurance Co. Ltd.
2026041703006820,NLICL,11,50,20,583.0,11660.0,2026-04-17,186926812,178,Malla & Malla Stock Broking Company Pvt. Limited,Cristal Kanchanjanga Securites Pvt. Ltd.,2026-04-17 14:49:47.106328,National Life Insurance Co. Ltd.
2026041703006821,NLICL,42,50,30,582.0,17460.0,2026-04-17,186926814,178,Sani Securities Company Ltd.,Cristal Kanchanjanga Securites Pvt. Ltd.,2026-04-17 14:49:47.106363,National Life Insurance Co. Ltd.
2026041703006872,NLICL,29,42,113,583.6,65946.8,2026-04-17,186927992,178,Trisul Securities & Invt. Ltd.,Sani Securities Company Ltd.,2026-04-17 14:50:40.895454,National Life Insurance Co. Ltd.
2026041703006993,NLICL,49,50,1000,588.0,588000.0,2026-04-17,186930060,178,Online Securities Pvt. Ltd.,Cristal Kanchanjanga Securites Pvt. Ltd.,2026-04-17 14:52:06.805282,National Life Insurance Co. Ltd.
2026041703007138,NLICL,57,33,3,582.0,1746.0,2026-04-17,186932319,178,Aryatara Investment & Securities,Dakshinkali Investment & Securities Pvt. Ltd.,2026-04-17 14:53:40.645931,National Life Insurance Co. Ltd.
2026041703007358,NLICL,45,14,50,582.0,29100.0,2026-04-17,186936018,178,Imperial Securities Company Pvt. Ltd.,Nepal Stock House (PVT) Ltd.,2026-04-17 14:56:19.453399,National Life Insurance Co. Ltd.
2026041703007359,NLICL,59,14,300,582.0,174600.0,2026-04-17,186936020,178,Deevyaa Securities & Stock House Pvt. Ltd,Nepal Stock House (PVT) Ltd.,2026-04-17 14:56:19.453500,National Life Insurance Co. Ltd.
2026041703007402,NLICL,29,14,50,582.0,29100.0,2026-04-17,186936598,178,Trisul Securities & Invt. Ltd.,Nepal Stock House (PVT) Ltd.,2026-04-17 14:56:35.984949,National Life Insurance Co. Ltd.
2026041703007434,NLICL,18,14,90,586.0,52740.0,2026-04-17,186937129,178,Sagarmatha Securities Private Limited,Nepal Stock House (PVT) Ltd.,2026-04-17 14:56:53.643522,National Life Insurance Co. Ltd.
2026041703007573,NLICL,18,37,31,586.0,18166.0,2026-04-17,186939019,178,Sagarmatha Securities Private Limited,Swarna Laxmi Securities Pvt. Ltd.,2026-04-17 14:57:44.133114,National Life Insurance Co. Ltd.
2026041703007669,NLICL,96,50,900,588.0,529200.0,2026-04-17,186940712,178,Himalayan Securities Limited,Cristal Kanchanjanga Securites Pvt. Ltd.,2026-04-17 14:58:25.914720,National Life Insurance Co. Ltd.
2026041703007713,NLICL,14,50,40,588.0,23520.0,2026-04-17,186941472,178,Nepal Stock House (PVT) Ltd.,Cristal Kanchanjanga Securites Pvt. Ltd.,2026-04-17 14:58:44.319755,National Life Insurance Co. Ltd.
2026041703007742,NLICL,34,50,43,588.0,25284.0,2026-04-17,186941961,178,Vision Securities Pvt. Ltd,Cristal Kanchanjanga Securites Pvt. Ltd.,2026-04-17 14:58:54.128007,National Life Insurance Co. Ltd.
2026041703007743,NLICL,34,58,10,588.0,5880.0,2026-04-17,186941963,178,Vision Securities Pvt. Ltd,Naasa Securities Co. Ltd.,2026-04-17 14:58:54.128060,National Life Insurance Co. Ltd.
2026041703007744,NLICL,34,7,10,593.7,5937.0,2026-04-17,186941966,178,Vision Securities Pvt. Ltd,J.F. Securites (PVT) Ltd.,2026-04-17 14:58:54.128087,National Life Insurance Co. Ltd.
