contractId,stockSymbol,buyerMemberId,sellerMemberId,quantity,rate,amount,businessDate,tradeBookId,stockId,buyerBrokerName,sellerBrokerName,transaction_time,securityName
2026041701002047,NMB,48,54,10,253.9,2539.0,2026-04-17,186761770,238,Trishakti Securities Public Limited,Sewa Securities Pvt. Ltd.,2026-04-17 11:09:39.200864,NMB Bank Limited
2026041701003629,NMB,49,49,20,252.0,5040.0,2026-04-17,186767772,238,Online Securities Pvt. Ltd.,Online Securities Pvt. Ltd.,2026-04-17 11:17:19.086243,NMB Bank Limited
2026041701004528,NMB,25,58,35,250.0,8750.0,2026-04-17,186771290,238,Sweta Securities Private Limited,Naasa Securities Co. Ltd.,2026-04-17 11:20:25.973231,NMB Bank Limited
2026041701004529,NMB,57,58,50,250.0,12500.0,2026-04-17,186771292,238,Aryatara Investment & Securities,Naasa Securities Co. Ltd.,2026-04-17 11:20:25.973305,NMB Bank Limited
2026041701004720,NMB,6,58,15,250.0,3750.0,2026-04-17,186772053,238,Agrawal Securities (PVT) Ltd.,Naasa Securities Co. Ltd.,2026-04-17 11:21:25.666935,NMB Bank Limited
2026041701005033,NMB,6,78,85,250.0,21250.0,2026-04-17,186773206,238,Agrawal Securities (PVT) Ltd.,Garima Securities Limited,2026-04-17 11:22:41.892854,NMB Bank Limited
2026041701005034,NMB,33,78,115,248.9,28623.5,2026-04-17,186773207,238,Dakshinkali Investment & Securities Pvt. Ltd.,Garima Securities Limited,2026-04-17 11:22:41.892927,NMB Bank Limited
2026041701009057,NMB,33,16,210,248.9,52269.0,2026-04-17,186787845,238,Dakshinkali Investment & Securities Pvt. Ltd.,Primo Securities (PVT) Ltd.,2026-04-17 11:38:44.713519,NMB Bank Limited
2026041701009606,NMB,33,45,502,248.9,124947.8,2026-04-17,186789559,238,Dakshinkali Investment & Securities Pvt. Ltd.,Imperial Securities Company Pvt. Ltd.,2026-04-17 11:40:38.692002,NMB Bank Limited
2026041701010382,NMB,33,57,173,248.9,43059.7,2026-04-17,186792196,238,Dakshinkali Investment & Securities Pvt. Ltd.,Aryatara Investment & Securities,2026-04-17 11:44:04.053668,NMB Bank Limited
2026041701011384,NMB,11,58,50,247.0,12350.0,2026-04-17,186796188,238,Malla & Malla Stock Broking Company Pvt. Limited,Naasa Securities Co. Ltd.,2026-04-17 11:49:36.535745,NMB Bank Limited
2026041701011385,NMB,48,58,800,247.0,197600.0,2026-04-17,186796190,238,Trishakti Securities Public Limited,Naasa Securities Co. Ltd.,2026-04-17 11:49:36.535924,NMB Bank Limited
2026041701011742,NMB,37,58,1320,247.0,326040.0,2026-04-17,186797660,238,Swarna Laxmi Securities Pvt. Ltd.,Naasa Securities Co. Ltd.,2026-04-17 11:51:41.112554,NMB Bank Limited
2026041701011751,NMB,26,58,100,247.0,24700.0,2026-04-17,186797694,238,Asian Securities Private Ltd.,Naasa Securities Co. Ltd.,2026-04-17 11:51:43.890265,NMB Bank Limited
2026041701012199,NMB,35,58,90,247.0,22230.0,2026-04-17,186799730,238,Kohinoor Investment & Securities Pvt. Ltd.,Naasa Securities Co. Ltd.,2026-04-17 11:54:26.621745,NMB Bank Limited
2026041701012606,NMB,7,58,5000,247.0,1235000.0,2026-04-17,186801800,238,J.F. Securites (PVT) Ltd.,Naasa Securities Co. Ltd.,2026-04-17 11:57:10.580196,NMB Bank Limited
2026041701012757,NMB,6,32,100,246.5,24650.0,2026-04-17,186802332,238,Agrawal Securities (PVT) Ltd.,Premier Securities Company Ltd.,2026-04-17 11:57:45.042117,NMB Bank Limited
2026041701012758,NMB,53,32,25,246.5,6162.5,2026-04-17,186802334,238,Investment Management Nepal Pvt. Ltd.,Premier Securities Company Ltd.,2026-04-17 11:57:45.042214,NMB Bank Limited
2026041701012759,NMB,7,32,2500,246.4,616000.0,2026-04-17,186802336,238,J.F. Securites (PVT) Ltd.,Premier Securities Company Ltd.,2026-04-17 11:57:45.042257,NMB Bank Limited
2026041701012760,NMB,32,32,1000,246.3,246300.0,2026-04-17,186802338,238,Premier Securities Company Ltd.,Premier Securities Company Ltd.,2026-04-17 11:57:45.042294,NMB Bank Limited
2026041701012761,NMB,32,32,1000,246.2,246200.0,2026-04-17,186802340,238,Premier Securities Company Ltd.,Premier Securities Company Ltd.,2026-04-17 11:57:45.042337,NMB Bank Limited
2026041701013086,NMB,17,41,43,246.0,10578.0,2026-04-17,186803951,238,ABC Securities Private Limited,Linch Stock Market Ltd.,2026-04-17 11:59:42.709142,NMB Bank Limited
2026041701013156,NMB,7,32,600,246.2,147720.0,2026-04-17,186804312,238,J.F. Securites (PVT) Ltd.,Premier Securities Company Ltd.,2026-04-17 12:00:08.736543,NMB Bank Limited
2026041701013536,NMB,11,45,47,246.0,11562.0,2026-04-17,186806287,238,Malla & Malla Stock Broking Company Pvt. Limited,Imperial Securities Company Pvt. Ltd.,2026-04-17 12:02:22.724653,NMB Bank Limited
2026041701013691,NMB,11,14,50,246.0,12300.0,2026-04-17,186807081,238,Malla & Malla Stock Broking Company Pvt. Limited,Nepal Stock House (PVT) Ltd.,2026-04-17 12:03:18.486469,NMB Bank Limited
2026041701014069,NMB,58,17,330,246.0,81180.0,2026-04-17,186809074,238,Naasa Securities Co. Ltd.,ABC Securities Private Limited,2026-04-17 12:05:25.940636,NMB Bank Limited
2026041701014070,NMB,16,17,41,246.0,10086.0,2026-04-17,186809076,238,Primo Securities (PVT) Ltd.,ABC Securities Private Limited,2026-04-17 12:05:25.940823,NMB Bank Limited
2026041701014071,NMB,38,17,30,245.0,7350.0,2026-04-17,186809078,238,Dipshikha Dhitopatra Karobar Co. Pvt Ltd.,ABC Securities Private Limited,2026-04-17 12:05:25.940947,NMB Bank Limited
2026041701014072,NMB,32,17,500,245.0,122500.0,2026-04-17,186809080,238,Premier Securities Company Ltd.,ABC Securities Private Limited,2026-04-17 12:05:25.941094,NMB Bank Limited
2026041701014073,NMB,17,17,30,245.0,7350.0,2026-04-17,186809082,238,ABC Securities Private Limited,ABC Securities Private Limited,2026-04-17 12:05:25.941215,NMB Bank Limited
2026041701014074,NMB,11,17,69,245.0,16905.0,2026-04-17,186809083,238,Malla & Malla Stock Broking Company Pvt. Limited,ABC Securities Private Limited,2026-04-17 12:05:25.941332,NMB Bank Limited
2026041701015265,NMB,76,32,10,246.2,2462.0,2026-04-17,186815174,238,Machhapuchchhre Securities Limited,Premier Securities Company Ltd.,2026-04-17 12:12:20.392296,NMB Bank Limited
2026041701016214,NMB,50,32,10,246.2,2462.0,2026-04-17,186819560,238,Cristal Kanchanjanga Securites Pvt. Ltd.,Premier Securities Company Ltd.,2026-04-17 12:17:50.281003,NMB Bank Limited
2026041701016743,NMB,56,42,10,245.2,2452.0,2026-04-17,186821602,238,Sri Hari Securities Pvt. Ltd.,Sani Securities Company Ltd.,2026-04-17 12:19:43.094179,NMB Bank Limited
2026041701018412,NMB,58,56,40,246.0,9840.0,2026-04-17,186828668,238,Naasa Securities Co. Ltd.,Sri Hari Securities Pvt. Ltd.,2026-04-17 12:29:33.451273,NMB Bank Limited
2026041701018413,NMB,33,56,100,245.2,24520.0,2026-04-17,186828670,238,Dakshinkali Investment & Securities Pvt. Ltd.,Sri Hari Securities Pvt. Ltd.,2026-04-17 12:29:33.451504,NMB Bank Limited
2026041701018414,NMB,38,56,565,245.1,138481.5,2026-04-17,186828671,238,Dipshikha Dhitopatra Karobar Co. Pvt Ltd.,Sri Hari Securities Pvt. Ltd.,2026-04-17 12:29:33.451632,NMB Bank Limited
2026041701018518,NMB,22,37,7,245.0,1715.0,2026-04-17,186829025,238,Siprabi Securities Pvt. Ltd.,Swarna Laxmi Securities Pvt. Ltd.,2026-04-17 12:30:01.543600,NMB Bank Limited
2026041701018874,NMB,22,45,1,245.0,245.0,2026-04-17,186830273,238,Siprabi Securities Pvt. Ltd.,Imperial Securities Company Pvt. Ltd.,2026-04-17 12:31:35.854852,NMB Bank Limited
2026041701019029,NMB,22,42,1,245.1,245.1,2026-04-17,186830793,238,Siprabi Securities Pvt. Ltd.,Sani Securities Company Ltd.,2026-04-17 12:32:10.282315,NMB Bank Limited
2026041701019155,NMB,59,71,200,245.2,49040.0,2026-04-17,186831252,238,Deevyaa Securities & Stock House Pvt. Ltd,SHUBHAKAMANA SECURITIES PVT. LTD,2026-04-17 12:32:37.901743,NMB Bank Limited
2026041701019156,NMB,74,71,50,245.2,12260.0,2026-04-17,186831253,238,KALASH STOCK MARKET PVT. LTD.,SHUBHAKAMANA SECURITIES PVT. LTD,2026-04-17 12:32:37.901858,NMB Bank Limited
2026041701019813,NMB,6,49,100,245.3,24530.0,2026-04-17,186834135,238,Agrawal Securities (PVT) Ltd.,Online Securities Pvt. Ltd.,2026-04-17 12:36:36.021584,NMB Bank Limited
2026041701019933,NMB,38,28,100,246.0,24600.0,2026-04-17,186834671,238,Dipshikha Dhitopatra Karobar Co. Pvt Ltd.,Shree Krishna Securities Ltd.,2026-04-17 12:37:24.693044,NMB Bank Limited
2026041701019934,NMB,38,32,235,246.2,57857.0,2026-04-17,186834674,238,Dipshikha Dhitopatra Karobar Co. Pvt Ltd.,Premier Securities Company Ltd.,2026-04-17 12:37:24.693179,NMB Bank Limited
2026041701020375,NMB,17,45,50,246.0,12300.0,2026-04-17,186836599,238,ABC Securities Private Limited,Imperial Securities Company Pvt. Ltd.,2026-04-17 12:40:32.765963,NMB Bank Limited
2026041701020564,NMB,17,32,199,246.0,48954.0,2026-04-17,186837285,238,ABC Securities Private Limited,Premier Securities Company Ltd.,2026-04-17 12:41:35.935280,NMB Bank Limited
2026041701020645,NMB,17,38,10,246.0,2460.0,2026-04-17,186837665,238,ABC Securities Private Limited,Dipshikha Dhitopatra Karobar Co. Pvt Ltd.,2026-04-17 12:42:18.505965,NMB Bank Limited
2026041701020750,NMB,17,29,41,246.0,10086.0,2026-04-17,186838044,238,ABC Securities Private Limited,Trisul Securities & Invt. Ltd.,2026-04-17 12:42:46.291261,NMB Bank Limited
2026041701020751,NMB,58,29,23,246.0,5658.0,2026-04-17,186838045,238,Naasa Securities Co. Ltd.,Trisul Securities & Invt. Ltd.,2026-04-17 12:42:46.291376,NMB Bank Limited
2026041701021269,NMB,58,45,100,246.0,24600.0,2026-04-17,186840199,238,Naasa Securities Co. Ltd.,Imperial Securities Company Pvt. Ltd.,2026-04-17 12:45:59.108040,NMB Bank Limited
2026041701021446,NMB,62,13,50,246.2,12310.0,2026-04-17,186841054,238,Capital Max Securities Ltd,Thrive Brokerage House Pvt. Ltd,2026-04-17 12:47:23.895989,NMB Bank Limited
2026041701021827,NMB,58,38,58,246.0,14268.0,2026-04-17,186842721,238,Naasa Securities Co. Ltd.,Dipshikha Dhitopatra Karobar Co. Pvt Ltd.,2026-04-17 12:49:34.204409,NMB Bank Limited
2026041701022144,NMB,37,25,15,246.1,3691.5,2026-04-17,186844477,238,Swarna Laxmi Securities Pvt. Ltd.,Sweta Securities Private Limited,2026-04-17 12:51:49.527650,NMB Bank Limited
2026041701022165,NMB,37,45,100,246.1,24610.0,2026-04-17,186844659,238,Swarna Laxmi Securities Pvt. Ltd.,Imperial Securities Company Pvt. Ltd.,2026-04-17 12:52:05.347570,NMB Bank Limited
2026041701022169,NMB,37,13,14,246.2,3446.8,2026-04-17,186844675,238,Swarna Laxmi Securities Pvt. Ltd.,Thrive Brokerage House Pvt. Ltd,2026-04-17 12:52:06.835157,NMB Bank Limited
2026041701022706,NMB,37,38,10,246.2,2462.0,2026-04-17,186848017,238,Swarna Laxmi Securities Pvt. Ltd.,Dipshikha Dhitopatra Karobar Co. Pvt Ltd.,2026-04-17 12:55:53.546006,NMB Bank Limited
2026041701023140,NMB,76,58,10,247.0,2470.0,2026-04-17,186850470,238,Machhapuchchhre Securities Limited,Naasa Securities Co. Ltd.,2026-04-17 12:59:14.001488,NMB Bank Limited
2026041701023564,NMB,74,58,1450,247.0,358150.0,2026-04-17,186852364,238,KALASH STOCK MARKET PVT. LTD.,Naasa Securities Co. Ltd.,2026-04-17 13:03:43.471729,NMB Bank Limited
2026041701024074,NMB,58,58,40,247.0,9880.0,2026-04-17,186854414,238,Naasa Securities Co. Ltd.,Naasa Securities Co. Ltd.,2026-04-17 13:08:00.099486,NMB Bank Limited
2026041701024243,NMB,37,59,57,246.2,14033.4,2026-04-17,186855145,238,Swarna Laxmi Securities Pvt. Ltd.,Deevyaa Securities & Stock House Pvt. Ltd,2026-04-17 13:09:59.943194,NMB Bank Limited
2026041701024986,NMB,76,58,10,247.0,2470.0,2026-04-17,186858048,238,Machhapuchchhre Securities Limited,Naasa Securities Co. Ltd.,2026-04-17 13:17:04.187679,NMB Bank Limited
2026041701025843,NMB,43,58,10,247.0,2470.0,2026-04-17,186860928,238,South Asian Bulls Pvt. Ltd.,Naasa Securities Co. Ltd.,2026-04-17 13:21:03.358662,NMB Bank Limited
2026041701026123,NMB,32,58,200,247.0,49400.0,2026-04-17,186861820,238,Premier Securities Company Ltd.,Naasa Securities Co. Ltd.,2026-04-17 13:22:25.881263,NMB Bank Limited
2026041701026159,NMB,29,22,12,246.3,2955.6,2026-04-17,186861959,238,Trisul Securities & Invt. Ltd.,Siprabi Securities Pvt. Ltd.,2026-04-17 13:22:48.012185,NMB Bank Limited
2026041701027227,NMB,76,44,10,246.9,2469.0,2026-04-17,186866000,238,Machhapuchchhre Securities Limited,Dynamic Money Managers Securities Pvt. Ltd.,2026-04-17 13:29:38.840770,NMB Bank Limited
2026041701028493,NMB,34,44,740,246.9,182706.0,2026-04-17,186872078,238,Vision Securities Pvt. Ltd,Dynamic Money Managers Securities Pvt. Ltd.,2026-04-17 13:37:47.025380,NMB Bank Limited
2026041701028647,NMB,3,58,1000,247.0,247000.0,2026-04-17,186872932,238,Arun Securities (PVT) Ltd.,Naasa Securities Co. Ltd.,2026-04-17 13:38:48.885484,NMB Bank Limited
2026041701029114,NMB,32,58,300,247.0,74100.0,2026-04-17,186875536,238,Premier Securities Company Ltd.,Naasa Securities Co. Ltd.,2026-04-17 13:42:39.129476,NMB Bank Limited
2026041701029692,NMB,58,58,20,247.0,4940.0,2026-04-17,186878732,238,Naasa Securities Co. Ltd.,Naasa Securities Co. Ltd.,2026-04-17 13:47:21.705978,NMB Bank Limited
2026041701029751,NMB,17,58,15,247.0,3705.0,2026-04-17,186878908,238,ABC Securities Private Limited,Naasa Securities Co. Ltd.,2026-04-17 13:47:47.726393,NMB Bank Limited
2026041701029935,NMB,47,58,200,247.0,49400.0,2026-04-17,186879858,238,Neev Securities Pvt. Ltd.,Naasa Securities Co. Ltd.,2026-04-17 13:49:42.632701,NMB Bank Limited
2026041701030074,NMB,58,41,200,246.9,49380.0,2026-04-17,186880565,238,Naasa Securities Co. Ltd.,Linch Stock Market Ltd.,2026-04-17 13:51:19.869785,NMB Bank Limited
2026041701030144,NMB,58,58,10,247.0,2470.0,2026-04-17,186880844,238,Naasa Securities Co. Ltd.,Naasa Securities Co. Ltd.,2026-04-17 13:52:03.475757,NMB Bank Limited
2026041701030797,NMB,44,58,500,247.0,123500.0,2026-04-17,186883844,238,Dynamic Money Managers Securities Pvt. Ltd.,Naasa Securities Co. Ltd.,2026-04-17 13:59:02.033844,NMB Bank Limited
2026041701033702,NMB,58,58,35,247.0,8645.0,2026-04-17,186892390,238,Naasa Securities Co. Ltd.,Naasa Securities Co. Ltd.,2026-04-17 14:07:50.405238,NMB Bank Limited
2026041701034886,NMB,7,58,200,247.0,49400.0,2026-04-17,186897300,238,J.F. Securites (PVT) Ltd.,Naasa Securities Co. Ltd.,2026-04-17 14:14:07.362769,NMB Bank Limited
2026041701036431,NMB,49,58,20,247.0,4940.0,2026-04-17,186904748,238,Online Securities Pvt. Ltd.,Naasa Securities Co. Ltd.,2026-04-17 14:24:05.480484,NMB Bank Limited
2026041701036974,NMB,54,34,29,246.6,7151.4,2026-04-17,186906975,238,Sewa Securities Pvt. Ltd.,Vision Securities Pvt. Ltd,2026-04-17 14:26:50.632452,NMB Bank Limited
2026041701037070,NMB,54,58,73,247.0,18031.0,2026-04-17,186907358,238,Sewa Securities Pvt. Ltd.,Naasa Securities Co. Ltd.,2026-04-17 14:27:33.741637,NMB Bank Limited
2026041701038026,NMB,54,76,11,246.6,2712.6,2026-04-17,186911238,238,Sewa Securities Pvt. Ltd.,Machhapuchchhre Securities Limited,2026-04-17 14:32:44.560042,NMB Bank Limited
2026041701038027,NMB,3,76,289,246.6,71267.4,2026-04-17,186911239,238,Arun Securities (PVT) Ltd.,Machhapuchchhre Securities Limited,2026-04-17 14:32:44.560079,NMB Bank Limited
2026041701038782,NMB,22,58,1000,247.0,247000.0,2026-04-17,186914640,238,Siprabi Securities Pvt. Ltd.,Naasa Securities Co. Ltd.,2026-04-17 14:37:02.515886,NMB Bank Limited
2026041701038855,NMB,22,58,2000,247.0,494000.0,2026-04-17,186914834,238,Siprabi Securities Pvt. Ltd.,Naasa Securities Co. Ltd.,2026-04-17 14:37:11.802163,NMB Bank Limited
2026041701038902,NMB,22,58,2000,247.0,494000.0,2026-04-17,186915058,238,Siprabi Securities Pvt. Ltd.,Naasa Securities Co. Ltd.,2026-04-17 14:37:33.574571,NMB Bank Limited
2026041701039010,NMB,22,58,2000,247.0,494000.0,2026-04-17,186915518,238,Siprabi Securities Pvt. Ltd.,Naasa Securities Co. Ltd.,2026-04-17 14:38:11.469343,NMB Bank Limited
2026041701039706,NMB,22,58,2000,247.0,494000.0,2026-04-17,186918850,238,Siprabi Securities Pvt. Ltd.,Naasa Securities Co. Ltd.,2026-04-17 14:42:27.913942,NMB Bank Limited
2026041701039770,NMB,22,58,1535,247.0,379145.0,2026-04-17,186919175,238,Siprabi Securities Pvt. Ltd.,Naasa Securities Co. Ltd.,2026-04-17 14:42:52.252043,NMB Bank Limited
2026041701039771,NMB,22,5,15,247.0,3705.0,2026-04-17,186919177,238,Siprabi Securities Pvt. Ltd.,Market Securities & Exchange (PVT) Ltd.,2026-04-17 14:42:52.252337,NMB Bank Limited
2026041701039772,NMB,22,14,450,247.0,111150.0,2026-04-17,186919180,238,Siprabi Securities Pvt. Ltd.,Nepal Stock House (PVT) Ltd.,2026-04-17 14:42:52.252522,NMB Bank Limited
2026041701039808,NMB,22,14,112,247.0,27664.0,2026-04-17,186919345,238,Siprabi Securities Pvt. Ltd.,Nepal Stock House (PVT) Ltd.,2026-04-17 14:43:06.127180,NMB Bank Limited
2026041701039809,NMB,22,1,378,247.0,93366.0,2026-04-17,186919347,238,Siprabi Securities Pvt. Ltd.,Kumari Securities Private Limited,2026-04-17 14:43:06.127499,NMB Bank Limited
2026041701039810,NMB,22,57,55,247.0,13585.0,2026-04-17,186919349,238,Siprabi Securities Pvt. Ltd.,Aryatara Investment & Securities,2026-04-17 14:43:06.127690,NMB Bank Limited
2026041701039811,NMB,22,42,55,247.0,13585.0,2026-04-17,186919352,238,Siprabi Securities Pvt. Ltd.,Sani Securities Company Ltd.,2026-04-17 14:43:06.127874,NMB Bank Limited
2026041701039847,NMB,22,57,10,248.5,2485.0,2026-04-17,186919576,238,Siprabi Securities Pvt. Ltd.,Aryatara Investment & Securities,2026-04-17 14:43:18.466500,NMB Bank Limited
2026041701041135,NMB,42,57,400,248.5,99400.0,2026-04-17,186924520,238,Sani Securities Company Ltd.,Aryatara Investment & Securities,2026-04-17 14:48:29.506632,NMB Bank Limited
2026041701042403,NMB,37,57,17,248.5,4224.5,2026-04-17,186928887,238,Swarna Laxmi Securities Pvt. Ltd.,Aryatara Investment & Securities,2026-04-17 14:51:16.678739,NMB Bank Limited
2026041701042599,NMB,29,39,20,249.1,4982.0,2026-04-17,186929905,238,Trisul Securities & Invt. Ltd.,Sumeru Securities Pvt. Ltd.,2026-04-17 14:51:57.279242,NMB Bank Limited
2026041701042600,NMB,29,33,10,249.9,2499.0,2026-04-17,186929908,238,Trisul Securities & Invt. Ltd.,Dakshinkali Investment & Securities Pvt. Ltd.,2026-04-17 14:51:57.279280,NMB Bank Limited
2026041701045137,NMB,41,32,50,248.5,12425.0,2026-04-17,186942603,238,Linch Stock Market Ltd.,Premier Securities Company Ltd.,2026-04-17 14:59:04.144381,NMB Bank Limited
2026041701045144,NMB,66,45,200,248.4,49680.0,2026-04-17,186942672,238,Miyo Securities Pvt Ltd,Imperial Securities Company Pvt. Ltd.,2026-04-17 14:59:04.815829,NMB Bank Limited
2026041701045145,NMB,11,45,20,248.2,4964.0,2026-04-17,186942674,238,Malla & Malla Stock Broking Company Pvt. Limited,Imperial Securities Company Pvt. Ltd.,2026-04-17 14:59:04.815977,NMB Bank Limited
2026041701045146,NMB,1,45,280,248.1,69468.0,2026-04-17,186942675,238,Kumari Securities Private Limited,Imperial Securities Company Pvt. Ltd.,2026-04-17 14:59:04.816058,NMB Bank Limited
2026041701045319,NMB,37,32,20,248.5,4970.0,2026-04-17,186943522,238,Swarna Laxmi Securities Pvt. Ltd.,Premier Securities Company Ltd.,2026-04-17 14:59:18.585141,NMB Bank Limited
2026041701045553,NMB,37,32,115,248.5,28577.5,2026-04-17,186944907,238,Swarna Laxmi Securities Pvt. Ltd.,Premier Securities Company Ltd.,2026-04-17 14:59:37.047742,NMB Bank Limited
2026041701045554,NMB,37,54,50,248.5,12425.0,2026-04-17,186944909,238,Swarna Laxmi Securities Pvt. Ltd.,Sewa Securities Pvt. Ltd.,2026-04-17 14:59:37.047895,NMB Bank Limited
