contractId,stockSymbol,buyerMemberId,sellerMemberId,quantity,rate,amount,businessDate,tradeBookId,stockId,buyerBrokerName,sellerBrokerName,transaction_time,securityName
2026041704000621,RADHI,18,20,10,815.0,8150.0,2026-04-17,186760398,2776,Sagarmatha Securities Private Limited,Sipla Securities Private Limited,2026-04-17 11:07:45.848740,Radhi Bidyut Company Ltd
2026041704000648,RADHI,18,13,300,819.0,245700.0,2026-04-17,186760568,2776,Sagarmatha Securities Private Limited,Thrive Brokerage House Pvt. Ltd,2026-04-17 11:07:59.849020,Radhi Bidyut Company Ltd
2026041704001192,RADHI,34,50,100,814.5,81450.0,2026-04-17,186765661,2776,Vision Securities Pvt. Ltd,Cristal Kanchanjanga Securites Pvt. Ltd.,2026-04-17 11:15:01.434540,Radhi Bidyut Company Ltd
2026041704001801,RADHI,39,58,10,810.0,8100.0,2026-04-17,186770473,2776,Sumeru Securities Pvt. Ltd.,Naasa Securities Co. Ltd.,2026-04-17 11:19:37.101157,Radhi Bidyut Company Ltd
2026041704002601,RADHI,16,78,80,810.1,64808.0,2026-04-17,186778990,2776,Primo Securities (PVT) Ltd.,Garima Securities Limited,2026-04-17 11:28:41.078088,Radhi Bidyut Company Ltd
2026041704002602,RADHI,39,78,90,810.0,72900.0,2026-04-17,186778992,2776,Sumeru Securities Pvt. Ltd.,Garima Securities Limited,2026-04-17 11:28:41.078233,Radhi Bidyut Company Ltd
2026041704002603,RADHI,4,78,29,810.0,23490.0,2026-04-17,186778994,2776,Opal Securities Investment (PVT) Ltd.,Garima Securities Limited,2026-04-17 11:28:41.078276,Radhi Bidyut Company Ltd
2026041704002604,RADHI,59,78,42,810.0,34020.0,2026-04-17,186778996,2776,Deevyaa Securities & Stock House Pvt. Ltd,Garima Securities Limited,2026-04-17 11:28:41.078341,Radhi Bidyut Company Ltd
2026041704002638,RADHI,38,11,10,808.1,8081.0,2026-04-17,186779239,2776,Dipshikha Dhitopatra Karobar Co. Pvt Ltd.,Malla & Malla Stock Broking Company Pvt. Limited,2026-04-17 11:29:00.730221,Radhi Bidyut Company Ltd
2026041704002699,RADHI,14,78,159,810.0,128790.0,2026-04-17,186780296,2776,Nepal Stock House (PVT) Ltd.,Garima Securities Limited,2026-04-17 11:30:07.841739,Radhi Bidyut Company Ltd
2026041704003030,RADHI,38,95,490,808.1,395969.0,2026-04-17,186784081,2776,Dipshikha Dhitopatra Karobar Co. Pvt Ltd.,Magnet Securities and Investment Company Private Limited,2026-04-17 11:34:08.040521,Radhi Bidyut Company Ltd
2026041704003034,RADHI,18,95,500,808.0,404000.0,2026-04-17,186784237,2776,Sagarmatha Securities Private Limited,Magnet Securities and Investment Company Private Limited,2026-04-17 11:34:16.760050,Radhi Bidyut Company Ltd
2026041704003053,RADHI,32,95,10,807.0,8070.0,2026-04-17,186784460,2776,Premier Securities Company Ltd.,Magnet Securities and Investment Company Private Limited,2026-04-17 11:34:33.200970,Radhi Bidyut Company Ltd
2026041704003054,RADHI,58,95,20,807.0,16140.0,2026-04-17,186784462,2776,Naasa Securities Co. Ltd.,Magnet Securities and Investment Company Private Limited,2026-04-17 11:34:33.201157,Radhi Bidyut Company Ltd
2026041704003055,RADHI,39,95,200,807.0,161400.0,2026-04-17,186784463,2776,Sumeru Securities Pvt. Ltd.,Magnet Securities and Investment Company Private Limited,2026-04-17 11:34:33.201273,Radhi Bidyut Company Ltd
2026041704003173,RADHI,58,21,1500,805.9,1208850.0,2026-04-17,186785674,2776,Naasa Securities Co. Ltd.,Midas Stock Broking Company Private Limited,2026-04-17 11:35:52.940785,Radhi Bidyut Company Ltd
2026041704003174,RADHI,39,21,100,805.1,80510.0,2026-04-17,186785676,2776,Sumeru Securities Pvt. Ltd.,Midas Stock Broking Company Private Limited,2026-04-17 11:35:52.940881,Radhi Bidyut Company Ltd
2026041704003175,RADHI,75,21,150,805.0,120750.0,2026-04-17,186785678,2776,N.I.M.B. Stock Markets Limited,Midas Stock Broking Company Private Limited,2026-04-17 11:35:52.940937,Radhi Bidyut Company Ltd
2026041704003176,RADHI,34,21,10,805.0,8050.0,2026-04-17,186785680,2776,Vision Securities Pvt. Ltd,Midas Stock Broking Company Private Limited,2026-04-17 11:35:52.940990,Radhi Bidyut Company Ltd
2026041704003177,RADHI,62,21,500,805.0,402500.0,2026-04-17,186785682,2776,Capital Max Securities Ltd,Midas Stock Broking Company Private Limited,2026-04-17 11:35:52.941028,Radhi Bidyut Company Ltd
2026041704003178,RADHI,74,21,150,805.0,120750.0,2026-04-17,186785684,2776,KALASH STOCK MARKET PVT. LTD.,Midas Stock Broking Company Private Limited,2026-04-17 11:35:52.941066,Radhi Bidyut Company Ltd
2026041704003179,RADHI,52,21,50,805.0,40250.0,2026-04-17,186785686,2776,Sundhara Securities Limited,Midas Stock Broking Company Private Limited,2026-04-17 11:35:52.941105,Radhi Bidyut Company Ltd
2026041704003203,RADHI,75,95,10,804.1,8041.0,2026-04-17,186785867,2776,N.I.M.B. Stock Markets Limited,Magnet Securities and Investment Company Private Limited,2026-04-17 11:36:05.579093,Radhi Bidyut Company Ltd
2026041704003219,RADHI,75,95,53,804.1,42617.3,2026-04-17,186785997,2776,N.I.M.B. Stock Markets Limited,Magnet Securities and Investment Company Private Limited,2026-04-17 11:36:18.548889,Radhi Bidyut Company Ltd
2026041704003238,RADHI,81,21,10,812.0,8120.0,2026-04-17,186786208,2776,Aakashbhairab Securities Ltd.,Midas Stock Broking Company Private Limited,2026-04-17 11:36:32.496014,Radhi Bidyut Company Ltd
2026041704003302,RADHI,66,21,30,812.0,24360.0,2026-04-17,186786493,2776,Miyo Securities Pvt Ltd,Midas Stock Broking Company Private Limited,2026-04-17 11:36:49.647645,Radhi Bidyut Company Ltd
2026041704003303,RADHI,66,59,1000,813.0,813000.0,2026-04-17,186786495,2776,Miyo Securities Pvt Ltd,Deevyaa Securities & Stock House Pvt. Ltd,2026-04-17 11:36:49.647738,Radhi Bidyut Company Ltd
2026041704003304,RADHI,66,49,450,814.0,366300.0,2026-04-17,186786497,2776,Miyo Securities Pvt Ltd,Online Securities Pvt. Ltd.,2026-04-17 11:36:49.647814,Radhi Bidyut Company Ltd
2026041704003305,RADHI,66,14,520,818.0,425360.0,2026-04-17,186786500,2776,Miyo Securities Pvt Ltd,Nepal Stock House (PVT) Ltd.,2026-04-17 11:36:49.647881,Radhi Bidyut Company Ltd
2026041704003555,RADHI,35,36,500,816.0,408000.0,2026-04-17,186789637,2776,Kohinoor Investment & Securities Pvt. Ltd.,Secured Securities Ltd.,2026-04-17 11:40:45.875070,Radhi Bidyut Company Ltd
2026041704003556,RADHI,35,26,500,817.9,408950.0,2026-04-17,186789640,2776,Kohinoor Investment & Securities Pvt. Ltd.,Asian Securities Private Ltd.,2026-04-17 11:40:45.875269,Radhi Bidyut Company Ltd
2026041704003671,RADHI,39,49,20,806.0,16120.0,2026-04-17,186790842,2776,Sumeru Securities Pvt. Ltd.,Online Securities Pvt. Ltd.,2026-04-17 11:42:21.370567,Radhi Bidyut Company Ltd
2026041704003708,RADHI,32,49,10,806.0,8060.0,2026-04-17,186791336,2776,Premier Securities Company Ltd.,Online Securities Pvt. Ltd.,2026-04-17 11:43:05.937656,Radhi Bidyut Company Ltd
2026041704003711,RADHI,66,49,1227,806.0,988962.0,2026-04-17,186791385,2776,Miyo Securities Pvt Ltd,Online Securities Pvt. Ltd.,2026-04-17 11:43:09.186608,Radhi Bidyut Company Ltd
2026041704003718,RADHI,81,21,10,815.7,8157.0,2026-04-17,186791678,2776,Aakashbhairab Securities Ltd.,Midas Stock Broking Company Private Limited,2026-04-17 11:43:20.532344,Radhi Bidyut Company Ltd
2026041704003917,RADHI,66,57,10,806.0,8060.0,2026-04-17,186794370,2776,Miyo Securities Pvt Ltd,Aryatara Investment & Securities,2026-04-17 11:47:14.453121,Radhi Bidyut Company Ltd
2026041704003918,RADHI,58,57,20,806.0,16120.0,2026-04-17,186794371,2776,Naasa Securities Co. Ltd.,Aryatara Investment & Securities,2026-04-17 11:47:14.453344,Radhi Bidyut Company Ltd
2026041704003976,RADHI,4,45,4,803.0,3212.0,2026-04-17,186795063,2776,Opal Securities Investment (PVT) Ltd.,Imperial Securities Company Pvt. Ltd.,2026-04-17 11:48:08.273169,Radhi Bidyut Company Ltd
2026041704004146,RADHI,49,21,24,807.0,19368.0,2026-04-17,186796476,2776,Online Securities Pvt. Ltd.,Midas Stock Broking Company Private Limited,2026-04-17 11:49:58.071417,Radhi Bidyut Company Ltd
2026041704004147,RADHI,58,21,55,806.0,44330.0,2026-04-17,186796478,2776,Naasa Securities Co. Ltd.,Midas Stock Broking Company Private Limited,2026-04-17 11:49:58.071632,Radhi Bidyut Company Ltd
2026041704004148,RADHI,74,21,250,805.2,201300.0,2026-04-17,186796480,2776,KALASH STOCK MARKET PVT. LTD.,Midas Stock Broking Company Private Limited,2026-04-17 11:49:58.071763,Radhi Bidyut Company Ltd
2026041704004149,RADHI,50,21,161,805.1,129621.1,2026-04-17,186796481,2776,Cristal Kanchanjanga Securites Pvt. Ltd.,Midas Stock Broking Company Private Limited,2026-04-17 11:49:58.071898,Radhi Bidyut Company Ltd
2026041704004175,RADHI,50,21,339,805.1,272928.9,2026-04-17,186796786,2776,Cristal Kanchanjanga Securites Pvt. Ltd.,Midas Stock Broking Company Private Limited,2026-04-17 11:50:33.633061,Radhi Bidyut Company Ltd
2026041704004176,RADHI,56,21,30,805.0,24150.0,2026-04-17,186796788,2776,Sri Hari Securities Pvt. Ltd.,Midas Stock Broking Company Private Limited,2026-04-17 11:50:33.633154,Radhi Bidyut Company Ltd
2026041704004177,RADHI,71,21,500,805.0,402500.0,2026-04-17,186796790,2776,SHUBHAKAMANA SECURITIES PVT. LTD,Midas Stock Broking Company Private Limited,2026-04-17 11:50:33.633204,Radhi Bidyut Company Ltd
2026041704004253,RADHI,57,21,131,806.0,105586.0,2026-04-17,186797373,2776,Aryatara Investment & Securities,Midas Stock Broking Company Private Limited,2026-04-17 11:51:22.177597,Radhi Bidyut Company Ltd
2026041704004258,RADHI,57,60,200,806.0,161200.0,2026-04-17,186797449,2776,Aryatara Investment & Securities,Nagarik Stock Dealer ,2026-04-17 11:51:27.375223,Radhi Bidyut Company Ltd
2026041704004297,RADHI,57,84,669,806.0,539214.0,2026-04-17,186797878,2776,Aryatara Investment & Securities,MILKY WAY SHARE BROKER COMPANY LTD ,2026-04-17 11:51:58.579179,Radhi Bidyut Company Ltd
2026041704004298,RADHI,4,84,20,804.2,16084.0,2026-04-17,186797880,2776,Opal Securities Investment (PVT) Ltd.,MILKY WAY SHARE BROKER COMPANY LTD ,2026-04-17 11:51:58.579290,Radhi Bidyut Company Ltd
2026041704004299,RADHI,21,84,10,804.0,8040.0,2026-04-17,186797882,2776,Midas Stock Broking Company Private Limited,MILKY WAY SHARE BROKER COMPANY LTD ,2026-04-17 11:51:58.579352,Radhi Bidyut Company Ltd
2026041704004300,RADHI,6,84,100,804.0,80400.0,2026-04-17,186797884,2776,Agrawal Securities (PVT) Ltd.,MILKY WAY SHARE BROKER COMPANY LTD ,2026-04-17 11:51:58.579439,Radhi Bidyut Company Ltd
2026041704004301,RADHI,75,84,237,802.1,190097.7,2026-04-17,186797886,2776,N.I.M.B. Stock Markets Limited,MILKY WAY SHARE BROKER COMPANY LTD ,2026-04-17 11:51:58.579486,Radhi Bidyut Company Ltd
2026041704004302,RADHI,74,84,150,801.8,120270.0,2026-04-17,186797888,2776,KALASH STOCK MARKET PVT. LTD.,MILKY WAY SHARE BROKER COMPANY LTD ,2026-04-17 11:51:58.579530,Radhi Bidyut Company Ltd
2026041704004303,RADHI,66,84,5000,801.7,4008500.0,2026-04-17,186797890,2776,Miyo Securities Pvt Ltd,MILKY WAY SHARE BROKER COMPANY LTD ,2026-04-17 11:51:58.579572,Radhi Bidyut Company Ltd
2026041704004304,RADHI,46,84,10,801.7,8017.0,2026-04-17,186797892,2776,Kalika Securities Pvt. Ltd.,MILKY WAY SHARE BROKER COMPANY LTD ,2026-04-17 11:51:58.579612,Radhi Bidyut Company Ltd
2026041704004305,RADHI,57,84,400,801.7,320680.0,2026-04-17,186797894,2776,Aryatara Investment & Securities,MILKY WAY SHARE BROKER COMPANY LTD ,2026-04-17 11:51:58.579655,Radhi Bidyut Company Ltd
2026041704004306,RADHI,6,84,100,800.0,80000.0,2026-04-17,186797896,2776,Agrawal Securities (PVT) Ltd.,MILKY WAY SHARE BROKER COMPANY LTD ,2026-04-17 11:51:58.579695,Radhi Bidyut Company Ltd
2026041704004307,RADHI,49,84,40,800.0,32000.0,2026-04-17,186797898,2776,Online Securities Pvt. Ltd.,MILKY WAY SHARE BROKER COMPANY LTD ,2026-04-17 11:51:58.579741,Radhi Bidyut Company Ltd
2026041704004308,RADHI,50,84,500,800.0,400000.0,2026-04-17,186797900,2776,Cristal Kanchanjanga Securites Pvt. Ltd.,MILKY WAY SHARE BROKER COMPANY LTD ,2026-04-17 11:51:58.579781,Radhi Bidyut Company Ltd
2026041704004309,RADHI,86,84,100,800.0,80000.0,2026-04-17,186797902,2776,Stoxkarts Securities Limited,MILKY WAY SHARE BROKER COMPANY LTD ,2026-04-17 11:51:58.579831,Radhi Bidyut Company Ltd
2026041704004310,RADHI,16,84,2000,800.0,1600000.0,2026-04-17,186797904,2776,Primo Securities (PVT) Ltd.,MILKY WAY SHARE BROKER COMPANY LTD ,2026-04-17 11:51:58.579874,Radhi Bidyut Company Ltd
2026041704004311,RADHI,39,84,10,800.0,8000.0,2026-04-17,186797906,2776,Sumeru Securities Pvt. Ltd.,MILKY WAY SHARE BROKER COMPANY LTD ,2026-04-17 11:51:58.579921,Radhi Bidyut Company Ltd
2026041704004312,RADHI,7,84,11,800.0,8800.0,2026-04-17,186797908,2776,J.F. Securites (PVT) Ltd.,MILKY WAY SHARE BROKER COMPANY LTD ,2026-04-17 11:51:58.579957,Radhi Bidyut Company Ltd
2026041704004313,RADHI,34,84,10,800.0,8000.0,2026-04-17,186797910,2776,Vision Securities Pvt. Ltd,MILKY WAY SHARE BROKER COMPANY LTD ,2026-04-17 11:51:58.579992,Radhi Bidyut Company Ltd
2026041704004375,RADHI,54,66,54,800.0,43200.0,2026-04-17,186798329,2776,Sewa Securities Pvt. Ltd.,Miyo Securities Pvt Ltd,2026-04-17 11:52:28.724712,Radhi Bidyut Company Ltd
2026041704004555,RADHI,74,26,120,802.0,96240.0,2026-04-17,186799611,2776,KALASH STOCK MARKET PVT. LTD.,Asian Securities Private Ltd.,2026-04-17 11:54:18.561679,Radhi Bidyut Company Ltd
2026041704004617,RADHI,81,47,10,807.0,8070.0,2026-04-17,186800026,2776,Aakashbhairab Securities Ltd.,Neev Securities Pvt. Ltd.,2026-04-17 11:54:46.012717,Radhi Bidyut Company Ltd
2026041704004653,RADHI,81,59,10,812.0,8120.0,2026-04-17,186800292,2776,Aakashbhairab Securities Ltd.,Deevyaa Securities & Stock House Pvt. Ltd,2026-04-17 11:55:13.370410,Radhi Bidyut Company Ltd
2026041704004992,RADHI,39,17,100,800.3,80030.0,2026-04-17,186802886,2776,Sumeru Securities Pvt. Ltd.,ABC Securities Private Limited,2026-04-17 11:58:24.043430,Radhi Bidyut Company Ltd
2026041704004993,RADHI,53,17,100,800.2,80020.0,2026-04-17,186802888,2776,Investment Management Nepal Pvt. Ltd.,ABC Securities Private Limited,2026-04-17 11:58:24.043536,Radhi Bidyut Company Ltd
2026041704004994,RADHI,54,17,106,800.0,84800.0,2026-04-17,186802890,2776,Sewa Securities Pvt. Ltd.,ABC Securities Private Limited,2026-04-17 11:58:24.043610,Radhi Bidyut Company Ltd
2026041704004995,RADHI,6,17,50,800.0,40000.0,2026-04-17,186802892,2776,Agrawal Securities (PVT) Ltd.,ABC Securities Private Limited,2026-04-17 11:58:24.043679,Radhi Bidyut Company Ltd
2026041704004996,RADHI,26,17,99,800.0,79200.0,2026-04-17,186802893,2776,Asian Securities Private Ltd.,ABC Securities Private Limited,2026-04-17 11:58:24.043743,Radhi Bidyut Company Ltd
2026041704005040,RADHI,81,26,10,809.0,8090.0,2026-04-17,186803310,2776,Aakashbhairab Securities Ltd.,Asian Securities Private Ltd.,2026-04-17 11:59:00.343209,Radhi Bidyut Company Ltd
2026041704005173,RADHI,39,22,100,800.1,80010.0,2026-04-17,186804288,2776,Sumeru Securities Pvt. Ltd.,Siprabi Securities Pvt. Ltd.,2026-04-17 12:00:05.755913,Radhi Bidyut Company Ltd
2026041704005174,RADHI,26,22,48,800.0,38400.0,2026-04-17,186804290,2776,Asian Securities Private Ltd.,Siprabi Securities Pvt. Ltd.,2026-04-17 12:00:05.756140,Radhi Bidyut Company Ltd
2026041704005175,RADHI,36,22,52,800.0,41600.0,2026-04-17,186804291,2776,Secured Securities Ltd.,Siprabi Securities Pvt. Ltd.,2026-04-17 12:00:05.756277,Radhi Bidyut Company Ltd
2026041704005264,RADHI,81,26,10,809.0,8090.0,2026-04-17,186804886,2776,Aakashbhairab Securities Ltd.,Asian Securities Private Ltd.,2026-04-17 12:00:41.231795,Radhi Bidyut Company Ltd
2026041704005486,RADHI,58,14,25,801.0,20025.0,2026-04-17,186806290,2776,Naasa Securities Co. Ltd.,Nepal Stock House (PVT) Ltd.,2026-04-17 12:02:23.105079,Radhi Bidyut Company Ltd
2026041704005487,RADHI,39,14,100,800.1,80010.0,2026-04-17,186806292,2776,Sumeru Securities Pvt. Ltd.,Nepal Stock House (PVT) Ltd.,2026-04-17 12:02:23.105348,Radhi Bidyut Company Ltd
2026041704005488,RADHI,36,14,98,800.0,78400.0,2026-04-17,186806294,2776,Secured Securities Ltd.,Nepal Stock House (PVT) Ltd.,2026-04-17 12:02:23.105492,Radhi Bidyut Company Ltd
2026041704005489,RADHI,44,14,100,800.0,80000.0,2026-04-17,186806296,2776,Dynamic Money Managers Securities Pvt. Ltd.,Nepal Stock House (PVT) Ltd.,2026-04-17 12:02:23.105621,Radhi Bidyut Company Ltd
2026041704005490,RADHI,86,14,77,800.0,61600.0,2026-04-17,186806297,2776,Stoxkarts Securities Limited,Nepal Stock House (PVT) Ltd.,2026-04-17 12:02:23.105750,Radhi Bidyut Company Ltd
2026041704005523,RADHI,81,26,10,809.0,8090.0,2026-04-17,186806468,2776,Aakashbhairab Securities Ltd.,Asian Securities Private Ltd.,2026-04-17 12:02:36.709872,Radhi Bidyut Company Ltd
2026041704005828,RADHI,86,82,23,800.0,18400.0,2026-04-17,186808830,2776,Stoxkarts Securities Limited,N.M.B. SECURITIES LIMITED,2026-04-17 12:05:05.230294,Radhi Bidyut Company Ltd
2026041704005836,RADHI,4,42,50,800.0,40000.0,2026-04-17,186808848,2776,Opal Securities Investment (PVT) Ltd.,Sani Securities Company Ltd.,2026-04-17 12:05:06.275104,Radhi Bidyut Company Ltd
2026041704006008,RADHI,32,60,10,799.1,7991.0,2026-04-17,186809884,2776,Premier Securities Company Ltd.,Nagarik Stock Dealer ,2026-04-17 12:06:30.579238,Radhi Bidyut Company Ltd
2026041704006009,RADHI,50,60,190,799.0,151810.0,2026-04-17,186809885,2776,Cristal Kanchanjanga Securites Pvt. Ltd.,Nagarik Stock Dealer ,2026-04-17 12:06:30.579378,Radhi Bidyut Company Ltd
2026041704006118,RADHI,59,42,200,800.0,160000.0,2026-04-17,186810696,2776,Deevyaa Securities & Stock House Pvt. Ltd,Sani Securities Company Ltd.,2026-04-17 12:07:28.714279,Radhi Bidyut Company Ltd
2026041704006240,RADHI,20,50,50,800.0,40000.0,2026-04-17,186811873,2776,Sipla Securities Private Limited,Cristal Kanchanjanga Securites Pvt. Ltd.,2026-04-17 12:08:53.982292,Radhi Bidyut Company Ltd
2026041704006335,RADHI,81,14,10,806.9,8069.0,2026-04-17,186812582,2776,Aakashbhairab Securities Ltd.,Nepal Stock House (PVT) Ltd.,2026-04-17 12:09:48.987712,Radhi Bidyut Company Ltd
2026041704006538,RADHI,49,5,100,800.1,80010.0,2026-04-17,186813578,2776,Online Securities Pvt. Ltd.,Market Securities & Exchange (PVT) Ltd.,2026-04-17 12:10:49.326053,Radhi Bidyut Company Ltd
2026041704006539,RADHI,20,5,50,800.0,40000.0,2026-04-17,186813579,2776,Sipla Securities Private Limited,Market Securities & Exchange (PVT) Ltd.,2026-04-17 12:10:49.326398,Radhi Bidyut Company Ltd
2026041704006952,RADHI,81,58,10,804.0,8040.0,2026-04-17,186816501,2776,Aakashbhairab Securities Ltd.,Naasa Securities Co. Ltd.,2026-04-17 12:13:44.654689,Radhi Bidyut Company Ltd
2026041704006953,RADHI,81,60,10,805.0,8050.0,2026-04-17,186816504,2776,Aakashbhairab Securities Ltd.,Nagarik Stock Dealer ,2026-04-17 12:13:44.654829,Radhi Bidyut Company Ltd
2026041704007091,RADHI,36,14,10,799.2,7992.0,2026-04-17,186817455,2776,Secured Securities Ltd.,Nepal Stock House (PVT) Ltd.,2026-04-17 12:14:59.587528,Radhi Bidyut Company Ltd
2026041704007101,RADHI,81,60,10,805.0,8050.0,2026-04-17,186817578,2776,Aakashbhairab Securities Ltd.,Nagarik Stock Dealer ,2026-04-17 12:15:11.624599,Radhi Bidyut Company Ltd
2026041704007445,RADHI,4,60,25,805.0,20125.0,2026-04-17,186820304,2776,Opal Securities Investment (PVT) Ltd.,Nagarik Stock Dealer ,2026-04-17 12:18:29.795465,Radhi Bidyut Company Ltd
2026041704007657,RADHI,36,14,10,799.2,7992.0,2026-04-17,186822166,2776,Secured Securities Ltd.,Nepal Stock House (PVT) Ltd.,2026-04-17 12:20:30.947185,Radhi Bidyut Company Ltd
2026041704007658,RADHI,39,14,10,799.1,7991.0,2026-04-17,186822168,2776,Sumeru Securities Pvt. Ltd.,Nepal Stock House (PVT) Ltd.,2026-04-17 12:20:30.947452,Radhi Bidyut Company Ltd
2026041704007659,RADHI,52,14,20,799.1,15982.0,2026-04-17,186822170,2776,Sundhara Securities Limited,Nepal Stock House (PVT) Ltd.,2026-04-17 12:20:30.947613,Radhi Bidyut Company Ltd
2026041704007660,RADHI,50,14,10,799.0,7990.0,2026-04-17,186822172,2776,Cristal Kanchanjanga Securites Pvt. Ltd.,Nepal Stock House (PVT) Ltd.,2026-04-17 12:20:30.947768,Radhi Bidyut Company Ltd
2026041704007661,RADHI,58,14,30,799.0,23970.0,2026-04-17,186822174,2776,Naasa Securities Co. Ltd.,Nepal Stock House (PVT) Ltd.,2026-04-17 12:20:30.947959,Radhi Bidyut Company Ltd
2026041704007662,RADHI,7,14,120,799.0,95880.0,2026-04-17,186822175,2776,J.F. Securites (PVT) Ltd.,Nepal Stock House (PVT) Ltd.,2026-04-17 12:20:30.948108,Radhi Bidyut Company Ltd
2026041704007691,RADHI,36,14,200,799.0,159800.0,2026-04-17,186822513,2776,Secured Securities Ltd.,Nepal Stock House (PVT) Ltd.,2026-04-17 12:20:57.496514,Radhi Bidyut Company Ltd
2026041704007722,RADHI,81,45,10,804.9,8049.0,2026-04-17,186822828,2776,Aakashbhairab Securities Ltd.,Imperial Securities Company Pvt. Ltd.,2026-04-17 12:21:22.939498,Radhi Bidyut Company Ltd
2026041704008071,RADHI,88,81,500,800.0,400000.0,2026-04-17,186825825,2776,Blue Chip Securities Ltd,Aakashbhairab Securities Ltd.,2026-04-17 12:25:30.573203,Radhi Bidyut Company Ltd
2026041704008255,RADHI,48,45,50,803.0,40150.0,2026-04-17,186827726,2776,Trishakti Securities Public Limited,Imperial Securities Company Pvt. Ltd.,2026-04-17 12:28:14.177585,Radhi Bidyut Company Ltd
2026041704008307,RADHI,17,45,140,803.0,112420.0,2026-04-17,186827969,2776,ABC Securities Private Limited,Imperial Securities Company Pvt. Ltd.,2026-04-17 12:28:29.645443,Radhi Bidyut Company Ltd
2026041704008308,RADHI,17,34,100,803.0,80300.0,2026-04-17,186827972,2776,ABC Securities Private Limited,Vision Securities Pvt. Ltd,2026-04-17 12:28:29.645597,Radhi Bidyut Company Ltd
2026041704008325,RADHI,35,43,1000,804.0,804000.0,2026-04-17,186828250,2776,Kohinoor Investment & Securities Pvt. Ltd.,South Asian Bulls Pvt. Ltd.,2026-04-17 12:28:58.459694,Radhi Bidyut Company Ltd
2026041704008742,RADHI,33,81,3000,804.0,2412000.0,2026-04-17,186832420,2776,Dakshinkali Investment & Securities Pvt. Ltd.,Aakashbhairab Securities Ltd.,2026-04-17 12:34:01.169428,Radhi Bidyut Company Ltd
2026041704008831,RADHI,81,84,10,804.8,8048.0,2026-04-17,186833421,2776,Aakashbhairab Securities Ltd.,MILKY WAY SHARE BROKER COMPANY LTD ,2026-04-17 12:35:32.305932,Radhi Bidyut Company Ltd
2026041704008832,RADHI,81,60,10,805.0,8050.0,2026-04-17,186833424,2776,Aakashbhairab Securities Ltd.,Nagarik Stock Dealer ,2026-04-17 12:35:32.306281,Radhi Bidyut Company Ltd
2026041704009027,RADHI,63,60,42,805.0,33810.0,2026-04-17,186835020,2776,Himalayan Brokerage Company Limited,Nagarik Stock Dealer ,2026-04-17 12:37:55.052091,Radhi Bidyut Company Ltd
2026041704009148,RADHI,4,84,30,802.1,24063.0,2026-04-17,186836196,2776,Opal Securities Investment (PVT) Ltd.,MILKY WAY SHARE BROKER COMPANY LTD ,2026-04-17 12:39:48.773036,Radhi Bidyut Company Ltd
2026041704009149,RADHI,60,84,40,802.0,32080.0,2026-04-17,186836198,2776,Nagarik Stock Dealer ,MILKY WAY SHARE BROKER COMPANY LTD ,2026-04-17 12:39:48.773336,Radhi Bidyut Company Ltd
2026041704009150,RADHI,62,84,40,802.0,32080.0,2026-04-17,186836200,2776,Capital Max Securities Ltd,MILKY WAY SHARE BROKER COMPANY LTD ,2026-04-17 12:39:48.773516,Radhi Bidyut Company Ltd
2026041704009151,RADHI,63,84,100,801.7,80170.0,2026-04-17,186836202,2776,Himalayan Brokerage Company Limited,MILKY WAY SHARE BROKER COMPANY LTD ,2026-04-17 12:39:48.773690,Radhi Bidyut Company Ltd
2026041704009152,RADHI,63,84,100,801.5,80150.0,2026-04-17,186836204,2776,Himalayan Brokerage Company Limited,MILKY WAY SHARE BROKER COMPANY LTD ,2026-04-17 12:39:48.773864,Radhi Bidyut Company Ltd
2026041704009153,RADHI,74,84,323,801.5,258884.5,2026-04-17,186836205,2776,KALASH STOCK MARKET PVT. LTD.,MILKY WAY SHARE BROKER COMPANY LTD ,2026-04-17 12:39:48.774033,Radhi Bidyut Company Ltd
2026041704009235,RADHI,81,34,10,805.0,8050.0,2026-04-17,186836926,2776,Aakashbhairab Securities Ltd.,Vision Securities Pvt. Ltd,2026-04-17 12:41:03.530631,Radhi Bidyut Company Ltd
2026041704009406,RADHI,6,47,1,790.0,790.0,2026-04-17,186838639,2776,Agrawal Securities (PVT) Ltd.,Neev Securities Pvt. Ltd.,2026-04-17 12:43:37.967889,Radhi Bidyut Company Ltd
2026041704009464,RADHI,6,82,7,800.0,5600.0,2026-04-17,186839067,2776,Agrawal Securities (PVT) Ltd.,N.M.B. SECURITIES LIMITED,2026-04-17 12:44:11.348036,Radhi Bidyut Company Ltd
2026041704009479,RADHI,4,34,27,805.0,21735.0,2026-04-17,186839246,2776,Opal Securities Investment (PVT) Ltd.,Vision Securities Pvt. Ltd,2026-04-17 12:44:32.807899,Radhi Bidyut Company Ltd
2026041704009496,RADHI,58,34,163,805.0,131215.0,2026-04-17,186839377,2776,Naasa Securities Co. Ltd.,Vision Securities Pvt. Ltd,2026-04-17 12:44:46.156562,Radhi Bidyut Company Ltd
2026041704009497,RADHI,58,57,160,805.0,128800.0,2026-04-17,186839379,2776,Naasa Securities Co. Ltd.,Aryatara Investment & Securities,2026-04-17 12:44:46.156681,Radhi Bidyut Company Ltd
2026041704009498,RADHI,58,45,200,805.0,161000.0,2026-04-17,186839381,2776,Naasa Securities Co. Ltd.,Imperial Securities Company Pvt. Ltd.,2026-04-17 12:44:46.156757,Radhi Bidyut Company Ltd
2026041704009499,RADHI,58,14,190,806.9,153311.0,2026-04-17,186839383,2776,Naasa Securities Co. Ltd.,Nepal Stock House (PVT) Ltd.,2026-04-17 12:44:46.156835,Radhi Bidyut Company Ltd
2026041704009500,RADHI,58,81,287,808.0,231896.0,2026-04-17,186839386,2776,Naasa Securities Co. Ltd.,Aakashbhairab Securities Ltd.,2026-04-17 12:44:46.156912,Radhi Bidyut Company Ltd
2026041704009529,RADHI,66,81,1713,808.0,1384104.0,2026-04-17,186839623,2776,Miyo Securities Pvt Ltd,Aakashbhairab Securities Ltd.,2026-04-17 12:45:14.453420,Radhi Bidyut Company Ltd
2026041704009530,RADHI,66,43,1000,809.9,809900.0,2026-04-17,186839625,2776,Miyo Securities Pvt Ltd,South Asian Bulls Pvt. Ltd.,2026-04-17 12:45:14.453592,Radhi Bidyut Company Ltd
2026041704009531,RADHI,66,48,300,810.0,243000.0,2026-04-17,186839627,2776,Miyo Securities Pvt Ltd,Trishakti Securities Public Limited,2026-04-17 12:45:14.453657,Radhi Bidyut Company Ltd
2026041704009532,RADHI,66,14,1987,810.0,1609470.0,2026-04-17,186839630,2776,Miyo Securities Pvt Ltd,Nepal Stock House (PVT) Ltd.,2026-04-17 12:45:14.453716,Radhi Bidyut Company Ltd
2026041704009587,RADHI,33,14,13,810.0,10530.0,2026-04-17,186840133,2776,Dakshinkali Investment & Securities Pvt. Ltd.,Nepal Stock House (PVT) Ltd.,2026-04-17 12:45:53.564291,Radhi Bidyut Company Ltd
2026041704009588,RADHI,33,42,37,810.0,29970.0,2026-04-17,186840135,2776,Dakshinkali Investment & Securities Pvt. Ltd.,Sani Securities Company Ltd.,2026-04-17 12:45:53.564462,Radhi Bidyut Company Ltd
2026041704009589,RADHI,33,74,500,810.0,405000.0,2026-04-17,186840137,2776,Dakshinkali Investment & Securities Pvt. Ltd.,KALASH STOCK MARKET PVT. LTD.,2026-04-17 12:45:53.564523,Radhi Bidyut Company Ltd
2026041704009590,RADHI,33,81,450,810.0,364500.0,2026-04-17,186840140,2776,Dakshinkali Investment & Securities Pvt. Ltd.,Aakashbhairab Securities Ltd.,2026-04-17 12:45:53.564580,Radhi Bidyut Company Ltd
2026041704009603,RADHI,66,81,550,810.0,445500.0,2026-04-17,186840285,2776,Miyo Securities Pvt Ltd,Aakashbhairab Securities Ltd.,2026-04-17 12:46:10.905747,Radhi Bidyut Company Ltd
2026041704009604,RADHI,66,48,200,810.5,162100.0,2026-04-17,186840287,2776,Miyo Securities Pvt Ltd,Trishakti Securities Public Limited,2026-04-17 12:46:10.905805,Radhi Bidyut Company Ltd
2026041704009605,RADHI,66,60,111,811.0,90021.0,2026-04-17,186840289,2776,Miyo Securities Pvt Ltd,Nagarik Stock Dealer ,2026-04-17 12:46:10.905840,Radhi Bidyut Company Ltd
2026041704009606,RADHI,66,59,139,812.0,112868.0,2026-04-17,186840292,2776,Miyo Securities Pvt Ltd,Deevyaa Securities & Stock House Pvt. Ltd,2026-04-17 12:46:10.905864,Radhi Bidyut Company Ltd
2026041704010131,RADHI,33,58,13,808.0,10504.0,2026-04-17,186844345,2776,Dakshinkali Investment & Securities Pvt. Ltd.,Naasa Securities Co. Ltd.,2026-04-17 12:51:40.304796,Radhi Bidyut Company Ltd
2026041704010132,RADHI,33,81,487,810.0,394470.0,2026-04-17,186844348,2776,Dakshinkali Investment & Securities Pvt. Ltd.,Aakashbhairab Securities Ltd.,2026-04-17 12:51:40.304950,Radhi Bidyut Company Ltd
2026041704010281,RADHI,94,81,500,805.0,402500.0,2026-04-17,186845219,2776,K.B.L. Securities Limited ,Aakashbhairab Securities Ltd.,2026-04-17 12:52:43.284163,Radhi Bidyut Company Ltd
2026041704010297,RADHI,59,81,500,810.0,405000.0,2026-04-17,186845416,2776,Deevyaa Securities & Stock House Pvt. Ltd,Aakashbhairab Securities Ltd.,2026-04-17 12:52:52.773424,Radhi Bidyut Company Ltd
2026041704010320,RADHI,38,40,15,805.0,12075.0,2026-04-17,186845580,2776,Dipshikha Dhitopatra Karobar Co. Pvt Ltd.,Creative Securities Pvt Ltd,2026-04-17 12:53:01.405956,Radhi Bidyut Company Ltd
2026041704010321,RADHI,38,40,50,804.0,40200.0,2026-04-17,186845582,2776,Dipshikha Dhitopatra Karobar Co. Pvt Ltd.,Creative Securities Pvt Ltd,2026-04-17 12:53:01.406035,Radhi Bidyut Company Ltd
2026041704010322,RADHI,85,40,200,804.0,160800.0,2026-04-17,186845584,2776,Capital Hub P. Ltd,Creative Securities Pvt Ltd,2026-04-17 12:53:01.406108,Radhi Bidyut Company Ltd
2026041704010323,RADHI,57,40,35,803.1,28108.5,2026-04-17,186845585,2776,Aryatara Investment & Securities,Creative Securities Pvt Ltd,2026-04-17 12:53:01.406134,Radhi Bidyut Company Ltd
2026041704010506,RADHI,57,81,15,803.1,12046.5,2026-04-17,186846906,2776,Aryatara Investment & Securities,Aakashbhairab Securities Ltd.,2026-04-17 12:54:36.110181,Radhi Bidyut Company Ltd
2026041704010507,RADHI,38,81,50,803.0,40150.0,2026-04-17,186846908,2776,Dipshikha Dhitopatra Karobar Co. Pvt Ltd.,Aakashbhairab Securities Ltd.,2026-04-17 12:54:36.110503,Radhi Bidyut Company Ltd
2026041704010508,RADHI,5,81,100,802.6,80260.0,2026-04-17,186846910,2776,Market Securities & Exchange (PVT) Ltd.,Aakashbhairab Securities Ltd.,2026-04-17 12:54:36.110710,Radhi Bidyut Company Ltd
2026041704010509,RADHI,58,81,100,802.5,80250.0,2026-04-17,186846912,2776,Naasa Securities Co. Ltd.,Aakashbhairab Securities Ltd.,2026-04-17 12:54:36.110871,Radhi Bidyut Company Ltd
2026041704010510,RADHI,88,81,500,802.0,401000.0,2026-04-17,186846914,2776,Blue Chip Securities Ltd,Aakashbhairab Securities Ltd.,2026-04-17 12:54:36.111027,Radhi Bidyut Company Ltd
2026041704010511,RADHI,40,81,550,802.0,441100.0,2026-04-17,186846916,2776,Creative Securities Pvt Ltd,Aakashbhairab Securities Ltd.,2026-04-17 12:54:36.111199,Radhi Bidyut Company Ltd
2026041704010512,RADHI,50,81,200,801.7,160340.0,2026-04-17,186846918,2776,Cristal Kanchanjanga Securites Pvt. Ltd.,Aakashbhairab Securities Ltd.,2026-04-17 12:54:36.111374,Radhi Bidyut Company Ltd
2026041704010513,RADHI,57,81,200,801.5,160300.0,2026-04-17,186846920,2776,Aryatara Investment & Securities,Aakashbhairab Securities Ltd.,2026-04-17 12:54:36.111540,Radhi Bidyut Company Ltd
2026041704010514,RADHI,36,81,500,801.0,400500.0,2026-04-17,186846922,2776,Secured Securities Ltd.,Aakashbhairab Securities Ltd.,2026-04-17 12:54:36.111707,Radhi Bidyut Company Ltd
2026041704010515,RADHI,58,81,50,800.5,40025.0,2026-04-17,186846924,2776,Naasa Securities Co. Ltd.,Aakashbhairab Securities Ltd.,2026-04-17 12:54:36.111866,Radhi Bidyut Company Ltd
2026041704010516,RADHI,68,81,79,800.0,63200.0,2026-04-17,186846926,2776,Elite Stock House Limited,Aakashbhairab Securities Ltd.,2026-04-17 12:54:36.112023,Radhi Bidyut Company Ltd
2026041704010517,RADHI,41,81,70,800.0,56000.0,2026-04-17,186846928,2776,Linch Stock Market Ltd.,Aakashbhairab Securities Ltd.,2026-04-17 12:54:36.112180,Radhi Bidyut Company Ltd
2026041704010518,RADHI,6,81,100,800.0,80000.0,2026-04-17,186846930,2776,Agrawal Securities (PVT) Ltd.,Aakashbhairab Securities Ltd.,2026-04-17 12:54:36.112347,Radhi Bidyut Company Ltd
2026041704010519,RADHI,38,81,50,800.0,40000.0,2026-04-17,186846932,2776,Dipshikha Dhitopatra Karobar Co. Pvt Ltd.,Aakashbhairab Securities Ltd.,2026-04-17 12:54:36.112526,Radhi Bidyut Company Ltd
2026041704010520,RADHI,81,81,400,800.0,320000.0,2026-04-17,186846934,2776,Aakashbhairab Securities Ltd.,Aakashbhairab Securities Ltd.,2026-04-17 12:54:36.112692,Radhi Bidyut Company Ltd
2026041704010541,RADHI,57,60,50,799.1,39955.0,2026-04-17,186847110,2776,Aryatara Investment & Securities,Nagarik Stock Dealer ,2026-04-17 12:54:47.246617,Radhi Bidyut Company Ltd
2026041704010542,RADHI,32,60,10,799.1,7991.0,2026-04-17,186847112,2776,Premier Securities Company Ltd.,Nagarik Stock Dealer ,2026-04-17 12:54:47.246887,Radhi Bidyut Company Ltd
2026041704010543,RADHI,88,60,500,799.1,399550.0,2026-04-17,186847114,2776,Blue Chip Securities Ltd,Nagarik Stock Dealer ,2026-04-17 12:54:47.247047,Radhi Bidyut Company Ltd
2026041704010544,RADHI,38,60,50,799.1,39955.0,2026-04-17,186847116,2776,Dipshikha Dhitopatra Karobar Co. Pvt Ltd.,Nagarik Stock Dealer ,2026-04-17 12:54:47.247209,Radhi Bidyut Company Ltd
2026041704010545,RADHI,45,60,10,799.0,7990.0,2026-04-17,186847118,2776,Imperial Securities Company Pvt. Ltd.,Nagarik Stock Dealer ,2026-04-17 12:54:47.247384,Radhi Bidyut Company Ltd
2026041704010546,RADHI,46,60,10,799.0,7990.0,2026-04-17,186847120,2776,Kalika Securities Pvt. Ltd.,Nagarik Stock Dealer ,2026-04-17 12:54:47.247539,Radhi Bidyut Company Ltd
2026041704010547,RADHI,6,60,70,799.0,55930.0,2026-04-17,186847121,2776,Agrawal Securities (PVT) Ltd.,Nagarik Stock Dealer ,2026-04-17 12:54:47.247689,Radhi Bidyut Company Ltd
2026041704010589,RADHI,6,45,30,799.0,23970.0,2026-04-17,186847390,2776,Agrawal Securities (PVT) Ltd.,Imperial Securities Company Pvt. Ltd.,2026-04-17 12:55:03.944195,Radhi Bidyut Company Ltd
2026041704010590,RADHI,42,45,500,799.0,399500.0,2026-04-17,186847392,2776,Sani Securities Company Ltd.,Imperial Securities Company Pvt. Ltd.,2026-04-17 12:55:03.944440,Radhi Bidyut Company Ltd
2026041704010698,RADHI,81,45,470,799.0,375530.0,2026-04-17,186847880,2776,Aakashbhairab Securities Ltd.,Imperial Securities Company Pvt. Ltd.,2026-04-17 12:55:42.965981,Radhi Bidyut Company Ltd
2026041704010713,RADHI,81,40,20,811.0,16220.0,2026-04-17,186847994,2776,Aakashbhairab Securities Ltd.,Creative Securities Pvt Ltd,2026-04-17 12:55:51.353224,Radhi Bidyut Company Ltd
2026041704011223,RADHI,40,17,100,799.0,79900.0,2026-04-17,186851666,2776,Creative Securities Pvt Ltd,ABC Securities Private Limited,2026-04-17 13:02:03.244866,Radhi Bidyut Company Ltd
2026041704011224,RADHI,62,17,20,798.4,15968.0,2026-04-17,186851668,2776,Capital Max Securities Ltd,ABC Securities Private Limited,2026-04-17 13:02:03.245010,Radhi Bidyut Company Ltd
2026041704011225,RADHI,32,17,10,798.4,7984.0,2026-04-17,186851670,2776,Premier Securities Company Ltd.,ABC Securities Private Limited,2026-04-17 13:02:03.245086,Radhi Bidyut Company Ltd
2026041704011226,RADHI,57,17,25,798.4,19960.0,2026-04-17,186851672,2776,Aryatara Investment & Securities,ABC Securities Private Limited,2026-04-17 13:02:03.245158,Radhi Bidyut Company Ltd
2026041704011227,RADHI,74,17,500,798.3,399150.0,2026-04-17,186851674,2776,KALASH STOCK MARKET PVT. LTD.,ABC Securities Private Limited,2026-04-17 13:02:03.245236,Radhi Bidyut Company Ltd
2026041704011228,RADHI,75,17,131,798.1,104551.1,2026-04-17,186851676,2776,N.I.M.B. Stock Markets Limited,ABC Securities Private Limited,2026-04-17 13:02:03.245333,Radhi Bidyut Company Ltd
2026041704011229,RADHI,74,17,214,798.1,170793.4,2026-04-17,186851677,2776,KALASH STOCK MARKET PVT. LTD.,ABC Securities Private Limited,2026-04-17 13:02:03.245426,Radhi Bidyut Company Ltd
2026041704011251,RADHI,81,38,10,807.0,8070.0,2026-04-17,186851918,2776,Aakashbhairab Securities Ltd.,Dipshikha Dhitopatra Karobar Co. Pvt Ltd.,2026-04-17 13:02:32.004726,Radhi Bidyut Company Ltd
2026041704011715,RADHI,66,25,20,806.9,16138.0,2026-04-17,186856455,2776,Miyo Securities Pvt Ltd,Sweta Securities Private Limited,2026-04-17 13:13:29.479795,Radhi Bidyut Company Ltd
2026041704011716,RADHI,66,38,585,807.0,472095.0,2026-04-17,186856457,2776,Miyo Securities Pvt Ltd,Dipshikha Dhitopatra Karobar Co. Pvt Ltd.,2026-04-17 13:13:29.479844,Radhi Bidyut Company Ltd
2026041704011717,RADHI,66,62,20,808.0,16160.0,2026-04-17,186856459,2776,Miyo Securities Pvt Ltd,Capital Max Securities Ltd,2026-04-17 13:13:29.479878,Radhi Bidyut Company Ltd
2026041704011718,RADHI,66,58,13,808.0,10504.0,2026-04-17,186856461,2776,Miyo Securities Pvt Ltd,Naasa Securities Co. Ltd.,2026-04-17 13:13:29.479937,Radhi Bidyut Company Ltd
2026041704011719,RADHI,66,25,100,810.0,81000.0,2026-04-17,186856463,2776,Miyo Securities Pvt Ltd,Sweta Securities Private Limited,2026-04-17 13:13:29.479970,Radhi Bidyut Company Ltd
2026041704011720,RADHI,66,92,20,811.0,16220.0,2026-04-17,186856465,2776,Miyo Securities Pvt Ltd,Roadshow securities limited,2026-04-17 13:13:29.479996,Radhi Bidyut Company Ltd
2026041704011721,RADHI,66,40,242,811.0,196262.0,2026-04-17,186856468,2776,Miyo Securities Pvt Ltd,Creative Securities Pvt Ltd,2026-04-17 13:13:29.480022,Radhi Bidyut Company Ltd
2026041704011733,RADHI,66,40,258,811.0,209238.0,2026-04-17,186856571,2776,Miyo Securities Pvt Ltd,Creative Securities Pvt Ltd,2026-04-17 13:13:47.118707,Radhi Bidyut Company Ltd
2026041704011734,RADHI,66,59,851,812.0,691012.0,2026-04-17,186856573,2776,Miyo Securities Pvt Ltd,Deevyaa Securities & Stock House Pvt. Ltd,2026-04-17 13:13:47.118759,Radhi Bidyut Company Ltd
2026041704011735,RADHI,66,25,100,812.0,81200.0,2026-04-17,186856575,2776,Miyo Securities Pvt Ltd,Sweta Securities Private Limited,2026-04-17 13:13:47.118804,Radhi Bidyut Company Ltd
2026041704011736,RADHI,66,92,100,812.0,81200.0,2026-04-17,186856577,2776,Miyo Securities Pvt Ltd,Roadshow securities limited,2026-04-17 13:13:47.118829,Radhi Bidyut Company Ltd
2026041704011737,RADHI,66,81,691,813.0,561783.0,2026-04-17,186856582,2776,Miyo Securities Pvt Ltd,Aakashbhairab Securities Ltd.,2026-04-17 13:13:47.118856,Radhi Bidyut Company Ltd
2026041704011887,RADHI,35,81,300,810.0,243000.0,2026-04-17,186858277,2776,Kohinoor Investment & Securities Pvt. Ltd.,Aakashbhairab Securities Ltd.,2026-04-17 13:17:21.162925,Radhi Bidyut Company Ltd
2026041704012852,RADHI,66,81,2000,810.0,1620000.0,2026-04-17,186867143,2776,Miyo Securities Pvt Ltd,Aakashbhairab Securities Ltd.,2026-04-17 13:31:40.907915,Radhi Bidyut Company Ltd
2026041704012853,RADHI,66,60,100,810.9,81090.0,2026-04-17,186867145,2776,Miyo Securities Pvt Ltd,Nagarik Stock Dealer ,2026-04-17 13:31:40.907952,Radhi Bidyut Company Ltd
2026041704012854,RADHI,66,81,900,812.0,730800.0,2026-04-17,186867148,2776,Miyo Securities Pvt Ltd,Aakashbhairab Securities Ltd.,2026-04-17 13:31:40.907975,Radhi Bidyut Company Ltd
2026041704012922,RADHI,66,81,100,812.0,81200.0,2026-04-17,186867361,2776,Miyo Securities Pvt Ltd,Aakashbhairab Securities Ltd.,2026-04-17 13:31:56.664240,Radhi Bidyut Company Ltd
2026041704012923,RADHI,66,81,309,813.0,251217.0,2026-04-17,186867363,2776,Miyo Securities Pvt Ltd,Aakashbhairab Securities Ltd.,2026-04-17 13:31:56.664367,Radhi Bidyut Company Ltd
2026041704012924,RADHI,66,58,591,814.5,481369.5,2026-04-17,186867366,2776,Miyo Securities Pvt Ltd,Naasa Securities Co. Ltd.,2026-04-17 13:31:56.664464,Radhi Bidyut Company Ltd
2026041704013243,RADHI,81,60,10,814.4,8144.0,2026-04-17,186870025,2776,Aakashbhairab Securities Ltd.,Nagarik Stock Dealer ,2026-04-17 13:34:41.567385,Radhi Bidyut Company Ltd
2026041704013244,RADHI,81,58,10,814.5,8145.0,2026-04-17,186870028,2776,Aakashbhairab Securities Ltd.,Naasa Securities Co. Ltd.,2026-04-17 13:34:41.567571,Radhi Bidyut Company Ltd
2026041704013707,RADHI,40,58,149,814.5,121360.5,2026-04-17,186872803,2776,Creative Securities Pvt Ltd,Naasa Securities Co. Ltd.,2026-04-17 13:38:40.992280,Radhi Bidyut Company Ltd
2026041704013708,RADHI,40,21,110,815.0,89650.0,2026-04-17,186872805,2776,Creative Securities Pvt Ltd,Midas Stock Broking Company Private Limited,2026-04-17 13:38:40.992343,Radhi Bidyut Company Ltd
2026041704013709,RADHI,40,41,41,815.0,33415.0,2026-04-17,186872808,2776,Creative Securities Pvt Ltd,Linch Stock Market Ltd.,2026-04-17 13:38:40.992369,Radhi Bidyut Company Ltd
2026041704013763,RADHI,78,41,50,815.0,40750.0,2026-04-17,186873230,2776,Garima Securities Limited,Linch Stock Market Ltd.,2026-04-17 13:39:14.403797,Radhi Bidyut Company Ltd
2026041704013852,RADHI,99,41,109,815.0,88835.0,2026-04-17,186873833,2776,Prabhu Stock Market Limited,Linch Stock Market Ltd.,2026-04-17 13:40:08.452667,Radhi Bidyut Company Ltd
2026041704013857,RADHI,66,81,2000,816.0,1632000.0,2026-04-17,186873895,2776,Miyo Securities Pvt Ltd,Aakashbhairab Securities Ltd.,2026-04-17 13:40:11.562978,Radhi Bidyut Company Ltd
2026041704013858,RADHI,66,34,100,816.0,81600.0,2026-04-17,186873897,2776,Miyo Securities Pvt Ltd,Vision Securities Pvt. Ltd,2026-04-17 13:40:11.563067,Radhi Bidyut Company Ltd
2026041704013859,RADHI,66,95,40,816.0,32640.0,2026-04-17,186873899,2776,Miyo Securities Pvt Ltd,Magnet Securities and Investment Company Private Limited,2026-04-17 13:40:11.563104,Radhi Bidyut Company Ltd
2026041704013860,RADHI,66,14,1481,818.0,1211458.0,2026-04-17,186873901,2776,Miyo Securities Pvt Ltd,Nepal Stock House (PVT) Ltd.,2026-04-17 13:40:11.563134,Radhi Bidyut Company Ltd
2026041704013861,RADHI,66,37,100,818.6,81860.0,2026-04-17,186873903,2776,Miyo Securities Pvt Ltd,Swarna Laxmi Securities Pvt. Ltd.,2026-04-17 13:40:11.563162,Radhi Bidyut Company Ltd
2026041704013862,RADHI,66,81,279,818.9,228473.1,2026-04-17,186873906,2776,Miyo Securities Pvt Ltd,Aakashbhairab Securities Ltd.,2026-04-17 13:40:11.563187,Radhi Bidyut Company Ltd
2026041704014256,RADHI,99,91,59,815.0,48085.0,2026-04-17,186876224,2776,Prabhu Stock Market Limited,Citizens Share Broker Limited,2026-04-17 13:43:36.948833,Radhi Bidyut Company Ltd
2026041704014462,RADHI,40,91,141,808.1,113942.1,2026-04-17,186877263,2776,Creative Securities Pvt Ltd,Citizens Share Broker Limited,2026-04-17 13:44:53.118563,Radhi Bidyut Company Ltd
2026041704014511,RADHI,81,8,10,814.0,8140.0,2026-04-17,186877670,2776,Aakashbhairab Securities Ltd.,Brilliant Securities Pvt. Ltd.,2026-04-17 13:45:20.599974,Radhi Bidyut Company Ltd
2026041704014943,RADHI,40,65,359,808.1,290107.9,2026-04-17,186881032,2776,Creative Securities Pvt Ltd,Sharepro Securities Private Limited,2026-04-17 13:52:26.129275,Radhi Bidyut Company Ltd
2026041704014944,RADHI,75,65,141,808.0,113928.0,2026-04-17,186881033,2776,N.I.M.B. Stock Markets Limited,Sharepro Securities Private Limited,2026-04-17 13:52:26.129628,Radhi Bidyut Company Ltd
2026041704015011,RADHI,75,81,800,808.0,646400.0,2026-04-17,186881533,2776,N.I.M.B. Stock Markets Limited,Aakashbhairab Securities Ltd.,2026-04-17 13:53:32.685163,Radhi Bidyut Company Ltd
2026041704015209,RADHI,75,60,59,808.0,47672.0,2026-04-17,186882908,2776,N.I.M.B. Stock Markets Limited,Nagarik Stock Dealer ,2026-04-17 13:56:33.344457,Radhi Bidyut Company Ltd
2026041704015210,RADHI,81,60,141,807.2,113815.2,2026-04-17,186882909,2776,Aakashbhairab Securities Ltd.,Nagarik Stock Dealer ,2026-04-17 13:56:33.344779,Radhi Bidyut Company Ltd
2026041704015274,RADHI,81,8,10,812.0,8120.0,2026-04-17,186883434,2776,Aakashbhairab Securities Ltd.,Brilliant Securities Pvt. Ltd.,2026-04-17 13:57:56.921894,Radhi Bidyut Company Ltd
2026041704015506,RADHI,26,34,200,810.0,162000.0,2026-04-17,186885667,2776,Asian Securities Private Ltd.,Vision Securities Pvt. Ltd,2026-04-17 14:03:13.824985,Radhi Bidyut Company Ltd
2026041704015523,RADHI,26,37,193,810.0,156330.0,2026-04-17,186885844,2776,Asian Securities Private Ltd.,Swarna Laxmi Securities Pvt. Ltd.,2026-04-17 14:03:33.880506,Radhi Bidyut Company Ltd
2026041704016039,RADHI,34,37,100,810.0,81000.0,2026-04-17,186893780,2776,Vision Securities Pvt. Ltd,Swarna Laxmi Securities Pvt. Ltd.,2026-04-17 14:09:00.429517,Radhi Bidyut Company Ltd
2026041704016089,RADHI,45,37,200,810.0,162000.0,2026-04-17,186894182,2776,Imperial Securities Company Pvt. Ltd.,Swarna Laxmi Securities Pvt. Ltd.,2026-04-17 14:09:41.220004,Radhi Bidyut Company Ltd
2026041704016116,RADHI,81,58,14,810.0,11340.0,2026-04-17,186894305,2776,Aakashbhairab Securities Ltd.,Naasa Securities Co. Ltd.,2026-04-17 14:09:49.652270,Radhi Bidyut Company Ltd
2026041704016117,RADHI,81,21,10,811.0,8110.0,2026-04-17,186894308,2776,Aakashbhairab Securities Ltd.,Midas Stock Broking Company Private Limited,2026-04-17 14:09:49.652461,Radhi Bidyut Company Ltd
2026041704016168,RADHI,45,81,100,810.0,81000.0,2026-04-17,186894790,2776,Imperial Securities Company Pvt. Ltd.,Aakashbhairab Securities Ltd.,2026-04-17 14:10:19.405414,Radhi Bidyut Company Ltd
2026041704017173,RADHI,65,58,2,804.0,1608.0,2026-04-17,186901843,2776,Sharepro Securities Private Limited,Naasa Securities Co. Ltd.,2026-04-17 14:20:17.970671,Radhi Bidyut Company Ltd
2026041704017497,RADHI,66,35,500,809.0,404500.0,2026-04-17,186904581,2776,Miyo Securities Pvt Ltd,Kohinoor Investment & Securities Pvt. Ltd.,2026-04-17 14:23:47.762158,Radhi Bidyut Company Ltd
2026041704017498,RADHI,66,81,1900,810.0,1539000.0,2026-04-17,186904583,2776,Miyo Securities Pvt Ltd,Aakashbhairab Securities Ltd.,2026-04-17 14:23:47.762281,Radhi Bidyut Company Ltd
2026041704017499,RADHI,66,58,13,810.0,10530.0,2026-04-17,186904585,2776,Miyo Securities Pvt Ltd,Naasa Securities Co. Ltd.,2026-04-17 14:23:47.762386,Radhi Bidyut Company Ltd
2026041704017500,RADHI,66,67,350,810.0,283500.0,2026-04-17,186904587,2776,Miyo Securities Pvt Ltd,Property Wiard Limited,2026-04-17 14:23:47.762467,Radhi Bidyut Company Ltd
2026041704017501,RADHI,66,67,237,810.0,191970.0,2026-04-17,186904590,2776,Miyo Securities Pvt Ltd,Property Wiard Limited,2026-04-17 14:23:47.762547,Radhi Bidyut Company Ltd
2026041704017615,RADHI,17,67,10,810.0,8100.0,2026-04-17,186905964,2776,ABC Securities Private Limited,Property Wiard Limited,2026-04-17 14:25:22.712361,Radhi Bidyut Company Ltd
2026041704017839,RADHI,19,35,100,809.0,80900.0,2026-04-17,186908440,2776,Nepal Investment And Securities Trading Private Limited,Kohinoor Investment & Securities Pvt. Ltd.,2026-04-17 14:29:01.234093,Radhi Bidyut Company Ltd
2026041704017899,RADHI,21,35,100,809.0,80900.0,2026-04-17,186909094,2776,Midas Stock Broking Company Private Limited,Kohinoor Investment & Securities Pvt. Ltd.,2026-04-17 14:29:57.278097,Radhi Bidyut Company Ltd
2026041704017915,RADHI,42,21,93,808.0,75144.0,2026-04-17,186909349,2776,Sani Securities Company Ltd.,Midas Stock Broking Company Private Limited,2026-04-17 14:30:15.505203,Radhi Bidyut Company Ltd
2026041704017918,RADHI,65,8,8,791.9,6335.2,2026-04-17,186909381,2776,Sharepro Securities Private Limited,Brilliant Securities Pvt. Ltd.,2026-04-17 14:30:19.273666,Radhi Bidyut Company Ltd
2026041704017929,RADHI,45,81,152,807.8,122785.6,2026-04-17,186909428,2776,Imperial Securities Company Pvt. Ltd.,Aakashbhairab Securities Ltd.,2026-04-17 14:30:21.876375,Radhi Bidyut Company Ltd
2026041704017930,RADHI,50,81,200,807.7,161540.0,2026-04-17,186909430,2776,Cristal Kanchanjanga Securites Pvt. Ltd.,Aakashbhairab Securities Ltd.,2026-04-17 14:30:21.876760,Radhi Bidyut Company Ltd
2026041704017931,RADHI,81,81,200,805.1,161020.0,2026-04-17,186909432,2776,Aakashbhairab Securities Ltd.,Aakashbhairab Securities Ltd.,2026-04-17 14:30:21.876982,Radhi Bidyut Company Ltd
2026041704017932,RADHI,36,81,200,805.0,161000.0,2026-04-17,186909434,2776,Secured Securities Ltd.,Aakashbhairab Securities Ltd.,2026-04-17 14:30:21.877198,Radhi Bidyut Company Ltd
2026041704017933,RADHI,42,81,1000,805.0,805000.0,2026-04-17,186909436,2776,Sani Securities Company Ltd.,Aakashbhairab Securities Ltd.,2026-04-17 14:30:21.877438,Radhi Bidyut Company Ltd
2026041704017967,RADHI,65,81,200,805.0,161000.0,2026-04-17,186909859,2776,Sharepro Securities Private Limited,Aakashbhairab Securities Ltd.,2026-04-17 14:30:49.832522,Radhi Bidyut Company Ltd
2026041704018031,RADHI,81,35,300,804.3,241290.0,2026-04-17,186910366,2776,Aakashbhairab Securities Ltd.,Kohinoor Investment & Securities Pvt. Ltd.,2026-04-17 14:31:31.923853,Radhi Bidyut Company Ltd
2026041704018032,RADHI,29,35,500,804.1,402050.0,2026-04-17,186910368,2776,Trisul Securities & Invt. Ltd.,Kohinoor Investment & Securities Pvt. Ltd.,2026-04-17 14:31:31.924190,Radhi Bidyut Company Ltd
2026041704018033,RADHI,81,35,359,804.0,288636.0,2026-04-17,186910370,2776,Aakashbhairab Securities Ltd.,Kohinoor Investment & Securities Pvt. Ltd.,2026-04-17 14:31:31.924420,Radhi Bidyut Company Ltd
2026041704018034,RADHI,62,35,248,804.0,199392.0,2026-04-17,186910372,2776,Capital Max Securities Ltd,Kohinoor Investment & Securities Pvt. Ltd.,2026-04-17 14:31:31.924624,Radhi Bidyut Company Ltd
2026041704018143,RADHI,57,35,100,802.3,80230.0,2026-04-17,186911172,2776,Aryatara Investment & Securities,Kohinoor Investment & Securities Pvt. Ltd.,2026-04-17 14:32:37.398550,Radhi Bidyut Company Ltd
2026041704018144,RADHI,16,35,500,802.2,401100.0,2026-04-17,186911174,2776,Primo Securities (PVT) Ltd.,Kohinoor Investment & Securities Pvt. Ltd.,2026-04-17 14:32:37.398908,Radhi Bidyut Company Ltd
2026041704018145,RADHI,25,35,108,802.1,86626.8,2026-04-17,186911176,2776,Sweta Securities Private Limited,Kohinoor Investment & Securities Pvt. Ltd.,2026-04-17 14:32:37.399111,Radhi Bidyut Company Ltd
2026041704018146,RADHI,88,35,500,802.1,401050.0,2026-04-17,186911178,2776,Blue Chip Securities Ltd,Kohinoor Investment & Securities Pvt. Ltd.,2026-04-17 14:32:37.399345,Radhi Bidyut Company Ltd
2026041704018147,RADHI,58,35,92,802.0,73784.0,2026-04-17,186911179,2776,Naasa Securities Co. Ltd.,Kohinoor Investment & Securities Pvt. Ltd.,2026-04-17 14:32:37.399543,Radhi Bidyut Company Ltd
2026041704018168,RADHI,42,81,17,805.0,13685.0,2026-04-17,186911354,2776,Sani Securities Company Ltd.,Aakashbhairab Securities Ltd.,2026-04-17 14:32:56.747138,Radhi Bidyut Company Ltd
2026041704018231,RADHI,58,81,408,802.0,327216.0,2026-04-17,186911710,2776,Naasa Securities Co. Ltd.,Aakashbhairab Securities Ltd.,2026-04-17 14:33:26.273701,Radhi Bidyut Company Ltd
2026041704018232,RADHI,58,81,500,802.0,401000.0,2026-04-17,186911712,2776,Naasa Securities Co. Ltd.,Aakashbhairab Securities Ltd.,2026-04-17 14:33:26.274036,Radhi Bidyut Company Ltd
2026041704018233,RADHI,58,81,500,802.0,401000.0,2026-04-17,186911714,2776,Naasa Securities Co. Ltd.,Aakashbhairab Securities Ltd.,2026-04-17 14:33:26.274227,Radhi Bidyut Company Ltd
2026041704018234,RADHI,58,81,500,802.0,401000.0,2026-04-17,186911716,2776,Naasa Securities Co. Ltd.,Aakashbhairab Securities Ltd.,2026-04-17 14:33:26.274441,Radhi Bidyut Company Ltd
2026041704018235,RADHI,58,81,500,802.0,401000.0,2026-04-17,186911718,2776,Naasa Securities Co. Ltd.,Aakashbhairab Securities Ltd.,2026-04-17 14:33:26.274626,Radhi Bidyut Company Ltd
2026041704018236,RADHI,58,81,500,802.0,401000.0,2026-04-17,186911720,2776,Naasa Securities Co. Ltd.,Aakashbhairab Securities Ltd.,2026-04-17 14:33:26.274814,Radhi Bidyut Company Ltd
2026041704018237,RADHI,58,81,500,801.0,400500.0,2026-04-17,186911722,2776,Naasa Securities Co. Ltd.,Aakashbhairab Securities Ltd.,2026-04-17 14:33:26.275001,Radhi Bidyut Company Ltd
2026041704018238,RADHI,58,81,500,801.0,400500.0,2026-04-17,186911724,2776,Naasa Securities Co. Ltd.,Aakashbhairab Securities Ltd.,2026-04-17 14:33:26.275181,Radhi Bidyut Company Ltd
2026041704018239,RADHI,41,81,728,800.1,582472.8,2026-04-17,186911726,2776,Linch Stock Market Ltd.,Aakashbhairab Securities Ltd.,2026-04-17 14:33:26.275407,Radhi Bidyut Company Ltd
2026041704018240,RADHI,46,81,100,800.0,80000.0,2026-04-17,186911728,2776,Kalika Securities Pvt. Ltd.,Aakashbhairab Securities Ltd.,2026-04-17 14:33:26.275594,Radhi Bidyut Company Ltd
2026041704018241,RADHI,25,81,100,800.0,80000.0,2026-04-17,186911730,2776,Sweta Securities Private Limited,Aakashbhairab Securities Ltd.,2026-04-17 14:33:26.275811,Radhi Bidyut Company Ltd
2026041704018242,RADHI,18,81,500,800.0,400000.0,2026-04-17,186911732,2776,Sagarmatha Securities Private Limited,Aakashbhairab Securities Ltd.,2026-04-17 14:33:26.275988,Radhi Bidyut Company Ltd
2026041704018243,RADHI,67,81,200,800.0,160000.0,2026-04-17,186911734,2776,Property Wiard Limited,Aakashbhairab Securities Ltd.,2026-04-17 14:33:26.276162,Radhi Bidyut Company Ltd
2026041704018244,RADHI,81,81,500,800.0,400000.0,2026-04-17,186911736,2776,Aakashbhairab Securities Ltd.,Aakashbhairab Securities Ltd.,2026-04-17 14:33:26.276341,Radhi Bidyut Company Ltd
2026041704018245,RADHI,66,81,8964,800.0,7171200.0,2026-04-17,186911737,2776,Miyo Securities Pvt Ltd,Aakashbhairab Securities Ltd.,2026-04-17 14:33:26.276511,Radhi Bidyut Company Ltd
2026041704018299,RADHI,81,44,10,802.0,8020.0,2026-04-17,186912312,2776,Aakashbhairab Securities Ltd.,Dynamic Money Managers Securities Pvt. Ltd.,2026-04-17 14:34:16.288496,Radhi Bidyut Company Ltd
2026041704018345,RADHI,66,44,1000,800.0,800000.0,2026-04-17,186912639,2776,Miyo Securities Pvt Ltd,Dynamic Money Managers Securities Pvt. Ltd.,2026-04-17 14:34:43.149182,Radhi Bidyut Company Ltd
2026041704018405,RADHI,66,44,36,800.0,28800.0,2026-04-17,186912984,2776,Miyo Securities Pvt Ltd,Dynamic Money Managers Securities Pvt. Ltd.,2026-04-17 14:35:11.278989,Radhi Bidyut Company Ltd
2026041704018406,RADHI,26,44,200,800.0,160000.0,2026-04-17,186912986,2776,Asian Securities Private Ltd.,Dynamic Money Managers Securities Pvt. Ltd.,2026-04-17 14:35:11.279270,Radhi Bidyut Company Ltd
2026041704018407,RADHI,25,44,100,800.0,80000.0,2026-04-17,186912988,2776,Sweta Securities Private Limited,Dynamic Money Managers Securities Pvt. Ltd.,2026-04-17 14:35:11.279477,Radhi Bidyut Company Ltd
2026041704018408,RADHI,99,44,200,800.0,160000.0,2026-04-17,186912990,2776,Prabhu Stock Market Limited,Dynamic Money Managers Securities Pvt. Ltd.,2026-04-17 14:35:11.279673,Radhi Bidyut Company Ltd
2026041704018409,RADHI,45,44,200,800.0,160000.0,2026-04-17,186912992,2776,Imperial Securities Company Pvt. Ltd.,Dynamic Money Managers Securities Pvt. Ltd.,2026-04-17 14:35:11.279847,Radhi Bidyut Company Ltd
2026041704018410,RADHI,58,44,264,800.0,211200.0,2026-04-17,186912993,2776,Naasa Securities Co. Ltd.,Dynamic Money Managers Securities Pvt. Ltd.,2026-04-17 14:35:11.280020,Radhi Bidyut Company Ltd
2026041704018453,RADHI,81,44,10,802.0,8020.0,2026-04-17,186913312,2776,Aakashbhairab Securities Ltd.,Dynamic Money Managers Securities Pvt. Ltd.,2026-04-17 14:35:32.683304,Radhi Bidyut Company Ltd
2026041704018483,RADHI,39,44,80,802.0,64160.0,2026-04-17,186913639,2776,Sumeru Securities Pvt. Ltd.,Dynamic Money Managers Securities Pvt. Ltd.,2026-04-17 14:35:58.013965,Radhi Bidyut Company Ltd
2026041704018519,RADHI,81,81,10,805.0,8050.0,2026-04-17,186913994,2776,Aakashbhairab Securities Ltd.,Aakashbhairab Securities Ltd.,2026-04-17 14:36:17.239818,Radhi Bidyut Company Ltd
2026041704018576,RADHI,81,81,21,805.0,16905.0,2026-04-17,186914577,2776,Aakashbhairab Securities Ltd.,Aakashbhairab Securities Ltd.,2026-04-17 14:36:57.882617,Radhi Bidyut Company Ltd
2026041704018577,RADHI,81,81,10,808.0,8080.0,2026-04-17,186914580,2776,Aakashbhairab Securities Ltd.,Aakashbhairab Securities Ltd.,2026-04-17 14:36:57.882825,Radhi Bidyut Company Ltd
2026041704018898,RADHI,34,44,100,802.2,80220.0,2026-04-17,186917698,2776,Vision Securities Pvt. Ltd,Dynamic Money Managers Securities Pvt. Ltd.,2026-04-17 14:41:16.714999,Radhi Bidyut Company Ltd
2026041704018899,RADHI,36,44,200,802.1,160420.0,2026-04-17,186917700,2776,Secured Securities Ltd.,Dynamic Money Managers Securities Pvt. Ltd.,2026-04-17 14:41:16.715380,Radhi Bidyut Company Ltd
2026041704018900,RADHI,49,44,45,802.1,36094.5,2026-04-17,186917702,2776,Online Securities Pvt. Ltd.,Dynamic Money Managers Securities Pvt. Ltd.,2026-04-17 14:41:16.715584,Radhi Bidyut Company Ltd
2026041704018901,RADHI,38,44,50,802.1,40105.0,2026-04-17,186917704,2776,Dipshikha Dhitopatra Karobar Co. Pvt Ltd.,Dynamic Money Managers Securities Pvt. Ltd.,2026-04-17 14:41:16.715810,Radhi Bidyut Company Ltd
2026041704018902,RADHI,39,44,420,802.0,336840.0,2026-04-17,186917706,2776,Sumeru Securities Pvt. Ltd.,Dynamic Money Managers Securities Pvt. Ltd.,2026-04-17 14:41:16.716008,Radhi Bidyut Company Ltd
2026041704018903,RADHI,50,44,185,800.3,148055.5,2026-04-17,186917707,2776,Cristal Kanchanjanga Securites Pvt. Ltd.,Dynamic Money Managers Securities Pvt. Ltd.,2026-04-17 14:41:16.716201,Radhi Bidyut Company Ltd
2026041704018913,RADHI,81,38,10,807.8,8078.0,2026-04-17,186917780,2776,Aakashbhairab Securities Ltd.,Dipshikha Dhitopatra Karobar Co. Pvt Ltd.,2026-04-17 14:41:23.389815,Radhi Bidyut Company Ltd
2026041704019209,RADHI,42,38,19,807.8,15348.2,2026-04-17,186920176,2776,Sani Securities Company Ltd.,Dipshikha Dhitopatra Karobar Co. Pvt Ltd.,2026-04-17 14:44:00.529033,Radhi Bidyut Company Ltd
2026041704019268,RADHI,49,7,1,800.0,800.0,2026-04-17,186920787,2776,Online Securities Pvt. Ltd.,J.F. Securites (PVT) Ltd.,2026-04-17 14:44:49.613276,Radhi Bidyut Company Ltd
2026041704019440,RADHI,45,44,100,807.0,80700.0,2026-04-17,186922536,2776,Imperial Securities Company Pvt. Ltd.,Dynamic Money Managers Securities Pvt. Ltd.,2026-04-17 14:46:28.679200,Radhi Bidyut Company Ltd
2026041704019441,RADHI,45,44,100,806.0,80600.0,2026-04-17,186922538,2776,Imperial Securities Company Pvt. Ltd.,Dynamic Money Managers Securities Pvt. Ltd.,2026-04-17 14:46:28.679458,Radhi Bidyut Company Ltd
2026041704019442,RADHI,32,44,30,805.0,24150.0,2026-04-17,186922540,2776,Premier Securities Company Ltd.,Dynamic Money Managers Securities Pvt. Ltd.,2026-04-17 14:46:28.679538,Radhi Bidyut Company Ltd
2026041704019443,RADHI,32,44,50,802.7,40135.0,2026-04-17,186922542,2776,Premier Securities Company Ltd.,Dynamic Money Managers Securities Pvt. Ltd.,2026-04-17 14:46:28.679611,Radhi Bidyut Company Ltd
2026041704019444,RADHI,39,44,400,802.6,321040.0,2026-04-17,186922544,2776,Sumeru Securities Pvt. Ltd.,Dynamic Money Managers Securities Pvt. Ltd.,2026-04-17 14:46:28.679698,Radhi Bidyut Company Ltd
2026041704019445,RADHI,52,44,10,802.5,8025.0,2026-04-17,186922546,2776,Sundhara Securities Limited,Dynamic Money Managers Securities Pvt. Ltd.,2026-04-17 14:46:28.679784,Radhi Bidyut Company Ltd
2026041704019508,RADHI,36,60,100,801.0,80100.0,2026-04-17,186923030,2776,Secured Securities Ltd.,Nagarik Stock Dealer ,2026-04-17 14:46:55.455360,Radhi Bidyut Company Ltd
2026041704019509,RADHI,41,60,70,801.0,56070.0,2026-04-17,186923032,2776,Linch Stock Market Ltd.,Nagarik Stock Dealer ,2026-04-17 14:46:55.455436,Radhi Bidyut Company Ltd
2026041704019510,RADHI,51,60,50,800.4,40020.0,2026-04-17,186923034,2776,Oxford Securities Pvt. Ltd.,Nagarik Stock Dealer ,2026-04-17 14:46:55.455475,Radhi Bidyut Company Ltd
2026041704019511,RADHI,36,60,300,800.4,240120.0,2026-04-17,186923036,2776,Secured Securities Ltd.,Nagarik Stock Dealer ,2026-04-17 14:46:55.455519,Radhi Bidyut Company Ltd
2026041704019512,RADHI,50,60,315,800.3,252094.5,2026-04-17,186923038,2776,Cristal Kanchanjanga Securites Pvt. Ltd.,Nagarik Stock Dealer ,2026-04-17 14:46:55.455551,Radhi Bidyut Company Ltd
2026041704019513,RADHI,34,60,36,800.3,28810.8,2026-04-17,186923040,2776,Vision Securities Pvt. Ltd,Nagarik Stock Dealer ,2026-04-17 14:46:55.455585,Radhi Bidyut Company Ltd
2026041704019514,RADHI,41,60,1122,800.1,897712.2,2026-04-17,186923042,2776,Linch Stock Market Ltd.,Nagarik Stock Dealer ,2026-04-17 14:46:55.455616,Radhi Bidyut Company Ltd
2026041704019545,RADHI,81,44,10,802.0,8020.0,2026-04-17,186923484,2776,Aakashbhairab Securities Ltd.,Dynamic Money Managers Securities Pvt. Ltd.,2026-04-17 14:47:27.116234,Radhi Bidyut Company Ltd
2026041704019559,RADHI,19,44,300,802.0,240600.0,2026-04-17,186923594,2776,Nepal Investment And Securities Trading Private Limited,Dynamic Money Managers Securities Pvt. Ltd.,2026-04-17 14:47:34.472889,Radhi Bidyut Company Ltd
2026041704019588,RADHI,32,44,150,802.0,120300.0,2026-04-17,186923997,2776,Premier Securities Company Ltd.,Dynamic Money Managers Securities Pvt. Ltd.,2026-04-17 14:47:57.182433,Radhi Bidyut Company Ltd
2026041704019609,RADHI,81,38,10,807.8,8078.0,2026-04-17,186924218,2776,Aakashbhairab Securities Ltd.,Dipshikha Dhitopatra Karobar Co. Pvt Ltd.,2026-04-17 14:48:08.927586,Radhi Bidyut Company Ltd
2026041704019651,RADHI,66,38,461,807.8,372395.8,2026-04-17,186925219,2776,Miyo Securities Pvt Ltd,Dipshikha Dhitopatra Karobar Co. Pvt Ltd.,2026-04-17 14:48:39.490467,Radhi Bidyut Company Ltd
2026041704019652,RADHI,66,34,1000,807.9,807900.0,2026-04-17,186925221,2776,Miyo Securities Pvt Ltd,Vision Securities Pvt. Ltd,2026-04-17 14:48:39.490689,Radhi Bidyut Company Ltd
2026041704019653,RADHI,66,81,990,808.0,799920.0,2026-04-17,186925223,2776,Miyo Securities Pvt Ltd,Aakashbhairab Securities Ltd.,2026-04-17 14:48:39.490770,Radhi Bidyut Company Ltd
2026041704019654,RADHI,66,34,50,808.0,40400.0,2026-04-17,186925225,2776,Miyo Securities Pvt Ltd,Vision Securities Pvt. Ltd,2026-04-17 14:48:39.490843,Radhi Bidyut Company Ltd
2026041704019655,RADHI,66,58,499,809.0,403691.0,2026-04-17,186925228,2776,Miyo Securities Pvt Ltd,Naasa Securities Co. Ltd.,2026-04-17 14:48:39.490919,Radhi Bidyut Company Ltd
2026041704019890,RADHI,45,60,50,805.0,40250.0,2026-04-17,186927377,2776,Imperial Securities Company Pvt. Ltd.,Nagarik Stock Dealer ,2026-04-17 14:50:13.936858,Radhi Bidyut Company Ltd
2026041704020012,RADHI,81,81,10,808.0,8080.0,2026-04-17,186928734,2776,Aakashbhairab Securities Ltd.,Aakashbhairab Securities Ltd.,2026-04-17 14:51:08.094465,Radhi Bidyut Company Ltd
2026041704020020,RADHI,66,81,990,808.0,799920.0,2026-04-17,186928809,2776,Miyo Securities Pvt Ltd,Aakashbhairab Securities Ltd.,2026-04-17 14:51:11.300494,Radhi Bidyut Company Ltd
2026041704020021,RADHI,66,3,101,808.9,81698.9,2026-04-17,186928811,2776,Miyo Securities Pvt Ltd,Arun Securities (PVT) Ltd.,2026-04-17 14:51:11.300843,Radhi Bidyut Company Ltd
2026041704020022,RADHI,66,58,501,809.0,405309.0,2026-04-17,186928813,2776,Miyo Securities Pvt Ltd,Naasa Securities Co. Ltd.,2026-04-17 14:51:11.301061,Radhi Bidyut Company Ltd
2026041704020023,RADHI,66,34,10,809.0,8090.0,2026-04-17,186928815,2776,Miyo Securities Pvt Ltd,Vision Securities Pvt. Ltd,2026-04-17 14:51:11.301258,Radhi Bidyut Company Ltd
2026041704020024,RADHI,66,58,500,809.9,404950.0,2026-04-17,186928817,2776,Miyo Securities Pvt Ltd,Naasa Securities Co. Ltd.,2026-04-17 14:51:11.301489,Radhi Bidyut Company Ltd
2026041704020025,RADHI,66,67,253,810.0,204930.0,2026-04-17,186928819,2776,Miyo Securities Pvt Ltd,Property Wiard Limited,2026-04-17 14:51:11.301693,Radhi Bidyut Company Ltd
2026041704020026,RADHI,66,81,645,810.0,522450.0,2026-04-17,186928822,2776,Miyo Securities Pvt Ltd,Aakashbhairab Securities Ltd.,2026-04-17 14:51:11.301900,Radhi Bidyut Company Ltd
2026041704020085,RADHI,42,81,50,810.0,40500.0,2026-04-17,186929136,2776,Sani Securities Company Ltd.,Aakashbhairab Securities Ltd.,2026-04-17 14:51:28.084017,Radhi Bidyut Company Ltd
2026041704020499,RADHI,59,80,406,809.9,328819.4,2026-04-17,186932871,2776,Deevyaa Securities & Stock House Pvt. Ltd,Indira securities pvt. ltd,2026-04-17 14:54:08.830849,Radhi Bidyut Company Ltd
2026041704020500,RADHI,59,81,94,810.0,76140.0,2026-04-17,186932876,2776,Deevyaa Securities & Stock House Pvt. Ltd,Aakashbhairab Securities Ltd.,2026-04-17 14:54:08.831016,Radhi Bidyut Company Ltd
2026041704020507,RADHI,59,4,500,809.0,404500.0,2026-04-17,186933066,2776,Deevyaa Securities & Stock House Pvt. Ltd,Opal Securities Investment (PVT) Ltd.,2026-04-17 14:54:16.724211,Radhi Bidyut Company Ltd
2026041704020642,RADHI,88,61,300,807.0,242100.0,2026-04-17,186934378,2776,Blue Chip Securities Ltd,BHOLE GANESH SECURITIES LTD,2026-04-17 14:55:11.771629,Radhi Bidyut Company Ltd
2026041704020643,RADHI,83,61,1000,806.0,806000.0,2026-04-17,186934380,2776,Sanima Securities Limited,BHOLE GANESH SECURITIES LTD,2026-04-17 14:55:11.771962,Radhi Bidyut Company Ltd
2026041704020819,RADHI,43,21,50,803.0,40150.0,2026-04-17,186935284,2776,South Asian Bulls Pvt. Ltd.,Midas Stock Broking Company Private Limited,2026-04-17 14:55:49.548535,Radhi Bidyut Company Ltd
2026041704020820,RADHI,32,21,50,803.0,40150.0,2026-04-17,186935286,2776,Premier Securities Company Ltd.,Midas Stock Broking Company Private Limited,2026-04-17 14:55:49.548861,Radhi Bidyut Company Ltd
2026041704020933,RADHI,59,21,300,803.0,240900.0,2026-04-17,186936242,2776,Deevyaa Securities & Stock House Pvt. Ltd,Midas Stock Broking Company Private Limited,2026-04-17 14:56:25.534243,Radhi Bidyut Company Ltd
2026041704020963,RADHI,45,21,100,803.0,80300.0,2026-04-17,186936394,2776,Imperial Securities Company Pvt. Ltd.,Midas Stock Broking Company Private Limited,2026-04-17 14:56:29.537453,Radhi Bidyut Company Ltd
2026041704021025,RADHI,33,7,10,805.0,8050.0,2026-04-17,186936802,2776,Dakshinkali Investment & Securities Pvt. Ltd.,J.F. Securites (PVT) Ltd.,2026-04-17 14:56:41.232994,Radhi Bidyut Company Ltd
2026041704021196,RADHI,58,7,20,805.0,16100.0,2026-04-17,186937812,2776,Naasa Securities Co. Ltd.,J.F. Securites (PVT) Ltd.,2026-04-17 14:57:11.077426,Radhi Bidyut Company Ltd
2026041704021295,RADHI,32,50,10,802.1,8021.0,2026-04-17,186938784,2776,Premier Securities Company Ltd.,Cristal Kanchanjanga Securites Pvt. Ltd.,2026-04-17 14:57:35.784861,Radhi Bidyut Company Ltd
2026041704021296,RADHI,65,50,10,802.1,8021.0,2026-04-17,186938786,2776,Sharepro Securities Private Limited,Cristal Kanchanjanga Securites Pvt. Ltd.,2026-04-17 14:57:35.785052,Radhi Bidyut Company Ltd
2026041704021297,RADHI,21,50,480,802.1,385008.0,2026-04-17,186938787,2776,Midas Stock Broking Company Private Limited,Cristal Kanchanjanga Securites Pvt. Ltd.,2026-04-17 14:57:35.785126,Radhi Bidyut Company Ltd
2026041704021368,RADHI,33,7,10,805.0,8050.0,2026-04-17,186939148,2776,Dakshinkali Investment & Securities Pvt. Ltd.,J.F. Securites (PVT) Ltd.,2026-04-17 14:57:48.001508,Radhi Bidyut Company Ltd
2026041704021417,RADHI,60,50,50,803.0,40150.0,2026-04-17,186939526,2776,Nagarik Stock Dealer ,Cristal Kanchanjanga Securites Pvt. Ltd.,2026-04-17 14:57:58.341643,Radhi Bidyut Company Ltd
2026041704021418,RADHI,21,50,20,802.1,16042.0,2026-04-17,186939528,2776,Midas Stock Broking Company Private Limited,Cristal Kanchanjanga Securites Pvt. Ltd.,2026-04-17 14:57:58.341835,Radhi Bidyut Company Ltd
2026041704021419,RADHI,32,50,430,802.0,344860.0,2026-04-17,186939529,2776,Premier Securities Company Ltd.,Cristal Kanchanjanga Securites Pvt. Ltd.,2026-04-17 14:57:58.341929,Radhi Bidyut Company Ltd
2026041704021543,RADHI,33,34,10,803.0,8030.0,2026-04-17,186940261,2776,Dakshinkali Investment & Securities Pvt. Ltd.,Vision Securities Pvt. Ltd,2026-04-17 14:58:13.195238,Radhi Bidyut Company Ltd
2026041704021571,RADHI,32,60,420,802.0,336840.0,2026-04-17,186940448,2776,Premier Securities Company Ltd.,Nagarik Stock Dealer ,2026-04-17 14:58:18.793335,Radhi Bidyut Company Ltd
2026041704021572,RADHI,36,60,80,802.0,64160.0,2026-04-17,186940449,2776,Secured Securities Ltd.,Nagarik Stock Dealer ,2026-04-17 14:58:18.793394,Radhi Bidyut Company Ltd
2026041704021617,RADHI,74,34,390,803.0,313170.0,2026-04-17,186940691,2776,KALASH STOCK MARKET PVT. LTD.,Vision Securities Pvt. Ltd,2026-04-17 14:58:25.364474,Radhi Bidyut Company Ltd
2026041704021618,RADHI,74,8,15,803.0,12045.0,2026-04-17,186940694,2776,KALASH STOCK MARKET PVT. LTD.,Brilliant Securities Pvt. Ltd.,2026-04-17 14:58:25.364678,Radhi Bidyut Company Ltd
2026041704021666,RADHI,33,7,10,805.0,8050.0,2026-04-17,186940996,2776,Dakshinkali Investment & Securities Pvt. Ltd.,J.F. Securites (PVT) Ltd.,2026-04-17 14:58:33.221661,Radhi Bidyut Company Ltd
2026041704021868,RADHI,33,60,10,803.0,8030.0,2026-04-17,186942637,2776,Dakshinkali Investment & Securities Pvt. Ltd.,Nagarik Stock Dealer ,2026-04-17 14:59:04.034370,Radhi Bidyut Company Ltd
2026041704021869,RADHI,22,60,105,802.5,84262.5,2026-04-17,186942639,2776,Siprabi Securities Pvt. Ltd.,Nagarik Stock Dealer ,2026-04-17 14:59:04.034496,Radhi Bidyut Company Ltd
2026041704021870,RADHI,6,60,50,802.1,40105.0,2026-04-17,186942641,2776,Agrawal Securities (PVT) Ltd.,Nagarik Stock Dealer ,2026-04-17 14:59:04.034575,Radhi Bidyut Company Ltd
2026041704021871,RADHI,81,60,400,802.1,320840.0,2026-04-17,186942643,2776,Aakashbhairab Securities Ltd.,Nagarik Stock Dealer ,2026-04-17 14:59:04.034664,Radhi Bidyut Company Ltd
2026041704021872,RADHI,36,60,420,802.0,336840.0,2026-04-17,186942645,2776,Secured Securities Ltd.,Nagarik Stock Dealer ,2026-04-17 14:59:04.034755,Radhi Bidyut Company Ltd
2026041704021873,RADHI,57,60,100,802.0,80200.0,2026-04-17,186942647,2776,Aryatara Investment & Securities,Nagarik Stock Dealer ,2026-04-17 14:59:04.034845,Radhi Bidyut Company Ltd
2026041704021874,RADHI,49,60,30,802.0,24060.0,2026-04-17,186942649,2776,Online Securities Pvt. Ltd.,Nagarik Stock Dealer ,2026-04-17 14:59:04.034934,Radhi Bidyut Company Ltd
2026041704021875,RADHI,14,60,15,801.0,12015.0,2026-04-17,186942589,2776,Nepal Stock House (PVT) Ltd.,Nagarik Stock Dealer ,2026-04-17 14:59:04.035042,Radhi Bidyut Company Ltd
2026041704021876,RADHI,101,60,20,801.0,16020.0,2026-04-17,186942591,2776,APPLE SECURITIES PRIVATE LIMITED,Nagarik Stock Dealer ,2026-04-17 14:59:04.035128,Radhi Bidyut Company Ltd
2026041704021877,RADHI,34,60,30,800.3,24009.0,2026-04-17,186942593,2776,Vision Securities Pvt. Ltd,Nagarik Stock Dealer ,2026-04-17 14:59:04.035216,Radhi Bidyut Company Ltd
2026041704021878,RADHI,41,60,70,800.2,56014.0,2026-04-17,186942595,2776,Linch Stock Market Ltd.,Nagarik Stock Dealer ,2026-04-17 14:59:04.035306,Radhi Bidyut Company Ltd
2026041704021879,RADHI,26,60,200,800.2,160040.0,2026-04-17,186942597,2776,Asian Securities Private Ltd.,Nagarik Stock Dealer ,2026-04-17 14:59:04.035409,Radhi Bidyut Company Ltd
2026041704021880,RADHI,38,60,500,800.2,400100.0,2026-04-17,186942599,2776,Dipshikha Dhitopatra Karobar Co. Pvt Ltd.,Nagarik Stock Dealer ,2026-04-17 14:59:04.035510,Radhi Bidyut Company Ltd
2026041704021881,RADHI,38,60,50,800.2,40010.0,2026-04-17,186942600,2776,Dipshikha Dhitopatra Karobar Co. Pvt Ltd.,Nagarik Stock Dealer ,2026-04-17 14:59:04.035619,Radhi Bidyut Company Ltd
2026041704021975,RADHI,33,45,10,802.1,8021.0,2026-04-17,186943434,2776,Dakshinkali Investment & Securities Pvt. Ltd.,Imperial Securities Company Pvt. Ltd.,2026-04-17 14:59:17.278353,Radhi Bidyut Company Ltd
2026041704022042,RADHI,69,45,55,802.1,44115.5,2026-04-17,186943864,2776,INDEX SECURITIES LIMITED,Imperial Securities Company Pvt. Ltd.,2026-04-17 14:59:23.078200,Radhi Bidyut Company Ltd
2026041704022106,RADHI,45,45,235,802.1,188493.5,2026-04-17,186944399,2776,Imperial Securities Company Pvt. Ltd.,Imperial Securities Company Pvt. Ltd.,2026-04-17 14:59:31.498915,Radhi Bidyut Company Ltd
2026041704022150,RADHI,38,13,50,805.0,40250.0,2026-04-17,186944759,2776,Dipshikha Dhitopatra Karobar Co. Pvt Ltd.,Thrive Brokerage House Pvt. Ltd,2026-04-17 14:59:36.216358,Radhi Bidyut Company Ltd
2026041704022151,RADHI,38,8,200,805.0,161000.0,2026-04-17,186944762,2776,Dipshikha Dhitopatra Karobar Co. Pvt Ltd.,Brilliant Securities Pvt. Ltd.,2026-04-17 14:59:36.216506,Radhi Bidyut Company Ltd
2026041704022239,RADHI,33,34,10,805.0,8050.0,2026-04-17,186945274,2776,Dakshinkali Investment & Securities Pvt. Ltd.,Vision Securities Pvt. Ltd,2026-04-17 14:59:39.959022,Radhi Bidyut Company Ltd
2026041704022253,RADHI,34,14,20,804.0,16080.0,2026-04-17,186945406,2776,Vision Securities Pvt. Ltd,Nepal Stock House (PVT) Ltd.,2026-04-17 14:59:41.846131,Radhi Bidyut Company Ltd
2026041704022354,RADHI,33,14,10,804.0,8040.0,2026-04-17,186946300,2776,Dakshinkali Investment & Securities Pvt. Ltd.,Nepal Stock House (PVT) Ltd.,2026-04-17 14:59:51.739737,Radhi Bidyut Company Ltd
2026041704022380,RADHI,32,14,100,804.0,80400.0,2026-04-17,186946436,2776,Premier Securities Company Ltd.,Nepal Stock House (PVT) Ltd.,2026-04-17 14:59:53.649164,Radhi Bidyut Company Ltd
2026041704022621,RADHI,34,14,70,804.0,56280.0,2026-04-17,186947571,2776,Vision Securities Pvt. Ltd,Nepal Stock House (PVT) Ltd.,2026-04-17 14:59:58.324661,Radhi Bidyut Company Ltd
2026041704022622,RADHI,34,34,190,805.0,152950.0,2026-04-17,186947577,2776,Vision Securities Pvt. Ltd,Vision Securities Pvt. Ltd,2026-04-17 14:59:58.324834,Radhi Bidyut Company Ltd
2026041704022623,RADHI,34,61,700,806.0,564200.0,2026-04-17,186947583,2776,Vision Securities Pvt. Ltd,BHOLE GANESH SECURITIES LTD,2026-04-17 14:59:58.324949,Radhi Bidyut Company Ltd
