contract_id,symbol,buyer_member_id,seller_member_id,volume,price,amount,buyer_broker,seller_broker,transaction_time
2026041705000083,SAHAS,48,25,100,622.0,62200.0,Trishakti Securities Public Limited,Sweta Securities Private Limited,2026-04-17 11:01:04.771792
2026041705000098,SAHAS,58,25,400,622.0,248800.0,Naasa Securities Co. Ltd.,Sweta Securities Private Limited,2026-04-17 11:01:19.360220
2026041705000175,SAHAS,33,48,13,623.0,8099.0,Dakshinkali Investment & Securities Pvt. Ltd.,Trishakti Securities Public Limited,2026-04-17 11:02:40.115605
2026041705000177,SAHAS,33,38,13,623.0,8099.0,Dakshinkali Investment & Securities Pvt. Ltd.,Dipshikha Dhitopatra Karobar Co. Pvt Ltd.,2026-04-17 11:02:43.433107
2026041705000349,SAHAS,34,21,13,625.0,8125.0,Vision Securities Pvt. Ltd,Midas Stock Broking Company Private Limited,2026-04-17 11:05:42.414818
2026041705000424,SAHAS,29,58,76,625.0,47500.0,Trisul Securities & Invt. Ltd.,Naasa Securities Co. Ltd.,2026-04-17 11:07:10.999477
2026041705000495,SAHAS,52,44,135,629.8,85023.0,Sundhara Securities Limited,Dynamic Money Managers Securities Pvt. Ltd.,2026-04-17 11:08:24.873590
2026041705000613,SAHAS,29,34,260,627.0,163020.0,Trisul Securities & Invt. Ltd.,Vision Securities Pvt. Ltd,2026-04-17 11:10:29.915586
2026041705000712,SAHAS,43,45,150,626.0,93900.0,South Asian Bulls Pvt. Ltd.,Imperial Securities Company Pvt. Ltd.,2026-04-17 11:12:15.633361
2026041705000755,SAHAS,34,48,1,625.0,625.0,Vision Securities Pvt. Ltd,Trishakti Securities Public Limited,2026-04-17 11:13:08.176235
2026041705000935,SAHAS,49,34,21,627.0,13167.0,Online Securities Pvt. Ltd.,Vision Securities Pvt. Ltd,2026-04-17 11:15:27.797535
2026041705000936,SAHAS,49,45,26,627.0,16302.0,Online Securities Pvt. Ltd.,Imperial Securities Company Pvt. Ltd.,2026-04-17 11:15:27.797797
2026041705000949,SAHAS,43,25,13,626.0,8138.0,South Asian Bulls Pvt. Ltd.,Sweta Securities Private Limited,2026-04-17 11:15:44.345448
2026041705000950,SAHAS,89,45,16,627.0,10032.0,Global IME Securities Limited,Imperial Securities Company Pvt. Ltd.,2026-04-17 11:15:44.528952
2026041705001074,SAHAS,64,45,50,627.0,31350.0,SUN SECURITIES PVT LTD,Imperial Securities Company Pvt. Ltd.,2026-04-17 11:17:04.864494
2026041705001118,SAHAS,19,45,200,627.0,125400.0,Nepal Investment And Securities Trading Private Limited,Imperial Securities Company Pvt. Ltd.,2026-04-17 11:17:33.797830
2026041705001145,SAHAS,43,32,37,626.0,23162.0,South Asian Bulls Pvt. Ltd.,Premier Securities Company Ltd.,2026-04-17 11:17:47.787523
2026041705001146,SAHAS,19,32,53,626.0,33178.0,Nepal Investment And Securities Trading Private Limited,Premier Securities Company Ltd.,2026-04-17 11:17:47.787678
2026041705001168,SAHAS,19,6,22,626.0,13772.0,Nepal Investment And Securities Trading Private Limited,Agrawal Securities (PVT) Ltd.,2026-04-17 11:17:59.627475
2026041705001260,SAHAS,13,45,233,627.0,146091.0,Thrive Brokerage House Pvt. Ltd,Imperial Securities Company Pvt. Ltd.,2026-04-17 11:18:30.123685
2026041705001315,SAHAS,19,58,113,626.0,70738.0,Nepal Investment And Securities Trading Private Limited,Naasa Securities Co. Ltd.,2026-04-17 11:18:48.470216
2026041705001317,SAHAS,13,42,10,627.0,6270.0,Thrive Brokerage House Pvt. Ltd,Sani Securities Company Ltd.,2026-04-17 11:18:49.686815
2026041705001323,SAHAS,19,57,200,626.0,125200.0,Nepal Investment And Securities Trading Private Limited,Aryatara Investment & Securities,2026-04-17 11:18:53.302913
2026041705001396,SAHAS,19,25,112,626.0,70112.0,Nepal Investment And Securities Trading Private Limited,Sweta Securities Private Limited,2026-04-17 11:19:18.616975
2026041705001397,SAHAS,51,25,500,626.0,313000.0,Oxford Securities Pvt. Ltd.,Sweta Securities Private Limited,2026-04-17 11:19:18.617149
2026041705001398,SAHAS,1,25,388,625.3,242616.4,Kumari Securities Private Limited,Sweta Securities Private Limited,2026-04-17 11:19:18.617221
2026041705001425,SAHAS,1,42,112,625.3,70033.6,Kumari Securities Private Limited,Sani Securities Company Ltd.,2026-04-17 11:19:32.137412
2026041705001426,SAHAS,21,42,60,625.0,37500.0,Midas Stock Broking Company Private Limited,Sani Securities Company Ltd.,2026-04-17 11:19:32.137587
2026041705001427,SAHAS,35,42,10,625.0,6250.0,Kohinoor Investment & Securities Pvt. Ltd.,Sani Securities Company Ltd.,2026-04-17 11:19:32.137674
2026041705001428,SAHAS,34,42,100,625.0,62500.0,Vision Securities Pvt. Ltd,Sani Securities Company Ltd.,2026-04-17 11:19:32.137758
2026041705001429,SAHAS,19,42,318,625.0,198750.0,Nepal Investment And Securities Trading Private Limited,Sani Securities Company Ltd.,2026-04-17 11:19:32.137822
2026041705001440,SAHAS,49,58,10,627.0,6270.0,Online Securities Pvt. Ltd.,Naasa Securities Co. Ltd.,2026-04-17 11:19:40.555386
2026041705001560,SAHAS,19,40,182,625.0,113750.0,Nepal Investment And Securities Trading Private Limited,Creative Securities Pvt Ltd,2026-04-17 11:20:48.216144
2026041705001561,SAHAS,58,40,40,625.0,25000.0,Naasa Securities Co. Ltd.,Creative Securities Pvt Ltd,2026-04-17 11:20:48.216198
2026041705001562,SAHAS,62,40,100,624.0,62400.0,Capital Max Securities Ltd,Creative Securities Pvt Ltd,2026-04-17 11:20:48.216231
2026041705001563,SAHAS,34,40,200,623.4,124680.0,Vision Securities Pvt. Ltd,Creative Securities Pvt Ltd,2026-04-17 11:20:48.216261
2026041705001564,SAHAS,22,40,10,623.2,6232.0,Siprabi Securities Pvt. Ltd.,Creative Securities Pvt Ltd,2026-04-17 11:20:48.216287
2026041705001565,SAHAS,34,40,73,623.2,45493.6,Vision Securities Pvt. Ltd,Creative Securities Pvt Ltd,2026-04-17 11:20:48.216308
2026041705001627,SAHAS,35,59,10,624.0,6240.0,Kohinoor Investment & Securities Pvt. Ltd.,Deevyaa Securities & Stock House Pvt. Ltd,2026-04-17 11:21:40.065939
2026041705001628,SAHAS,34,59,27,623.2,16826.4,Vision Securities Pvt. Ltd,Deevyaa Securities & Stock House Pvt. Ltd,2026-04-17 11:21:40.066094
2026041705001629,SAHAS,58,59,10,623.0,6230.0,Naasa Securities Co. Ltd.,Deevyaa Securities & Stock House Pvt. Ltd,2026-04-17 11:21:40.066160
2026041705001630,SAHAS,19,59,373,623.0,232379.0,Nepal Investment And Securities Trading Private Limited,Deevyaa Securities & Stock House Pvt. Ltd,2026-04-17 11:21:40.066227
2026041705001880,SAHAS,34,42,65,625.0,40625.0,Vision Securities Pvt. Ltd,Sani Securities Company Ltd.,2026-04-17 11:24:11.602418
2026041705001943,SAHAS,34,42,13,625.0,8125.0,Vision Securities Pvt. Ltd,Sani Securities Company Ltd.,2026-04-17 11:24:39.331576
2026041705001969,SAHAS,34,42,13,625.0,8125.0,Vision Securities Pvt. Ltd,Sani Securities Company Ltd.,2026-04-17 11:24:48.235719
2026041705001993,SAHAS,34,45,109,625.0,68125.0,Vision Securities Pvt. Ltd,Imperial Securities Company Pvt. Ltd.,2026-04-17 11:25:05.766638
2026041705002043,SAHAS,51,58,10,623.1,6231.0,Oxford Securities Pvt. Ltd.,Naasa Securities Co. Ltd.,2026-04-17 11:25:33.445687
2026041705002095,SAHAS,33,45,50,625.0,31250.0,Dakshinkali Investment & Securities Pvt. Ltd.,Imperial Securities Company Pvt. Ltd.,2026-04-17 11:26:00.188685
2026041705002179,SAHAS,38,54,13,623.5,8105.5,Dipshikha Dhitopatra Karobar Co. Pvt Ltd.,Sewa Securities Pvt. Ltd.,2026-04-17 11:26:35.966373
2026041705002215,SAHAS,58,45,50,625.0,31250.0,Naasa Securities Co. Ltd.,Imperial Securities Company Pvt. Ltd.,2026-04-17 11:27:06.061522
2026041705002292,SAHAS,19,45,191,625.0,119375.0,Nepal Investment And Securities Trading Private Limited,Imperial Securities Company Pvt. Ltd.,2026-04-17 11:27:53.476208
2026041705002519,SAHAS,19,50,100,625.0,62500.0,Nepal Investment And Securities Trading Private Limited,Cristal Kanchanjanga Securites Pvt. Ltd.,2026-04-17 11:30:04.849136
2026041705002544,SAHAS,19,38,13,625.0,8125.0,Nepal Investment And Securities Trading Private Limited,Dipshikha Dhitopatra Karobar Co. Pvt Ltd.,2026-04-17 11:30:22.658154
2026041705002570,SAHAS,19,57,96,625.0,60000.0,Nepal Investment And Securities Trading Private Limited,Aryatara Investment & Securities,2026-04-17 11:30:49.037476
2026041705002606,SAHAS,91,58,13,625.0,8125.0,Citizens Share Broker Limited,Naasa Securities Co. Ltd.,2026-04-17 11:31:19.000030
2026041705002675,SAHAS,91,54,13,625.0,8125.0,Citizens Share Broker Limited,Sewa Securities Pvt. Ltd.,2026-04-17 11:32:11.998146
2026041705002704,SAHAS,91,46,148,625.0,92500.0,Citizens Share Broker Limited,Kalika Securities Pvt. Ltd.,2026-04-17 11:32:32.774556
2026041705002836,SAHAS,34,50,50,623.0,31150.0,Vision Securities Pvt. Ltd,Cristal Kanchanjanga Securites Pvt. Ltd.,2026-04-17 11:33:56.276678
2026041705002837,SAHAS,34,50,17,622.0,10574.0,Vision Securities Pvt. Ltd,Cristal Kanchanjanga Securites Pvt. Ltd.,2026-04-17 11:33:56.277038
2026041705002850,SAHAS,58,46,25,625.0,15625.0,Naasa Securities Co. Ltd.,Kalika Securities Pvt. Ltd.,2026-04-17 11:34:05.651953
2026041705002918,SAHAS,96,46,160,625.0,100000.0,Himalayan Securities Limited,Kalika Securities Pvt. Ltd.,2026-04-17 11:34:52.066956
2026041705003004,SAHAS,34,48,2,622.0,1244.0,Vision Securities Pvt. Ltd,Trishakti Securities Public Limited,2026-04-17 11:36:01.699570
2026041705003010,SAHAS,13,46,57,623.0,35511.0,Thrive Brokerage House Pvt. Ltd,Kalika Securities Pvt. Ltd.,2026-04-17 11:36:06.823238
2026041705003012,SAHAS,32,46,100,623.0,62300.0,Premier Securities Company Ltd.,Kalika Securities Pvt. Ltd.,2026-04-17 11:36:07.877318
2026041705003105,SAHAS,62,46,10,623.0,6230.0,Capital Max Securities Ltd,Kalika Securities Pvt. Ltd.,2026-04-17 11:37:13.607999
2026041705003121,SAHAS,75,58,12,623.0,7476.0,N.I.M.B. Stock Markets Limited,Naasa Securities Co. Ltd.,2026-04-17 11:37:29.324632
2026041705003128,SAHAS,58,43,28,625.0,17500.0,Naasa Securities Co. Ltd.,South Asian Bulls Pvt. Ltd.,2026-04-17 11:37:40.367083
2026041705003134,SAHAS,75,43,472,625.0,295000.0,N.I.M.B. Stock Markets Limited,South Asian Bulls Pvt. Ltd.,2026-04-17 11:37:44.374021
2026041705003153,SAHAS,75,59,28,625.0,17500.0,N.I.M.B. Stock Markets Limited,Deevyaa Securities & Stock House Pvt. Ltd,2026-04-17 11:38:02.021176
2026041705003154,SAHAS,75,59,20,625.0,12500.0,N.I.M.B. Stock Markets Limited,Deevyaa Securities & Stock House Pvt. Ltd,2026-04-17 11:38:02.021566
2026041705003165,SAHAS,7,59,10,625.0,6250.0,J.F. Securites (PVT) Ltd.,Deevyaa Securities & Stock House Pvt. Ltd,2026-04-17 11:38:17.575751
2026041705003183,SAHAS,75,59,10,625.0,6250.0,N.I.M.B. Stock Markets Limited,Deevyaa Securities & Stock House Pvt. Ltd,2026-04-17 11:38:27.590910
2026041705003262,SAHAS,75,59,32,625.0,20000.0,N.I.M.B. Stock Markets Limited,Deevyaa Securities & Stock House Pvt. Ltd,2026-04-17 11:39:43.296635
2026041705003263,SAHAS,75,49,36,625.0,22500.0,N.I.M.B. Stock Markets Limited,Online Securities Pvt. Ltd.,2026-04-17 11:39:43.297005
2026041705003296,SAHAS,52,43,500,626.0,313000.0,Sundhara Securities Limited,South Asian Bulls Pvt. Ltd.,2026-04-17 11:40:14.466114
2026041705003354,SAHAS,52,34,50,626.0,31300.0,Sundhara Securities Limited,Vision Securities Pvt. Ltd,2026-04-17 11:40:56.079557
2026041705003444,SAHAS,75,42,265,625.0,165625.0,N.I.M.B. Stock Markets Limited,Sani Securities Company Ltd.,2026-04-17 11:41:59.235133
2026041705003454,SAHAS,48,43,500,626.4,313200.0,Trishakti Securities Public Limited,South Asian Bulls Pvt. Ltd.,2026-04-17 11:42:06.173773
2026041705003455,SAHAS,48,46,500,626.5,313250.0,Trishakti Securities Public Limited,Kalika Securities Pvt. Ltd.,2026-04-17 11:42:06.173877
2026041705003512,SAHAS,34,57,13,626.5,8144.5,Vision Securities Pvt. Ltd,Aryatara Investment & Securities,2026-04-17 11:42:50.130342
2026041705003601,SAHAS,42,36,13,626.6,8145.8,Sani Securities Company Ltd.,Secured Securities Ltd.,2026-04-17 11:44:03.050753
2026041705003610,SAHAS,42,49,156,626.6,97749.6,Sani Securities Company Ltd.,Online Securities Pvt. Ltd.,2026-04-17 11:44:11.342041
2026041705003611,SAHAS,34,49,37,626.5,23180.5,Vision Securities Pvt. Ltd,Online Securities Pvt. Ltd.,2026-04-17 11:44:11.342287
2026041705003626,SAHAS,49,35,12,625.1,7501.2,Online Securities Pvt. Ltd.,Kohinoor Investment & Securities Pvt. Ltd.,2026-04-17 11:44:30.668628
2026041705003721,SAHAS,49,35,13,625.1,8126.3,Online Securities Pvt. Ltd.,Kohinoor Investment & Securities Pvt. Ltd.,2026-04-17 11:45:30.062384
2026041705003769,SAHAS,51,49,100,626.5,62650.0,Oxford Securities Pvt. Ltd.,Online Securities Pvt. Ltd.,2026-04-17 11:45:52.145627
2026041705003799,SAHAS,75,58,13,625.0,8125.0,N.I.M.B. Stock Markets Limited,Naasa Securities Co. Ltd.,2026-04-17 11:46:26.313326
2026041705003892,SAHAS,75,22,21,625.0,13125.0,N.I.M.B. Stock Markets Limited,Siprabi Securities Pvt. Ltd.,2026-04-17 11:47:34.035475
2026041705003913,SAHAS,75,50,10,625.0,6250.0,N.I.M.B. Stock Markets Limited,Cristal Kanchanjanga Securites Pvt. Ltd.,2026-04-17 11:47:49.025262
2026041705003976,SAHAS,75,21,13,625.0,8125.0,N.I.M.B. Stock Markets Limited,Midas Stock Broking Company Private Limited,2026-04-17 11:48:21.444197
2026041705004025,SAHAS,58,43,10,626.3,6263.0,Naasa Securities Co. Ltd.,South Asian Bulls Pvt. Ltd.,2026-04-17 11:48:51.477504
2026041705004146,SAHAS,58,32,20,626.0,12520.0,Naasa Securities Co. Ltd.,Premier Securities Company Ltd.,2026-04-17 11:50:27.483661
2026041705004147,SAHAS,58,34,80,626.2,50096.0,Naasa Securities Co. Ltd.,Vision Securities Pvt. Ltd,2026-04-17 11:50:27.484083
2026041705004303,SAHAS,42,56,10,626.0,6260.0,Sani Securities Company Ltd.,Sri Hari Securities Pvt. Ltd.,2026-04-17 11:52:36.595096
2026041705004350,SAHAS,42,56,10,626.0,6260.0,Sani Securities Company Ltd.,Sri Hari Securities Pvt. Ltd.,2026-04-17 11:53:08.317522
2026041705004358,SAHAS,42,54,13,626.0,8138.0,Sani Securities Company Ltd.,Sewa Securities Pvt. Ltd.,2026-04-17 11:53:15.775744
2026041705004390,SAHAS,58,32,3,615.0,1845.0,Naasa Securities Co. Ltd.,Premier Securities Company Ltd.,2026-04-17 11:53:53.568673
2026041705004459,SAHAS,42,25,12,626.0,7512.0,Sani Securities Company Ltd.,Sweta Securities Private Limited,2026-04-17 11:54:47.746054
2026041705004528,SAHAS,75,34,98,625.0,61250.0,N.I.M.B. Stock Markets Limited,Vision Securities Pvt. Ltd,2026-04-17 11:56:00.682799
2026041705004529,SAHAS,49,34,16,625.0,10000.0,Online Securities Pvt. Ltd.,Vision Securities Pvt. Ltd,2026-04-17 11:56:00.683048
2026041705004530,SAHAS,35,34,10,625.0,6250.0,Kohinoor Investment & Securities Pvt. Ltd.,Vision Securities Pvt. Ltd,2026-04-17 11:56:00.683158
2026041705004531,SAHAS,38,34,200,625.0,125000.0,Dipshikha Dhitopatra Karobar Co. Pvt Ltd.,Vision Securities Pvt. Ltd,2026-04-17 11:56:00.683272
2026041705004532,SAHAS,42,34,20,625.0,12500.0,Sani Securities Company Ltd.,Vision Securities Pvt. Ltd,2026-04-17 11:56:00.683400
2026041705004533,SAHAS,19,34,48,625.0,30000.0,Nepal Investment And Securities Trading Private Limited,Vision Securities Pvt. Ltd,2026-04-17 11:56:00.683509
2026041705004558,SAHAS,19,34,13,625.0,8125.0,Nepal Investment And Securities Trading Private Limited,Vision Securities Pvt. Ltd,2026-04-17 11:56:25.428694
2026041705004567,SAHAS,19,36,100,625.0,62500.0,Nepal Investment And Securities Trading Private Limited,Secured Securities Ltd.,2026-04-17 11:56:30.153350
2026041705004571,SAHAS,19,34,39,625.0,24375.0,Nepal Investment And Securities Trading Private Limited,Vision Securities Pvt. Ltd,2026-04-17 11:56:32.447372
2026041705004572,SAHAS,58,34,10,625.0,6250.0,Naasa Securities Co. Ltd.,Vision Securities Pvt. Ltd,2026-04-17 11:56:32.447645
2026041705004615,SAHAS,32,41,30,624.0,18720.0,Premier Securities Company Ltd.,Linch Stock Market Ltd.,2026-04-17 11:57:03.780899
2026041705004648,SAHAS,32,34,20,624.0,12480.0,Premier Securities Company Ltd.,Vision Securities Pvt. Ltd,2026-04-17 11:57:28.109349
2026041705004742,SAHAS,32,36,13,624.0,8112.0,Premier Securities Company Ltd.,Secured Securities Ltd.,2026-04-17 11:58:33.593088
2026041705004830,SAHAS,32,17,57,624.0,35568.0,Premier Securities Company Ltd.,ABC Securities Private Limited,2026-04-17 11:59:23.676603
2026041705004831,SAHAS,19,17,43,624.0,26832.0,Nepal Investment And Securities Trading Private Limited,ABC Securities Private Limited,2026-04-17 11:59:23.676856
2026041705004931,SAHAS,19,84,13,624.0,8112.0,Nepal Investment And Securities Trading Private Limited,MILKY WAY SHARE BROKER COMPANY LTD ,2026-04-17 12:00:35.538957
2026041705004983,SAHAS,58,45,5,625.0,3125.0,Naasa Securities Co. Ltd.,Imperial Securities Company Pvt. Ltd.,2026-04-17 12:01:00.072542
2026041705005040,SAHAS,19,25,144,624.0,89856.0,Nepal Investment And Securities Trading Private Limited,Sweta Securities Private Limited,2026-04-17 12:01:27.517932
2026041705005041,SAHAS,39,25,164,624.0,102336.0,Sumeru Securities Pvt. Ltd.,Sweta Securities Private Limited,2026-04-17 12:01:27.518185
2026041705005191,SAHAS,39,49,3226,624.0,2013024.0,Sumeru Securities Pvt. Ltd.,Online Securities Pvt. Ltd.,2026-04-17 12:03:18.110345
2026041705005221,SAHAS,39,42,500,624.0,312000.0,Sumeru Securities Pvt. Ltd.,Sani Securities Company Ltd.,2026-04-17 12:03:25.255382
2026041705005263,SAHAS,39,34,31,624.0,19344.0,Sumeru Securities Pvt. Ltd.,Vision Securities Pvt. Ltd,2026-04-17 12:03:45.886906
2026041705005277,SAHAS,39,21,13,624.0,8112.0,Sumeru Securities Pvt. Ltd.,Midas Stock Broking Company Private Limited,2026-04-17 12:03:55.950517
2026041705005310,SAHAS,39,57,13,624.0,8112.0,Sumeru Securities Pvt. Ltd.,Aryatara Investment & Securities,2026-04-17 12:04:06.920083
2026041705005420,SAHAS,39,45,13,624.0,8112.0,Sumeru Securities Pvt. Ltd.,Imperial Securities Company Pvt. Ltd.,2026-04-17 12:05:24.354339
2026041705005441,SAHAS,39,36,100,624.0,62400.0,Sumeru Securities Pvt. Ltd.,Secured Securities Ltd.,2026-04-17 12:05:41.704040
2026041705005510,SAHAS,39,38,13,624.0,8112.0,Sumeru Securities Pvt. Ltd.,Dipshikha Dhitopatra Karobar Co. Pvt Ltd.,2026-04-17 12:06:31.900501
2026041705005586,SAHAS,39,10,927,624.0,578448.0,Sumeru Securities Pvt. Ltd.,Pragyan Securities (PVT) Ltd.,2026-04-17 12:07:17.010911
2026041705005587,SAHAS,7,10,20,624.0,12480.0,J.F. Securites (PVT) Ltd.,Pragyan Securities (PVT) Ltd.,2026-04-17 12:07:17.011423
2026041705005588,SAHAS,62,10,20,622.1,12442.0,Capital Max Securities Ltd,Pragyan Securities (PVT) Ltd.,2026-04-17 12:07:17.011736
2026041705005589,SAHAS,56,10,98,622.1,60965.8,Sri Hari Securities Pvt. Ltd.,Pragyan Securities (PVT) Ltd.,2026-04-17 12:07:17.012019
2026041705005590,SAHAS,42,10,135,622.0,83970.0,Sani Securities Company Ltd.,Pragyan Securities (PVT) Ltd.,2026-04-17 12:07:17.012347
2026041705005811,SAHAS,62,4,3,620.0,1860.0,Capital Max Securities Ltd,Opal Securities Investment (PVT) Ltd.,2026-04-17 12:09:34.215730
2026041705005841,SAHAS,62,56,2,622.0,1244.0,Capital Max Securities Ltd,Sri Hari Securities Pvt. Ltd.,2026-04-17 12:10:01.743084
2026041705005909,SAHAS,56,57,313,622.5,194842.5,Sri Hari Securities Pvt. Ltd.,Aryatara Investment & Securities,2026-04-17 12:10:25.012838
2026041705005938,SAHAS,56,35,50,622.5,31125.0,Sri Hari Securities Pvt. Ltd.,Kohinoor Investment & Securities Pvt. Ltd.,2026-04-17 12:10:45.192212
2026041705005942,SAHAS,56,29,108,622.5,67230.0,Sri Hari Securities Pvt. Ltd.,Trisul Securities & Invt. Ltd.,2026-04-17 12:10:49.272457
2026041705005981,SAHAS,56,41,13,622.5,8092.5,Sri Hari Securities Pvt. Ltd.,Linch Stock Market Ltd.,2026-04-17 12:11:07.724299
2026041705006198,SAHAS,56,43,10,622.5,6225.0,Sri Hari Securities Pvt. Ltd.,South Asian Bulls Pvt. Ltd.,2026-04-17 12:12:56.023257
2026041705006225,SAHAS,48,57,261,623.0,162603.0,Trishakti Securities Public Limited,Aryatara Investment & Securities,2026-04-17 12:13:12.684677
2026041705006226,SAHAS,48,57,139,623.0,86597.0,Trishakti Securities Public Limited,Aryatara Investment & Securities,2026-04-17 12:13:12.684769
2026041705006359,SAHAS,51,57,35,623.0,21805.0,Oxford Securities Pvt. Ltd.,Aryatara Investment & Securities,2026-04-17 12:14:34.656018
2026041705006379,SAHAS,26,57,38,623.0,23674.0,Asian Securities Private Ltd.,Aryatara Investment & Securities,2026-04-17 12:14:44.225528
2026041705006449,SAHAS,26,57,35,623.0,21805.0,Asian Securities Private Ltd.,Aryatara Investment & Securities,2026-04-17 12:15:50.290216
2026041705006450,SAHAS,56,57,298,622.5,185505.0,Sri Hari Securities Pvt. Ltd.,Aryatara Investment & Securities,2026-04-17 12:15:50.290471
2026041705006451,SAHAS,58,57,90,622.5,56025.0,Naasa Securities Co. Ltd.,Aryatara Investment & Securities,2026-04-17 12:15:50.290580
2026041705006452,SAHAS,42,57,65,622.0,40430.0,Sani Securities Company Ltd.,Aryatara Investment & Securities,2026-04-17 12:15:50.290690
2026041705006453,SAHAS,8,57,250,622.0,155500.0,Brilliant Securities Pvt. Ltd.,Aryatara Investment & Securities,2026-04-17 12:15:50.290797
2026041705006454,SAHAS,51,57,47,622.0,29234.0,Oxford Securities Pvt. Ltd.,Aryatara Investment & Securities,2026-04-17 12:15:50.290904
2026041705006455,SAHAS,40,57,500,622.0,311000.0,Creative Securities Pvt Ltd,Aryatara Investment & Securities,2026-04-17 12:15:50.291007
2026041705006456,SAHAS,57,57,30,621.0,18630.0,Aryatara Investment & Securities,Aryatara Investment & Securities,2026-04-17 12:15:50.291120
2026041705006457,SAHAS,56,57,50,621.0,31050.0,Sri Hari Securities Pvt. Ltd.,Aryatara Investment & Securities,2026-04-17 12:15:50.291229
2026041705006458,SAHAS,41,57,100,621.0,62100.0,Linch Stock Market Ltd.,Aryatara Investment & Securities,2026-04-17 12:15:50.291341
2026041705006459,SAHAS,91,57,174,621.0,108054.0,Citizens Share Broker Limited,Aryatara Investment & Securities,2026-04-17 12:15:50.291461
2026041705006460,SAHAS,11,57,200,621.0,124200.0,Malla & Malla Stock Broking Company Pvt. Limited,Aryatara Investment & Securities,2026-04-17 12:15:50.291566
2026041705006461,SAHAS,13,57,160,621.0,99360.0,Thrive Brokerage House Pvt. Ltd,Aryatara Investment & Securities,2026-04-17 12:15:50.291670
2026041705006462,SAHAS,7,57,800,621.0,496800.0,J.F. Securites (PVT) Ltd.,Aryatara Investment & Securities,2026-04-17 12:15:50.291773
2026041705006473,SAHAS,58,57,200,621.0,124200.0,Naasa Securities Co. Ltd.,Aryatara Investment & Securities,2026-04-17 12:16:01.622885
2026041705006607,SAHAS,58,59,13,622.0,8086.0,Naasa Securities Co. Ltd.,Deevyaa Securities & Stock House Pvt. Ltd,2026-04-17 12:18:01.521250
2026041705006723,SAHAS,56,57,2500,623.0,1557500.0,Sri Hari Securities Pvt. Ltd.,Aryatara Investment & Securities,2026-04-17 12:19:24.044593
2026041705006726,SAHAS,58,59,13,622.0,8086.0,Naasa Securities Co. Ltd.,Deevyaa Securities & Stock House Pvt. Ltd,2026-04-17 12:19:27.415788
2026041705006844,SAHAS,58,20,13,622.0,8086.0,Naasa Securities Co. Ltd.,Sipla Securities Private Limited,2026-04-17 12:20:56.634461
2026041705006908,SAHAS,58,58,13,622.0,8086.0,Naasa Securities Co. Ltd.,Naasa Securities Co. Ltd.,2026-04-17 12:21:44.383782
2026041705006909,SAHAS,58,58,12,622.0,7464.0,Naasa Securities Co. Ltd.,Naasa Securities Co. Ltd.,2026-04-17 12:21:44.383886
2026041705006948,SAHAS,42,57,26,623.0,16198.0,Sani Securities Company Ltd.,Aryatara Investment & Securities,2026-04-17 12:22:16.869663
2026041705007061,SAHAS,62,58,3,620.0,1860.0,Capital Max Securities Ltd,Naasa Securities Co. Ltd.,2026-04-17 12:23:54.180280
2026041705007228,SAHAS,17,56,13,622.0,8086.0,ABC Securities Private Limited,Sri Hari Securities Pvt. Ltd.,2026-04-17 12:26:12.131664
2026041705007330,SAHAS,16,43,10,622.5,6225.0,Primo Securities (PVT) Ltd.,South Asian Bulls Pvt. Ltd.,2026-04-17 12:27:38.502567
2026041705007331,SAHAS,16,57,474,623.0,295302.0,Primo Securities (PVT) Ltd.,Aryatara Investment & Securities,2026-04-17 12:27:38.502654
2026041705007332,SAHAS,16,57,13,624.0,8112.0,Primo Securities (PVT) Ltd.,Aryatara Investment & Securities,2026-04-17 12:27:38.502687
2026041705007333,SAHAS,16,34,100,624.0,62400.0,Primo Securities (PVT) Ltd.,Vision Securities Pvt. Ltd,2026-04-17 12:27:38.502715
2026041705007390,SAHAS,17,41,13,622.0,8086.0,ABC Securities Private Limited,Linch Stock Market Ltd.,2026-04-17 12:28:38.930676
2026041705007426,SAHAS,17,58,139,622.0,86458.0,ABC Securities Private Limited,Naasa Securities Co. Ltd.,2026-04-17 12:29:07.685475
2026041705007427,SAHAS,46,58,10,622.0,6220.0,Kalika Securities Pvt. Ltd.,Naasa Securities Co. Ltd.,2026-04-17 12:29:07.685766
2026041705007428,SAHAS,46,58,50,621.0,31050.0,Kalika Securities Pvt. Ltd.,Naasa Securities Co. Ltd.,2026-04-17 12:29:07.685890
2026041705007429,SAHAS,26,58,50,620.6,31030.0,Asian Securities Private Ltd.,Naasa Securities Co. Ltd.,2026-04-17 12:29:07.686030
2026041705007430,SAHAS,59,58,12,620.4,7444.8,Deevyaa Securities & Stock House Pvt. Ltd,Naasa Securities Co. Ltd.,2026-04-17 12:29:07.686152
2026041705007531,SAHAS,22,59,13,623.0,8099.0,Siprabi Securities Pvt. Ltd.,Deevyaa Securities & Stock House Pvt. Ltd,2026-04-17 12:30:15.195728
2026041705007554,SAHAS,22,58,10,623.0,6230.0,Siprabi Securities Pvt. Ltd.,Naasa Securities Co. Ltd.,2026-04-17 12:30:29.774389
2026041705007609,SAHAS,49,42,23,623.1,14331.3,Online Securities Pvt. Ltd.,Sani Securities Company Ltd.,2026-04-17 12:31:16.638501
2026041705007610,SAHAS,22,42,32,623.0,19936.0,Siprabi Securities Pvt. Ltd.,Sani Securities Company Ltd.,2026-04-17 12:31:16.639059
2026041705007654,SAHAS,45,42,61,622.0,37942.0,Imperial Securities Company Pvt. Ltd.,Sani Securities Company Ltd.,2026-04-17 12:31:53.494833
2026041705007664,SAHAS,4,42,13,623.0,8099.0,Opal Securities Investment (PVT) Ltd.,Sani Securities Company Ltd.,2026-04-17 12:32:04.468927
2026041705007665,SAHAS,4,16,37,624.0,23088.0,Opal Securities Investment (PVT) Ltd.,Primo Securities (PVT) Ltd.,2026-04-17 12:32:04.468992
2026041705007689,SAHAS,45,16,20,624.0,12480.0,Imperial Securities Company Pvt. Ltd.,Primo Securities (PVT) Ltd.,2026-04-17 12:32:13.818180
2026041705007691,SAHAS,4,16,50,624.0,31200.0,Opal Securities Investment (PVT) Ltd.,Primo Securities (PVT) Ltd.,2026-04-17 12:32:17.737465
2026041705007859,SAHAS,25,34,85,623.9,53031.5,Sweta Securities Private Limited,Vision Securities Pvt. Ltd,2026-04-17 12:34:10.198301
2026041705007921,SAHAS,28,34,415,623.9,258918.5,Shree Krishna Securities Ltd.,Vision Securities Pvt. Ltd,2026-04-17 12:34:54.763335
2026041705007922,SAHAS,28,16,465,624.0,290160.0,Shree Krishna Securities Ltd.,Primo Securities (PVT) Ltd.,2026-04-17 12:34:54.763907
2026041705008006,SAHAS,58,59,24,622.0,14928.0,Naasa Securities Co. Ltd.,Deevyaa Securities & Stock House Pvt. Ltd,2026-04-17 12:36:26.411780
2026041705008036,SAHAS,58,66,10,622.0,6220.0,Naasa Securities Co. Ltd.,Miyo Securities Pvt Ltd,2026-04-17 12:36:58.542124
2026041705008050,SAHAS,58,41,13,622.0,8086.0,Naasa Securities Co. Ltd.,Linch Stock Market Ltd.,2026-04-17 12:37:11.510700
2026041705008051,SAHAS,58,43,3,622.0,1866.0,Naasa Securities Co. Ltd.,South Asian Bulls Pvt. Ltd.,2026-04-17 12:37:11.511157
2026041705008216,SAHAS,26,34,13,621.3,8076.9,Asian Securities Private Ltd.,Vision Securities Pvt. Ltd,2026-04-17 12:38:52.837138
2026041705008329,SAHAS,71,16,50,624.0,31200.0,SHUBHAKAMANA SECURITIES PVT. LTD,Primo Securities (PVT) Ltd.,2026-04-17 12:40:41.216248
2026041705008367,SAHAS,71,16,43,624.0,26832.0,SHUBHAKAMANA SECURITIES PVT. LTD,Primo Securities (PVT) Ltd.,2026-04-17 12:41:28.000692
2026041705008368,SAHAS,71,58,13,625.0,8125.0,SHUBHAKAMANA SECURITIES PVT. LTD,Naasa Securities Co. Ltd.,2026-04-17 12:41:28.000832
2026041705008369,SAHAS,71,17,44,625.0,27500.0,SHUBHAKAMANA SECURITIES PVT. LTD,ABC Securities Private Limited,2026-04-17 12:41:28.000949
2026041705008406,SAHAS,41,17,40,625.0,25000.0,Linch Stock Market Ltd.,ABC Securities Private Limited,2026-04-17 12:41:53.900368
2026041705008427,SAHAS,71,17,50,625.0,31250.0,SHUBHAKAMANA SECURITIES PVT. LTD,ABC Securities Private Limited,2026-04-17 12:42:13.309686
2026041705008437,SAHAS,50,26,100,623.0,62300.0,Cristal Kanchanjanga Securites Pvt. Ltd.,Asian Securities Private Ltd.,2026-04-17 12:42:22.014330
2026041705008465,SAHAS,14,26,57,622.0,35454.0,Nepal Stock House (PVT) Ltd.,Asian Securities Private Ltd.,2026-04-17 12:42:42.040299
2026041705008470,SAHAS,14,52,10,622.0,6220.0,Nepal Stock House (PVT) Ltd.,Sundhara Securities Limited,2026-04-17 12:42:47.115275
2026041705008518,SAHAS,14,4,33,622.0,20526.0,Nepal Stock House (PVT) Ltd.,Opal Securities Investment (PVT) Ltd.,2026-04-17 12:43:47.795412
2026041705008519,SAHAS,42,4,10,622.0,6220.0,Sani Securities Company Ltd.,Opal Securities Investment (PVT) Ltd.,2026-04-17 12:43:47.795978
2026041705008520,SAHAS,75,4,56,622.0,34832.0,N.I.M.B. Stock Markets Limited,Opal Securities Investment (PVT) Ltd.,2026-04-17 12:43:47.796348
2026041705008521,SAHAS,28,4,101,622.0,62822.0,Shree Krishna Securities Ltd.,Opal Securities Investment (PVT) Ltd.,2026-04-17 12:43:47.796717
2026041705008540,SAHAS,28,57,17,622.0,10574.0,Shree Krishna Securities Ltd.,Aryatara Investment & Securities,2026-04-17 12:43:59.353249
2026041705008552,SAHAS,71,38,28,624.9,17497.2,SHUBHAKAMANA SECURITIES PVT. LTD,Dipshikha Dhitopatra Karobar Co. Pvt Ltd.,2026-04-17 12:44:14.081749
2026041705008553,SAHAS,71,17,72,625.0,45000.0,SHUBHAKAMANA SECURITIES PVT. LTD,ABC Securities Private Limited,2026-04-17 12:44:14.081903
2026041705008576,SAHAS,58,17,10,625.0,6250.0,Naasa Securities Co. Ltd.,ABC Securities Private Limited,2026-04-17 12:44:34.284273
2026041705008703,SAHAS,28,14,13,622.0,8086.0,Shree Krishna Securities Ltd.,Nepal Stock House (PVT) Ltd.,2026-04-17 12:46:17.490305
2026041705008717,SAHAS,66,17,84,625.0,52500.0,Miyo Securities Pvt Ltd,ABC Securities Private Limited,2026-04-17 12:46:36.093269
2026041705008718,SAHAS,66,17,13,625.0,8125.0,Miyo Securities Pvt Ltd,ABC Securities Private Limited,2026-04-17 12:46:36.093331
2026041705008719,SAHAS,66,37,13,625.0,8125.0,Miyo Securities Pvt Ltd,Swarna Laxmi Securities Pvt. Ltd.,2026-04-17 12:46:36.093357
2026041705008720,SAHAS,66,13,363,625.0,226875.0,Miyo Securities Pvt Ltd,Thrive Brokerage House Pvt. Ltd,2026-04-17 12:46:36.093383
2026041705008721,SAHAS,66,34,500,625.0,312500.0,Miyo Securities Pvt Ltd,Vision Securities Pvt. Ltd,2026-04-17 12:46:36.093410
2026041705008722,SAHAS,66,43,500,625.0,312500.0,Miyo Securities Pvt Ltd,South Asian Bulls Pvt. Ltd.,2026-04-17 12:46:36.093436
2026041705008723,SAHAS,66,58,13,625.0,8125.0,Miyo Securities Pvt Ltd,Naasa Securities Co. Ltd.,2026-04-17 12:46:36.093491
2026041705008724,SAHAS,66,14,21,625.0,13125.0,Miyo Securities Pvt Ltd,Nepal Stock House (PVT) Ltd.,2026-04-17 12:46:36.093513
2026041705008725,SAHAS,66,50,1769,625.0,1105625.0,Miyo Securities Pvt Ltd,Cristal Kanchanjanga Securites Pvt. Ltd.,2026-04-17 12:46:36.093545
2026041705008726,SAHAS,66,67,100,625.0,62500.0,Miyo Securities Pvt Ltd,Property Wiard Limited,2026-04-17 12:46:36.093571
2026041705008727,SAHAS,66,14,13,625.0,8125.0,Miyo Securities Pvt Ltd,Nepal Stock House (PVT) Ltd.,2026-04-17 12:46:36.093597
2026041705008728,SAHAS,66,22,14,625.0,8750.0,Miyo Securities Pvt Ltd,Siprabi Securities Pvt. Ltd.,2026-04-17 12:46:36.093621
2026041705008729,SAHAS,66,57,97,625.0,60625.0,Miyo Securities Pvt Ltd,Aryatara Investment & Securities,2026-04-17 12:46:36.093646
2026041705008904,SAHAS,18,57,53,625.0,33125.0,Sagarmatha Securities Private Limited,Aryatara Investment & Securities,2026-04-17 12:49:12.549812
2026041705008905,SAHAS,18,58,247,625.0,154375.0,Sagarmatha Securities Private Limited,Naasa Securities Co. Ltd.,2026-04-17 12:49:12.550445
2026041705009002,SAHAS,28,50,1,622.0,622.0,Shree Krishna Securities Ltd.,Cristal Kanchanjanga Securites Pvt. Ltd.,2026-04-17 12:50:09.391402
2026041705009021,SAHAS,28,58,3,624.0,1872.0,Shree Krishna Securities Ltd.,Naasa Securities Co. Ltd.,2026-04-17 12:50:25.754414
2026041705009038,SAHAS,28,56,2,624.0,1248.0,Shree Krishna Securities Ltd.,Sri Hari Securities Pvt. Ltd.,2026-04-17 12:50:40.521856
2026041705009119,SAHAS,65,58,50,625.0,31250.0,Sharepro Securities Private Limited,Naasa Securities Co. Ltd.,2026-04-17 12:51:21.230687
2026041705009131,SAHAS,28,58,53,625.0,33125.0,Shree Krishna Securities Ltd.,Naasa Securities Co. Ltd.,2026-04-17 12:51:33.578661
2026041705009359,SAHAS,62,58,1,622.0,622.0,Capital Max Securities Ltd,Naasa Securities Co. Ltd.,2026-04-17 12:53:03.020078
2026041705009402,SAHAS,28,61,700,625.0,437500.0,Shree Krishna Securities Ltd.,BHOLE GANESH SECURITIES LTD,2026-04-17 12:53:36.383666
2026041705009622,SAHAS,65,49,100,624.0,62400.0,Sharepro Securities Private Limited,Online Securities Pvt. Ltd.,2026-04-17 12:55:17.743284
2026041705009623,SAHAS,65,34,37,625.0,23125.0,Sharepro Securities Private Limited,Vision Securities Pvt. Ltd,2026-04-17 12:55:17.743411
2026041705009684,SAHAS,28,45,100,622.8,62280.0,Shree Krishna Securities Ltd.,Imperial Securities Company Pvt. Ltd.,2026-04-17 12:56:03.383971
2026041705009965,SAHAS,29,34,10,623.0,6230.0,Trisul Securities & Invt. Ltd.,Vision Securities Pvt. Ltd,2026-04-17 12:58:32.109019
2026041705009986,SAHAS,44,59,90,624.9,56241.0,Dynamic Money Managers Securities Pvt. Ltd.,Deevyaa Securities & Stock House Pvt. Ltd,2026-04-17 12:58:49.035397
2026041705010020,SAHAS,44,38,109,625.0,68125.0,Dynamic Money Managers Securities Pvt. Ltd.,Dipshikha Dhitopatra Karobar Co. Pvt Ltd.,2026-04-17 12:59:07.279079
2026041705010072,SAHAS,29,49,13,623.0,8099.0,Trisul Securities & Invt. Ltd.,Online Securities Pvt. Ltd.,2026-04-17 13:00:27.876102
2026041705010098,SAHAS,58,48,3,620.8,1862.4,Naasa Securities Co. Ltd.,Trishakti Securities Public Limited,2026-04-17 13:00:54.481302
2026041705010106,SAHAS,62,51,3,620.0,1860.0,Capital Max Securities Ltd,Oxford Securities Pvt. Ltd.,2026-04-17 13:01:10.884771
2026041705010129,SAHAS,56,38,50,625.0,31250.0,Sri Hari Securities Pvt. Ltd.,Dipshikha Dhitopatra Karobar Co. Pvt Ltd.,2026-04-17 13:01:36.716883
2026041705010207,SAHAS,34,38,150,625.0,93750.0,Vision Securities Pvt. Ltd,Dipshikha Dhitopatra Karobar Co. Pvt Ltd.,2026-04-17 13:03:09.846238
2026041705010216,SAHAS,43,59,10,624.9,6249.0,South Asian Bulls Pvt. Ltd.,Deevyaa Securities & Stock House Pvt. Ltd,2026-04-17 13:03:30.253612
2026041705010240,SAHAS,29,58,13,623.0,8099.0,Trisul Securities & Invt. Ltd.,Naasa Securities Co. Ltd.,2026-04-17 13:04:06.497842
2026041705010288,SAHAS,29,33,13,623.0,8099.0,Trisul Securities & Invt. Ltd.,Dakshinkali Investment & Securities Pvt. Ltd.,2026-04-17 13:05:46.442927
2026041705010289,SAHAS,29,7,13,623.0,8099.0,Trisul Securities & Invt. Ltd.,J.F. Securites (PVT) Ltd.,2026-04-17 13:05:48.230196
2026041705010349,SAHAS,28,59,13,624.9,8123.7,Shree Krishna Securities Ltd.,Deevyaa Securities & Stock House Pvt. Ltd,2026-04-17 13:06:47.711310
2026041705010442,SAHAS,65,59,17,624.9,10623.3,Sharepro Securities Private Limited,Deevyaa Securities & Stock House Pvt. Ltd,2026-04-17 13:07:46.742174
2026041705010443,SAHAS,65,48,33,624.9,20621.7,Sharepro Securities Private Limited,Trishakti Securities Public Limited,2026-04-17 13:07:46.742822
2026041705010524,SAHAS,38,48,17,624.9,10623.3,Dipshikha Dhitopatra Karobar Co. Pvt Ltd.,Trishakti Securities Public Limited,2026-04-17 13:09:35.221482
2026041705010525,SAHAS,38,58,3,625.0,1875.0,Dipshikha Dhitopatra Karobar Co. Pvt Ltd.,Naasa Securities Co. Ltd.,2026-04-17 13:09:35.221563
2026041705010569,SAHAS,29,38,91,625.0,56875.0,Trisul Securities & Invt. Ltd.,Dipshikha Dhitopatra Karobar Co. Pvt Ltd.,2026-04-17 13:10:18.672801
2026041705010570,SAHAS,29,54,448,625.0,280000.0,Trisul Securities & Invt. Ltd.,Sewa Securities Pvt. Ltd.,2026-04-17 13:10:18.673405
2026041705010591,SAHAS,57,25,10,623.1,6231.0,Aryatara Investment & Securities,Sweta Securities Private Limited,2026-04-17 13:11:12.469775
2026041705010711,SAHAS,49,54,52,625.0,32500.0,Online Securities Pvt. Ltd.,Sewa Securities Pvt. Ltd.,2026-04-17 13:13:47.748993
2026041705010712,SAHAS,49,43,48,625.0,30000.0,Online Securities Pvt. Ltd.,South Asian Bulls Pvt. Ltd.,2026-04-17 13:13:47.749302
2026041705010768,SAHAS,35,35,13,624.0,8112.0,Kohinoor Investment & Securities Pvt. Ltd.,Kohinoor Investment & Securities Pvt. Ltd.,2026-04-17 13:15:55.681511
2026041705010822,SAHAS,35,74,13,624.0,8112.0,Kohinoor Investment & Securities Pvt. Ltd.,KALASH STOCK MARKET PVT. LTD.,2026-04-17 13:16:49.998357
2026041705010834,SAHAS,35,8,44,624.0,27456.0,Kohinoor Investment & Securities Pvt. Ltd.,Brilliant Securities Pvt. Ltd.,2026-04-17 13:17:07.623611
2026041705010931,SAHAS,58,17,11,623.0,6853.0,Naasa Securities Co. Ltd.,ABC Securities Private Limited,2026-04-17 13:18:22.439657
2026041705010932,SAHAS,50,17,89,623.0,55447.0,Cristal Kanchanjanga Securites Pvt. Ltd.,ABC Securities Private Limited,2026-04-17 13:18:22.440257
2026041705010971,SAHAS,50,59,11,623.0,6853.0,Cristal Kanchanjanga Securites Pvt. Ltd.,Deevyaa Securities & Stock House Pvt. Ltd,2026-04-17 13:19:11.568425
2026041705010974,SAHAS,5,42,24,623.0,14952.0,Market Securities & Exchange (PVT) Ltd.,Sani Securities Company Ltd.,2026-04-17 13:19:19.060029
2026041705011106,SAHAS,57,8,10,623.1,6231.0,Aryatara Investment & Securities,Brilliant Securities Pvt. Ltd.,2026-04-17 13:21:50.540228
2026041705011107,SAHAS,5,8,76,623.0,47348.0,Market Securities & Exchange (PVT) Ltd.,Brilliant Securities Pvt. Ltd.,2026-04-17 13:21:50.540844
2026041705011108,SAHAS,32,8,145,623.0,90335.0,Premier Securities Company Ltd.,Brilliant Securities Pvt. Ltd.,2026-04-17 13:21:50.541230
2026041705011109,SAHAS,21,8,155,623.0,96565.0,Midas Stock Broking Company Private Limited,Brilliant Securities Pvt. Ltd.,2026-04-17 13:21:50.541623
2026041705011110,SAHAS,17,8,25,623.0,15575.0,ABC Securities Private Limited,Brilliant Securities Pvt. Ltd.,2026-04-17 13:21:50.541986
2026041705011118,SAHAS,62,8,40,623.0,24920.0,Capital Max Securities Ltd,Brilliant Securities Pvt. Ltd.,2026-04-17 13:22:02.048420
2026041705011269,SAHAS,16,43,442,625.0,276250.0,Primo Securities (PVT) Ltd.,South Asian Bulls Pvt. Ltd.,2026-04-17 13:24:42.296635
2026041705011270,SAHAS,16,1,13,625.0,8125.0,Primo Securities (PVT) Ltd.,Kumari Securities Private Limited,2026-04-17 13:24:42.296955
2026041705011271,SAHAS,16,18,45,625.0,28125.0,Primo Securities (PVT) Ltd.,Sagarmatha Securities Private Limited,2026-04-17 13:24:42.297098
2026041705011275,SAHAS,58,8,4,629.9,2519.6,Naasa Securities Co. Ltd.,Brilliant Securities Pvt. Ltd.,2026-04-17 13:24:49.629816
2026041705011310,SAHAS,59,58,78,622.8,48578.4,Deevyaa Securities & Stock House Pvt. Ltd,Naasa Securities Co. Ltd.,2026-04-17 13:25:14.788845
2026041705011311,SAHAS,58,58,122,622.6,75957.2,Naasa Securities Co. Ltd.,Naasa Securities Co. Ltd.,2026-04-17 13:25:14.789512
2026041705011326,SAHAS,22,18,23,625.0,14375.0,Siprabi Securities Pvt. Ltd.,Sagarmatha Securities Private Limited,2026-04-17 13:25:40.279209
2026041705011361,SAHAS,32,4,20,623.0,12460.0,Premier Securities Company Ltd.,Opal Securities Investment (PVT) Ltd.,2026-04-17 13:26:23.265731
2026041705011410,SAHAS,51,38,30,623.1,18693.0,Oxford Securities Pvt. Ltd.,Dipshikha Dhitopatra Karobar Co. Pvt Ltd.,2026-04-17 13:27:20.995859
2026041705011411,SAHAS,32,38,420,623.0,261660.0,Premier Securities Company Ltd.,Dipshikha Dhitopatra Karobar Co. Pvt Ltd.,2026-04-17 13:27:20.996509
2026041705011528,SAHAS,62,58,10,623.5,6235.0,Capital Max Securities Ltd,Naasa Securities Co. Ltd.,2026-04-17 13:29:37.297882
2026041705011529,SAHAS,62,34,13,623.5,8105.5,Capital Max Securities Ltd,Vision Securities Pvt. Ltd,2026-04-17 13:29:37.298538
2026041705011546,SAHAS,8,43,50,623.1,31155.0,Brilliant Securities Pvt. Ltd.,South Asian Bulls Pvt. Ltd.,2026-04-17 13:30:09.473697
2026041705011547,SAHAS,5,43,50,623.1,31155.0,Market Securities & Exchange (PVT) Ltd.,South Asian Bulls Pvt. Ltd.,2026-04-17 13:30:09.474039
2026041705011548,SAHAS,32,43,260,623.0,161980.0,Premier Securities Company Ltd.,South Asian Bulls Pvt. Ltd.,2026-04-17 13:30:09.474180
2026041705011549,SAHAS,10,43,45,623.0,28035.0,Pragyan Securities (PVT) Ltd.,South Asian Bulls Pvt. Ltd.,2026-04-17 13:30:09.474309
2026041705011550,SAHAS,42,43,80,623.0,49840.0,Sani Securities Company Ltd.,South Asian Bulls Pvt. Ltd.,2026-04-17 13:30:09.474448
2026041705011551,SAHAS,17,43,100,623.0,62300.0,ABC Securities Private Limited,South Asian Bulls Pvt. Ltd.,2026-04-17 13:30:09.474584
2026041705011552,SAHAS,66,43,160,623.0,99680.0,Miyo Securities Pvt Ltd,South Asian Bulls Pvt. Ltd.,2026-04-17 13:30:09.474734
2026041705011553,SAHAS,11,43,155,622.9,96549.5,Malla & Malla Stock Broking Company Pvt. Limited,South Asian Bulls Pvt. Ltd.,2026-04-17 13:30:09.474869
2026041705011727,SAHAS,14,46,13,624.0,8112.0,Nepal Stock House (PVT) Ltd.,Kalika Securities Pvt. Ltd.,2026-04-17 13:32:26.246954
2026041705011848,SAHAS,66,18,132,625.0,82500.0,Miyo Securities Pvt Ltd,Sagarmatha Securities Private Limited,2026-04-17 13:33:24.918261
2026041705011849,SAHAS,66,57,13,625.0,8125.0,Miyo Securities Pvt Ltd,Aryatara Investment & Securities,2026-04-17 13:33:24.918432
2026041705011850,SAHAS,66,57,500,625.0,312500.0,Miyo Securities Pvt Ltd,Aryatara Investment & Securities,2026-04-17 13:33:24.918502
2026041705011851,SAHAS,66,58,700,625.0,437500.0,Miyo Securities Pvt Ltd,Naasa Securities Co. Ltd.,2026-04-17 13:33:24.918568
2026041705011852,SAHAS,66,58,700,625.0,437500.0,Miyo Securities Pvt Ltd,Naasa Securities Co. Ltd.,2026-04-17 13:33:24.918634
2026041705011853,SAHAS,66,58,700,625.0,437500.0,Miyo Securities Pvt Ltd,Naasa Securities Co. Ltd.,2026-04-17 13:33:24.918697
2026041705011854,SAHAS,66,35,20,625.0,12500.0,Miyo Securities Pvt Ltd,Kohinoor Investment & Securities Pvt. Ltd.,2026-04-17 13:33:24.918760
2026041705011855,SAHAS,66,58,700,625.0,437500.0,Miyo Securities Pvt Ltd,Naasa Securities Co. Ltd.,2026-04-17 13:33:24.918825
2026041705011856,SAHAS,66,58,700,625.0,437500.0,Miyo Securities Pvt Ltd,Naasa Securities Co. Ltd.,2026-04-17 13:33:24.918888
2026041705011857,SAHAS,66,58,700,625.0,437500.0,Miyo Securities Pvt Ltd,Naasa Securities Co. Ltd.,2026-04-17 13:33:24.918952
2026041705011858,SAHAS,66,58,700,625.0,437500.0,Miyo Securities Pvt Ltd,Naasa Securities Co. Ltd.,2026-04-17 13:33:24.919016
2026041705011859,SAHAS,66,58,700,625.0,437500.0,Miyo Securities Pvt Ltd,Naasa Securities Co. Ltd.,2026-04-17 13:33:24.919100
2026041705011860,SAHAS,66,58,700,625.0,437500.0,Miyo Securities Pvt Ltd,Naasa Securities Co. Ltd.,2026-04-17 13:33:24.919179
2026041705011902,SAHAS,14,58,700,625.0,437500.0,Nepal Stock House (PVT) Ltd.,Naasa Securities Co. Ltd.,2026-04-17 13:33:44.363201
2026041705011961,SAHAS,14,58,700,625.0,437500.0,Nepal Stock House (PVT) Ltd.,Naasa Securities Co. Ltd.,2026-04-17 13:34:35.365181
2026041705012312,SAHAS,49,8,1,622.0,622.0,Online Securities Pvt. Ltd.,Brilliant Securities Pvt. Ltd.,2026-04-17 13:38:53.643238
2026041705012354,SAHAS,26,22,13,623.0,8099.0,Asian Securities Private Ltd.,Siprabi Securities Pvt. Ltd.,2026-04-17 13:39:18.194623
2026041705012551,SAHAS,66,38,2247,624.0,1402128.0,Miyo Securities Pvt Ltd,Dipshikha Dhitopatra Karobar Co. Pvt Ltd.,2026-04-17 13:41:46.817602
2026041705012905,SAHAS,7,1,10,623.5,6235.0,J.F. Securites (PVT) Ltd.,Kumari Securities Private Limited,2026-04-17 13:45:27.766414
2026041705013240,SAHAS,7,39,13,623.5,8105.5,J.F. Securites (PVT) Ltd.,Sumeru Securities Pvt. Ltd.,2026-04-17 13:52:15.167575
2026041705013346,SAHAS,54,36,10,623.2,6232.0,Sewa Securities Pvt. Ltd.,Secured Securities Ltd.,2026-04-17 13:54:38.162138
2026041705013398,SAHAS,54,33,91,623.2,56711.2,Sewa Securities Pvt. Ltd.,Dakshinkali Investment & Securities Pvt. Ltd.,2026-04-17 13:56:02.320578
2026041705013399,SAHAS,4,33,50,623.1,31155.0,Opal Securities Investment (PVT) Ltd.,Dakshinkali Investment & Securities Pvt. Ltd.,2026-04-17 13:56:02.321176
2026041705013400,SAHAS,28,33,1000,623.1,623100.0,Shree Krishna Securities Ltd.,Dakshinkali Investment & Securities Pvt. Ltd.,2026-04-17 13:56:02.321584
2026041705013401,SAHAS,26,33,74,623.0,46102.0,Asian Securities Private Ltd.,Dakshinkali Investment & Securities Pvt. Ltd.,2026-04-17 13:56:02.321975
2026041705013402,SAHAS,11,33,15,623.0,9345.0,Malla & Malla Stock Broking Company Pvt. Limited,Dakshinkali Investment & Securities Pvt. Ltd.,2026-04-17 13:56:02.322373
2026041705013403,SAHAS,58,33,100,623.0,62300.0,Naasa Securities Co. Ltd.,Dakshinkali Investment & Securities Pvt. Ltd.,2026-04-17 13:56:02.322751
2026041705013404,SAHAS,58,33,20,623.0,12460.0,Naasa Securities Co. Ltd.,Dakshinkali Investment & Securities Pvt. Ltd.,2026-04-17 13:56:02.323124
2026041705013405,SAHAS,28,33,740,623.0,461020.0,Shree Krishna Securities Ltd.,Dakshinkali Investment & Securities Pvt. Ltd.,2026-04-17 13:56:02.323526
2026041705013406,SAHAS,53,33,100,623.0,62300.0,Investment Management Nepal Pvt. Ltd.,Dakshinkali Investment & Securities Pvt. Ltd.,2026-04-17 13:56:02.323925
2026041705013407,SAHAS,22,33,50,623.0,31150.0,Siprabi Securities Pvt. Ltd.,Dakshinkali Investment & Securities Pvt. Ltd.,2026-04-17 13:56:02.324297
2026041705013463,SAHAS,38,33,16,623.0,9968.0,Dipshikha Dhitopatra Karobar Co. Pvt Ltd.,Dakshinkali Investment & Securities Pvt. Ltd.,2026-04-17 13:57:27.115108
2026041705013484,SAHAS,57,33,50,623.0,31150.0,Aryatara Investment & Securities,Dakshinkali Investment & Securities Pvt. Ltd.,2026-04-17 13:57:52.990347
2026041705013491,SAHAS,58,33,40,623.0,24920.0,Naasa Securities Co. Ltd.,Dakshinkali Investment & Securities Pvt. Ltd.,2026-04-17 13:58:02.738590
2026041705013510,SAHAS,28,33,650,623.0,404950.0,Shree Krishna Securities Ltd.,Dakshinkali Investment & Securities Pvt. Ltd.,2026-04-17 13:58:41.318530
2026041705013533,SAHAS,45,58,19,623.0,11837.0,Imperial Securities Company Pvt. Ltd.,Naasa Securities Co. Ltd.,2026-04-17 13:59:17.799073
2026041705013534,SAHAS,39,58,121,623.0,75383.0,Sumeru Securities Pvt. Ltd.,Naasa Securities Co. Ltd.,2026-04-17 13:59:17.799171
2026041705013535,SAHAS,39,33,4,623.0,2492.0,Sumeru Securities Pvt. Ltd.,Dakshinkali Investment & Securities Pvt. Ltd.,2026-04-17 13:59:17.799402
2026041705013564,SAHAS,11,58,13,622.9,8097.7,Malla & Malla Stock Broking Company Pvt. Limited,Naasa Securities Co. Ltd.,2026-04-17 13:59:57.560293
2026041705013591,SAHAS,51,54,13,623.0,8099.0,Oxford Securities Pvt. Ltd.,Sewa Securities Pvt. Ltd.,2026-04-17 14:00:53.020085
2026041705013705,SAHAS,49,94,70,623.1,43617.0,Online Securities Pvt. Ltd.,K.B.L. Securities Limited ,2026-04-17 14:03:10.706085
2026041705013706,SAHAS,51,94,477,623.0,297171.0,Oxford Securities Pvt. Ltd.,K.B.L. Securities Limited ,2026-04-17 14:03:10.706704
2026041705013707,SAHAS,53,94,20,623.0,12460.0,Investment Management Nepal Pvt. Ltd.,K.B.L. Securities Limited ,2026-04-17 14:03:10.707105
2026041705013708,SAHAS,46,94,35,623.0,21805.0,Kalika Securities Pvt. Ltd.,K.B.L. Securities Limited ,2026-04-17 14:03:10.707522
2026041705013709,SAHAS,11,94,32,622.9,19932.8,Malla & Malla Stock Broking Company Pvt. Limited,K.B.L. Securities Limited ,2026-04-17 14:03:10.707909
2026041705013710,SAHAS,6,94,50,622.8,31140.0,Agrawal Securities (PVT) Ltd.,K.B.L. Securities Limited ,2026-04-17 14:03:10.708291
2026041705013711,SAHAS,28,94,350,622.8,217980.0,Shree Krishna Securities Ltd.,K.B.L. Securities Limited ,2026-04-17 14:03:10.708688
2026041705013712,SAHAS,56,94,50,622.7,31135.0,Sri Hari Securities Pvt. Ltd.,K.B.L. Securities Limited ,2026-04-17 14:03:10.709120
2026041705013713,SAHAS,28,94,966,622.7,601528.2,Shree Krishna Securities Ltd.,K.B.L. Securities Limited ,2026-04-17 14:03:10.709519
2026041705013826,SAHAS,51,29,10,623.0,6230.0,Oxford Securities Pvt. Ltd.,Trisul Securities & Invt. Ltd.,2026-04-17 14:05:01.190946
2026041705014313,SAHAS,44,58,13,624.0,8112.0,Dynamic Money Managers Securities Pvt. Ltd.,Naasa Securities Co. Ltd.,2026-04-17 14:11:37.248555
2026041705014424,SAHAS,56,59,85,624.1,53048.5,Sri Hari Securities Pvt. Ltd.,Deevyaa Securities & Stock House Pvt. Ltd,2026-04-17 14:13:08.759613
2026041705014425,SAHAS,33,59,30,624.0,18720.0,Dakshinkali Investment & Securities Pvt. Ltd.,Deevyaa Securities & Stock House Pvt. Ltd,2026-04-17 14:13:08.760069
2026041705014576,SAHAS,39,59,45,624.0,28080.0,Sumeru Securities Pvt. Ltd.,Deevyaa Securities & Stock House Pvt. Ltd,2026-04-17 14:15:10.734197
2026041705014621,SAHAS,28,59,34,624.0,21216.0,Shree Krishna Securities Ltd.,Deevyaa Securities & Stock House Pvt. Ltd,2026-04-17 14:15:46.979165
2026041705014644,SAHAS,59,59,20,624.0,12480.0,Deevyaa Securities & Stock House Pvt. Ltd,Deevyaa Securities & Stock House Pvt. Ltd,2026-04-17 14:16:01.703237
2026041705014759,SAHAS,41,57,13,623.3,8102.9,Linch Stock Market Ltd.,Aryatara Investment & Securities,2026-04-17 14:17:10.976427
2026041705014784,SAHAS,39,59,20,624.0,12480.0,Sumeru Securities Pvt. Ltd.,Deevyaa Securities & Stock House Pvt. Ltd,2026-04-17 14:17:30.089402
2026041705014834,SAHAS,4,59,27,624.0,16848.0,Opal Securities Investment (PVT) Ltd.,Deevyaa Securities & Stock House Pvt. Ltd,2026-04-17 14:18:08.570606
2026041705014965,SAHAS,42,16,287,623.4,178915.8,Sani Securities Company Ltd.,Primo Securities (PVT) Ltd.,2026-04-17 14:19:43.348772
2026041705014966,SAHAS,41,16,37,623.3,23062.1,Linch Stock Market Ltd.,Primo Securities (PVT) Ltd.,2026-04-17 14:19:43.349126
2026041705014967,SAHAS,6,16,200,623.3,124660.0,Agrawal Securities (PVT) Ltd.,Primo Securities (PVT) Ltd.,2026-04-17 14:19:43.349271
2026041705014968,SAHAS,57,16,150,623.2,93480.0,Aryatara Investment & Securities,Primo Securities (PVT) Ltd.,2026-04-17 14:19:43.349430
2026041705014969,SAHAS,77,16,100,623.1,62310.0,Nabil Stock Dealer Ltd.,Primo Securities (PVT) Ltd.,2026-04-17 14:19:43.349564
2026041705014970,SAHAS,28,16,1000,623.1,623100.0,Shree Krishna Securities Ltd.,Primo Securities (PVT) Ltd.,2026-04-17 14:19:43.349740
2026041705014971,SAHAS,4,16,2000,623.0,1246000.0,Opal Securities Investment (PVT) Ltd.,Primo Securities (PVT) Ltd.,2026-04-17 14:19:43.349938
2026041705014972,SAHAS,46,16,190,623.0,118370.0,Kalika Securities Pvt. Ltd.,Primo Securities (PVT) Ltd.,2026-04-17 14:19:43.350107
2026041705014973,SAHAS,41,16,35,623.0,21805.0,Linch Stock Market Ltd.,Primo Securities (PVT) Ltd.,2026-04-17 14:19:43.350278
2026041705014974,SAHAS,42,16,50,623.0,31150.0,Sani Securities Company Ltd.,Primo Securities (PVT) Ltd.,2026-04-17 14:19:43.350479
2026041705014975,SAHAS,42,16,50,623.0,31150.0,Sani Securities Company Ltd.,Primo Securities (PVT) Ltd.,2026-04-17 14:19:43.350646
2026041705014976,SAHAS,45,16,140,623.0,87220.0,Imperial Securities Company Pvt. Ltd.,Primo Securities (PVT) Ltd.,2026-04-17 14:19:43.350811
2026041705014977,SAHAS,57,16,461,623.0,287203.0,Aryatara Investment & Securities,Primo Securities (PVT) Ltd.,2026-04-17 14:19:43.351001
2026041705015083,SAHAS,57,47,39,623.0,24297.0,Aryatara Investment & Securities,Neev Securities Pvt. Ltd.,2026-04-17 14:20:52.222534
2026041705015095,SAHAS,22,47,26,623.0,16198.0,Siprabi Securities Pvt. Ltd.,Neev Securities Pvt. Ltd.,2026-04-17 14:21:03.366906
2026041705015096,SAHAS,22,42,13,624.0,8112.0,Siprabi Securities Pvt. Ltd.,Sani Securities Company Ltd.,2026-04-17 14:21:03.367258
2026041705015097,SAHAS,22,47,100,624.9,62490.0,Siprabi Securities Pvt. Ltd.,Neev Securities Pvt. Ltd.,2026-04-17 14:21:03.367394
2026041705015098,SAHAS,22,13,13,625.0,8125.0,Siprabi Securities Pvt. Ltd.,Thrive Brokerage House Pvt. Ltd,2026-04-17 14:21:03.367528
2026041705015099,SAHAS,22,34,8,625.0,5000.0,Siprabi Securities Pvt. Ltd.,Vision Securities Pvt. Ltd,2026-04-17 14:21:03.367620
2026041705015117,SAHAS,47,48,13,625.0,8125.0,Neev Securities Pvt. Ltd.,Trishakti Securities Public Limited,2026-04-17 14:21:19.411417
2026041705015118,SAHAS,47,34,12,625.0,7500.0,Neev Securities Pvt. Ltd.,Vision Securities Pvt. Ltd,2026-04-17 14:21:19.412103
2026041705015211,SAHAS,5,42,150,623.0,93450.0,Market Securities & Exchange (PVT) Ltd.,Sani Securities Company Ltd.,2026-04-17 14:21:54.763271
2026041705015242,SAHAS,34,16,10,622.7,6227.0,Vision Securities Pvt. Ltd,Primo Securities (PVT) Ltd.,2026-04-17 14:22:13.302725
2026041705015243,SAHAS,28,16,70,622.7,43589.0,Shree Krishna Securities Ltd.,Primo Securities (PVT) Ltd.,2026-04-17 14:22:13.303077
2026041705015285,SAHAS,29,42,111,623.0,69153.0,Trisul Securities & Invt. Ltd.,Sani Securities Company Ltd.,2026-04-17 14:22:45.213815
2026041705015301,SAHAS,29,59,10,623.0,6230.0,Trisul Securities & Invt. Ltd.,Deevyaa Securities & Stock House Pvt. Ltd,2026-04-17 14:23:07.509041
2026041705015476,SAHAS,42,34,100,623.8,62380.0,Sani Securities Company Ltd.,Vision Securities Pvt. Ltd,2026-04-17 14:24:46.078870
2026041705015491,SAHAS,44,65,300,624.9,187470.0,Dynamic Money Managers Securities Pvt. Ltd.,Sharepro Securities Private Limited,2026-04-17 14:24:55.955971
2026041705015539,SAHAS,42,58,150,623.8,93570.0,Sani Securities Company Ltd.,Naasa Securities Co. Ltd.,2026-04-17 14:25:31.599679
2026041705015540,SAHAS,49,58,111,623.1,69164.1,Online Securities Pvt. Ltd.,Naasa Securities Co. Ltd.,2026-04-17 14:25:31.600039
2026041705015568,SAHAS,34,34,10,625.0,6250.0,Vision Securities Pvt. Ltd,Vision Securities Pvt. Ltd,2026-04-17 14:25:53.064570
2026041705015673,SAHAS,49,17,13,623.1,8100.3,Online Securities Pvt. Ltd.,ABC Securities Private Limited,2026-04-17 14:27:35.920185
2026041705015717,SAHAS,62,58,9,620.0,5580.0,Capital Max Securities Ltd,Naasa Securities Co. Ltd.,2026-04-17 14:28:03.743302
2026041705015718,SAHAS,58,48,50,624.0,31200.0,Naasa Securities Co. Ltd.,Trishakti Securities Public Limited,2026-04-17 14:28:04.145758
2026041705015719,SAHAS,58,32,47,624.8,29365.6,Naasa Securities Co. Ltd.,Premier Securities Company Ltd.,2026-04-17 14:28:04.146437
2026041705015720,SAHAS,58,36,47,624.8,29365.6,Naasa Securities Co. Ltd.,Secured Securities Ltd.,2026-04-17 14:28:04.146902
2026041705015721,SAHAS,58,58,84,624.9,52491.6,Naasa Securities Co. Ltd.,Naasa Securities Co. Ltd.,2026-04-17 14:28:04.147445
2026041705015722,SAHAS,58,65,200,624.9,124980.0,Naasa Securities Co. Ltd.,Sharepro Securities Private Limited,2026-04-17 14:28:04.147891
2026041705015723,SAHAS,58,34,572,625.0,357500.0,Naasa Securities Co. Ltd.,Vision Securities Pvt. Ltd,2026-04-17 14:28:04.148378
2026041705015747,SAHAS,29,34,79,625.0,49375.0,Trisul Securities & Invt. Ltd.,Vision Securities Pvt. Ltd,2026-04-17 14:28:10.890390
2026041705015830,SAHAS,22,58,13,623.3,8102.9,Siprabi Securities Pvt. Ltd.,Naasa Securities Co. Ltd.,2026-04-17 14:29:11.204363
2026041705015862,SAHAS,49,45,13,623.1,8100.3,Online Securities Pvt. Ltd.,Imperial Securities Company Pvt. Ltd.,2026-04-17 14:29:28.896631
2026041705015866,SAHAS,34,38,10,624.9,6249.0,Vision Securities Pvt. Ltd,Dipshikha Dhitopatra Karobar Co. Pvt Ltd.,2026-04-17 14:29:34.047380
2026041705015911,SAHAS,49,58,10,623.1,6231.0,Online Securities Pvt. Ltd.,Naasa Securities Co. Ltd.,2026-04-17 14:30:34.317293
2026041705016095,SAHAS,77,33,10,623.2,6232.0,Nabil Stock Dealer Ltd.,Dakshinkali Investment & Securities Pvt. Ltd.,2026-04-17 14:32:50.926293
2026041705016096,SAHAS,49,33,351,623.1,218708.1,Online Securities Pvt. Ltd.,Dakshinkali Investment & Securities Pvt. Ltd.,2026-04-17 14:32:50.926351
2026041705016097,SAHAS,58,33,24,623.1,14954.4,Naasa Securities Co. Ltd.,Dakshinkali Investment & Securities Pvt. Ltd.,2026-04-17 14:32:50.926397
2026041705016098,SAHAS,42,33,65,623.1,40501.5,Sani Securities Company Ltd.,Dakshinkali Investment & Securities Pvt. Ltd.,2026-04-17 14:32:50.926440
2026041705016126,SAHAS,42,79,13,623.1,8100.3,Sani Securities Company Ltd.,pahiinvestment,2026-04-17 14:33:22.027298
2026041705016157,SAHAS,42,21,60,623.1,37386.0,Sani Securities Company Ltd.,Midas Stock Broking Company Private Limited,2026-04-17 14:33:36.698172
2026041705016158,SAHAS,75,43,200,624.0,124800.0,N.I.M.B. Stock Markets Limited,South Asian Bulls Pvt. Ltd.,2026-04-17 14:33:36.951896
2026041705016168,SAHAS,42,45,13,623.1,8100.3,Sani Securities Company Ltd.,Imperial Securities Company Pvt. Ltd.,2026-04-17 14:33:43.295158
2026041705016177,SAHAS,58,43,100,624.0,62400.0,Naasa Securities Co. Ltd.,South Asian Bulls Pvt. Ltd.,2026-04-17 14:33:49.728110
2026041705016197,SAHAS,21,97,13,623.0,8099.0,Midas Stock Broking Company Private Limited,R.B.B. Securities Company Ltd,2026-04-17 14:34:14.059717
2026041705016226,SAHAS,58,58,105,623.9,65509.5,Naasa Securities Co. Ltd.,Naasa Securities Co. Ltd.,2026-04-17 14:34:26.358303
2026041705016227,SAHAS,58,43,700,624.0,436800.0,Naasa Securities Co. Ltd.,South Asian Bulls Pvt. Ltd.,2026-04-17 14:34:26.359044
2026041705016240,SAHAS,66,38,990,624.9,618651.0,Miyo Securities Pvt Ltd,Dipshikha Dhitopatra Karobar Co. Pvt Ltd.,2026-04-17 14:34:39.446077
2026041705016241,SAHAS,66,34,1327,625.0,829375.0,Miyo Securities Pvt Ltd,Vision Securities Pvt. Ltd,2026-04-17 14:34:39.446155
2026041705016242,SAHAS,66,41,13,625.0,8125.0,Miyo Securities Pvt Ltd,Linch Stock Market Ltd.,2026-04-17 14:34:39.446183
2026041705016243,SAHAS,66,49,315,625.0,196875.0,Miyo Securities Pvt Ltd,Online Securities Pvt. Ltd.,2026-04-17 14:34:39.446210
2026041705016244,SAHAS,66,42,300,625.0,187500.0,Miyo Securities Pvt Ltd,Sani Securities Company Ltd.,2026-04-17 14:34:39.446234
2026041705016245,SAHAS,66,47,13,625.0,8125.0,Miyo Securities Pvt Ltd,Neev Securities Pvt. Ltd.,2026-04-17 14:34:39.446287
2026041705016246,SAHAS,66,49,147,625.0,91875.0,Miyo Securities Pvt Ltd,Online Securities Pvt. Ltd.,2026-04-17 14:34:39.446323
2026041705016247,SAHAS,66,58,700,625.0,437500.0,Miyo Securities Pvt Ltd,Naasa Securities Co. Ltd.,2026-04-17 14:34:39.446346
2026041705016248,SAHAS,66,58,700,625.0,437500.0,Miyo Securities Pvt Ltd,Naasa Securities Co. Ltd.,2026-04-17 14:34:39.446371
2026041705016249,SAHAS,66,58,700,625.0,437500.0,Miyo Securities Pvt Ltd,Naasa Securities Co. Ltd.,2026-04-17 14:34:39.446393
2026041705016250,SAHAS,66,58,700,625.0,437500.0,Miyo Securities Pvt Ltd,Naasa Securities Co. Ltd.,2026-04-17 14:34:39.446414
2026041705016251,SAHAS,66,43,95,625.6,59432.0,Miyo Securities Pvt Ltd,South Asian Bulls Pvt. Ltd.,2026-04-17 14:34:39.446435
2026041705016338,SAHAS,41,43,10,625.6,6256.0,Linch Stock Market Ltd.,South Asian Bulls Pvt. Ltd.,2026-04-17 14:35:52.959742
2026041705016513,SAHAS,58,13,13,624.0,8112.0,Naasa Securities Co. Ltd.,Thrive Brokerage House Pvt. Ltd,2026-04-17 14:37:54.609895
2026041705016521,SAHAS,58,58,102,624.0,63648.0,Naasa Securities Co. Ltd.,Naasa Securities Co. Ltd.,2026-04-17 14:38:06.045488
2026041705016565,SAHAS,58,21,20,624.0,12480.0,Naasa Securities Co. Ltd.,Midas Stock Broking Company Private Limited,2026-04-17 14:38:38.512132
2026041705016572,SAHAS,58,58,10,624.0,6240.0,Naasa Securities Co. Ltd.,Naasa Securities Co. Ltd.,2026-04-17 14:38:43.571967
2026041705016680,SAHAS,41,89,13,625.0,8125.0,Linch Stock Market Ltd.,Global IME Securities Limited,2026-04-17 14:40:25.491943
2026041705016789,SAHAS,21,43,395,625.6,247112.0,Midas Stock Broking Company Private Limited,South Asian Bulls Pvt. Ltd.,2026-04-17 14:41:53.408293
2026041705016790,SAHAS,21,58,13,625.6,8132.8,Midas Stock Broking Company Private Limited,Naasa Securities Co. Ltd.,2026-04-17 14:41:53.408629
2026041705016791,SAHAS,21,51,192,625.7,120134.4,Midas Stock Broking Company Private Limited,Oxford Securities Pvt. Ltd.,2026-04-17 14:41:53.408830
2026041705016816,SAHAS,21,56,13,626.0,8138.0,Midas Stock Broking Company Private Limited,Sri Hari Securities Pvt. Ltd.,2026-04-17 14:42:12.930970
2026041705016817,SAHAS,21,38,13,626.0,8138.0,Midas Stock Broking Company Private Limited,Dipshikha Dhitopatra Karobar Co. Pvt Ltd.,2026-04-17 14:42:12.931619
2026041705016818,SAHAS,21,58,13,626.0,8138.0,Midas Stock Broking Company Private Limited,Naasa Securities Co. Ltd.,2026-04-17 14:42:12.932088
2026041705016819,SAHAS,21,34,500,626.0,313000.0,Midas Stock Broking Company Private Limited,Vision Securities Pvt. Ltd,2026-04-17 14:42:12.932600
2026041705016957,SAHAS,21,43,10,626.0,6260.0,Midas Stock Broking Company Private Limited,South Asian Bulls Pvt. Ltd.,2026-04-17 14:43:45.739158
2026041705017195,SAHAS,41,58,3,622.8,1868.4,Linch Stock Market Ltd.,Naasa Securities Co. Ltd.,2026-04-17 14:46:32.189530
2026041705017220,SAHAS,21,82,38,626.0,23788.0,Midas Stock Broking Company Private Limited,N.M.B. SECURITIES LIMITED,2026-04-17 14:46:45.352112
2026041705017434,SAHAS,58,82,30,626.0,18780.0,Naasa Securities Co. Ltd.,N.M.B. SECURITIES LIMITED,2026-04-17 14:48:52.024812
2026041705017538,SAHAS,35,32,13,625.0,8125.0,Kohinoor Investment & Securities Pvt. Ltd.,Premier Securities Company Ltd.,2026-04-17 14:49:45.369267
2026041705017577,SAHAS,35,82,132,625.0,82500.0,Kohinoor Investment & Securities Pvt. Ltd.,N.M.B. SECURITIES LIMITED,2026-04-17 14:50:00.918906
2026041705017610,SAHAS,35,42,130,625.0,81250.0,Kohinoor Investment & Securities Pvt. Ltd.,Sani Securities Company Ltd.,2026-04-17 14:50:30.118526
2026041705017697,SAHAS,8,49,13,626.0,8138.0,Brilliant Securities Pvt. Ltd.,Online Securities Pvt. Ltd.,2026-04-17 14:51:09.847821
2026041705017698,SAHAS,8,43,60,626.0,37560.0,Brilliant Securities Pvt. Ltd.,South Asian Bulls Pvt. Ltd.,2026-04-17 14:51:09.848465
2026041705017699,SAHAS,8,35,13,626.0,8138.0,Brilliant Securities Pvt. Ltd.,Kohinoor Investment & Securities Pvt. Ltd.,2026-04-17 14:51:09.848879
2026041705017700,SAHAS,8,35,13,626.0,8138.0,Brilliant Securities Pvt. Ltd.,Kohinoor Investment & Securities Pvt. Ltd.,2026-04-17 14:51:09.849286
2026041705017701,SAHAS,8,6,113,626.0,70738.0,Brilliant Securities Pvt. Ltd.,Agrawal Securities (PVT) Ltd.,2026-04-17 14:51:09.849703
2026041705017702,SAHAS,8,17,38,626.0,23788.0,Brilliant Securities Pvt. Ltd.,ABC Securities Private Limited,2026-04-17 14:51:09.850107
2026041705017718,SAHAS,8,17,62,626.0,38812.0,Brilliant Securities Pvt. Ltd.,ABC Securities Private Limited,2026-04-17 14:51:15.974091
2026041705017719,SAHAS,8,75,188,626.0,117688.0,Brilliant Securities Pvt. Ltd.,N.I.M.B. Stock Markets Limited,2026-04-17 14:51:15.974450
2026041705017748,SAHAS,35,7,13,625.0,8125.0,Kohinoor Investment & Securities Pvt. Ltd.,J.F. Securites (PVT) Ltd.,2026-04-17 14:51:28.706366
2026041705017769,SAHAS,59,75,58,626.0,36308.0,Deevyaa Securities & Stock House Pvt. Ltd,N.I.M.B. Stock Markets Limited,2026-04-17 14:51:37.911361
2026041705017836,SAHAS,28,75,300,626.0,187800.0,Shree Krishna Securities Ltd.,N.I.M.B. Stock Markets Limited,2026-04-17 14:51:50.372109
2026041705017900,SAHAS,59,75,11,626.0,6886.0,Deevyaa Securities & Stock House Pvt. Ltd,N.I.M.B. Stock Markets Limited,2026-04-17 14:52:22.539585
2026041705017901,SAHAS,59,48,89,626.0,55714.0,Deevyaa Securities & Stock House Pvt. Ltd,Trishakti Securities Public Limited,2026-04-17 14:52:22.540267
2026041705017945,SAHAS,57,48,10,626.0,6260.0,Aryatara Investment & Securities,Trishakti Securities Public Limited,2026-04-17 14:52:32.717679
2026041705018125,SAHAS,8,48,450,626.0,281700.0,Brilliant Securities Pvt. Ltd.,Trishakti Securities Public Limited,2026-04-17 14:53:46.705453
2026041705018130,SAHAS,44,1,4,624.0,2496.0,Dynamic Money Managers Securities Pvt. Ltd.,Kumari Securities Private Limited,2026-04-17 14:53:51.197126
2026041705018135,SAHAS,35,48,101,626.0,63226.0,Kohinoor Investment & Securities Pvt. Ltd.,Trishakti Securities Public Limited,2026-04-17 14:53:53.747294
2026041705018136,SAHAS,35,38,50,626.0,31300.0,Kohinoor Investment & Securities Pvt. Ltd.,Dipshikha Dhitopatra Karobar Co. Pvt Ltd.,2026-04-17 14:53:53.747998
2026041705018137,SAHAS,35,58,13,626.0,8138.0,Kohinoor Investment & Securities Pvt. Ltd.,Naasa Securities Co. Ltd.,2026-04-17 14:53:53.748430
2026041705018138,SAHAS,35,16,13,626.0,8138.0,Kohinoor Investment & Securities Pvt. Ltd.,Primo Securities (PVT) Ltd.,2026-04-17 14:53:53.748844
2026041705018234,SAHAS,35,32,13,626.0,8138.0,Kohinoor Investment & Securities Pvt. Ltd.,Premier Securities Company Ltd.,2026-04-17 14:54:25.012182
2026041705018257,SAHAS,35,48,19,626.0,11894.0,Kohinoor Investment & Securities Pvt. Ltd.,Trishakti Securities Public Limited,2026-04-17 14:54:31.938087
2026041705018269,SAHAS,28,58,12,627.0,7524.0,Shree Krishna Securities Ltd.,Naasa Securities Co. Ltd.,2026-04-17 14:54:33.845717
2026041705018270,SAHAS,28,52,100,627.0,62700.0,Shree Krishna Securities Ltd.,Sundhara Securities Limited,2026-04-17 14:54:33.846083
2026041705018271,SAHAS,28,48,13,627.0,8151.0,Shree Krishna Securities Ltd.,Trishakti Securities Public Limited,2026-04-17 14:54:33.846227
2026041705018272,SAHAS,28,43,500,627.0,313500.0,Shree Krishna Securities Ltd.,South Asian Bulls Pvt. Ltd.,2026-04-17 14:54:33.846375
2026041705018273,SAHAS,28,38,50,627.0,31350.0,Shree Krishna Securities Ltd.,Dipshikha Dhitopatra Karobar Co. Pvt Ltd.,2026-04-17 14:54:33.846528
2026041705018274,SAHAS,28,36,100,627.0,62700.0,Shree Krishna Securities Ltd.,Secured Securities Ltd.,2026-04-17 14:54:33.846672
2026041705018275,SAHAS,28,19,855,627.0,536085.0,Shree Krishna Securities Ltd.,Nepal Investment And Securities Trading Private Limited,2026-04-17 14:54:33.846830
2026041705018331,SAHAS,42,32,150,625.0,93750.0,Sani Securities Company Ltd.,Premier Securities Company Ltd.,2026-04-17 14:54:57.754040
2026041705018645,SAHAS,42,1,50,625.0,31250.0,Sani Securities Company Ltd.,Kumari Securities Private Limited,2026-04-17 14:56:58.229497
2026041705018646,SAHAS,57,1,30,625.0,18750.0,Aryatara Investment & Securities,Kumari Securities Private Limited,2026-04-17 14:56:58.229840
2026041705018647,SAHAS,70,1,20,625.0,12500.0,Infinity Securities Limited,Kumari Securities Private Limited,2026-04-17 14:56:58.230007
2026041705018658,SAHAS,70,17,50,625.0,31250.0,Infinity Securities Limited,ABC Securities Private Limited,2026-04-17 14:57:02.043634
2026041705018824,SAHAS,4,19,30,625.1,18753.0,Opal Securities Investment (PVT) Ltd.,Nepal Investment And Securities Trading Private Limited,2026-04-17 14:57:34.692554
2026041705018848,SAHAS,4,74,13,625.1,8126.3,Opal Securities Investment (PVT) Ltd.,KALASH STOCK MARKET PVT. LTD.,2026-04-17 14:57:44.256893
2026041705018892,SAHAS,4,38,57,625.1,35630.7,Opal Securities Investment (PVT) Ltd.,Dipshikha Dhitopatra Karobar Co. Pvt Ltd.,2026-04-17 14:57:57.304391
2026041705018893,SAHAS,70,38,121,625.0,75625.0,Infinity Securities Limited,Dipshikha Dhitopatra Karobar Co. Pvt Ltd.,2026-04-17 14:57:57.305021
2026041705018894,SAHAS,32,38,17,625.0,10625.0,Premier Securities Company Ltd.,Dipshikha Dhitopatra Karobar Co. Pvt Ltd.,2026-04-17 14:57:57.305458
2026041705018895,SAHAS,21,38,344,625.0,215000.0,Midas Stock Broking Company Private Limited,Dipshikha Dhitopatra Karobar Co. Pvt Ltd.,2026-04-17 14:57:57.305859
2026041705018896,SAHAS,14,38,856,624.8,534828.8,Nepal Stock House (PVT) Ltd.,Dipshikha Dhitopatra Karobar Co. Pvt Ltd.,2026-04-17 14:57:57.306265
2026041705018962,SAHAS,35,35,13,626.0,8138.0,Kohinoor Investment & Securities Pvt. Ltd.,Kohinoor Investment & Securities Pvt. Ltd.,2026-04-17 14:58:15.873529
2026041705018963,SAHAS,35,4,187,626.0,117062.0,Kohinoor Investment & Securities Pvt. Ltd.,Opal Securities Investment (PVT) Ltd.,2026-04-17 14:58:15.883187
2026041705018964,SAHAS,41,4,30,625.0,18750.0,Linch Stock Market Ltd.,Opal Securities Investment (PVT) Ltd.,2026-04-17 14:58:15.883647
2026041705019177,SAHAS,22,33,500,625.2,312600.0,Siprabi Securities Pvt. Ltd.,Dakshinkali Investment & Securities Pvt. Ltd.,2026-04-17 14:59:04.293227
2026041705019257,SAHAS,22,33,500,625.1,312550.0,Siprabi Securities Pvt. Ltd.,Dakshinkali Investment & Securities Pvt. Ltd.,2026-04-17 14:59:16.669994
2026041705019286,SAHAS,74,58,16,625.5,10008.0,KALASH STOCK MARKET PVT. LTD.,Naasa Securities Co. Ltd.,2026-04-17 14:59:21.909618
2026041705019317,SAHAS,41,58,16,625.0,10000.0,Linch Stock Market Ltd.,Naasa Securities Co. Ltd.,2026-04-17 14:59:25.811114
2026041705019524,SAHAS,41,33,654,625.0,408750.0,Linch Stock Market Ltd.,Dakshinkali Investment & Securities Pvt. Ltd.,2026-04-17 14:59:44.201498
2026041705019525,SAHAS,47,33,110,625.0,68750.0,Neev Securities Pvt. Ltd.,Dakshinkali Investment & Securities Pvt. Ltd.,2026-04-17 14:59:44.201829
