contractId,stockSymbol,buyerMemberId,sellerMemberId,quantity,rate,amount,businessDate,tradeBookId,stockId,buyerBrokerName,sellerBrokerName,transaction_time,securityName
2026041703000073,SIFC,50,14,10,545.7,5457.0,2026-04-17,186759054,244,Cristal Kanchanjanga Securites Pvt. Ltd.,Nepal Stock House (PVT) Ltd.,2026-04-17 11:06:00.187536,Shree Investment Finance Co. Ltd.
2026041703000086,SIFC,62,14,290,545.7,158253.0,2026-04-17,186759472,244,Capital Max Securities Ltd,Nepal Stock House (PVT) Ltd.,2026-04-17 11:06:30.179107,Shree Investment Finance Co. Ltd.
2026041703000642,SIFC,58,32,100,550.1,55010.0,2026-04-17,186780426,244,Naasa Securities Co. Ltd.,Premier Securities Company Ltd.,2026-04-17 11:30:19.686473,Shree Investment Finance Co. Ltd.
2026041703000643,SIFC,4,32,135,550.0,74250.0,2026-04-17,186780427,244,Opal Securities Investment (PVT) Ltd.,Premier Securities Company Ltd.,2026-04-17 11:30:19.686542,Shree Investment Finance Co. Ltd.
2026041703000791,SIFC,42,53,300,549.0,164700.0,2026-04-17,186785577,244,Sani Securities Company Ltd.,Investment Management Nepal Pvt. Ltd.,2026-04-17 11:35:45.553243,Shree Investment Finance Co. Ltd.
2026041703001054,SIFC,33,58,150,550.0,82500.0,2026-04-17,186793553,244,Dakshinkali Investment & Securities Pvt. Ltd.,Naasa Securities Co. Ltd.,2026-04-17 11:45:53.945562,Shree Investment Finance Co. Ltd.
2026041703001408,SIFC,33,6,100,550.0,55000.0,2026-04-17,186801608,244,Dakshinkali Investment & Securities Pvt. Ltd.,Agrawal Securities (PVT) Ltd.,2026-04-17 11:56:55.958302,Shree Investment Finance Co. Ltd.
2026041703001409,SIFC,42,6,152,549.0,83448.0,2026-04-17,186801610,244,Sani Securities Company Ltd.,Agrawal Securities (PVT) Ltd.,2026-04-17 11:56:55.958355,Shree Investment Finance Co. Ltd.
2026041703001410,SIFC,58,6,100,547.1,54710.0,2026-04-17,186801612,244,Naasa Securities Co. Ltd.,Agrawal Securities (PVT) Ltd.,2026-04-17 11:56:55.958377,Shree Investment Finance Co. Ltd.
2026041703001411,SIFC,57,6,50,547.1,27355.0,2026-04-17,186801614,244,Aryatara Investment & Securities,Agrawal Securities (PVT) Ltd.,2026-04-17 11:56:55.958424,Shree Investment Finance Co. Ltd.
2026041703001412,SIFC,45,6,500,546.0,273000.0,2026-04-17,186801616,244,Imperial Securities Company Pvt. Ltd.,Agrawal Securities (PVT) Ltd.,2026-04-17 11:56:55.958448,Shree Investment Finance Co. Ltd.
2026041703001413,SIFC,45,6,98,546.0,53508.0,2026-04-17,186801617,244,Imperial Securities Company Pvt. Ltd.,Agrawal Securities (PVT) Ltd.,2026-04-17 11:56:55.958467,Shree Investment Finance Co. Ltd.
2026041703001603,SIFC,25,32,55,545.5,30002.5,2026-04-17,186804962,244,Sweta Securities Private Limited,Premier Securities Company Ltd.,2026-04-17 12:00:48.372368,Shree Investment Finance Co. Ltd.
2026041703001604,SIFC,58,32,150,545.1,81765.0,2026-04-17,186804964,244,Naasa Securities Co. Ltd.,Premier Securities Company Ltd.,2026-04-17 12:00:48.372457,Shree Investment Finance Co. Ltd.
2026041703001605,SIFC,45,32,60,545.0,32700.0,2026-04-17,186804965,244,Imperial Securities Company Pvt. Ltd.,Premier Securities Company Ltd.,2026-04-17 12:00:48.372489,Shree Investment Finance Co. Ltd.
2026041703001728,SIFC,17,33,50,545.1,27255.0,2026-04-17,186807991,244,ABC Securities Private Limited,Dakshinkali Investment & Securities Pvt. Ltd.,2026-04-17 12:04:10.210581,Shree Investment Finance Co. Ltd.
2026041703002473,SIFC,17,74,900,546.0,491400.0,2026-04-17,186823953,244,ABC Securities Private Limited,KALASH STOCK MARKET PVT. LTD.,2026-04-17 12:22:55.112881,Shree Investment Finance Co. Ltd.
2026041703002525,SIFC,59,74,480,546.1,262128.0,2026-04-17,186824883,244,Deevyaa Securities & Stock House Pvt. Ltd,KALASH STOCK MARKET PVT. LTD.,2026-04-17 12:24:07.246050,Shree Investment Finance Co. Ltd.
2026041703002966,SIFC,54,58,200,550.0,110000.0,2026-04-17,186834358,244,Sewa Securities Pvt. Ltd.,Naasa Securities Co. Ltd.,2026-04-17 12:36:57.131595,Shree Investment Finance Co. Ltd.
2026041703002976,SIFC,45,32,12,555.0,6660.0,2026-04-17,186834724,244,Imperial Securities Company Pvt. Ltd.,Premier Securities Company Ltd.,2026-04-17 12:37:29.660122,Shree Investment Finance Co. Ltd.
2026041703003055,SIFC,56,69,100,542.2,54220.0,2026-04-17,186837500,244,Sri Hari Securities Pvt. Ltd.,INDEX SECURITIES LIMITED,2026-04-17 12:41:59.181104,Shree Investment Finance Co. Ltd.
2026041703003056,SIFC,47,69,40,541.2,21648.0,2026-04-17,186837502,244,Neev Securities Pvt. Ltd.,INDEX SECURITIES LIMITED,2026-04-17 12:41:59.181189,Shree Investment Finance Co. Ltd.
2026041703003057,SIFC,1,69,95,541.1,51404.5,2026-04-17,186837504,244,Kumari Securities Private Limited,INDEX SECURITIES LIMITED,2026-04-17 12:41:59.181257,Shree Investment Finance Co. Ltd.
2026041703003058,SIFC,34,69,10,540.0,5400.0,2026-04-17,186837506,244,Vision Securities Pvt. Ltd,INDEX SECURITIES LIMITED,2026-04-17 12:41:59.181312,Shree Investment Finance Co. Ltd.
2026041703003059,SIFC,5,69,20,540.0,10800.0,2026-04-17,186837508,244,Market Securities & Exchange (PVT) Ltd.,INDEX SECURITIES LIMITED,2026-04-17 12:41:59.181384,Shree Investment Finance Co. Ltd.
2026041703003060,SIFC,6,69,50,540.0,27000.0,2026-04-17,186837510,244,Agrawal Securities (PVT) Ltd.,INDEX SECURITIES LIMITED,2026-04-17 12:41:59.181478,Shree Investment Finance Co. Ltd.
2026041703003061,SIFC,45,69,240,540.0,129600.0,2026-04-17,186837512,244,Imperial Securities Company Pvt. Ltd.,INDEX SECURITIES LIMITED,2026-04-17 12:41:59.181543,Shree Investment Finance Co. Ltd.
2026041703003062,SIFC,1,69,100,539.1,53910.0,2026-04-17,186837514,244,Kumari Securities Private Limited,INDEX SECURITIES LIMITED,2026-04-17 12:41:59.181603,Shree Investment Finance Co. Ltd.
2026041703003063,SIFC,7,69,200,539.0,107800.0,2026-04-17,186837516,244,J.F. Securites (PVT) Ltd.,INDEX SECURITIES LIMITED,2026-04-17 12:41:59.181690,Shree Investment Finance Co. Ltd.
2026041703003064,SIFC,6,69,50,538.1,26905.0,2026-04-17,186837518,244,Agrawal Securities (PVT) Ltd.,INDEX SECURITIES LIMITED,2026-04-17 12:41:59.181894,Shree Investment Finance Co. Ltd.
2026041703003065,SIFC,22,69,92,536.5,49358.0,2026-04-17,186837520,244,Siprabi Securities Pvt. Ltd.,INDEX SECURITIES LIMITED,2026-04-17 12:41:59.181983,Shree Investment Finance Co. Ltd.
2026041703003066,SIFC,1,69,100,536.1,53610.0,2026-04-17,186837522,244,Kumari Securities Private Limited,INDEX SECURITIES LIMITED,2026-04-17 12:41:59.182094,Shree Investment Finance Co. Ltd.
2026041703003067,SIFC,22,69,34,536.0,18224.0,2026-04-17,186837523,244,Siprabi Securities Pvt. Ltd.,INDEX SECURITIES LIMITED,2026-04-17 12:41:59.182187,Shree Investment Finance Co. Ltd.
2026041703003677,SIFC,58,45,100,545.0,54500.0,2026-04-17,186851350,244,Naasa Securities Co. Ltd.,Imperial Securities Company Pvt. Ltd.,2026-04-17 13:01:18.353366,Shree Investment Finance Co. Ltd.
2026041703003696,SIFC,17,28,10,546.0,5460.0,2026-04-17,186851680,244,ABC Securities Private Limited,Shree Krishna Securities Ltd.,2026-04-17 13:02:03.555687,Shree Investment Finance Co. Ltd.
2026041703004000,SIFC,34,19,10,554.0,5540.0,2026-04-17,186859308,244,Vision Securities Pvt. Ltd,Nepal Investment And Securities Trading Private Limited,2026-04-17 13:19:06.840248,Shree Investment Finance Co. Ltd.
2026041703005009,SIFC,54,32,10,550.0,5500.0,2026-04-17,186884974,244,Sewa Securities Pvt. Ltd.,Premier Securities Company Ltd.,2026-04-17 14:01:55.898583,Shree Investment Finance Co. Ltd.
2026041703005011,SIFC,62,32,10,550.0,5500.0,2026-04-17,186884980,244,Capital Max Securities Ltd,Premier Securities Company Ltd.,2026-04-17 14:01:56.081038,Shree Investment Finance Co. Ltd.
2026041703005224,SIFC,54,32,68,550.0,37400.0,2026-04-17,186893793,244,Sewa Securities Pvt. Ltd.,Premier Securities Company Ltd.,2026-04-17 14:09:01.691783,Shree Investment Finance Co. Ltd.
2026041703005274,SIFC,35,58,10,554.4,5544.0,2026-04-17,186895506,244,Kohinoor Investment & Securities Pvt. Ltd.,Naasa Securities Co. Ltd.,2026-04-17 14:11:15.016293,Shree Investment Finance Co. Ltd.
2026041703005437,SIFC,56,65,200,550.0,110000.0,2026-04-17,186899058,244,Sri Hari Securities Pvt. Ltd.,Sharepro Securities Private Limited,2026-04-17 14:16:34.335762,Shree Investment Finance Co. Ltd.
2026041703005438,SIFC,95,65,100,548.0,54800.0,2026-04-17,186899060,244,Magnet Securities and Investment Company Private Limited,Sharepro Securities Private Limited,2026-04-17 14:16:34.335847,Shree Investment Finance Co. Ltd.
2026041703005439,SIFC,54,65,10,546.3,5463.0,2026-04-17,186899062,244,Sewa Securities Pvt. Ltd.,Sharepro Securities Private Limited,2026-04-17 14:16:34.335875,Shree Investment Finance Co. Ltd.
2026041703006408,SIFC,4,33,100,546.5,54650.0,2026-04-17,186918501,244,Opal Securities Investment (PVT) Ltd.,Dakshinkali Investment & Securities Pvt. Ltd.,2026-04-17 14:42:06.510693,Shree Investment Finance Co. Ltd.
2026041703006887,SIFC,45,21,14,546.5,7651.0,2026-04-17,186928370,244,Imperial Securities Company Pvt. Ltd.,Midas Stock Broking Company Private Limited,2026-04-17 14:50:50.175668,Shree Investment Finance Co. Ltd.
2026041703006888,SIFC,36,21,40,546.0,21840.0,2026-04-17,186928373,244,Secured Securities Ltd.,Midas Stock Broking Company Private Limited,2026-04-17 14:50:50.175773,Shree Investment Finance Co. Ltd.
2026041703007617,SIFC,57,58,10,554.1,5541.0,2026-04-17,186939698,244,Aryatara Investment & Securities,Naasa Securities Co. Ltd.,2026-04-17 14:58:02.030860,Shree Investment Finance Co. Ltd.
