contract_id,symbol,buyer_member_id,seller_member_id,volume,price,amount,buyer_broker,seller_broker,transaction_time
2026041703000004,SINDU,87,49,10,770.0,7700.0,S.P.S.A. Securities Limited,Online Securities Pvt. Ltd.,2026-04-17 10:46:00.030785
2026041703000014,SINDU,87,25,10,755.0,7550.0,S.P.S.A. Securities Limited,Sweta Securities Private Limited,2026-04-17 11:01:05.299678
2026041703000017,SINDU,32,25,50,755.0,37750.0,Premier Securities Company Ltd.,Sweta Securities Private Limited,2026-04-17 11:01:15.564988
2026041703000027,SINDU,47,87,10,739.9,7399.0,Neev Securities Pvt. Ltd.,S.P.S.A. Securities Limited,2026-04-17 11:01:47.328531
2026041703000033,SINDU,32,25,30,750.0,22500.0,Premier Securities Company Ltd.,Sweta Securities Private Limited,2026-04-17 11:02:11.996899
2026041703000035,SINDU,58,25,10,750.0,7500.0,Naasa Securities Co. Ltd.,Sweta Securities Private Limited,2026-04-17 11:02:18.476089
2026041703000036,SINDU,58,87,10,750.0,7500.0,Naasa Securities Co. Ltd.,S.P.S.A. Securities Limited,2026-04-17 11:02:21.091105
2026041703000041,SINDU,58,58,80,750.0,60000.0,Naasa Securities Co. Ltd.,Naasa Securities Co. Ltd.,2026-04-17 11:02:38.535257
2026041703000042,SINDU,47,87,10,740.0,7400.0,Neev Securities Pvt. Ltd.,S.P.S.A. Securities Limited,2026-04-17 11:02:47.169485
2026041703000097,SINDU,37,58,100,750.0,75000.0,Swarna Laxmi Securities Pvt. Ltd.,Naasa Securities Co. Ltd.,2026-04-17 11:07:50.115658
2026041703000112,SINDU,42,58,10,755.0,7550.0,Sani Securities Company Ltd.,Naasa Securities Co. Ltd.,2026-04-17 11:09:00.332762
2026041703000121,SINDU,37,87,10,750.0,7500.0,Swarna Laxmi Securities Pvt. Ltd.,S.P.S.A. Securities Limited,2026-04-17 11:09:49.668984
2026041703000132,SINDU,37,58,70,755.0,52850.0,Swarna Laxmi Securities Pvt. Ltd.,Naasa Securities Co. Ltd.,2026-04-17 11:10:22.346826
2026041703000134,SINDU,37,58,10,755.0,7550.0,Swarna Laxmi Securities Pvt. Ltd.,Naasa Securities Co. Ltd.,2026-04-17 11:10:35.987433
2026041703000139,SINDU,11,87,10,744.2,7442.0,Malla & Malla Stock Broking Company Pvt. Limited,S.P.S.A. Securities Limited,2026-04-17 11:10:52.111706
2026041703000200,SINDU,42,4,80,750.0,60000.0,Sani Securities Company Ltd.,Opal Securities Investment (PVT) Ltd.,2026-04-17 11:13:44.579918
2026041703000232,SINDU,60,58,100,755.0,75500.0,Nagarik Stock Dealer ,Naasa Securities Co. Ltd.,2026-04-17 11:15:42.915431
2026041703000243,SINDU,58,48,100,759.0,75900.0,Naasa Securities Co. Ltd.,Trishakti Securities Public Limited,2026-04-17 11:16:07.479151
2026041703000244,SINDU,58,32,250,759.9,189975.0,Naasa Securities Co. Ltd.,Premier Securities Company Ltd.,2026-04-17 11:16:07.479388
2026041703000258,SINDU,7,49,11,765.0,8415.0,J.F. Securites (PVT) Ltd.,Online Securities Pvt. Ltd.,2026-04-17 11:16:36.817418
2026041703000274,SINDU,58,45,100,760.0,76000.0,Naasa Securities Co. Ltd.,Imperial Securities Company Pvt. Ltd.,2026-04-17 11:17:03.277403
2026041703000277,SINDU,58,58,50,760.0,38000.0,Naasa Securities Co. Ltd.,Naasa Securities Co. Ltd.,2026-04-17 11:17:12.509289
2026041703000327,SINDU,49,87,15,755.0,11325.0,Online Securities Pvt. Ltd.,S.P.S.A. Securities Limited,2026-04-17 11:20:13.707731
2026041703000328,SINDU,57,87,10,751.1,7511.0,Aryatara Investment & Securities,S.P.S.A. Securities Limited,2026-04-17 11:20:13.707787
2026041703000378,SINDU,7,46,200,751.0,150200.0,J.F. Securites (PVT) Ltd.,Kalika Securities Pvt. Ltd.,2026-04-17 11:21:45.028013
2026041703000382,SINDU,11,58,40,750.1,30004.0,Malla & Malla Stock Broking Company Pvt. Limited,Naasa Securities Co. Ltd.,2026-04-17 11:21:54.903290
2026041703000383,SINDU,43,58,100,750.1,75010.0,South Asian Bulls Pvt. Ltd.,Naasa Securities Co. Ltd.,2026-04-17 11:21:54.903470
2026041703000384,SINDU,49,58,100,750.1,75010.0,Online Securities Pvt. Ltd.,Naasa Securities Co. Ltd.,2026-04-17 11:21:54.903541
2026041703000385,SINDU,32,58,50,750.0,37500.0,Premier Securities Company Ltd.,Naasa Securities Co. Ltd.,2026-04-17 11:21:54.903642
2026041703000386,SINDU,54,58,50,750.0,37500.0,Sewa Securities Pvt. Ltd.,Naasa Securities Co. Ltd.,2026-04-17 11:21:54.903699
2026041703000387,SINDU,58,58,188,750.0,141000.0,Naasa Securities Co. Ltd.,Naasa Securities Co. Ltd.,2026-04-17 11:21:54.903752
2026041703000390,SINDU,58,46,200,750.0,150000.0,Naasa Securities Co. Ltd.,Kalika Securities Pvt. Ltd.,2026-04-17 11:22:05.821077
2026041703000410,SINDU,58,46,112,750.0,84000.0,Naasa Securities Co. Ltd.,Kalika Securities Pvt. Ltd.,2026-04-17 11:22:41.285671
2026041703000411,SINDU,58,46,50,750.0,37500.0,Naasa Securities Co. Ltd.,Kalika Securities Pvt. Ltd.,2026-04-17 11:22:41.285819
2026041703000417,SINDU,60,46,38,750.0,28500.0,Nagarik Stock Dealer ,Kalika Securities Pvt. Ltd.,2026-04-17 11:22:46.385076
2026041703000418,SINDU,60,46,62,751.0,46562.0,Nagarik Stock Dealer ,Kalika Securities Pvt. Ltd.,2026-04-17 11:22:46.385196
2026041703000459,SINDU,4,66,100,745.8,74580.0,Opal Securities Investment (PVT) Ltd.,Miyo Securities Pvt Ltd,2026-04-17 11:24:09.909916
2026041703000460,SINDU,42,66,100,745.6,74560.0,Sani Securities Company Ltd.,Miyo Securities Pvt Ltd,2026-04-17 11:24:09.909957
2026041703000555,SINDU,42,34,100,746.0,74600.0,Sani Securities Company Ltd.,Vision Securities Pvt. Ltd,2026-04-17 11:26:45.674727
2026041703000556,SINDU,36,34,10,745.4,7454.0,Secured Securities Ltd.,Vision Securities Pvt. Ltd,2026-04-17 11:26:45.674970
2026041703000557,SINDU,42,34,100,745.3,74530.0,Sani Securities Company Ltd.,Vision Securities Pvt. Ltd,2026-04-17 11:26:45.675165
2026041703000558,SINDU,32,34,10,745.2,7452.0,Premier Securities Company Ltd.,Vision Securities Pvt. Ltd,2026-04-17 11:26:45.675340
2026041703000645,SINDU,28,5,20,745.5,14910.0,Shree Krishna Securities Ltd.,Market Securities & Exchange (PVT) Ltd.,2026-04-17 11:30:34.317145
2026041703000646,SINDU,36,5,50,745.3,37265.0,Secured Securities Ltd.,Market Securities & Exchange (PVT) Ltd.,2026-04-17 11:30:34.317397
2026041703000647,SINDU,43,5,40,745.2,29808.0,South Asian Bulls Pvt. Ltd.,Market Securities & Exchange (PVT) Ltd.,2026-04-17 11:30:34.317563
2026041703000648,SINDU,63,5,15,745.1,11176.5,Himalayan Brokerage Company Limited,Market Securities & Exchange (PVT) Ltd.,2026-04-17 11:30:34.317761
2026041703000649,SINDU,33,5,15,745.1,11176.5,Dakshinkali Investment & Securities Pvt. Ltd.,Market Securities & Exchange (PVT) Ltd.,2026-04-17 11:30:34.317915
2026041703000880,SINDU,59,58,20,746.0,14920.0,Deevyaa Securities & Stock House Pvt. Ltd,Naasa Securities Co. Ltd.,2026-04-17 11:39:03.022720
2026041703000903,SINDU,7,42,10,749.9,7499.0,J.F. Securites (PVT) Ltd.,Sani Securities Company Ltd.,2026-04-17 11:39:59.965901
2026041703001081,SINDU,89,8,80,748.1,59848.0,Global IME Securities Limited,Brilliant Securities Pvt. Ltd.,2026-04-17 11:46:55.396948
2026041703001085,SINDU,47,46,38,751.0,28538.0,Neev Securities Pvt. Ltd.,Kalika Securities Pvt. Ltd.,2026-04-17 11:47:24.906302
2026041703001086,SINDU,47,58,10,751.0,7510.0,Neev Securities Pvt. Ltd.,Naasa Securities Co. Ltd.,2026-04-17 11:47:24.906597
2026041703001111,SINDU,47,36,52,756.0,39312.0,Neev Securities Pvt. Ltd.,Secured Securities Ltd.,2026-04-17 11:48:22.819404
2026041703001163,SINDU,49,28,50,755.8,37790.0,Online Securities Pvt. Ltd.,Shree Krishna Securities Ltd.,2026-04-17 11:51:08.192560
2026041703001186,SINDU,59,87,10,750.0,7500.0,Deevyaa Securities & Stock House Pvt. Ltd,S.P.S.A. Securities Limited,2026-04-17 11:51:34.932519
2026041703001293,SINDU,59,43,10,750.0,7500.0,Deevyaa Securities & Stock House Pvt. Ltd,South Asian Bulls Pvt. Ltd.,2026-04-17 11:54:11.194340
2026041703001294,SINDU,21,43,25,750.0,18750.0,Midas Stock Broking Company Private Limited,South Asian Bulls Pvt. Ltd.,2026-04-17 11:54:11.194662
2026041703001295,SINDU,58,43,15,750.0,11250.0,Naasa Securities Co. Ltd.,South Asian Bulls Pvt. Ltd.,2026-04-17 11:54:11.194855
2026041703001296,SINDU,49,43,50,750.0,37500.0,Online Securities Pvt. Ltd.,South Asian Bulls Pvt. Ltd.,2026-04-17 11:54:11.195136
2026041703001297,SINDU,36,43,10,750.0,7500.0,Secured Securities Ltd.,South Asian Bulls Pvt. Ltd.,2026-04-17 11:54:11.195321
2026041703001379,SINDU,42,26,10,750.0,7500.0,Sani Securities Company Ltd.,Asian Securities Private Ltd.,2026-04-17 11:56:33.539239
2026041703001460,SINDU,42,43,10,749.0,7490.0,Sani Securities Company Ltd.,South Asian Bulls Pvt. Ltd.,2026-04-17 11:57:49.469988
2026041703001461,SINDU,7,43,40,748.3,29932.0,J.F. Securites (PVT) Ltd.,South Asian Bulls Pvt. Ltd.,2026-04-17 11:57:49.470351
2026041703001502,SINDU,7,42,130,748.3,97279.0,J.F. Securites (PVT) Ltd.,Sani Securities Company Ltd.,2026-04-17 11:58:22.494952
2026041703001505,SINDU,7,46,30,748.3,22449.0,J.F. Securites (PVT) Ltd.,Kalika Securities Pvt. Ltd.,2026-04-17 11:58:27.069520
2026041703001526,SINDU,57,46,50,748.2,37410.0,Aryatara Investment & Securities,Kalika Securities Pvt. Ltd.,2026-04-17 11:59:12.065066
2026041703001554,SINDU,57,42,10,748.2,7482.0,Aryatara Investment & Securities,Sani Securities Company Ltd.,2026-04-17 11:59:33.203268
2026041703001583,SINDU,57,7,100,748.2,74820.0,Aryatara Investment & Securities,J.F. Securites (PVT) Ltd.,2026-04-17 12:00:23.357783
2026041703001606,SINDU,7,46,10,748.3,7483.0,J.F. Securites (PVT) Ltd.,Kalika Securities Pvt. Ltd.,2026-04-17 12:00:54.060184
2026041703001610,SINDU,57,10,80,748.2,59856.0,Aryatara Investment & Securities,Pragyan Securities (PVT) Ltd.,2026-04-17 12:01:06.337712
2026041703001614,SINDU,57,46,200,748.2,149640.0,Aryatara Investment & Securities,Kalika Securities Pvt. Ltd.,2026-04-17 12:01:14.270988
2026041703001626,SINDU,57,10,60,748.2,44892.0,Aryatara Investment & Securities,Pragyan Securities (PVT) Ltd.,2026-04-17 12:01:32.722459
2026041703001627,SINDU,89,10,40,748.1,29924.0,Global IME Securities Limited,Pragyan Securities (PVT) Ltd.,2026-04-17 12:01:32.722611
2026041703001694,SINDU,89,46,80,748.1,59848.0,Global IME Securities Limited,Kalika Securities Pvt. Ltd.,2026-04-17 12:03:40.599769
2026041703001695,SINDU,45,46,10,748.0,7480.0,Imperial Securities Company Pvt. Ltd.,Kalika Securities Pvt. Ltd.,2026-04-17 12:03:40.600098
2026041703001696,SINDU,59,46,10,748.0,7480.0,Deevyaa Securities & Stock House Pvt. Ltd,Kalika Securities Pvt. Ltd.,2026-04-17 12:03:40.600299
2026041703001873,SINDU,4,37,32,746.6,23891.2,Opal Securities Investment (PVT) Ltd.,Swarna Laxmi Securities Pvt. Ltd.,2026-04-17 12:07:58.139280
2026041703001874,SINDU,57,37,68,746.5,50762.0,Aryatara Investment & Securities,Swarna Laxmi Securities Pvt. Ltd.,2026-04-17 12:07:58.139585
2026041703001895,SINDU,57,37,32,746.5,23888.0,Aryatara Investment & Securities,Swarna Laxmi Securities Pvt. Ltd.,2026-04-17 12:08:36.244897
2026041703001896,SINDU,7,37,10,746.2,7462.0,J.F. Securites (PVT) Ltd.,Swarna Laxmi Securities Pvt. Ltd.,2026-04-17 12:08:36.245060
2026041703001897,SINDU,56,37,30,746.2,22386.0,Sri Hari Securities Pvt. Ltd.,Swarna Laxmi Securities Pvt. Ltd.,2026-04-17 12:08:36.245129
2026041703001898,SINDU,49,37,58,746.1,43273.8,Online Securities Pvt. Ltd.,Swarna Laxmi Securities Pvt. Ltd.,2026-04-17 12:08:36.245195
2026041703001959,SINDU,49,34,70,746.1,52227.0,Online Securities Pvt. Ltd.,Vision Securities Pvt. Ltd,2026-04-17 12:09:53.140268
2026041703001998,SINDU,49,47,50,746.1,37305.0,Online Securities Pvt. Ltd.,Neev Securities Pvt. Ltd.,2026-04-17 12:11:02.401447
2026041703002066,SINDU,49,57,60,746.1,44766.0,Online Securities Pvt. Ltd.,Aryatara Investment & Securities,2026-04-17 12:12:14.399844
2026041703002109,SINDU,49,13,27,746.1,20144.7,Online Securities Pvt. Ltd.,Thrive Brokerage House Pvt. Ltd,2026-04-17 12:13:22.083004
2026041703002110,SINDU,59,13,80,746.0,59680.0,Deevyaa Securities & Stock House Pvt. Ltd,Thrive Brokerage House Pvt. Ltd,2026-04-17 12:13:22.083099
2026041703002111,SINDU,7,13,10,745.3,7453.0,J.F. Securites (PVT) Ltd.,Thrive Brokerage House Pvt. Ltd,2026-04-17 12:13:22.083128
2026041703002112,SINDU,4,13,60,745.2,44712.0,Opal Securities Investment (PVT) Ltd.,Thrive Brokerage House Pvt. Ltd,2026-04-17 12:13:22.083155
2026041703002113,SINDU,4,13,140,745.2,104328.0,Opal Securities Investment (PVT) Ltd.,Thrive Brokerage House Pvt. Ltd,2026-04-17 12:13:22.083181
2026041703002114,SINDU,33,13,483,745.1,359883.3,Dakshinkali Investment & Securities Pvt. Ltd.,Thrive Brokerage House Pvt. Ltd,2026-04-17 12:13:22.083205
2026041703002115,SINDU,33,13,102,745.1,76000.2,Dakshinkali Investment & Securities Pvt. Ltd.,Thrive Brokerage House Pvt. Ltd,2026-04-17 12:13:28.574685
2026041703002116,SINDU,58,13,260,745.1,193726.0,Naasa Securities Co. Ltd.,Thrive Brokerage House Pvt. Ltd,2026-04-17 12:13:28.574731
2026041703002117,SINDU,26,13,438,745.0,326310.0,Asian Securities Private Ltd.,Thrive Brokerage House Pvt. Ltd,2026-04-17 12:13:28.574770
2026041703002120,SINDU,25,26,30,749.0,22470.0,Sweta Securities Private Limited,Asian Securities Private Ltd.,2026-04-17 12:13:38.964257
2026041703002217,SINDU,42,87,10,745.2,7452.0,Sani Securities Company Ltd.,S.P.S.A. Securities Limited,2026-04-17 12:17:17.962249
2026041703002228,SINDU,35,46,25,748.0,18700.0,Kohinoor Investment & Securities Pvt. Ltd.,Kalika Securities Pvt. Ltd.,2026-04-17 12:17:47.854033
2026041703002232,SINDU,51,46,135,748.0,100980.0,Oxford Securities Pvt. Ltd.,Kalika Securities Pvt. Ltd.,2026-04-17 12:18:02.310277
2026041703002240,SINDU,4,26,100,745.3,74530.0,Opal Securities Investment (PVT) Ltd.,Asian Securities Private Ltd.,2026-04-17 12:18:12.941574
2026041703002241,SINDU,42,26,490,745.2,365148.0,Sani Securities Company Ltd.,Asian Securities Private Ltd.,2026-04-17 12:18:12.941721
2026041703002242,SINDU,26,26,62,745.0,46190.0,Asian Securities Private Ltd.,Asian Securities Private Ltd.,2026-04-17 12:18:12.941805
2026041703002243,SINDU,49,26,10,745.0,7450.0,Online Securities Pvt. Ltd.,Asian Securities Private Ltd.,2026-04-17 12:18:12.941872
2026041703002244,SINDU,48,26,50,745.0,37250.0,Trishakti Securities Public Limited,Asian Securities Private Ltd.,2026-04-17 12:18:12.941934
2026041703002245,SINDU,59,26,10,745.0,7450.0,Deevyaa Securities & Stock House Pvt. Ltd,Asian Securities Private Ltd.,2026-04-17 12:18:12.941998
2026041703002246,SINDU,6,26,101,744.3,75174.3,Agrawal Securities (PVT) Ltd.,Asian Securities Private Ltd.,2026-04-17 12:18:12.942066
2026041703002343,SINDU,58,42,26,742.0,19292.0,Naasa Securities Co. Ltd.,Sani Securities Company Ltd.,2026-04-17 12:19:16.457410
2026041703002344,SINDU,42,42,135,741.0,100035.0,Sani Securities Company Ltd.,Sani Securities Company Ltd.,2026-04-17 12:19:16.457510
2026041703002345,SINDU,7,42,20,740.1,14802.0,J.F. Securites (PVT) Ltd.,Sani Securities Company Ltd.,2026-04-17 12:19:16.457582
2026041703002346,SINDU,4,42,200,740.1,148020.0,Opal Securities Investment (PVT) Ltd.,Sani Securities Company Ltd.,2026-04-17 12:19:16.457648
2026041703002347,SINDU,47,42,19,740.0,14060.0,Neev Securities Pvt. Ltd.,Sani Securities Company Ltd.,2026-04-17 12:19:16.457711
2026041703002402,SINDU,43,13,30,740.1,22203.0,South Asian Bulls Pvt. Ltd.,Thrive Brokerage House Pvt. Ltd,2026-04-17 12:20:51.207620
2026041703002403,SINDU,4,13,160,740.1,118416.0,Opal Securities Investment (PVT) Ltd.,Thrive Brokerage House Pvt. Ltd,2026-04-17 12:20:51.207769
2026041703002404,SINDU,47,13,61,740.0,45140.0,Neev Securities Pvt. Ltd.,Thrive Brokerage House Pvt. Ltd,2026-04-17 12:20:51.207845
2026041703002405,SINDU,58,13,100,740.0,74000.0,Naasa Securities Co. Ltd.,Thrive Brokerage House Pvt. Ltd,2026-04-17 12:20:51.207909
2026041703002406,SINDU,58,13,20,740.0,14800.0,Naasa Securities Co. Ltd.,Thrive Brokerage House Pvt. Ltd,2026-04-17 12:20:51.207971
2026041703002407,SINDU,52,13,100,740.0,74000.0,Sundhara Securities Limited,Thrive Brokerage House Pvt. Ltd,2026-04-17 12:20:51.208038
2026041703002408,SINDU,51,13,100,740.0,74000.0,Oxford Securities Pvt. Ltd.,Thrive Brokerage House Pvt. Ltd,2026-04-17 12:20:51.208099
2026041703002409,SINDU,42,13,35,740.0,25900.0,Sani Securities Company Ltd.,Thrive Brokerage House Pvt. Ltd,2026-04-17 12:20:51.208160
2026041703002410,SINDU,62,13,20,740.0,14800.0,Capital Max Securities Ltd,Thrive Brokerage House Pvt. Ltd,2026-04-17 12:20:51.208227
2026041703002411,SINDU,77,13,50,740.0,37000.0,Nabil Stock Dealer Ltd.,Thrive Brokerage House Pvt. Ltd,2026-04-17 12:20:51.208286
2026041703002412,SINDU,7,13,200,740.0,148000.0,J.F. Securites (PVT) Ltd.,Thrive Brokerage House Pvt. Ltd,2026-04-17 12:20:51.208345
2026041703002413,SINDU,60,13,100,740.0,74000.0,Nagarik Stock Dealer ,Thrive Brokerage House Pvt. Ltd,2026-04-17 12:20:51.208402
2026041703002414,SINDU,54,13,50,740.0,37000.0,Sewa Securities Pvt. Ltd.,Thrive Brokerage House Pvt. Ltd,2026-04-17 12:20:51.208463
2026041703002415,SINDU,88,13,50,740.0,37000.0,Blue Chip Securities Ltd,Thrive Brokerage House Pvt. Ltd,2026-04-17 12:20:51.208521
2026041703002416,SINDU,19,13,21,740.0,15540.0,Nepal Investment And Securities Trading Private Limited,Thrive Brokerage House Pvt. Ltd,2026-04-17 12:20:51.208578
2026041703002417,SINDU,57,13,400,740.0,296000.0,Aryatara Investment & Securities,Thrive Brokerage House Pvt. Ltd,2026-04-17 12:20:51.208635
2026041703002418,SINDU,59,13,10,740.0,7400.0,Deevyaa Securities & Stock House Pvt. Ltd,Thrive Brokerage House Pvt. Ltd,2026-04-17 12:20:51.208699
2026041703002419,SINDU,36,13,493,740.0,364820.0,Secured Securities Ltd.,Thrive Brokerage House Pvt. Ltd,2026-04-17 12:20:51.208755
2026041703002593,SINDU,57,42,10,740.0,7400.0,Aryatara Investment & Securities,Sani Securities Company Ltd.,2026-04-17 12:25:41.944319
2026041703002692,SINDU,45,26,35,744.0,26040.0,Imperial Securities Company Pvt. Ltd.,Asian Securities Private Ltd.,2026-04-17 12:27:43.152242
2026041703002724,SINDU,42,26,312,744.0,232128.0,Sani Securities Company Ltd.,Asian Securities Private Ltd.,2026-04-17 12:29:26.813823
2026041703002782,SINDU,42,46,41,748.0,30668.0,Sani Securities Company Ltd.,Kalika Securities Pvt. Ltd.,2026-04-17 12:31:41.622539
2026041703002815,SINDU,42,26,40,750.0,30000.0,Sani Securities Company Ltd.,Asian Securities Private Ltd.,2026-04-17 12:33:04.828093
2026041703002816,SINDU,42,26,109,750.0,81750.0,Sani Securities Company Ltd.,Asian Securities Private Ltd.,2026-04-17 12:33:04.828376
2026041703003346,SINDU,50,26,20,750.0,15000.0,Cristal Kanchanjanga Securites Pvt. Ltd.,Asian Securities Private Ltd.,2026-04-17 12:50:11.879557
2026041703003348,SINDU,28,26,81,750.0,60750.0,Shree Krishna Securities Ltd.,Asian Securities Private Ltd.,2026-04-17 12:50:14.609740
2026041703003384,SINDU,28,88,19,750.0,14250.0,Shree Krishna Securities Ltd.,Blue Chip Securities Ltd,2026-04-17 12:50:35.855363
2026041703003440,SINDU,57,49,35,752.9,26351.5,Aryatara Investment & Securities,Online Securities Pvt. Ltd.,2026-04-17 12:52:38.223672
2026041703003441,SINDU,57,3,31,753.0,23343.0,Aryatara Investment & Securities,Arun Securities (PVT) Ltd.,2026-04-17 12:52:38.223864
2026041703003515,SINDU,32,87,10,746.5,7465.0,Premier Securities Company Ltd.,S.P.S.A. Securities Limited,2026-04-17 12:54:36.736176
2026041703003546,SINDU,57,58,500,746.5,373250.0,Aryatara Investment & Securities,Naasa Securities Co. Ltd.,2026-04-17 12:55:31.403816
2026041703003654,SINDU,32,49,50,746.2,37310.0,Premier Securities Company Ltd.,Online Securities Pvt. Ltd.,2026-04-17 13:00:00.057888
2026041703003655,SINDU,42,49,500,746.2,373100.0,Sani Securities Company Ltd.,Online Securities Pvt. Ltd.,2026-04-17 13:00:00.058218
2026041703003720,SINDU,25,58,50,746.0,37300.0,Sweta Securities Private Limited,Naasa Securities Co. Ltd.,2026-04-17 13:03:39.493363
2026041703003730,SINDU,57,58,100,745.0,74500.0,Aryatara Investment & Securities,Naasa Securities Co. Ltd.,2026-04-17 13:04:16.113113
2026041703003731,SINDU,49,58,69,745.0,51405.0,Online Securities Pvt. Ltd.,Naasa Securities Co. Ltd.,2026-04-17 13:04:16.113281
2026041703003732,SINDU,62,58,100,745.0,74500.0,Capital Max Securities Ltd,Naasa Securities Co. Ltd.,2026-04-17 13:04:16.113352
2026041703003883,SINDU,53,3,10,745.0,7450.0,Investment Management Nepal Pvt. Ltd.,Arun Securities (PVT) Ltd.,2026-04-17 13:13:05.819728
2026041703003884,SINDU,42,3,19,745.0,14155.0,Sani Securities Company Ltd.,Arun Securities (PVT) Ltd.,2026-04-17 13:13:05.819896
2026041703003974,SINDU,17,42,10,746.0,7460.0,ABC Securities Private Limited,Sani Securities Company Ltd.,2026-04-17 13:17:33.033206
2026041703003979,SINDU,42,42,61,745.0,45445.0,Sani Securities Company Ltd.,Sani Securities Company Ltd.,2026-04-17 13:17:53.718550
2026041703003980,SINDU,5,42,89,745.0,66305.0,Market Securities & Exchange (PVT) Ltd.,Sani Securities Company Ltd.,2026-04-17 13:17:53.718746
2026041703004004,SINDU,7,42,10,746.5,7465.0,J.F. Securites (PVT) Ltd.,Sani Securities Company Ltd.,2026-04-17 13:19:31.771816
2026041703004038,SINDU,34,36,100,746.5,74650.0,Vision Securities Pvt. Ltd,Secured Securities Ltd.,2026-04-17 13:20:55.454882
2026041703004079,SINDU,7,42,10,746.7,7467.0,J.F. Securites (PVT) Ltd.,Sani Securities Company Ltd.,2026-04-17 13:22:58.887945
2026041703004080,SINDU,58,42,10,747.5,7475.0,Naasa Securities Co. Ltd.,Sani Securities Company Ltd.,2026-04-17 13:23:00.090775
2026041703004081,SINDU,58,42,10,747.7,7477.0,Naasa Securities Co. Ltd.,Sani Securities Company Ltd.,2026-04-17 13:23:00.090973
2026041703004082,SINDU,58,6,80,749.0,59920.0,Naasa Securities Co. Ltd.,Agrawal Securities (PVT) Ltd.,2026-04-17 13:23:00.091061
2026041703004111,SINDU,34,6,120,749.0,89880.0,Vision Securities Pvt. Ltd,Agrawal Securities (PVT) Ltd.,2026-04-17 13:24:24.064831
2026041703004170,SINDU,58,41,10,749.0,7490.0,Naasa Securities Co. Ltd.,Linch Stock Market Ltd.,2026-04-17 13:27:09.642160
2026041703004183,SINDU,38,41,130,749.0,97370.0,Dipshikha Dhitopatra Karobar Co. Pvt Ltd.,Linch Stock Market Ltd.,2026-04-17 13:27:31.651768
2026041703004219,SINDU,87,58,10,750.0,7500.0,S.P.S.A. Securities Limited,Naasa Securities Co. Ltd.,2026-04-17 13:29:06.059618
2026041703004250,SINDU,22,58,23,750.0,17250.0,Siprabi Securities Pvt. Ltd.,Naasa Securities Co. Ltd.,2026-04-17 13:30:24.452179
2026041703004251,SINDU,22,49,50,750.0,37500.0,Siprabi Securities Pvt. Ltd.,Online Securities Pvt. Ltd.,2026-04-17 13:30:24.452597
2026041703004256,SINDU,87,51,10,751.0,7510.0,S.P.S.A. Securities Limited,Oxford Securities Pvt. Ltd.,2026-04-17 13:30:35.195871
2026041703004385,SINDU,29,51,90,751.0,67590.0,Trisul Securities & Invt. Ltd.,Oxford Securities Pvt. Ltd.,2026-04-17 13:36:13.212002
2026041703004393,SINDU,87,49,20,753.7,15074.0,S.P.S.A. Securities Limited,Online Securities Pvt. Ltd.,2026-04-17 13:36:29.320266
2026041703004395,SINDU,87,6,10,755.0,7550.0,S.P.S.A. Securities Limited,Agrawal Securities (PVT) Ltd.,2026-04-17 13:36:33.056146
2026041703004426,SINDU,36,49,50,755.0,37750.0,Secured Securities Ltd.,Online Securities Pvt. Ltd.,2026-04-17 13:38:46.161140
2026041703004427,SINDU,36,6,50,755.0,37750.0,Secured Securities Ltd.,Agrawal Securities (PVT) Ltd.,2026-04-17 13:38:46.161517
2026041703004480,SINDU,87,6,10,755.7,7557.0,S.P.S.A. Securities Limited,Agrawal Securities (PVT) Ltd.,2026-04-17 13:40:37.700956
2026041703004499,SINDU,8,51,20,752.0,15040.0,Brilliant Securities Pvt. Ltd.,Oxford Securities Pvt. Ltd.,2026-04-17 13:41:35.579642
2026041703004506,SINDU,41,6,30,755.7,22671.0,Linch Stock Market Ltd.,Agrawal Securities (PVT) Ltd.,2026-04-17 13:41:55.926583
2026041703004575,SINDU,58,4,20,751.3,15026.0,Naasa Securities Co. Ltd.,Opal Securities Investment (PVT) Ltd.,2026-04-17 13:44:41.946001
2026041703004576,SINDU,89,4,100,751.2,75120.0,Global IME Securities Limited,Opal Securities Investment (PVT) Ltd.,2026-04-17 13:44:41.946255
2026041703004577,SINDU,29,4,11,751.2,8263.2,Trisul Securities & Invt. Ltd.,Opal Securities Investment (PVT) Ltd.,2026-04-17 13:44:41.946338
2026041703004578,SINDU,5,4,200,751.2,150240.0,Market Securities & Exchange (PVT) Ltd.,Opal Securities Investment (PVT) Ltd.,2026-04-17 13:44:41.946417
2026041703004579,SINDU,40,4,100,751.1,75110.0,Creative Securities Pvt Ltd,Opal Securities Investment (PVT) Ltd.,2026-04-17 13:44:41.946496
2026041703004580,SINDU,4,4,229,751.0,171979.0,Opal Securities Investment (PVT) Ltd.,Opal Securities Investment (PVT) Ltd.,2026-04-17 13:44:41.946574
2026041703004605,SINDU,87,51,10,754.0,7540.0,S.P.S.A. Securities Limited,Oxford Securities Pvt. Ltd.,2026-04-17 13:45:20.056915
2026041703004621,SINDU,58,14,10,752.0,7520.0,Naasa Securities Co. Ltd.,Nepal Stock House (PVT) Ltd.,2026-04-17 13:46:06.910102
2026041703004628,SINDU,87,51,10,754.0,7540.0,S.P.S.A. Securities Limited,Oxford Securities Pvt. Ltd.,2026-04-17 13:46:31.677112
2026041703004655,SINDU,58,6,101,752.0,75952.0,Naasa Securities Co. Ltd.,Agrawal Securities (PVT) Ltd.,2026-04-17 13:48:33.382210
2026041703004685,SINDU,87,58,10,753.9,7539.0,S.P.S.A. Securities Limited,Naasa Securities Co. Ltd.,2026-04-17 13:49:13.278901
2026041703004689,SINDU,58,49,499,752.0,375248.0,Naasa Securities Co. Ltd.,Online Securities Pvt. Ltd.,2026-04-17 13:49:23.386533
2026041703004701,SINDU,58,48,10,752.0,7520.0,Naasa Securities Co. Ltd.,Trishakti Securities Public Limited,2026-04-17 13:49:38.559953
2026041703004710,SINDU,87,58,21,753.9,15831.9,S.P.S.A. Securities Limited,Naasa Securities Co. Ltd.,2026-04-17 13:50:04.886021
2026041703004753,SINDU,58,51,20,754.0,15080.0,Naasa Securities Co. Ltd.,Oxford Securities Pvt. Ltd.,2026-04-17 13:51:24.178992
2026041703004757,SINDU,87,51,31,754.0,23374.0,S.P.S.A. Securities Limited,Oxford Securities Pvt. Ltd.,2026-04-17 13:51:50.635484
2026041703004758,SINDU,87,6,10,755.7,7557.0,S.P.S.A. Securities Limited,Agrawal Securities (PVT) Ltd.,2026-04-17 13:51:54.220772
2026041703004895,SINDU,58,14,50,752.0,37600.0,Naasa Securities Co. Ltd.,Nepal Stock House (PVT) Ltd.,2026-04-17 13:57:03.675444
2026041703004907,SINDU,87,52,10,754.0,7540.0,S.P.S.A. Securities Limited,Sundhara Securities Limited,2026-04-17 13:57:33.404235
2026041703004935,SINDU,83,52,50,754.0,37700.0,Sanima Securities Limited,Sundhara Securities Limited,2026-04-17 13:59:05.033015
2026041703004952,SINDU,50,52,140,754.0,105560.0,Cristal Kanchanjanga Securites Pvt. Ltd.,Sundhara Securities Limited,2026-04-17 13:59:56.334942
2026041703004969,SINDU,50,48,10,754.0,7540.0,Cristal Kanchanjanga Securites Pvt. Ltd.,Trishakti Securities Public Limited,2026-04-17 14:00:12.502457
2026041703004973,SINDU,43,47,12,755.0,9060.0,South Asian Bulls Pvt. Ltd.,Neev Securities Pvt. Ltd.,2026-04-17 14:00:20.208100
2026041703004983,SINDU,50,48,10,754.0,7540.0,Cristal Kanchanjanga Securites Pvt. Ltd.,Trishakti Securities Public Limited,2026-04-17 14:00:43.478908
2026041703004992,SINDU,87,47,10,755.0,7550.0,S.P.S.A. Securities Limited,Neev Securities Pvt. Ltd.,2026-04-17 14:01:00.942596
2026041703004993,SINDU,58,47,78,755.0,58890.0,Naasa Securities Co. Ltd.,Neev Securities Pvt. Ltd.,2026-04-17 14:01:08.422376
2026041703005000,SINDU,19,6,50,755.6,37780.0,Nepal Investment And Securities Trading Private Limited,Agrawal Securities (PVT) Ltd.,2026-04-17 14:01:25.292548
2026041703005013,SINDU,38,6,10,755.7,7557.0,Dipshikha Dhitopatra Karobar Co. Pvt Ltd.,Agrawal Securities (PVT) Ltd.,2026-04-17 14:01:59.771837
2026041703005034,SINDU,57,6,90,755.7,68013.0,Aryatara Investment & Securities,Agrawal Securities (PVT) Ltd.,2026-04-17 14:02:34.726774
2026041703005041,SINDU,58,28,50,755.8,37790.0,Naasa Securities Co. Ltd.,Shree Krishna Securities Ltd.,2026-04-17 14:02:53.368340
2026041703005053,SINDU,42,36,50,756.0,37800.0,Sani Securities Company Ltd.,Secured Securities Ltd.,2026-04-17 14:03:51.218281
2026041703005117,SINDU,58,36,398,756.0,300888.0,Naasa Securities Co. Ltd.,Secured Securities Ltd.,2026-04-17 14:04:39.033583
2026041703005122,SINDU,87,36,10,756.6,7566.0,S.P.S.A. Securities Limited,Secured Securities Ltd.,2026-04-17 14:04:45.886726
2026041703005150,SINDU,58,43,50,756.0,37800.0,Naasa Securities Co. Ltd.,South Asian Bulls Pvt. Ltd.,2026-04-17 14:05:50.567098
2026041703005168,SINDU,87,36,10,756.6,7566.0,S.P.S.A. Securities Limited,Secured Securities Ltd.,2026-04-17 14:06:36.911057
2026041703005172,SINDU,38,36,10,756.6,7566.0,Dipshikha Dhitopatra Karobar Co. Pvt Ltd.,Secured Securities Ltd.,2026-04-17 14:07:04.595168
2026041703005178,SINDU,45,36,25,756.6,18915.0,Imperial Securities Company Pvt. Ltd.,Secured Securities Ltd.,2026-04-17 14:07:36.374087
2026041703005197,SINDU,42,36,100,756.6,75660.0,Sani Securities Company Ltd.,Secured Securities Ltd.,2026-04-17 14:08:03.144504
2026041703005207,SINDU,57,36,100,756.6,75660.0,Aryatara Investment & Securities,Secured Securities Ltd.,2026-04-17 14:08:22.191017
2026041703005214,SINDU,57,36,100,756.6,75660.0,Aryatara Investment & Securities,Secured Securities Ltd.,2026-04-17 14:08:41.863059
2026041703005234,SINDU,46,36,13,756.6,9835.8,Kalika Securities Pvt. Ltd.,Secured Securities Ltd.,2026-04-17 14:09:30.367270
2026041703005249,SINDU,57,63,10,756.0,7560.0,Aryatara Investment & Securities,Himalayan Brokerage Company Limited,2026-04-17 14:10:03.569371
2026041703005263,SINDU,87,36,10,756.6,7566.0,S.P.S.A. Securities Limited,Secured Securities Ltd.,2026-04-17 14:10:53.072719
2026041703005282,SINDU,36,36,22,756.6,16645.2,Secured Securities Ltd.,Secured Securities Ltd.,2026-04-17 14:11:44.645775
2026041703005283,SINDU,64,36,60,756.6,45396.0,SUN SECURITIES PVT LTD,Secured Securities Ltd.,2026-04-17 14:11:45.073041
2026041703005284,SINDU,42,36,40,756.6,30264.0,Sani Securities Company Ltd.,Secured Securities Ltd.,2026-04-17 14:11:45.552723
2026041703005289,SINDU,87,36,10,758.0,7580.0,S.P.S.A. Securities Limited,Secured Securities Ltd.,2026-04-17 14:11:54.526582
2026041703005304,SINDU,45,36,40,758.0,30320.0,Imperial Securities Company Pvt. Ltd.,Secured Securities Ltd.,2026-04-17 14:12:15.923386
2026041703005308,SINDU,41,36,100,758.0,75800.0,Linch Stock Market Ltd.,Secured Securities Ltd.,2026-04-17 14:12:25.594794
2026041703005345,SINDU,58,36,50,758.0,37900.0,Naasa Securities Co. Ltd.,Secured Securities Ltd.,2026-04-17 14:13:49.077133
2026041703005346,SINDU,58,36,50,759.0,37950.0,Naasa Securities Co. Ltd.,Secured Securities Ltd.,2026-04-17 14:13:49.077546
2026041703005395,SINDU,58,26,100,756.7,75670.0,Naasa Securities Co. Ltd.,Asian Securities Private Ltd.,2026-04-17 14:15:23.220767
2026041703005418,SINDU,87,36,10,759.0,7590.0,S.P.S.A. Securities Limited,Secured Securities Ltd.,2026-04-17 14:15:44.748344
2026041703005421,SINDU,35,36,20,759.0,15180.0,Kohinoor Investment & Securities Pvt. Ltd.,Secured Securities Ltd.,2026-04-17 14:15:59.647663
2026041703005530,SINDU,58,36,40,759.0,30360.0,Naasa Securities Co. Ltd.,Secured Securities Ltd.,2026-04-17 14:19:55.072344
2026041703005570,SINDU,58,36,80,759.0,60720.0,Naasa Securities Co. Ltd.,Secured Securities Ltd.,2026-04-17 14:20:59.676598
2026041703005571,SINDU,58,43,20,759.0,15180.0,Naasa Securities Co. Ltd.,South Asian Bulls Pvt. Ltd.,2026-04-17 14:20:59.676854
2026041703005588,SINDU,58,58,10,759.0,7590.0,Naasa Securities Co. Ltd.,Naasa Securities Co. Ltd.,2026-04-17 14:21:13.234860
2026041703005590,SINDU,87,36,10,760.0,7600.0,S.P.S.A. Securities Limited,Secured Securities Ltd.,2026-04-17 14:21:16.856783
2026041703005694,SINDU,58,60,150,759.1,113865.0,Naasa Securities Co. Ltd.,Nagarik Stock Dealer ,2026-04-17 14:24:09.282655
2026041703005697,SINDU,58,37,14,759.1,10627.4,Naasa Securities Co. Ltd.,Swarna Laxmi Securities Pvt. Ltd.,2026-04-17 14:24:21.316919
2026041703005724,SINDU,58,57,50,759.0,37950.0,Naasa Securities Co. Ltd.,Aryatara Investment & Securities,2026-04-17 14:25:01.519188
2026041703005725,SINDU,42,57,40,759.0,30360.0,Sani Securities Company Ltd.,Aryatara Investment & Securities,2026-04-17 14:25:01.519406
2026041703005726,SINDU,46,6,600,758.0,454800.0,Kalika Securities Pvt. Ltd.,Agrawal Securities (PVT) Ltd.,2026-04-17 14:25:02.696544
2026041703005741,SINDU,46,6,200,758.0,151600.0,Kalika Securities Pvt. Ltd.,Agrawal Securities (PVT) Ltd.,2026-04-17 14:25:18.313826
2026041703005762,SINDU,46,14,50,758.0,37900.0,Kalika Securities Pvt. Ltd.,Nepal Stock House (PVT) Ltd.,2026-04-17 14:25:41.822952
2026041703005783,SINDU,46,37,200,758.0,151600.0,Kalika Securities Pvt. Ltd.,Swarna Laxmi Securities Pvt. Ltd.,2026-04-17 14:25:49.223886
2026041703005785,SINDU,46,57,10,758.0,7580.0,Kalika Securities Pvt. Ltd.,Aryatara Investment & Securities,2026-04-17 14:25:54.180960
2026041703005789,SINDU,51,87,38,758.0,28804.0,Oxford Securities Pvt. Ltd.,S.P.S.A. Securities Limited,2026-04-17 14:26:04.862987
2026041703005790,SINDU,49,87,101,758.0,76558.0,Online Securities Pvt. Ltd.,S.P.S.A. Securities Limited,2026-04-17 14:26:04.863104
2026041703005791,SINDU,34,87,100,756.8,75680.0,Vision Securities Pvt. Ltd,S.P.S.A. Securities Limited,2026-04-17 14:26:04.863193
2026041703005792,SINDU,42,87,10,756.6,7566.0,Sani Securities Company Ltd.,S.P.S.A. Securities Limited,2026-04-17 14:26:04.863271
2026041703005793,SINDU,57,87,51,756.6,38586.6,Aryatara Investment & Securities,S.P.S.A. Securities Limited,2026-04-17 14:26:04.863346
2026041703005794,SINDU,57,87,199,756.6,150563.4,Aryatara Investment & Securities,S.P.S.A. Securities Limited,2026-04-17 14:26:09.363524
2026041703005803,SINDU,57,87,10,755.7,7557.0,Aryatara Investment & Securities,S.P.S.A. Securities Limited,2026-04-17 14:26:14.851372
2026041703005804,SINDU,3,87,60,755.0,45300.0,Arun Securities (PVT) Ltd.,S.P.S.A. Securities Limited,2026-04-17 14:26:14.851428
2026041703005805,SINDU,28,87,50,755.0,37750.0,Shree Krishna Securities Ltd.,S.P.S.A. Securities Limited,2026-04-17 14:26:14.851451
2026041703005806,SINDU,50,87,10,754.0,7540.0,Cristal Kanchanjanga Securites Pvt. Ltd.,S.P.S.A. Securities Limited,2026-04-17 14:26:14.851473
2026041703005833,SINDU,57,45,200,758.0,151600.0,Aryatara Investment & Securities,Imperial Securities Company Pvt. Ltd.,2026-04-17 14:27:11.554874
2026041703005856,SINDU,25,87,80,755.0,60400.0,Sweta Securities Private Limited,S.P.S.A. Securities Limited,2026-04-17 14:28:13.551240
2026041703005857,SINDU,16,87,10,755.0,7550.0,Primo Securities (PVT) Ltd.,S.P.S.A. Securities Limited,2026-04-17 14:28:13.551338
2026041703005858,SINDU,35,87,20,755.0,15100.0,Kohinoor Investment & Securities Pvt. Ltd.,S.P.S.A. Securities Limited,2026-04-17 14:28:13.551410
2026041703005859,SINDU,50,87,10,754.0,7540.0,Cristal Kanchanjanga Securites Pvt. Ltd.,S.P.S.A. Securities Limited,2026-04-17 14:28:13.551482
2026041703005885,SINDU,50,87,10,754.0,7540.0,Cristal Kanchanjanga Securites Pvt. Ltd.,S.P.S.A. Securities Limited,2026-04-17 14:29:07.182882
2026041703005886,SINDU,58,87,10,752.1,7521.0,Naasa Securities Co. Ltd.,S.P.S.A. Securities Limited,2026-04-17 14:29:07.182943
2026041703006113,SINDU,22,29,15,752.2,11283.0,Siprabi Securities Pvt. Ltd.,Trisul Securities & Invt. Ltd.,2026-04-17 14:36:20.518354
2026041703006114,SINDU,58,29,90,752.1,67689.0,Naasa Securities Co. Ltd.,Trisul Securities & Invt. Ltd.,2026-04-17 14:36:20.518570
2026041703006115,SINDU,58,29,30,752.0,22560.0,Naasa Securities Co. Ltd.,Trisul Securities & Invt. Ltd.,2026-04-17 14:36:20.518661
2026041703006116,SINDU,4,29,200,752.0,150400.0,Opal Securities Investment (PVT) Ltd.,Trisul Securities & Invt. Ltd.,2026-04-17 14:36:20.518749
2026041703006128,SINDU,4,29,36,751.0,27036.0,Opal Securities Investment (PVT) Ltd.,Trisul Securities & Invt. Ltd.,2026-04-17 14:36:37.889490
2026041703006129,SINDU,42,29,259,750.0,194250.0,Sani Securities Company Ltd.,Trisul Securities & Invt. Ltd.,2026-04-17 14:36:37.889714
2026041703006166,SINDU,38,1,10,755.0,7550.0,Dipshikha Dhitopatra Karobar Co. Pvt Ltd.,Kumari Securities Private Limited,2026-04-17 14:37:44.456472
2026041703006167,SINDU,52,1,90,755.0,67950.0,Sundhara Securities Limited,Kumari Securities Private Limited,2026-04-17 14:37:45.676453
2026041703006185,SINDU,52,87,10,755.0,7550.0,Sundhara Securities Limited,S.P.S.A. Securities Limited,2026-04-17 14:38:07.190973
2026041703006186,SINDU,42,87,10,750.0,7500.0,Sani Securities Company Ltd.,S.P.S.A. Securities Limited,2026-04-17 14:38:07.191105
2026041703006351,SINDU,40,17,130,758.0,98540.0,Creative Securities Pvt Ltd,ABC Securities Private Limited,2026-04-17 14:41:02.217834
2026041703006379,SINDU,37,87,10,751.0,7510.0,Swarna Laxmi Securities Pvt. Ltd.,S.P.S.A. Securities Limited,2026-04-17 14:41:35.381392
2026041703006693,SINDU,10,17,25,758.0,18950.0,Pragyan Securities (PVT) Ltd.,ABC Securities Private Limited,2026-04-17 14:47:48.918763
2026041703006752,SINDU,47,87,10,752.1,7521.0,Neev Securities Pvt. Ltd.,S.P.S.A. Securities Limited,2026-04-17 14:49:03.152551
2026041703007422,SINDU,58,17,150,758.0,113700.0,Naasa Securities Co. Ltd.,ABC Securities Private Limited,2026-04-17 14:56:42.600698
2026041703007436,SINDU,42,17,200,758.0,151600.0,Sani Securities Company Ltd.,ABC Securities Private Limited,2026-04-17 14:56:54.926047
2026041703007550,SINDU,58,74,70,755.0,52850.0,Naasa Securities Co. Ltd.,KALASH STOCK MARKET PVT. LTD.,2026-04-17 14:57:27.767091
2026041703007567,SINDU,58,34,65,755.0,49075.0,Naasa Securities Co. Ltd.,Vision Securities Pvt. Ltd,2026-04-17 14:57:41.959135
2026041703007568,SINDU,38,34,35,753.0,26355.0,Dipshikha Dhitopatra Karobar Co. Pvt Ltd.,Vision Securities Pvt. Ltd,2026-04-17 14:57:41.959213
2026041703007640,SINDU,58,42,100,753.1,75310.0,Naasa Securities Co. Ltd.,Sani Securities Company Ltd.,2026-04-17 14:58:11.357522
2026041703007641,SINDU,38,42,350,753.0,263550.0,Dipshikha Dhitopatra Karobar Co. Pvt Ltd.,Sani Securities Company Ltd.,2026-04-17 14:58:11.357736
2026041703007719,SINDU,47,42,75,753.1,56482.5,Neev Securities Pvt. Ltd.,Sani Securities Company Ltd.,2026-04-17 14:58:47.983388
2026041703007720,SINDU,38,42,115,753.0,86595.0,Dipshikha Dhitopatra Karobar Co. Pvt Ltd.,Sani Securities Company Ltd.,2026-04-17 14:58:47.983607
2026041703007721,SINDU,81,42,100,753.0,75300.0,Aakashbhairab Securities Ltd.,Sani Securities Company Ltd.,2026-04-17 14:58:47.983701
2026041703007722,SINDU,95,42,210,753.0,158130.0,Magnet Securities and Investment Company Private Limited,Sani Securities Company Ltd.,2026-04-17 14:58:47.983794
2026041703007739,SINDU,49,45,50,757.0,37850.0,Online Securities Pvt. Ltd.,Imperial Securities Company Pvt. Ltd.,2026-04-17 14:58:52.355952
2026041703007854,SINDU,42,1,67,755.0,50585.0,Sani Securities Company Ltd.,Kumari Securities Private Limited,2026-04-17 14:59:26.409782
2026041703007883,SINDU,49,1,20,755.0,15100.0,Online Securities Pvt. Ltd.,Kumari Securities Private Limited,2026-04-17 14:59:31.360536
2026041703008039,SINDU,64,45,200,753.0,150600.0,SUN SECURITIES PVT LTD,Imperial Securities Company Pvt. Ltd.,2026-04-17 14:59:51.217021
2026041703008115,SINDU,36,49,39,752.2,29335.8,Secured Securities Ltd.,Online Securities Pvt. Ltd.,2026-04-17 14:59:59.736576
