contractId,stockSymbol,buyerMemberId,sellerMemberId,quantity,rate,amount,businessDate,tradeBookId,stockId,buyerBrokerName,sellerBrokerName,transaction_time,securityName
2026041705000258,SPC,67,39,10,492.0,4920.0,2026-04-17,186757685,8025,Property Wiard Limited,Sumeru Securities Pvt. Ltd.,2026-04-17 11:03:52.170419,Samling Power Company Limited
2026041705000265,SPC,67,38,11,494.4,5438.4,2026-04-17,186757750,8025,Property Wiard Limited,Dipshikha Dhitopatra Karobar Co. Pvt Ltd.,2026-04-17 11:03:59.426947,Samling Power Company Limited
2026041705001312,SPC,44,14,300,484.7,145410.0,2026-04-17,186769416,8025,Dynamic Money Managers Securities Pvt. Ltd.,Nepal Stock House (PVT) Ltd.,2026-04-17 11:18:47.337488,Samling Power Company Limited
2026041705001313,SPC,22,14,100,477.0,47700.0,2026-04-17,186769418,8025,Siprabi Securities Pvt. Ltd.,Nepal Stock House (PVT) Ltd.,2026-04-17 11:18:47.337543,Samling Power Company Limited
2026041705001314,SPC,16,14,200,477.0,95400.0,2026-04-17,186769419,8025,Primo Securities (PVT) Ltd.,Nepal Stock House (PVT) Ltd.,2026-04-17 11:18:47.337570,Samling Power Company Limited
2026041705001570,SPC,41,58,10,493.6,4936.0,2026-04-17,186771676,8025,Linch Stock Market Ltd.,Naasa Securities Co. Ltd.,2026-04-17 11:20:52.037734,Samling Power Company Limited
2026041705004196,SPC,58,21,10,483.8,4838.0,2026-04-17,186797203,8025,Naasa Securities Co. Ltd.,Midas Stock Broking Company Private Limited,2026-04-17 11:51:10.140701,Samling Power Company Limited
2026041705004519,SPC,41,57,10,489.0,4890.0,2026-04-17,186800780,8025,Linch Stock Market Ltd.,Aryatara Investment & Securities,2026-04-17 11:55:55.413689,Samling Power Company Limited
2026041705004823,SPC,67,57,31,489.0,15159.0,2026-04-17,186803644,8025,Property Wiard Limited,Aryatara Investment & Securities,2026-04-17 11:59:21.270632,Samling Power Company Limited
2026041705004824,SPC,91,32,200,480.0,96000.0,2026-04-17,186803645,8025,Citizens Share Broker Limited,Premier Securities Company Ltd.,2026-04-17 11:59:21.314417,Samling Power Company Limited
2026041705004835,SPC,67,39,41,490.0,20090.0,2026-04-17,186803708,8025,Property Wiard Limited,Sumeru Securities Pvt. Ltd.,2026-04-17 11:59:26.815353,Samling Power Company Limited
2026041705004845,SPC,67,39,41,491.0,20131.0,2026-04-17,186803832,8025,Property Wiard Limited,Sumeru Securities Pvt. Ltd.,2026-04-17 11:59:33.701754,Samling Power Company Limited
2026041705004859,SPC,67,39,10,492.0,4920.0,2026-04-17,186803963,8025,Property Wiard Limited,Sumeru Securities Pvt. Ltd.,2026-04-17 11:59:43.677561,Samling Power Company Limited
2026041705005939,SPC,32,33,10,482.2,4822.0,2026-04-17,186813552,8025,Premier Securities Company Ltd.,Dakshinkali Investment & Securities Pvt. Ltd.,2026-04-17 12:10:46.752711,Samling Power Company Limited
2026041705005940,SPC,6,33,290,482.2,139838.0,2026-04-17,186813553,8025,Agrawal Securities (PVT) Ltd.,Dakshinkali Investment & Securities Pvt. Ltd.,2026-04-17 12:10:46.752835,Samling Power Company Limited
2026041705006194,SPC,19,47,50,482.5,24125.0,2026-04-17,186815681,8025,Nepal Investment And Securities Trading Private Limited,Neev Securities Pvt. Ltd.,2026-04-17 12:12:51.780178,Samling Power Company Limited
2026041705006938,SPC,46,62,21,481.0,10101.0,2026-04-17,186823302,8025,Kalika Securities Pvt. Ltd.,Capital Max Securities Ltd,2026-04-17 12:22:08.474591,Samling Power Company Limited
2026041705006939,SPC,43,62,50,480.2,24010.0,2026-04-17,186823304,8025,South Asian Bulls Pvt. Ltd.,Capital Max Securities Ltd,2026-04-17 12:22:08.474634,Samling Power Company Limited
2026041705006940,SPC,45,62,229,480.1,109942.9,2026-04-17,186823305,8025,Imperial Securities Company Pvt. Ltd.,Capital Max Securities Ltd,2026-04-17 12:22:08.474659,Samling Power Company Limited
2026041705007653,SPC,34,26,100,480.2,48020.0,2026-04-17,186830513,8025,Vision Securities Pvt. Ltd,Asian Securities Private Ltd.,2026-04-17 12:31:52.428386,Samling Power Company Limited
2026041705008168,SPC,67,42,11,489.7,5386.7,2026-04-17,186835324,8025,Property Wiard Limited,Sani Securities Company Ltd.,2026-04-17 12:38:20.819543,Samling Power Company Limited
2026041705009295,SPC,42,42,45,489.7,22036.5,2026-04-17,186845284,8025,Sani Securities Company Ltd.,Sani Securities Company Ltd.,2026-04-17 12:52:46.647479,Samling Power Company Limited
2026041705009403,SPC,49,42,10,489.7,4897.0,2026-04-17,186846034,8025,Online Securities Pvt. Ltd.,Sani Securities Company Ltd.,2026-04-17 12:53:36.974633,Samling Power Company Limited
2026041705011166,SPC,67,42,10,490.0,4900.0,2026-04-17,186862422,8025,Property Wiard Limited,Sani Securities Company Ltd.,2026-04-17 13:22:59.682783,Samling Power Company Limited
2026041705011764,SPC,39,41,950,485.1,460845.0,2026-04-17,186868364,8025,Sumeru Securities Pvt. Ltd.,Linch Stock Market Ltd.,2026-04-17 13:32:49.442662,Samling Power Company Limited
2026041705011765,SPC,41,41,300,485.0,145500.0,2026-04-17,186868366,8025,Linch Stock Market Ltd.,Linch Stock Market Ltd.,2026-04-17 13:32:49.442724,Samling Power Company Limited
2026041705011766,SPC,42,41,35,485.0,16975.0,2026-04-17,186868368,8025,Sani Securities Company Ltd.,Linch Stock Market Ltd.,2026-04-17 13:32:49.442752,Samling Power Company Limited
2026041705011767,SPC,42,41,900,485.0,436500.0,2026-04-17,186868370,8025,Sani Securities Company Ltd.,Linch Stock Market Ltd.,2026-04-17 13:32:49.442778,Samling Power Company Limited
2026041705011768,SPC,39,41,400,485.0,194000.0,2026-04-17,186868371,8025,Sumeru Securities Pvt. Ltd.,Linch Stock Market Ltd.,2026-04-17 13:32:49.442802,Samling Power Company Limited
2026041705011779,SPC,41,42,10,489.0,4890.0,2026-04-17,186868424,8025,Linch Stock Market Ltd.,Sani Securities Company Ltd.,2026-04-17 13:32:55.431346,Samling Power Company Limited
2026041705012868,SPC,32,41,20,481.3,9626.0,2026-04-17,186877672,8025,Premier Securities Company Ltd.,Linch Stock Market Ltd.,2026-04-17 13:45:21.150045,Samling Power Company Limited
2026041705012869,SPC,18,41,200,481.2,96240.0,2026-04-17,186877674,8025,Sagarmatha Securities Private Limited,Linch Stock Market Ltd.,2026-04-17 13:45:21.150093,Samling Power Company Limited
2026041705012870,SPC,39,41,100,481.0,48100.0,2026-04-17,186877676,8025,Sumeru Securities Pvt. Ltd.,Linch Stock Market Ltd.,2026-04-17 13:45:21.150122,Samling Power Company Limited
2026041705012871,SPC,89,41,10,480.8,4808.0,2026-04-17,186877678,8025,Global IME Securities Limited,Linch Stock Market Ltd.,2026-04-17 13:45:21.150145,Samling Power Company Limited
2026041705012872,SPC,34,41,50,480.2,24010.0,2026-04-17,186877680,8025,Vision Securities Pvt. Ltd,Linch Stock Market Ltd.,2026-04-17 13:45:21.150168,Samling Power Company Limited
2026041705012873,SPC,45,41,31,480.1,14883.1,2026-04-17,186877682,8025,Imperial Securities Company Pvt. Ltd.,Linch Stock Market Ltd.,2026-04-17 13:45:21.150203,Samling Power Company Limited
2026041705012874,SPC,43,41,50,480.1,24005.0,2026-04-17,186877684,8025,South Asian Bulls Pvt. Ltd.,Linch Stock Market Ltd.,2026-04-17 13:45:21.150234,Samling Power Company Limited
2026041705012875,SPC,58,41,10,480.1,4801.0,2026-04-17,186877686,8025,Naasa Securities Co. Ltd.,Linch Stock Market Ltd.,2026-04-17 13:45:21.150254,Samling Power Company Limited
2026041705012876,SPC,91,41,300,480.0,144000.0,2026-04-17,186877688,8025,Citizens Share Broker Limited,Linch Stock Market Ltd.,2026-04-17 13:45:21.150277,Samling Power Company Limited
2026041705012877,SPC,36,41,200,480.0,96000.0,2026-04-17,186877690,8025,Secured Securities Ltd.,Linch Stock Market Ltd.,2026-04-17 13:45:21.150298,Samling Power Company Limited
2026041705012878,SPC,26,41,40,480.0,19200.0,2026-04-17,186877692,8025,Asian Securities Private Ltd.,Linch Stock Market Ltd.,2026-04-17 13:45:21.150331,Samling Power Company Limited
2026041705012879,SPC,41,41,300,480.0,144000.0,2026-04-17,186877694,8025,Linch Stock Market Ltd.,Linch Stock Market Ltd.,2026-04-17 13:45:21.150353,Samling Power Company Limited
2026041705012880,SPC,58,41,200,480.0,96000.0,2026-04-17,186877696,8025,Naasa Securities Co. Ltd.,Linch Stock Market Ltd.,2026-04-17 13:45:21.150372,Samling Power Company Limited
2026041705012881,SPC,43,41,100,478.0,47800.0,2026-04-17,186877698,8025,South Asian Bulls Pvt. Ltd.,Linch Stock Market Ltd.,2026-04-17 13:45:21.150394,Samling Power Company Limited
2026041705012882,SPC,74,41,300,477.1,143130.0,2026-04-17,186877700,8025,KALASH STOCK MARKET PVT. LTD.,Linch Stock Market Ltd.,2026-04-17 13:45:21.150419,Samling Power Company Limited
2026041705012883,SPC,42,41,50,477.0,23850.0,2026-04-17,186877702,8025,Sani Securities Company Ltd.,Linch Stock Market Ltd.,2026-04-17 13:45:21.150439,Samling Power Company Limited
2026041705012884,SPC,43,41,500,476.3,238150.0,2026-04-17,186877704,8025,South Asian Bulls Pvt. Ltd.,Linch Stock Market Ltd.,2026-04-17 13:45:21.150461,Samling Power Company Limited
2026041705012885,SPC,16,41,200,475.0,95000.0,2026-04-17,186877706,8025,Primo Securities (PVT) Ltd.,Linch Stock Market Ltd.,2026-04-17 13:45:21.150502,Samling Power Company Limited
2026041705012886,SPC,54,41,30,472.9,14187.0,2026-04-17,186877708,8025,Sewa Securities Pvt. Ltd.,Linch Stock Market Ltd.,2026-04-17 13:45:21.150529,Samling Power Company Limited
2026041705012887,SPC,39,41,200,472.0,94400.0,2026-04-17,186877710,8025,Sumeru Securities Pvt. Ltd.,Linch Stock Market Ltd.,2026-04-17 13:45:21.150585,Samling Power Company Limited
2026041705012888,SPC,59,41,100,471.0,47100.0,2026-04-17,186877712,8025,Deevyaa Securities & Stock House Pvt. Ltd,Linch Stock Market Ltd.,2026-04-17 13:45:21.150613,Samling Power Company Limited
2026041705012889,SPC,33,41,200,471.0,94200.0,2026-04-17,186877714,8025,Dakshinkali Investment & Securities Pvt. Ltd.,Linch Stock Market Ltd.,2026-04-17 13:45:21.150650,Samling Power Company Limited
2026041705012890,SPC,16,41,300,471.0,141300.0,2026-04-17,186877716,8025,Primo Securities (PVT) Ltd.,Linch Stock Market Ltd.,2026-04-17 13:45:21.150697,Samling Power Company Limited
2026041705012891,SPC,39,41,300,471.0,141300.0,2026-04-17,186877718,8025,Sumeru Securities Pvt. Ltd.,Linch Stock Market Ltd.,2026-04-17 13:45:21.150724,Samling Power Company Limited
2026041705012892,SPC,26,41,10,470.7,4707.0,2026-04-17,186877720,8025,Asian Securities Private Ltd.,Linch Stock Market Ltd.,2026-04-17 13:45:21.150748,Samling Power Company Limited
2026041705012893,SPC,6,41,210,470.5,98805.0,2026-04-17,186877722,8025,Agrawal Securities (PVT) Ltd.,Linch Stock Market Ltd.,2026-04-17 13:45:21.150767,Samling Power Company Limited
2026041705012894,SPC,13,41,100,470.5,47050.0,2026-04-17,186877724,8025,Thrive Brokerage House Pvt. Ltd,Linch Stock Market Ltd.,2026-04-17 13:45:21.150794,Samling Power Company Limited
2026041705012895,SPC,45,41,25,470.5,11762.5,2026-04-17,186877726,8025,Imperial Securities Company Pvt. Ltd.,Linch Stock Market Ltd.,2026-04-17 13:45:21.150819,Samling Power Company Limited
2026041705012896,SPC,48,41,100,468.0,46800.0,2026-04-17,186877728,8025,Trishakti Securities Public Limited,Linch Stock Market Ltd.,2026-04-17 13:45:21.150839,Samling Power Company Limited
2026041705012897,SPC,44,41,500,468.0,234000.0,2026-04-17,186877730,8025,Dynamic Money Managers Securities Pvt. Ltd.,Linch Stock Market Ltd.,2026-04-17 13:45:21.150859,Samling Power Company Limited
2026041705012898,SPC,38,41,264,467.7,123472.8,2026-04-17,186877731,8025,Dipshikha Dhitopatra Karobar Co. Pvt Ltd.,Linch Stock Market Ltd.,2026-04-17 13:45:21.150878,Samling Power Company Limited
2026041705012903,SPC,41,42,10,489.0,4890.0,2026-04-17,186877764,8025,Linch Stock Market Ltd.,Sani Securities Company Ltd.,2026-04-17 13:45:26.774622,Samling Power Company Limited
2026041705013157,SPC,71,58,166,480.0,79680.0,2026-04-17,186880124,8025,SHUBHAKAMANA SECURITIES PVT. LTD,Naasa Securities Co. Ltd.,2026-04-17 13:50:21.482939,Samling Power Company Limited
2026041705013698,SPC,1,58,132,480.0,63360.0,2026-04-17,186885556,8025,Kumari Securities Private Limited,Naasa Securities Co. Ltd.,2026-04-17 14:03:02.783062,Samling Power Company Limited
2026041705013825,SPC,67,42,10,487.0,4870.0,2026-04-17,186889956,8025,Property Wiard Limited,Sani Securities Company Ltd.,2026-04-17 14:04:58.476642,Samling Power Company Limited
2026041705014357,SPC,49,38,129,487.0,62823.0,2026-04-17,186896215,8025,Online Securities Pvt. Ltd.,Dipshikha Dhitopatra Karobar Co. Pvt Ltd.,2026-04-17 14:12:15.243270,Samling Power Company Limited
2026041705014622,SPC,49,41,25,480.0,12000.0,2026-04-17,186898418,8025,Online Securities Pvt. Ltd.,Linch Stock Market Ltd.,2026-04-17 14:15:49.015497,Samling Power Company Limited
2026041705014623,SPC,14,41,50,480.0,24000.0,2026-04-17,186898420,8025,Nepal Stock House (PVT) Ltd.,Linch Stock Market Ltd.,2026-04-17 14:15:49.015608,Samling Power Company Limited
2026041705014624,SPC,48,41,150,478.0,71700.0,2026-04-17,186898422,8025,Trishakti Securities Public Limited,Linch Stock Market Ltd.,2026-04-17 14:15:49.015702,Samling Power Company Limited
2026041705014625,SPC,63,41,200,477.3,95460.0,2026-04-17,186898424,8025,Himalayan Brokerage Company Limited,Linch Stock Market Ltd.,2026-04-17 14:15:49.015783,Samling Power Company Limited
2026041705014626,SPC,28,41,48,474.5,22776.0,2026-04-17,186898426,8025,Shree Krishna Securities Ltd.,Linch Stock Market Ltd.,2026-04-17 14:15:49.015866,Samling Power Company Limited
2026041705014627,SPC,58,41,100,474.0,47400.0,2026-04-17,186898428,8025,Naasa Securities Co. Ltd.,Linch Stock Market Ltd.,2026-04-17 14:15:49.015946,Samling Power Company Limited
2026041705014628,SPC,32,41,20,471.1,9422.0,2026-04-17,186898430,8025,Premier Securities Company Ltd.,Linch Stock Market Ltd.,2026-04-17 14:15:49.016022,Samling Power Company Limited
2026041705014629,SPC,42,41,100,471.0,47100.0,2026-04-17,186898432,8025,Sani Securities Company Ltd.,Linch Stock Market Ltd.,2026-04-17 14:15:49.016101,Samling Power Company Limited
2026041705014630,SPC,13,41,100,471.0,47100.0,2026-04-17,186898434,8025,Thrive Brokerage House Pvt. Ltd,Linch Stock Market Ltd.,2026-04-17 14:15:49.016186,Samling Power Company Limited
2026041705014631,SPC,56,41,58,470.7,27300.6,2026-04-17,186898436,8025,Sri Hari Securities Pvt. Ltd.,Linch Stock Market Ltd.,2026-04-17 14:15:49.016264,Samling Power Company Limited
2026041705014632,SPC,32,41,20,470.4,9408.0,2026-04-17,186898438,8025,Premier Securities Company Ltd.,Linch Stock Market Ltd.,2026-04-17 14:15:49.016367,Samling Power Company Limited
2026041705014633,SPC,42,41,500,470.4,235200.0,2026-04-17,186898440,8025,Sani Securities Company Ltd.,Linch Stock Market Ltd.,2026-04-17 14:15:49.016441,Samling Power Company Limited
2026041705014634,SPC,17,41,1000,470.4,470400.0,2026-04-17,186898442,8025,ABC Securities Private Limited,Linch Stock Market Ltd.,2026-04-17 14:15:49.016515,Samling Power Company Limited
2026041705014635,SPC,21,41,500,470.4,235200.0,2026-04-17,186898444,8025,Midas Stock Broking Company Private Limited,Linch Stock Market Ltd.,2026-04-17 14:15:49.016591,Samling Power Company Limited
2026041705014636,SPC,44,41,129,470.4,60681.6,2026-04-17,186898445,8025,Dynamic Money Managers Securities Pvt. Ltd.,Linch Stock Market Ltd.,2026-04-17 14:15:49.016664,Samling Power Company Limited
2026041705014641,SPC,41,38,10,487.7,4877.0,2026-04-17,186898484,8025,Linch Stock Market Ltd.,Dipshikha Dhitopatra Karobar Co. Pvt Ltd.,2026-04-17 14:15:54.357004,Samling Power Company Limited
2026041705015023,SPC,67,38,10,485.0,4850.0,2026-04-17,186901886,8025,Property Wiard Limited,Dipshikha Dhitopatra Karobar Co. Pvt Ltd.,2026-04-17 14:20:20.849068,Samling Power Company Limited
2026041705015260,SPC,10,43,30,478.2,14346.0,2026-04-17,186903390,8025,Pragyan Securities (PVT) Ltd.,South Asian Bulls Pvt. Ltd.,2026-04-17 14:22:24.249655,Samling Power Company Limited
2026041705015261,SPC,41,43,10,478.0,4780.0,2026-04-17,186903392,8025,Linch Stock Market Ltd.,South Asian Bulls Pvt. Ltd.,2026-04-17 14:22:24.249777,Samling Power Company Limited
2026041705015262,SPC,67,43,200,478.0,95600.0,2026-04-17,186903394,8025,Property Wiard Limited,South Asian Bulls Pvt. Ltd.,2026-04-17 14:22:24.249817,Samling Power Company Limited
2026041705015263,SPC,67,43,200,475.3,95060.0,2026-04-17,186903395,8025,Property Wiard Limited,South Asian Bulls Pvt. Ltd.,2026-04-17 14:22:24.249849,Samling Power Company Limited
2026041705015273,SPC,25,43,10,475.3,4753.0,2026-04-17,186903557,8025,Sweta Securities Private Limited,South Asian Bulls Pvt. Ltd.,2026-04-17 14:22:36.576580,Samling Power Company Limited
2026041705015287,SPC,18,43,10,471.0,4710.0,2026-04-17,186903759,8025,Sagarmatha Securities Private Limited,South Asian Bulls Pvt. Ltd.,2026-04-17 14:22:48.111421,Samling Power Company Limited
2026041705015547,SPC,6,43,10,472.0,4720.0,2026-04-17,186906171,8025,Agrawal Securities (PVT) Ltd.,South Asian Bulls Pvt. Ltd.,2026-04-17 14:25:38.463338,Samling Power Company Limited
2026041705015679,SPC,45,6,3,470.4,1411.2,2026-04-17,186907417,8025,Imperial Securities Company Pvt. Ltd.,Agrawal Securities (PVT) Ltd.,2026-04-17 14:27:40.208410,Samling Power Company Limited
2026041705015704,SPC,48,43,10,481.4,4814.0,2026-04-17,186907600,8025,Trishakti Securities Public Limited,South Asian Bulls Pvt. Ltd.,2026-04-17 14:27:55.711562,Samling Power Company Limited
2026041705015749,SPC,38,43,10,481.4,4814.0,2026-04-17,186907865,8025,Dipshikha Dhitopatra Karobar Co. Pvt Ltd.,South Asian Bulls Pvt. Ltd.,2026-04-17 14:28:12.327624,Samling Power Company Limited
2026041705016213,SPC,67,43,11,484.9,5333.9,2026-04-17,186912364,8025,Property Wiard Limited,South Asian Bulls Pvt. Ltd.,2026-04-17 14:34:21.762275,Samling Power Company Limited
2026041705016405,SPC,38,41,30,476.0,14280.0,2026-04-17,186914288,8025,Dipshikha Dhitopatra Karobar Co. Pvt Ltd.,Linch Stock Market Ltd.,2026-04-17 14:36:40.603372,Samling Power Company Limited
2026041705016406,SPC,47,41,377,475.3,179188.1,2026-04-17,186914290,8025,Neev Securities Pvt. Ltd.,Linch Stock Market Ltd.,2026-04-17 14:36:40.603425,Samling Power Company Limited
2026041705016407,SPC,58,41,130,474.8,61724.0,2026-04-17,186914292,8025,Naasa Securities Co. Ltd.,Linch Stock Market Ltd.,2026-04-17 14:36:40.603458,Samling Power Company Limited
2026041705016408,SPC,80,41,400,474.7,189880.0,2026-04-17,186914294,8025,Indira securities pvt. ltd,Linch Stock Market Ltd.,2026-04-17 14:36:40.603491,Samling Power Company Limited
2026041705016409,SPC,14,41,500,474.0,237000.0,2026-04-17,186914296,8025,Nepal Stock House (PVT) Ltd.,Linch Stock Market Ltd.,2026-04-17 14:36:40.603523,Samling Power Company Limited
2026041705016410,SPC,18,41,200,474.0,94800.0,2026-04-17,186914298,8025,Sagarmatha Securities Private Limited,Linch Stock Market Ltd.,2026-04-17 14:36:40.603575,Samling Power Company Limited
2026041705016411,SPC,45,41,200,474.0,94800.0,2026-04-17,186914300,8025,Imperial Securities Company Pvt. Ltd.,Linch Stock Market Ltd.,2026-04-17 14:36:40.603631,Samling Power Company Limited
2026041705016412,SPC,58,41,245,473.3,115958.5,2026-04-17,186914302,8025,Naasa Securities Co. Ltd.,Linch Stock Market Ltd.,2026-04-17 14:36:40.603672,Samling Power Company Limited
2026041705016413,SPC,58,41,47,473.3,22245.1,2026-04-17,186914303,8025,Naasa Securities Co. Ltd.,Linch Stock Market Ltd.,2026-04-17 14:36:40.603705,Samling Power Company Limited
2026041705016422,SPC,41,43,10,484.9,4849.0,2026-04-17,186914370,8025,Linch Stock Market Ltd.,South Asian Bulls Pvt. Ltd.,2026-04-17 14:36:45.526138,Samling Power Company Limited
2026041705016736,SPC,58,43,10,477.0,4770.0,2026-04-17,186917683,8025,Naasa Securities Co. Ltd.,South Asian Bulls Pvt. Ltd.,2026-04-17 14:41:13.756141,Samling Power Company Limited
2026041705016751,SPC,49,32,491,480.0,235680.0,2026-04-17,186917802,8025,Online Securities Pvt. Ltd.,Premier Securities Company Ltd.,2026-04-17 14:41:24.526065,Samling Power Company Limited
2026041705016758,SPC,38,43,11,475.5,5230.5,2026-04-17,186917869,8025,Dipshikha Dhitopatra Karobar Co. Pvt Ltd.,South Asian Bulls Pvt. Ltd.,2026-04-17 14:41:31.383004,Samling Power Company Limited
2026041705016783,SPC,49,32,100,480.0,48000.0,2026-04-17,186918154,8025,Online Securities Pvt. Ltd.,Premier Securities Company Ltd.,2026-04-17 14:41:47.945165,Samling Power Company Limited
2026041705016834,SPC,48,32,1,485.0,485.0,2026-04-17,186918865,8025,Trishakti Securities Public Limited,Premier Securities Company Ltd.,2026-04-17 14:42:29.216843,Samling Power Company Limited
2026041705016847,SPC,49,43,10,475.5,4755.0,2026-04-17,186918981,8025,Online Securities Pvt. Ltd.,South Asian Bulls Pvt. Ltd.,2026-04-17 14:42:38.562685,Samling Power Company Limited
2026041705016948,SPC,19,6,10,476.0,4760.0,2026-04-17,186919855,8025,Nepal Investment And Securities Trading Private Limited,Agrawal Securities (PVT) Ltd.,2026-04-17 14:43:35.594668,Samling Power Company Limited
2026041705017230,SPC,19,44,100,478.5,47850.0,2026-04-17,186923025,8025,Nepal Investment And Securities Trading Private Limited,Dynamic Money Managers Securities Pvt. Ltd.,2026-04-17 14:46:54.841517,Samling Power Company Limited
2026041705017378,SPC,58,32,4,477.0,1908.0,2026-04-17,186924311,8025,Naasa Securities Co. Ltd.,Premier Securities Company Ltd.,2026-04-17 14:48:13.736799,Samling Power Company Limited
2026041705017617,SPC,14,43,10,476.0,4760.0,2026-04-17,186927837,8025,Nepal Stock House (PVT) Ltd.,South Asian Bulls Pvt. Ltd.,2026-04-17 14:50:34.200025,Samling Power Company Limited
2026041705017692,SPC,58,43,13,480.0,6240.0,2026-04-17,186928633,8025,Naasa Securities Co. Ltd.,South Asian Bulls Pvt. Ltd.,2026-04-17 14:51:04.677708,Samling Power Company Limited
2026041705018193,SPC,58,43,10,484.6,4846.0,2026-04-17,186933052,8025,Naasa Securities Co. Ltd.,South Asian Bulls Pvt. Ltd.,2026-04-17 14:54:15.645358,Samling Power Company Limited
2026041705018370,SPC,32,43,10,476.5,4765.0,2026-04-17,186934367,8025,Premier Securities Company Ltd.,South Asian Bulls Pvt. Ltd.,2026-04-17 14:55:11.461966,Samling Power Company Limited
2026041705018667,SPC,45,10,10,478.0,4780.0,2026-04-17,186937592,8025,Imperial Securities Company Pvt. Ltd.,Pragyan Securities (PVT) Ltd.,2026-04-17 14:57:04.758828,Samling Power Company Limited
2026041705018668,SPC,49,10,10,477.1,4771.0,2026-04-17,186937593,8025,Online Securities Pvt. Ltd.,Pragyan Securities (PVT) Ltd.,2026-04-17 14:57:04.758962,Samling Power Company Limited
2026041705018769,SPC,49,44,400,477.1,190840.0,2026-04-17,186938253,8025,Online Securities Pvt. Ltd.,Dynamic Money Managers Securities Pvt. Ltd.,2026-04-17 14:57:18.313179,Samling Power Company Limited
2026041705018790,SPC,25,32,3,475.0,1425.0,2026-04-17,186938457,8025,Sweta Securities Private Limited,Premier Securities Company Ltd.,2026-04-17 14:57:26.284915,Samling Power Company Limited
2026041705019011,SPC,58,43,10,484.0,4840.0,2026-04-17,186940859,8025,Naasa Securities Co. Ltd.,South Asian Bulls Pvt. Ltd.,2026-04-17 14:58:30.610605,Samling Power Company Limited
2026041705019339,SPC,58,43,10,477.3,4773.0,2026-04-17,186944277,8025,Naasa Securities Co. Ltd.,South Asian Bulls Pvt. Ltd.,2026-04-17 14:59:29.160092,Samling Power Company Limited
2026041705019532,SPC,67,38,80,484.5,38760.0,2026-04-17,186945749,8025,Property Wiard Limited,Dipshikha Dhitopatra Karobar Co. Pvt Ltd.,2026-04-17 14:59:45.576963,Samling Power Company Limited
2026041705019533,SPC,67,43,39,484.6,18899.4,2026-04-17,186945751,8025,Property Wiard Limited,South Asian Bulls Pvt. Ltd.,2026-04-17 14:59:45.577022,Samling Power Company Limited
2026041705019534,SPC,67,45,93,485.0,45105.0,2026-04-17,186945753,8025,Property Wiard Limited,Imperial Securities Company Pvt. Ltd.,2026-04-17 14:59:45.577051,Samling Power Company Limited
2026041705019535,SPC,67,49,10,485.0,4850.0,2026-04-17,186945755,8025,Property Wiard Limited,Online Securities Pvt. Ltd.,2026-04-17 14:59:45.577073,Samling Power Company Limited
2026041705019536,SPC,67,43,90,485.9,43731.0,2026-04-17,186945757,8025,Property Wiard Limited,South Asian Bulls Pvt. Ltd.,2026-04-17 14:59:45.577100,Samling Power Company Limited
2026041705019537,SPC,67,38,50,486.6,24330.0,2026-04-17,186945759,8025,Property Wiard Limited,Dipshikha Dhitopatra Karobar Co. Pvt Ltd.,2026-04-17 14:59:45.577124,Samling Power Company Limited
2026041705019538,SPC,67,43,190,486.9,92511.0,2026-04-17,186945761,8025,Property Wiard Limited,South Asian Bulls Pvt. Ltd.,2026-04-17 14:59:45.577147,Samling Power Company Limited
2026041705019539,SPC,67,42,100,487.0,48700.0,2026-04-17,186945763,8025,Property Wiard Limited,Sani Securities Company Ltd.,2026-04-17 14:59:45.577175,Samling Power Company Limited
2026041705019540,SPC,67,38,14,487.7,6827.8,2026-04-17,186945766,8025,Property Wiard Limited,Dipshikha Dhitopatra Karobar Co. Pvt Ltd.,2026-04-17 14:59:45.577201,Samling Power Company Limited
2026041705019693,SPC,67,38,11,487.7,5364.7,2026-04-17,186947714,8025,Property Wiard Limited,Dipshikha Dhitopatra Karobar Co. Pvt Ltd.,2026-04-17 14:59:58.627697,Samling Power Company Limited
