contractId,stockSymbol,buyerMemberId,sellerMemberId,quantity,rate,amount,businessDate,tradeBookId,stockId,buyerBrokerName,sellerBrokerName,transaction_time,securityName
2026041705000481,TPC,16,58,50,392.0,19600.0,2026-04-17,186760716,8022,Primo Securities (PVT) Ltd.,Naasa Securities Co. Ltd.,2026-04-17 11:08:13.291523,Terhathum Power Company Limited
2026041705000511,TPC,16,58,50,392.0,19600.0,2026-04-17,186761038,8022,Primo Securities (PVT) Ltd.,Naasa Securities Co. Ltd.,2026-04-17 11:08:37.250222,Terhathum Power Company Limited
2026041705000790,TPC,29,58,37,392.0,14504.0,2026-04-17,186764547,8022,Trisul Securities & Invt. Ltd.,Naasa Securities Co. Ltd.,2026-04-17 11:13:29.776463,Terhathum Power Company Limited
2026041705000791,TPC,29,41,100,392.0,39200.0,2026-04-17,186764549,8022,Trisul Securities & Invt. Ltd.,Linch Stock Market Ltd.,2026-04-17 11:13:29.776543,Terhathum Power Company Limited
2026041705000792,TPC,29,95,50,393.0,19650.0,2026-04-17,186764551,8022,Trisul Securities & Invt. Ltd.,Magnet Securities and Investment Company Private Limited,2026-04-17 11:13:29.776583,Terhathum Power Company Limited
2026041705000793,TPC,29,4,863,393.0,339159.0,2026-04-17,186764554,8022,Trisul Securities & Invt. Ltd.,Opal Securities Investment (PVT) Ltd.,2026-04-17 11:13:29.776634,Terhathum Power Company Limited
2026041705001063,TPC,29,4,1000,387.0,387000.0,2026-04-17,186767360,8022,Trisul Securities & Invt. Ltd.,Opal Securities Investment (PVT) Ltd.,2026-04-17 11:16:57.966003,Terhathum Power Company Limited
2026041705001064,TPC,16,4,100,386.0,38600.0,2026-04-17,186767362,8022,Primo Securities (PVT) Ltd.,Opal Securities Investment (PVT) Ltd.,2026-04-17 11:16:57.966076,Terhathum Power Company Limited
2026041705001065,TPC,101,4,500,386.0,193000.0,2026-04-17,186767364,8022,APPLE SECURITIES PRIVATE LIMITED,Opal Securities Investment (PVT) Ltd.,2026-04-17 11:16:57.966107,Terhathum Power Company Limited
2026041705001066,TPC,62,4,880,386.0,339680.0,2026-04-17,186767366,8022,Capital Max Securities Ltd,Opal Securities Investment (PVT) Ltd.,2026-04-17 11:16:57.966157,Terhathum Power Company Limited
2026041705001067,TPC,47,4,1000,385.2,385200.0,2026-04-17,186767367,8022,Neev Securities Pvt. Ltd.,Opal Securities Investment (PVT) Ltd.,2026-04-17 11:16:57.966186,Terhathum Power Company Limited
2026041705001550,TPC,16,4,100,385.0,38500.0,2026-04-17,186771518,8022,Primo Securities (PVT) Ltd.,Opal Securities Investment (PVT) Ltd.,2026-04-17 11:20:39.461715,Terhathum Power Company Limited
2026041705001551,TPC,62,4,800,385.0,308000.0,2026-04-17,186771520,8022,Capital Max Securities Ltd,Opal Securities Investment (PVT) Ltd.,2026-04-17 11:20:39.461807,Terhathum Power Company Limited
2026041705001552,TPC,64,4,769,385.0,296065.0,2026-04-17,186771521,8022,SUN SECURITIES PVT LTD,Opal Securities Investment (PVT) Ltd.,2026-04-17 11:20:39.461847,Terhathum Power Company Limited
2026041705001699,TPC,64,44,231,385.0,88935.0,2026-04-17,186773068,8022,SUN SECURITIES PVT LTD,Dynamic Money Managers Securities Pvt. Ltd.,2026-04-17 11:22:35.562074,Terhathum Power Company Limited
2026041705001700,TPC,58,44,700,384.4,269080.0,2026-04-17,186773070,8022,Naasa Securities Co. Ltd.,Dynamic Money Managers Securities Pvt. Ltd.,2026-04-17 11:22:35.562156,Terhathum Power Company Limited
2026041705001701,TPC,1,44,3817,384.2,1466491.4,2026-04-17,186773071,8022,Kumari Securities Private Limited,Dynamic Money Managers Securities Pvt. Ltd.,2026-04-17 11:22:35.562178,Terhathum Power Company Limited
2026041705002212,TPC,58,49,156,384.4,59966.4,2026-04-17,186777599,8022,Naasa Securities Co. Ltd.,Online Securities Pvt. Ltd.,2026-04-17 11:27:04.906007,Terhathum Power Company Limited
2026041705003269,TPC,45,34,200,389.8,77960.0,2026-04-17,186788712,8022,Imperial Securities Company Pvt. Ltd.,Vision Securities Pvt. Ltd,2026-04-17 11:39:48.495645,Terhathum Power Company Limited
2026041705003673,TPC,52,57,30,389.9,11697.0,2026-04-17,186792920,8022,Sundhara Securities Limited,Aryatara Investment & Securities,2026-04-17 11:45:01.775037,Terhathum Power Company Limited
2026041705005183,TPC,58,51,20,388.0,7760.0,2026-04-17,186806965,8022,Naasa Securities Co. Ltd.,Oxford Securities Pvt. Ltd.,2026-04-17 12:03:13.704773,Terhathum Power Company Limited
2026041705005184,TPC,58,49,10,388.0,3880.0,2026-04-17,186806967,8022,Naasa Securities Co. Ltd.,Online Securities Pvt. Ltd.,2026-04-17 12:03:13.705001,Terhathum Power Company Limited
2026041705005185,TPC,58,10,330,388.1,128073.0,2026-04-17,186806970,8022,Naasa Securities Co. Ltd.,Pragyan Securities (PVT) Ltd.,2026-04-17 12:03:13.705152,Terhathum Power Company Limited
2026041705005223,TPC,58,26,130,387.0,50310.0,2026-04-17,186807230,8022,Naasa Securities Co. Ltd.,Asian Securities Private Ltd.,2026-04-17 12:03:26.521512,Terhathum Power Company Limited
2026041705005388,TPC,59,26,10,385.3,3853.0,2026-04-17,186808692,8022,Deevyaa Securities & Stock House Pvt. Ltd,Asian Securities Private Ltd.,2026-04-17 12:04:58.489248,Terhathum Power Company Limited
2026041705005389,TPC,58,26,100,385.2,38520.0,2026-04-17,186808694,8022,Naasa Securities Co. Ltd.,Asian Securities Private Ltd.,2026-04-17 12:04:58.489537,Terhathum Power Company Limited
2026041705005390,TPC,59,26,35,385.1,13478.5,2026-04-17,186808696,8022,Deevyaa Securities & Stock House Pvt. Ltd,Asian Securities Private Ltd.,2026-04-17 12:04:58.489696,Terhathum Power Company Limited
2026041705005391,TPC,50,26,71,385.1,27342.1,2026-04-17,186808698,8022,Cristal Kanchanjanga Securites Pvt. Ltd.,Asian Securities Private Ltd.,2026-04-17 12:04:58.489851,Terhathum Power Company Limited
2026041705005392,TPC,76,26,500,385.0,192500.0,2026-04-17,186808700,8022,Machhapuchchhre Securities Limited,Asian Securities Private Ltd.,2026-04-17 12:04:58.490001,Terhathum Power Company Limited
2026041705005393,TPC,45,26,200,385.0,77000.0,2026-04-17,186808702,8022,Imperial Securities Company Pvt. Ltd.,Asian Securities Private Ltd.,2026-04-17 12:04:58.490140,Terhathum Power Company Limited
2026041705005472,TPC,44,61,30,384.6,11538.0,2026-04-17,186809577,8022,Dynamic Money Managers Securities Pvt. Ltd.,BHOLE GANESH SECURITIES LTD,2026-04-17 12:06:06.447765,Terhathum Power Company Limited
2026041705005698,TPC,44,49,70,384.6,26922.0,2026-04-17,186811352,8022,Dynamic Money Managers Securities Pvt. Ltd.,Online Securities Pvt. Ltd.,2026-04-17 12:08:16.264239,Terhathum Power Company Limited
2026041705005699,TPC,59,49,100,384.5,38450.0,2026-04-17,186811354,8022,Deevyaa Securities & Stock House Pvt. Ltd,Online Securities Pvt. Ltd.,2026-04-17 12:08:16.264445,Terhathum Power Company Limited
2026041705005700,TPC,58,49,274,384.4,105325.6,2026-04-17,186811356,8022,Naasa Securities Co. Ltd.,Online Securities Pvt. Ltd.,2026-04-17 12:08:16.264514,Terhathum Power Company Limited
2026041705005701,TPC,58,49,50,384.3,19215.0,2026-04-17,186811358,8022,Naasa Securities Co. Ltd.,Online Securities Pvt. Ltd.,2026-04-17 12:08:16.264602,Terhathum Power Company Limited
2026041705005702,TPC,42,49,506,384.3,194455.8,2026-04-17,186811359,8022,Sani Securities Company Ltd.,Online Securities Pvt. Ltd.,2026-04-17 12:08:16.264654,Terhathum Power Company Limited
2026041705005816,TPC,42,54,165,384.3,63409.5,2026-04-17,186812453,8022,Sani Securities Company Ltd.,Sewa Securities Pvt. Ltd.,2026-04-17 12:09:39.730479,Terhathum Power Company Limited
2026041705005844,TPC,42,58,100,384.3,38430.0,2026-04-17,186812857,8022,Sani Securities Company Ltd.,Naasa Securities Co. Ltd.,2026-04-17 12:10:03.239116,Terhathum Power Company Limited
2026041705005996,TPC,42,48,229,384.3,88004.7,2026-04-17,186814010,8022,Sani Securities Company Ltd.,Trishakti Securities Public Limited,2026-04-17 12:11:15.561815,Terhathum Power Company Limited
2026041705006054,TPC,43,48,71,384.0,27264.0,2026-04-17,186814353,8022,South Asian Bulls Pvt. Ltd.,Trishakti Securities Public Limited,2026-04-17 12:11:34.584218,Terhathum Power Company Limited
2026041705006098,TPC,58,26,40,385.0,15400.0,2026-04-17,186814730,8022,Naasa Securities Co. Ltd.,Asian Securities Private Ltd.,2026-04-17 12:11:57.430133,Terhathum Power Company Limited
2026041705006119,TPC,43,48,29,384.0,11136.0,2026-04-17,186814852,8022,South Asian Bulls Pvt. Ltd.,Trishakti Securities Public Limited,2026-04-17 12:12:03.638823,Terhathum Power Company Limited
2026041705006120,TPC,11,48,21,384.0,8064.0,2026-04-17,186814853,8022,Malla & Malla Stock Broking Company Pvt. Limited,Trishakti Securities Public Limited,2026-04-17 12:12:03.639062,Terhathum Power Company Limited
2026041705006145,TPC,11,49,79,384.0,30336.0,2026-04-17,186815262,8022,Malla & Malla Stock Broking Company Pvt. Limited,Online Securities Pvt. Ltd.,2026-04-17 12:12:27.008655,Terhathum Power Company Limited
2026041705006146,TPC,11,49,30,384.0,11520.0,2026-04-17,186815264,8022,Malla & Malla Stock Broking Company Pvt. Limited,Online Securities Pvt. Ltd.,2026-04-17 12:12:27.008889,Terhathum Power Company Limited
2026041705006147,TPC,1,49,127,383.1,48653.7,2026-04-17,186815265,8022,Kumari Securities Private Limited,Online Securities Pvt. Ltd.,2026-04-17 12:12:27.009031,Terhathum Power Company Limited
2026041705006330,TPC,58,7,450,383.2,172440.0,2026-04-17,186816950,8022,Naasa Securities Co. Ltd.,J.F. Securites (PVT) Ltd.,2026-04-17 12:14:17.113084,Terhathum Power Company Limited
2026041705006331,TPC,1,7,550,383.1,210705.0,2026-04-17,186816951,8022,Kumari Securities Private Limited,J.F. Securites (PVT) Ltd.,2026-04-17 12:14:17.113182,Terhathum Power Company Limited
2026041705006332,TPC,1,45,506,383.1,193848.6,2026-04-17,186816984,8022,Kumari Securities Private Limited,Imperial Securities Company Pvt. Ltd.,2026-04-17 12:14:19.948502,Terhathum Power Company Limited
2026041705006415,TPC,39,44,200,383.0,76600.0,2026-04-17,186817643,8022,Sumeru Securities Pvt. Ltd.,Dynamic Money Managers Securities Pvt. Ltd.,2026-04-17 12:15:17.672762,Terhathum Power Company Limited
2026041705006420,TPC,39,45,539,383.0,206437.0,2026-04-17,186817825,8022,Sumeru Securities Pvt. Ltd.,Imperial Securities Company Pvt. Ltd.,2026-04-17 12:15:29.411939,Terhathum Power Company Limited
2026041705006434,TPC,39,22,200,383.0,76600.0,2026-04-17,186818017,8022,Sumeru Securities Pvt. Ltd.,Siprabi Securities Pvt. Ltd.,2026-04-17 12:15:46.380515,Terhathum Power Company Limited
2026041705006478,TPC,39,49,61,383.0,23363.0,2026-04-17,186818334,8022,Sumeru Securities Pvt. Ltd.,Online Securities Pvt. Ltd.,2026-04-17 12:16:10.782254,Terhathum Power Company Limited
2026041705006479,TPC,68,49,300,383.0,114900.0,2026-04-17,186818336,8022,Elite Stock House Limited,Online Securities Pvt. Ltd.,2026-04-17 12:16:10.782446,Terhathum Power Company Limited
2026041705006480,TPC,87,49,100,383.0,38300.0,2026-04-17,186818338,8022,S.P.S.A. Securities Limited,Online Securities Pvt. Ltd.,2026-04-17 12:16:10.782501,Terhathum Power Company Limited
2026041705006603,TPC,58,58,50,382.4,19120.0,2026-04-17,186819642,8022,Naasa Securities Co. Ltd.,Naasa Securities Co. Ltd.,2026-04-17 12:17:59.018562,Terhathum Power Company Limited
2026041705006604,TPC,38,58,40,382.3,15292.0,2026-04-17,186819643,8022,Dipshikha Dhitopatra Karobar Co. Pvt Ltd.,Naasa Securities Co. Ltd.,2026-04-17 12:17:59.018702,Terhathum Power Company Limited
2026041705006715,TPC,38,38,60,382.3,22938.0,2026-04-17,186821220,8022,Dipshikha Dhitopatra Karobar Co. Pvt Ltd.,Dipshikha Dhitopatra Karobar Co. Pvt Ltd.,2026-04-17 12:19:18.062226,Terhathum Power Company Limited
2026041705006716,TPC,50,38,240,382.3,91752.0,2026-04-17,186821221,8022,Cristal Kanchanjanga Securites Pvt. Ltd.,Dipshikha Dhitopatra Karobar Co. Pvt Ltd.,2026-04-17 12:19:18.062368,Terhathum Power Company Limited
2026041705006782,TPC,50,57,20,382.3,7646.0,2026-04-17,186821971,8022,Cristal Kanchanjanga Securites Pvt. Ltd.,Aryatara Investment & Securities,2026-04-17 12:20:15.824244,Terhathum Power Company Limited
2026041705006843,TPC,50,48,100,382.3,38230.0,2026-04-17,186822485,8022,Cristal Kanchanjanga Securites Pvt. Ltd.,Trishakti Securities Public Limited,2026-04-17 12:20:53.853028,Terhathum Power Company Limited
2026041705006857,TPC,48,49,36,383.0,13788.0,2026-04-17,186822718,8022,Trishakti Securities Public Limited,Online Securities Pvt. Ltd.,2026-04-17 12:21:13.162329,Terhathum Power Company Limited
2026041705006878,TPC,50,58,140,382.3,53522.0,2026-04-17,186822810,8022,Cristal Kanchanjanga Securites Pvt. Ltd.,Naasa Securities Co. Ltd.,2026-04-17 12:21:21.759423,Terhathum Power Company Limited
2026041705006879,TPC,32,58,40,382.2,15288.0,2026-04-17,186822811,8022,Premier Securities Company Ltd.,Naasa Securities Co. Ltd.,2026-04-17 12:21:21.759560,Terhathum Power Company Limited
2026041705007131,TPC,32,58,60,382.2,22932.0,2026-04-17,186825564,8022,Premier Securities Company Ltd.,Naasa Securities Co. Ltd.,2026-04-17 12:25:05.126640,Terhathum Power Company Limited
2026041705007132,TPC,43,58,40,382.1,15284.0,2026-04-17,186825565,8022,South Asian Bulls Pvt. Ltd.,Naasa Securities Co. Ltd.,2026-04-17 12:25:05.126880,Terhathum Power Company Limited
2026041705007172,TPC,54,38,50,382.3,19115.0,2026-04-17,186825904,8022,Sewa Securities Pvt. Ltd.,Dipshikha Dhitopatra Karobar Co. Pvt Ltd.,2026-04-17 12:25:38.808483,Terhathum Power Company Limited
2026041705007224,TPC,64,38,100,382.3,38230.0,2026-04-17,186826244,8022,SUN SECURITIES PVT LTD,Dipshikha Dhitopatra Karobar Co. Pvt Ltd.,2026-04-17 12:26:08.476322,Terhathum Power Company Limited
2026041705007367,TPC,38,38,20,382.3,7646.0,2026-04-17,186827738,8022,Dipshikha Dhitopatra Karobar Co. Pvt Ltd.,Dipshikha Dhitopatra Karobar Co. Pvt Ltd.,2026-04-17 12:28:16.160106,Terhathum Power Company Limited
2026041705007468,TPC,36,38,30,382.3,11469.0,2026-04-17,186828714,8022,Secured Securities Ltd.,Dipshikha Dhitopatra Karobar Co. Pvt Ltd.,2026-04-17 12:29:37.757657,Terhathum Power Company Limited
2026041705007495,TPC,14,49,200,383.0,76600.0,2026-04-17,186829000,8022,Nepal Stock House (PVT) Ltd.,Online Securities Pvt. Ltd.,2026-04-17 12:29:57.605998,Terhathum Power Company Limited
2026041705007688,TPC,52,49,803,383.0,307549.0,2026-04-17,186830945,8022,Sundhara Securities Limited,Online Securities Pvt. Ltd.,2026-04-17 12:32:13.173147,Terhathum Power Company Limited
2026041705007807,TPC,11,58,500,384.0,192000.0,2026-04-17,186831844,8022,Malla & Malla Stock Broking Company Pvt. Limited,Naasa Securities Co. Ltd.,2026-04-17 12:33:23.317571,Terhathum Power Company Limited
2026041705007915,TPC,58,58,60,384.0,23040.0,2026-04-17,186832920,8022,Naasa Securities Co. Ltd.,Naasa Securities Co. Ltd.,2026-04-17 12:34:48.278372,Terhathum Power Company Limited
2026041705007924,TPC,54,58,190,384.0,72960.0,2026-04-17,186833055,8022,Sewa Securities Pvt. Ltd.,Naasa Securities Co. Ltd.,2026-04-17 12:34:59.590906,Terhathum Power Company Limited
2026041705007925,TPC,54,57,10,384.0,3840.0,2026-04-17,186833058,8022,Sewa Securities Pvt. Ltd.,Aryatara Investment & Securities,2026-04-17 12:34:59.591043,Terhathum Power Company Limited
2026041705008283,TPC,74,26,44,385.0,16940.0,2026-04-17,186836239,8022,KALASH STOCK MARKET PVT. LTD.,Asian Securities Private Ltd.,2026-04-17 12:39:55.563816,Terhathum Power Company Limited
2026041705008304,TPC,74,34,10,385.0,3850.0,2026-04-17,186836357,8022,KALASH STOCK MARKET PVT. LTD.,Vision Securities Pvt. Ltd,2026-04-17 12:40:07.256644,Terhathum Power Company Limited
2026041705008678,TPC,7,4,10,385.5,3855.0,2026-04-17,186840142,8022,J.F. Securites (PVT) Ltd.,Opal Securities Investment (PVT) Ltd.,2026-04-17 12:45:53.781862,Terhathum Power Company Limited
2026041705008747,TPC,10,59,20,385.2,7704.0,2026-04-17,186840753,8022,Pragyan Securities (PVT) Ltd.,Deevyaa Securities & Stock House Pvt. Ltd,2026-04-17 12:46:58.352733,Terhathum Power Company Limited
2026041705008813,TPC,76,72,20,387.0,7740.0,2026-04-17,186841308,8022,Machhapuchchhre Securities Limited,Hatemalo Financial Services Private Limited,2026-04-17 12:47:50.241151,Terhathum Power Company Limited
2026041705008857,TPC,54,72,100,387.0,38700.0,2026-04-17,186841910,8022,Sewa Securities Pvt. Ltd.,Hatemalo Financial Services Private Limited,2026-04-17 12:48:35.317092,Terhathum Power Company Limited
2026041705008866,TPC,74,72,80,387.0,30960.0,2026-04-17,186841997,8022,KALASH STOCK MARKET PVT. LTD.,Hatemalo Financial Services Private Limited,2026-04-17 12:48:42.990401,Terhathum Power Company Limited
2026041705008909,TPC,74,4,250,388.0,97000.0,2026-04-17,186842459,8022,KALASH STOCK MARKET PVT. LTD.,Opal Securities Investment (PVT) Ltd.,2026-04-17 12:49:15.288288,Terhathum Power Company Limited
2026041705008910,TPC,74,14,200,388.0,77600.0,2026-04-17,186842461,8022,KALASH STOCK MARKET PVT. LTD.,Nepal Stock House (PVT) Ltd.,2026-04-17 12:49:15.288583,Terhathum Power Company Limited
2026041705008939,TPC,51,59,10,389.0,3890.0,2026-04-17,186842687,8022,Oxford Securities Pvt. Ltd.,Deevyaa Securities & Stock House Pvt. Ltd,2026-04-17 12:49:31.193537,Terhathum Power Company Limited
2026041705008940,TPC,51,56,490,389.0,190610.0,2026-04-17,186842690,8022,Oxford Securities Pvt. Ltd.,Sri Hari Securities Pvt. Ltd.,2026-04-17 12:49:31.193830,Terhathum Power Company Limited
2026041705008985,TPC,16,56,10,389.0,3890.0,2026-04-17,186843033,8022,Primo Securities (PVT) Ltd.,Sri Hari Securities Pvt. Ltd.,2026-04-17 12:49:58.580388,Terhathum Power Company Limited
2026041705008986,TPC,16,34,190,389.0,73910.0,2026-04-17,186843036,8022,Primo Securities (PVT) Ltd.,Vision Securities Pvt. Ltd,2026-04-17 12:49:58.580562,Terhathum Power Company Limited
2026041705009083,TPC,16,34,65,389.0,25285.0,2026-04-17,186843933,8022,Primo Securities (PVT) Ltd.,Vision Securities Pvt. Ltd,2026-04-17 12:51:07.523266,Terhathum Power Company Limited
2026041705009084,TPC,16,17,10,389.0,3890.0,2026-04-17,186843935,8022,Primo Securities (PVT) Ltd.,ABC Securities Private Limited,2026-04-17 12:51:07.523354,Terhathum Power Company Limited
2026041705009085,TPC,16,58,325,389.0,126425.0,2026-04-17,186843938,8022,Primo Securities (PVT) Ltd.,Naasa Securities Co. Ltd.,2026-04-17 12:51:07.523399,Terhathum Power Company Limited
2026041705009088,TPC,74,57,400,388.0,155200.0,2026-04-17,186843953,8022,KALASH STOCK MARKET PVT. LTD.,Aryatara Investment & Securities,2026-04-17 12:51:09.994697,Terhathum Power Company Limited
2026041705009152,TPC,74,49,150,388.0,58200.0,2026-04-17,186844381,8022,KALASH STOCK MARKET PVT. LTD.,Online Securities Pvt. Ltd.,2026-04-17 12:51:42.312670,Terhathum Power Company Limited
2026041705009236,TPC,58,22,100,388.0,38800.0,2026-04-17,186844971,8022,Naasa Securities Co. Ltd.,Siprabi Securities Pvt. Ltd.,2026-04-17 12:52:27.871669,Terhathum Power Company Limited
2026041705009237,TPC,58,56,100,388.0,38800.0,2026-04-17,186844974,8022,Naasa Securities Co. Ltd.,Sri Hari Securities Pvt. Ltd.,2026-04-17 12:52:27.871764,Terhathum Power Company Limited
2026041705009338,TPC,76,26,300,386.0,115800.0,2026-04-17,186845478,8022,Machhapuchchhre Securities Limited,Asian Securities Private Ltd.,2026-04-17 12:52:55.277322,Terhathum Power Company Limited
2026041705009339,TPC,58,26,40,386.0,15440.0,2026-04-17,186845480,8022,Naasa Securities Co. Ltd.,Asian Securities Private Ltd.,2026-04-17 12:52:55.277472,Terhathum Power Company Limited
2026041705009340,TPC,40,26,300,386.0,115800.0,2026-04-17,186845482,8022,Creative Securities Pvt Ltd,Asian Securities Private Ltd.,2026-04-17 12:52:55.277542,Terhathum Power Company Limited
2026041705009341,TPC,10,26,180,385.2,69336.0,2026-04-17,186845484,8022,Pragyan Securities (PVT) Ltd.,Asian Securities Private Ltd.,2026-04-17 12:52:55.277606,Terhathum Power Company Limited
2026041705009342,TPC,49,26,20,385.0,7700.0,2026-04-17,186845486,8022,Online Securities Pvt. Ltd.,Asian Securities Private Ltd.,2026-04-17 12:52:55.277667,Terhathum Power Company Limited
2026041705009343,TPC,59,26,160,385.0,61600.0,2026-04-17,186845487,8022,Deevyaa Securities & Stock House Pvt. Ltd,Asian Securities Private Ltd.,2026-04-17 12:52:55.277729,Terhathum Power Company Limited
2026041705009439,TPC,58,47,40,385.1,15404.0,2026-04-17,186846395,8022,Naasa Securities Co. Ltd.,Neev Securities Pvt. Ltd.,2026-04-17 12:53:58.279162,Terhathum Power Company Limited
2026041705009932,TPC,58,34,10,385.1,3851.0,2026-04-17,186849811,8022,Naasa Securities Co. Ltd.,Vision Securities Pvt. Ltd,2026-04-17 12:58:07.638002,Terhathum Power Company Limited
2026041705010194,TPC,58,17,30,385.1,11553.0,2026-04-17,186852074,8022,Naasa Securities Co. Ltd.,ABC Securities Private Limited,2026-04-17 13:02:52.221416,Terhathum Power Company Limited
2026041705010195,TPC,59,17,270,383.1,103437.0,2026-04-17,186852076,8022,Deevyaa Securities & Stock House Pvt. Ltd,ABC Securities Private Limited,2026-04-17 13:02:52.221520,Terhathum Power Company Limited
2026041705010196,TPC,45,17,100,383.1,38310.0,2026-04-17,186852078,8022,Imperial Securities Company Pvt. Ltd.,ABC Securities Private Limited,2026-04-17 13:02:52.221597,Terhathum Power Company Limited
2026041705010197,TPC,45,17,50,383.0,19150.0,2026-04-17,186852080,8022,Imperial Securities Company Pvt. Ltd.,ABC Securities Private Limited,2026-04-17 13:02:52.221706,Terhathum Power Company Limited
2026041705010198,TPC,94,17,550,383.0,210650.0,2026-04-17,186852081,8022,K.B.L. Securities Limited ,ABC Securities Private Limited,2026-04-17 13:02:52.221779,Terhathum Power Company Limited
2026041705010732,TPC,48,25,20,383.2,7664.0,2026-04-17,186856903,8022,Trishakti Securities Public Limited,Sweta Securities Private Limited,2026-04-17 13:14:30.369032,Terhathum Power Company Limited
2026041705010939,TPC,41,81,1500,387.3,580950.0,2026-04-17,186859090,8022,Linch Stock Market Ltd.,Aakashbhairab Securities Ltd.,2026-04-17 13:18:37.363025,Terhathum Power Company Limited
2026041705011629,TPC,51,36,20,386.9,7738.0,2026-04-17,186867155,8022,Oxford Securities Pvt. Ltd.,Secured Securities Ltd.,2026-04-17 13:31:43.180301,Terhathum Power Company Limited
2026041705011630,TPC,51,48,480,387.0,185760.0,2026-04-17,186867158,8022,Oxford Securities Pvt. Ltd.,Trishakti Securities Public Limited,2026-04-17 13:31:43.180488,Terhathum Power Company Limited
2026041705011645,TPC,58,48,62,387.0,23994.0,2026-04-17,186867288,8022,Naasa Securities Co. Ltd.,Trishakti Securities Public Limited,2026-04-17 13:31:50.018524,Terhathum Power Company Limited
2026041705011647,TPC,57,48,200,387.0,77400.0,2026-04-17,186867322,8022,Aryatara Investment & Securities,Trishakti Securities Public Limited,2026-04-17 13:31:53.211672,Terhathum Power Company Limited
2026041705011693,TPC,63,48,58,387.0,22446.0,2026-04-17,186867885,8022,Himalayan Brokerage Company Limited,Trishakti Securities Public Limited,2026-04-17 13:32:21.601762,Terhathum Power Company Limited
2026041705011694,TPC,63,32,292,387.0,113004.0,2026-04-17,186867888,8022,Himalayan Brokerage Company Limited,Premier Securities Company Ltd.,2026-04-17 13:32:21.602095,Terhathum Power Company Limited
2026041705011780,TPC,94,32,708,387.0,273996.0,2026-04-17,186868425,8022,K.B.L. Securities Limited ,Premier Securities Company Ltd.,2026-04-17 13:32:55.516669,Terhathum Power Company Limited
2026041705011781,TPC,94,5,1010,387.1,390971.0,2026-04-17,186868427,8022,K.B.L. Securities Limited ,Market Securities & Exchange (PVT) Ltd.,2026-04-17 13:32:55.516967,Terhathum Power Company Limited
2026041705011782,TPC,94,81,1087,387.3,420995.1,2026-04-17,186868429,8022,K.B.L. Securities Limited ,Aakashbhairab Securities Ltd.,2026-04-17 13:32:55.517172,Terhathum Power Company Limited
2026041705011783,TPC,94,32,900,387.5,348750.0,2026-04-17,186868431,8022,K.B.L. Securities Limited ,Premier Securities Company Ltd.,2026-04-17 13:32:55.517405,Terhathum Power Company Limited
2026041705011784,TPC,94,56,400,388.0,155200.0,2026-04-17,186868433,8022,K.B.L. Securities Limited ,Sri Hari Securities Pvt. Ltd.,2026-04-17 13:32:55.517609,Terhathum Power Company Limited
2026041705011785,TPC,94,38,300,388.0,116400.0,2026-04-17,186868435,8022,K.B.L. Securities Limited ,Dipshikha Dhitopatra Karobar Co. Pvt Ltd.,2026-04-17 13:32:55.517803,Terhathum Power Company Limited
2026041705012634,TPC,78,26,50,388.3,19415.0,2026-04-17,186875449,8022,Garima Securities Limited,Asian Securities Private Ltd.,2026-04-17 13:42:29.869358,Terhathum Power Company Limited
2026041705012699,TPC,52,36,500,388.2,194100.0,2026-04-17,186876393,8022,Sundhara Securities Limited,Secured Securities Ltd.,2026-04-17 13:43:47.244821,Terhathum Power Company Limited
2026041705012706,TPC,52,26,1000,388.2,388200.0,2026-04-17,186876411,8022,Sundhara Securities Limited,Asian Securities Private Ltd.,2026-04-17 13:43:48.099524,Terhathum Power Company Limited
2026041705012760,TPC,52,40,500,388.2,194100.0,2026-04-17,186876817,8022,Sundhara Securities Limited,Creative Securities Pvt Ltd,2026-04-17 13:44:20.895204,Terhathum Power Company Limited
2026041705012799,TPC,38,17,100,388.1,38810.0,2026-04-17,186877293,8022,Dipshikha Dhitopatra Karobar Co. Pvt Ltd.,ABC Securities Private Limited,2026-04-17 13:44:55.658504,Terhathum Power Company Limited
2026041705012915,TPC,94,64,45,388.0,17460.0,2026-04-17,186877834,8022,K.B.L. Securities Limited ,SUN SECURITIES PVT LTD,2026-04-17 13:45:33.889772,Terhathum Power Company Limited
2026041705012916,TPC,50,64,955,388.0,370540.0,2026-04-17,186877835,8022,Cristal Kanchanjanga Securites Pvt. Ltd.,SUN SECURITIES PVT LTD,2026-04-17 13:45:33.890085,Terhathum Power Company Limited
2026041705012917,TPC,50,17,45,388.0,17460.0,2026-04-17,186877840,8022,Cristal Kanchanjanga Securites Pvt. Ltd.,ABC Securities Private Limited,2026-04-17 13:45:34.068257,Terhathum Power Company Limited
2026041705012918,TPC,16,17,65,388.0,25220.0,2026-04-17,186877842,8022,Primo Securities (PVT) Ltd.,ABC Securities Private Limited,2026-04-17 13:45:34.068498,Terhathum Power Company Limited
2026041705012920,TPC,16,6,10,388.0,3880.0,2026-04-17,186877869,8022,Primo Securities (PVT) Ltd.,Agrawal Securities (PVT) Ltd.,2026-04-17 13:45:35.158266,Terhathum Power Company Limited
2026041705012935,TPC,16,95,50,388.0,19400.0,2026-04-17,186878029,8022,Primo Securities (PVT) Ltd.,Magnet Securities and Investment Company Private Limited,2026-04-17 13:45:51.605218,Terhathum Power Company Limited
2026041705012970,TPC,16,25,75,388.0,29100.0,2026-04-17,186878426,8022,Primo Securities (PVT) Ltd.,Sweta Securities Private Limited,2026-04-17 13:46:39.214167,Terhathum Power Company Limited
2026041705013122,TPC,22,61,88,386.0,33968.0,2026-04-17,186879886,8022,Siprabi Securities Pvt. Ltd.,BHOLE GANESH SECURITIES LTD,2026-04-17 13:49:44.714615,Terhathum Power Company Limited
2026041705013123,TPC,48,61,390,385.1,150189.0,2026-04-17,186879888,8022,Trishakti Securities Public Limited,BHOLE GANESH SECURITIES LTD,2026-04-17 13:49:44.714791,Terhathum Power Company Limited
2026041705013124,TPC,4,61,100,385.0,38500.0,2026-04-17,186879890,8022,Opal Securities Investment (PVT) Ltd.,BHOLE GANESH SECURITIES LTD,2026-04-17 13:49:44.714870,Terhathum Power Company Limited
2026041705013125,TPC,57,61,200,385.0,77000.0,2026-04-17,186879892,8022,Aryatara Investment & Securities,BHOLE GANESH SECURITIES LTD,2026-04-17 13:49:44.714948,Terhathum Power Company Limited
2026041705013126,TPC,58,61,81,385.0,31185.0,2026-04-17,186879894,8022,Naasa Securities Co. Ltd.,BHOLE GANESH SECURITIES LTD,2026-04-17 13:49:44.715020,Terhathum Power Company Limited
2026041705013127,TPC,42,61,15,384.1,5761.5,2026-04-17,186879896,8022,Sani Securities Company Ltd.,BHOLE GANESH SECURITIES LTD,2026-04-17 13:49:44.715097,Terhathum Power Company Limited
2026041705013128,TPC,38,61,200,384.1,76820.0,2026-04-17,186879898,8022,Dipshikha Dhitopatra Karobar Co. Pvt Ltd.,BHOLE GANESH SECURITIES LTD,2026-04-17 13:49:44.715174,Terhathum Power Company Limited
2026041705013129,TPC,38,61,500,384.0,192000.0,2026-04-17,186879900,8022,Dipshikha Dhitopatra Karobar Co. Pvt Ltd.,BHOLE GANESH SECURITIES LTD,2026-04-17 13:49:44.715252,Terhathum Power Company Limited
2026041705013130,TPC,54,61,185,384.0,71040.0,2026-04-17,186879902,8022,Sewa Securities Pvt. Ltd.,BHOLE GANESH SECURITIES LTD,2026-04-17 13:49:44.715333,Terhathum Power Company Limited
2026041705013279,TPC,45,61,200,384.0,76800.0,2026-04-17,186881328,8022,Imperial Securities Company Pvt. Ltd.,BHOLE GANESH SECURITIES LTD,2026-04-17 13:53:01.030783,Terhathum Power Company Limited
2026041705013526,TPC,58,61,41,384.0,15744.0,2026-04-17,186883876,8022,Naasa Securities Co. Ltd.,BHOLE GANESH SECURITIES LTD,2026-04-17 13:59:05.924737,Terhathum Power Company Limited
2026041705013527,TPC,17,43,50,383.5,19175.0,2026-04-17,186883901,8022,ABC Securities Private Limited,South Asian Bulls Pvt. Ltd.,2026-04-17 13:59:10.529004,Terhathum Power Company Limited
2026041705013859,TPC,76,35,20,386.0,7720.0,2026-04-17,186890255,8022,Machhapuchchhre Securities Limited,Kohinoor Investment & Securities Pvt. Ltd.,2026-04-17 14:05:26.861648,Terhathum Power Company Limited
2026041705013860,TPC,76,42,10,388.0,3880.0,2026-04-17,186890258,8022,Machhapuchchhre Securities Limited,Sani Securities Company Ltd.,2026-04-17 14:05:26.861778,Terhathum Power Company Limited
2026041705014128,TPC,51,19,20,384.3,7686.0,2026-04-17,186894264,8022,Oxford Securities Pvt. Ltd.,Nepal Investment And Securities Trading Private Limited,2026-04-17 14:09:45.700205,Terhathum Power Company Limited
2026041705014129,TPC,51,19,17,384.2,6531.4,2026-04-17,186894266,8022,Oxford Securities Pvt. Ltd.,Nepal Investment And Securities Trading Private Limited,2026-04-17 14:09:45.700455,Terhathum Power Company Limited
2026041705014130,TPC,51,19,10,384.2,3842.0,2026-04-17,186894268,8022,Oxford Securities Pvt. Ltd.,Nepal Investment And Securities Trading Private Limited,2026-04-17 14:09:45.700550,Terhathum Power Company Limited
2026041705014131,TPC,51,19,10,384.1,3841.0,2026-04-17,186894270,8022,Oxford Securities Pvt. Ltd.,Nepal Investment And Securities Trading Private Limited,2026-04-17 14:09:45.700620,Terhathum Power Company Limited
2026041705014132,TPC,51,19,15,384.0,5760.0,2026-04-17,186894272,8022,Oxford Securities Pvt. Ltd.,Nepal Investment And Securities Trading Private Limited,2026-04-17 14:09:45.700690,Terhathum Power Company Limited
2026041705014133,TPC,60,19,178,384.0,68352.0,2026-04-17,186894273,8022,Nagarik Stock Dealer ,Nepal Investment And Securities Trading Private Limited,2026-04-17 14:09:45.700758,Terhathum Power Company Limited
2026041705014264,TPC,35,54,20,387.0,7740.0,2026-04-17,186895361,8022,Kohinoor Investment & Securities Pvt. Ltd.,Sewa Securities Pvt. Ltd.,2026-04-17 14:11:01.000868,Terhathum Power Company Limited
2026041705014265,TPC,35,74,10,388.0,3880.0,2026-04-17,186895364,8022,Kohinoor Investment & Securities Pvt. Ltd.,KALASH STOCK MARKET PVT. LTD.,2026-04-17 14:11:01.001087,Terhathum Power Company Limited
2026041705014385,TPC,14,74,100,388.0,38800.0,2026-04-17,186896424,8022,Nepal Stock House (PVT) Ltd.,KALASH STOCK MARKET PVT. LTD.,2026-04-17 14:12:37.095992,Terhathum Power Company Limited
2026041705014764,TPC,81,49,100,386.0,38600.0,2026-04-17,186899527,8022,Aakashbhairab Securities Ltd.,Online Securities Pvt. Ltd.,2026-04-17 14:17:17.474850,Terhathum Power Company Limited
2026041705014819,TPC,42,60,10,385.5,3855.0,2026-04-17,186899982,8022,Sani Securities Company Ltd.,Nagarik Stock Dealer ,2026-04-17 14:17:51.156329,Terhathum Power Company Limited
2026041705014820,TPC,22,60,300,385.1,115530.0,2026-04-17,186899984,8022,Siprabi Securities Pvt. Ltd.,Nagarik Stock Dealer ,2026-04-17 14:17:51.156518,Terhathum Power Company Limited
2026041705014821,TPC,25,60,40,384.4,15376.0,2026-04-17,186899986,8022,Sweta Securities Private Limited,Nagarik Stock Dealer ,2026-04-17 14:17:51.156593,Terhathum Power Company Limited
2026041705014822,TPC,34,60,128,384.3,49190.4,2026-04-17,186899987,8022,Vision Securities Pvt. Ltd,Nagarik Stock Dealer ,2026-04-17 14:17:51.156666,Terhathum Power Company Limited
2026041705014899,TPC,57,35,20,385.0,7700.0,2026-04-17,186900776,8022,Aryatara Investment & Securities,Kohinoor Investment & Securities Pvt. Ltd.,2026-04-17 14:18:51.617602,Terhathum Power Company Limited
2026041705014900,TPC,25,35,130,384.4,49972.0,2026-04-17,186900777,8022,Sweta Securities Private Limited,Kohinoor Investment & Securities Pvt. Ltd.,2026-04-17 14:18:51.617970,Terhathum Power Company Limited
2026041705014915,TPC,25,63,170,384.4,65348.0,2026-04-17,186900878,8022,Sweta Securities Private Limited,Himalayan Brokerage Company Limited,2026-04-17 14:19:03.093595,Terhathum Power Company Limited
2026041705014956,TPC,34,63,330,384.3,126819.0,2026-04-17,186901343,8022,Vision Securities Pvt. Ltd,Himalayan Brokerage Company Limited,2026-04-17 14:19:37.055811,Terhathum Power Company Limited
2026041705015032,TPC,56,74,58,384.4,22295.2,2026-04-17,186901964,8022,Sri Hari Securities Pvt. Ltd.,KALASH STOCK MARKET PVT. LTD.,2026-04-17 14:20:27.284003,Terhathum Power Company Limited
2026041705015033,TPC,34,74,42,384.3,16140.6,2026-04-17,186901966,8022,Vision Securities Pvt. Ltd,KALASH STOCK MARKET PVT. LTD.,2026-04-17 14:20:27.284193,Terhathum Power Company Limited
2026041705015064,TPC,46,74,790,384.2,303518.0,2026-04-17,186902147,8022,Kalika Securities Pvt. Ltd.,KALASH STOCK MARKET PVT. LTD.,2026-04-17 14:20:39.675143,Terhathum Power Company Limited
2026041705015534,TPC,45,34,300,387.8,116340.0,2026-04-17,186905974,8022,Imperial Securities Company Pvt. Ltd.,Vision Securities Pvt. Ltd,2026-04-17 14:25:24.317515,Terhathum Power Company Limited
2026041705015587,TPC,51,32,500,388.0,194000.0,2026-04-17,186906618,8022,Oxford Securities Pvt. Ltd.,Premier Securities Company Ltd.,2026-04-17 14:26:19.918339,Terhathum Power Company Limited
2026041705015604,TPC,51,32,200,388.0,77600.0,2026-04-17,186906902,8022,Oxford Securities Pvt. Ltd.,Premier Securities Company Ltd.,2026-04-17 14:26:39.913101,Terhathum Power Company Limited
2026041705015680,TPC,51,32,300,388.0,116400.0,2026-04-17,186907422,8022,Oxford Securities Pvt. Ltd.,Premier Securities Company Ltd.,2026-04-17 14:27:40.835888,Terhathum Power Company Limited
2026041705015774,TPC,22,34,20,386.0,7720.0,2026-04-17,186908011,8022,Siprabi Securities Pvt. Ltd.,Vision Securities Pvt. Ltd,2026-04-17 14:28:23.119271,Terhathum Power Company Limited
2026041705015909,TPC,51,32,350,388.0,135800.0,2026-04-17,186909534,8022,Oxford Securities Pvt. Ltd.,Premier Securities Company Ltd.,2026-04-17 14:30:33.084179,Terhathum Power Company Limited
2026041705016050,TPC,22,63,550,386.0,212300.0,2026-04-17,186910890,8022,Siprabi Securities Pvt. Ltd.,Himalayan Brokerage Company Limited,2026-04-17 14:32:12.029359,Terhathum Power Company Limited
2026041705016546,TPC,51,63,150,386.0,57900.0,2026-04-17,186915742,8022,Oxford Securities Pvt. Ltd.,Himalayan Brokerage Company Limited,2026-04-17 14:38:31.928438,Terhathum Power Company Limited
2026041705016569,TPC,7,63,100,386.0,38600.0,2026-04-17,186915847,8022,J.F. Securites (PVT) Ltd.,Himalayan Brokerage Company Limited,2026-04-17 14:38:40.650856,Terhathum Power Company Limited
2026041705016570,TPC,7,21,10,386.0,3860.0,2026-04-17,186915849,8022,J.F. Securites (PVT) Ltd.,Midas Stock Broking Company Private Limited,2026-04-17 14:38:40.651199,Terhathum Power Company Limited
2026041705016571,TPC,7,58,890,386.0,343540.0,2026-04-17,186915852,8022,J.F. Securites (PVT) Ltd.,Naasa Securities Co. Ltd.,2026-04-17 14:38:40.651465,Terhathum Power Company Limited
2026041705016573,TPC,51,1,20,385.1,7702.0,2026-04-17,186915887,8022,Oxford Securities Pvt. Ltd.,Kumari Securities Private Limited,2026-04-17 14:38:43.941749,Terhathum Power Company Limited
2026041705016580,TPC,51,58,110,386.0,42460.0,2026-04-17,186915977,8022,Oxford Securities Pvt. Ltd.,Naasa Securities Co. Ltd.,2026-04-17 14:38:51.256431,Terhathum Power Company Limited
2026041705016595,TPC,58,42,100,387.6,38760.0,2026-04-17,186916164,8022,Naasa Securities Co. Ltd.,Sani Securities Company Ltd.,2026-04-17 14:39:05.367144,Terhathum Power Company Limited
2026041705016731,TPC,51,42,47,387.6,18217.2,2026-04-17,186917632,8022,Oxford Securities Pvt. Ltd.,Sani Securities Company Ltd.,2026-04-17 14:41:09.400483,Terhathum Power Company Limited
2026041705016848,TPC,41,35,50,387.0,19350.0,2026-04-17,186918991,8022,Linch Stock Market Ltd.,Kohinoor Investment & Securities Pvt. Ltd.,2026-04-17 14:42:38.872608,Terhathum Power Company Limited
2026041705016863,TPC,41,42,43,387.0,16641.0,2026-04-17,186919149,8022,Linch Stock Market Ltd.,Sani Securities Company Ltd.,2026-04-17 14:42:49.444722,Terhathum Power Company Limited
2026041705017152,TPC,51,58,40,386.0,15440.0,2026-04-17,186922198,8022,Oxford Securities Pvt. Ltd.,Naasa Securities Co. Ltd.,2026-04-17 14:46:15.462368,Terhathum Power Company Limited
2026041705017267,TPC,51,43,20,385.1,7702.0,2026-04-17,186923391,8022,Oxford Securities Pvt. Ltd.,South Asian Bulls Pvt. Ltd.,2026-04-17 14:47:19.051522,Terhathum Power Company Limited
2026041705017346,TPC,38,58,140,385.3,53942.0,2026-04-17,186924231,8022,Dipshikha Dhitopatra Karobar Co. Pvt Ltd.,Naasa Securities Co. Ltd.,2026-04-17 14:48:09.950413,Terhathum Power Company Limited
2026041705017383,TPC,38,19,360,385.3,138708.0,2026-04-17,186924386,8022,Dipshikha Dhitopatra Karobar Co. Pvt Ltd.,Nepal Investment And Securities Trading Private Limited,2026-04-17 14:48:19.243121,Terhathum Power Company Limited
2026041705017395,TPC,51,19,460,385.3,177238.0,2026-04-17,186924458,8022,Oxford Securities Pvt. Ltd.,Nepal Investment And Securities Trading Private Limited,2026-04-17 14:48:23.757181,Terhathum Power Company Limited
2026041705017406,TPC,7,19,80,385.3,30824.0,2026-04-17,186925165,8022,J.F. Securites (PVT) Ltd.,Nepal Investment And Securities Trading Private Limited,2026-04-17 14:48:35.790840,Terhathum Power Company Limited
2026041705017421,TPC,51,6,10,387.8,3878.0,2026-04-17,186925343,8022,Oxford Securities Pvt. Ltd.,Agrawal Securities (PVT) Ltd.,2026-04-17 14:48:44.992141,Terhathum Power Company Limited
2026041705017422,TPC,51,38,100,387.9,38790.0,2026-04-17,186925345,8022,Oxford Securities Pvt. Ltd.,Dipshikha Dhitopatra Karobar Co. Pvt Ltd.,2026-04-17 14:48:44.992539,Terhathum Power Company Limited
2026041705017423,TPC,51,32,90,388.0,34920.0,2026-04-17,186925348,8022,Oxford Securities Pvt. Ltd.,Premier Securities Company Ltd.,2026-04-17 14:48:44.992774,Terhathum Power Company Limited
2026041705017454,TPC,3,32,1560,388.0,605280.0,2026-04-17,186925753,8022,Arun Securities (PVT) Ltd.,Premier Securities Company Ltd.,2026-04-17 14:49:05.193333,Terhathum Power Company Limited
2026041705017455,TPC,3,32,2240,388.0,869120.0,2026-04-17,186925756,8022,Arun Securities (PVT) Ltd.,Premier Securities Company Ltd.,2026-04-17 14:49:05.193689,Terhathum Power Company Limited
2026041705017479,TPC,51,32,500,388.0,194000.0,2026-04-17,186926198,8022,Oxford Securities Pvt. Ltd.,Premier Securities Company Ltd.,2026-04-17 14:49:26.215024,Terhathum Power Company Limited
2026041705018093,TPC,7,89,164,385.5,63222.0,2026-04-17,186932291,8022,J.F. Securites (PVT) Ltd.,Global IME Securities Limited,2026-04-17 14:53:39.034365,Terhathum Power Company Limited
2026041705018342,TPC,42,14,50,386.9,19345.0,2026-04-17,186934164,8022,Sani Securities Company Ltd.,Nepal Stock House (PVT) Ltd.,2026-04-17 14:55:03.683355,Terhathum Power Company Limited
2026041705018545,TPC,17,42,200,386.5,77300.0,2026-04-17,186936107,8022,ABC Securities Private Limited,Sani Securities Company Ltd.,2026-04-17 14:56:21.697195,Terhathum Power Company Limited
2026041705018546,TPC,17,14,150,386.9,58035.0,2026-04-17,186936109,8022,ABC Securities Private Limited,Nepal Stock House (PVT) Ltd.,2026-04-17 14:56:21.697419,Terhathum Power Company Limited
2026041705018547,TPC,17,66,100,386.9,38690.0,2026-04-17,186936111,8022,ABC Securities Private Limited,Miyo Securities Pvt Ltd,2026-04-17 14:56:21.697509,Terhathum Power Company Limited
2026041705018548,TPC,17,33,50,387.0,19350.0,2026-04-17,186936114,8022,ABC Securities Private Limited,Dakshinkali Investment & Securities Pvt. Ltd.,2026-04-17 14:56:21.697591,Terhathum Power Company Limited
2026041705018593,TPC,49,33,145,387.0,56115.0,2026-04-17,186936724,8022,Online Securities Pvt. Ltd.,Dakshinkali Investment & Securities Pvt. Ltd.,2026-04-17 14:56:39.244734,Terhathum Power Company Limited
2026041705018662,TPC,62,33,800,387.0,309600.0,2026-04-17,186937488,8022,Capital Max Securities Ltd,Dakshinkali Investment & Securities Pvt. Ltd.,2026-04-17 14:57:02.555405,Terhathum Power Company Limited
2026041705018946,TPC,87,58,150,387.0,58050.0,2026-04-17,186940147,8022,S.P.S.A. Securities Limited,Naasa Securities Co. Ltd.,2026-04-17 14:58:10.905695,Terhathum Power Company Limited
2026041705019047,TPC,17,21,300,387.0,116100.0,2026-04-17,186941174,8022,ABC Securities Private Limited,Midas Stock Broking Company Private Limited,2026-04-17 14:58:37.100664,Terhathum Power Company Limited
2026041705019240,TPC,56,21,30,386.1,11583.0,2026-04-17,186943337,8022,Sri Hari Securities Pvt. Ltd.,Midas Stock Broking Company Private Limited,2026-04-17 14:59:15.454673,Terhathum Power Company Limited
2026041705019241,TPC,58,21,50,386.0,19300.0,2026-04-17,186943339,8022,Naasa Securities Co. Ltd.,Midas Stock Broking Company Private Limited,2026-04-17 14:59:15.454868,Terhathum Power Company Limited
2026041705019399,TPC,60,32,250,385.9,96475.0,2026-04-17,186944665,8022,Nagarik Stock Dealer ,Premier Securities Company Ltd.,2026-04-17 14:59:34.799954,Terhathum Power Company Limited
2026041705019400,TPC,60,21,620,386.0,239320.0,2026-04-17,186944667,8022,Nagarik Stock Dealer ,Midas Stock Broking Company Private Limited,2026-04-17 14:59:34.800147,Terhathum Power Company Limited
2026041705019609,TPC,3,32,40,387.0,15480.0,2026-04-17,186946248,8022,Arun Securities (PVT) Ltd.,Premier Securities Company Ltd.,2026-04-17 14:59:51.172751,Terhathum Power Company Limited
2026041705019662,TPC,52,32,100,387.0,38700.0,2026-04-17,186947197,8022,Sundhara Securities Limited,Premier Securities Company Ltd.,2026-04-17 14:59:57.507482,Terhathum Power Company Limited
2026041705019687,TPC,60,14,10,386.0,3860.0,2026-04-17,186947637,8022,Nagarik Stock Dealer ,Nepal Stock House (PVT) Ltd.,2026-04-17 14:59:58.388899,Terhathum Power Company Limited
