Date,S.N.,Contract ID,Symbol,Buyer Broker,Seller Broker,quantity,rate,amount,transaction_time
2025-08-26,44597,2025082603000162,ALICL,Sani Securities Company Ltd.,Malla & Malla Stock Broking Company Pvt. Limited,108,495.0,53460.0,2025-08-26 11:06:11.708251
2025-08-26,44487,2025082603000184,ALICL,Creative Securities Pvt Ltd,Sumeru Securities Pvt. Ltd.,83,494.0,41002.0,2025-08-26 11:07:11.900625
2025-08-26,43257,2025082603000465,ALICL,Aryatara Investment & Securities,Nepal Stock House (PVT) Ltd.,24,490.0,11760.0,2025-08-26 11:17:07.415417
2025-08-26,43041,2025082603000520,ALICL,Aryatara Investment & Securities,Dynamic Money Managers Securities Pvt. Ltd.,20,490.0,9800.0,2025-08-26 11:18:36.557107
2025-08-26,40278,2025082603001038,ALICL,Opal Securities Investment (PVT) Ltd.,Capital Max Securities Ltd,150,488.5,73275.0,2025-08-26 11:37:48.573094
2025-08-26,40277,2025082603001039,ALICL,Sani Securities Company Ltd.,Capital Max Securities Ltd,170,488.0,82960.0,2025-08-26 11:37:48.573177
2025-08-26,40276,2025082603001040,ALICL,Dynamic Money Managers Securities Pvt. Ltd.,Capital Max Securities Ltd,500,486.2,243100.0,2025-08-26 11:37:48.573206
2025-08-26,40275,2025082603001041,ALICL,Online Securities Pvt. Ltd.,Capital Max Securities Ltd,50,486.1,24305.0,2025-08-26 11:37:48.573231
2025-08-26,40274,2025082603001042,ALICL,Online Securities Pvt. Ltd.,Capital Max Securities Ltd,100,486.0,48600.0,2025-08-26 11:37:48.573253
2025-08-26,40273,2025082603001043,ALICL,Vision Securities Pvt. Ltd,Capital Max Securities Ltd,30,484.4,14532.0,2025-08-26 11:37:48.573274
2025-08-26,37683,2025082603001466,ALICL,Online Securities Pvt. Ltd.,Imperial Securities Company Pvt. Ltd.,45,486.0,21870.0,2025-08-26 11:55:33.343287
2025-08-26,37682,2025082603001467,ALICL,Aryatara Investment & Securities,Imperial Securities Company Pvt. Ltd.,155,485.6,75268.0,2025-08-26 11:55:33.343392
2025-08-26,34983,2025082603002010,ALICL,Midas Stock Broking Company Private Limited,Dynamic Money Managers Securities Pvt. Ltd.,100,486.2,48620.0,2025-08-26 12:13:57.348135
2025-08-26,34982,2025082603002011,ALICL,Online Securities Pvt. Ltd.,Dynamic Money Managers Securities Pvt. Ltd.,90,486.1,43749.0,2025-08-26 12:13:57.348272
2025-08-26,34981,2025082603002012,ALICL,Asian Securities Private Ltd.,Dynamic Money Managers Securities Pvt. Ltd.,220,486.0,106920.0,2025-08-26 12:13:57.348367
2025-08-26,31053,2025082603002679,ALICL,Market Securities & Exchange (PVT) Ltd.,Online Securities Pvt. Ltd.,100,487.0,48700.0,2025-08-26 12:37:26.945476
2025-08-26,30178,2025082603002836,ALICL,Naasa Securities Co. Ltd.,Dynamic Money Managers Securities Pvt. Ltd.,100,489.8,48980.0,2025-08-26 12:42:27.820711
2025-08-26,29023,2025082603003011,ALICL,Nepal Stock House (PVT) Ltd.,Nagarik Stock Dealer ,10,490.0,4900.0,2025-08-26 12:49:55.921346
2025-08-26,28981,2025082603003027,ALICL,Nepal Stock House (PVT) Ltd.,Online Securities Pvt. Ltd.,4,486.0,1944.0,2025-08-26 12:50:09.233301
2025-08-26,27436,2025082603003352,ALICL,Trisul Securities & Invt. Ltd.,Nagarik Stock Dealer ,45,490.0,22050.0,2025-08-26 12:59:16.795251
2025-08-26,27435,2025082603003353,ALICL,Trisul Securities & Invt. Ltd.,Imperial Securities Company Pvt. Ltd.,40,490.0,19600.0,2025-08-26 12:59:16.795535
2025-08-26,27230,2025082603003390,ALICL,Trisul Securities & Invt. Ltd.,Thrive Brokerage House Pvt. Ltd,80,490.1,39208.0,2025-08-26 13:00:28.053011
2025-08-26,27229,2025082603003391,ALICL,Trisul Securities & Invt. Ltd.,Dynamic Money Managers Securities Pvt. Ltd.,35,490.9,17181.5,2025-08-26 13:00:28.053210
2025-08-26,27135,2025082603003417,ALICL,Nepal Stock House (PVT) Ltd.,Neev Securities Pvt. Ltd.,10,487.1,4871.0,2025-08-26 13:01:15.007079
2025-08-26,27134,2025082603003418,ALICL,Sagarmatha Securities Private Limited,Neev Securities Pvt. Ltd.,123,487.1,59913.3,2025-08-26 13:01:15.007367
2025-08-26,25680,2025082603003708,ALICL,Thrive Brokerage House Pvt. Ltd,Kalika Securities Pvt. Ltd.,10,490.8,4908.0,2025-08-26 13:09:42.987552
2025-08-26,24703,2025082603003895,ALICL,Imperial Securities Company Pvt. Ltd.,Dynamic Money Managers Securities Pvt. Ltd.,1000,488.0,488000.0,2025-08-26 13:17:01.278774
2025-08-26,21689,2025082603004525,ALICL,Online Securities Pvt. Ltd.,Nagarik Stock Dealer ,200,490.0,98000.0,2025-08-26 13:38:01.139979
2025-08-26,21306,2025082603004622,ALICL,J.F. Securites (PVT) Ltd.,Sagarmatha Securities Private Limited,500,489.0,244500.0,2025-08-26 13:40:31.790552
2025-08-26,20140,2025082603004872,ALICL,Vision Securities Pvt. Ltd,Linch Stock Market Ltd.,40,488.0,19520.0,2025-08-26 13:48:54.450889
2025-08-26,20139,2025082603004873,ALICL,Capital Hub P. Ltd,Linch Stock Market Ltd.,44,488.0,21472.0,2025-08-26 13:48:54.451060
2025-08-26,20138,2025082603004874,ALICL,Siprabi Securities Pvt. Ltd.,Linch Stock Market Ltd.,16,488.0,7808.0,2025-08-26 13:48:54.451158
2025-08-26,19405,2025082603005014,ALICL,Naasa Securities Co. Ltd.,Sri Hari Securities Pvt. Ltd.,100,490.0,49000.0,2025-08-26 13:53:47.148477
2025-08-26,19158,2025082603005071,ALICL,Nepal Stock House (PVT) Ltd.,Sri Hari Securities Pvt. Ltd.,50,490.0,24500.0,2025-08-26 13:55:20.453428
2025-08-26,19157,2025082603005072,ALICL,Nepal Stock House (PVT) Ltd.,Dynamic Money Managers Securities Pvt. Ltd.,165,490.9,80998.5,2025-08-26 13:55:20.453725
2025-08-26,19156,2025082603005073,ALICL,Nepal Stock House (PVT) Ltd.,Imperial Securities Company Pvt. Ltd.,300,491.0,147300.0,2025-08-26 13:55:20.453907
2025-08-26,19155,2025082603005074,ALICL,Nepal Stock House (PVT) Ltd.,Sagarmatha Securities Private Limited,985,492.0,484620.0,2025-08-26 13:55:20.454102
2025-08-26,16105,2025082603005715,ALICL,Siprabi Securities Pvt. Ltd.,Neev Securities Pvt. Ltd.,84,488.0,40992.0,2025-08-26 14:11:33.907585
2025-08-26,16104,2025082603005716,ALICL,Imperial Securities Company Pvt. Ltd.,Neev Securities Pvt. Ltd.,100,487.6,48760.0,2025-08-26 14:11:33.907915
2025-08-26,16103,2025082603005717,ALICL,Secured Securities Ltd.,Neev Securities Pvt. Ltd.,16,487.5,7800.0,2025-08-26 14:11:33.908129
2025-08-26,15328,2025082603005854,ALICL,Cristal Kanchanjanga Securites Pvt. Ltd.,Nagarik Stock Dealer ,380,488.0,185440.0,2025-08-26 14:15:09.477803
2025-08-26,13886,2025082603006148,ALICL,Investment Management Nepal Pvt. Ltd.,Linch Stock Market Ltd.,25,491.0,12275.0,2025-08-26 14:21:51.056989
2025-08-26,13885,2025082603006149,ALICL,Investment Management Nepal Pvt. Ltd.,Vision Securities Pvt. Ltd,200,491.5,98300.0,2025-08-26 14:21:51.057142
2025-08-26,13782,2025082603006157,ALICL,Investment Management Nepal Pvt. Ltd.,Dynamic Money Managers Securities Pvt. Ltd.,175,491.5,86012.5,2025-08-26 14:22:09.818464
2025-08-26,13649,2025082603006176,ALICL,Imperial Securities Company Pvt. Ltd.,Imperial Securities Company Pvt. Ltd.,10,492.0,4920.0,2025-08-26 14:22:56.262756
2025-08-26,13532,2025082603006197,ALICL,Primo Securities (PVT) Ltd.,Imperial Securities Company Pvt. Ltd.,40,492.0,19680.0,2025-08-26 14:23:34.982805
2025-08-26,13531,2025082603006198,ALICL,Primo Securities (PVT) Ltd.,Trisul Securities & Invt. Ltd.,90,492.0,44280.0,2025-08-26 14:23:34.982854
2025-08-26,12200,2025082603006425,ALICL,Sri Hari Securities Pvt. Ltd.,Premier Securities Company Ltd.,10,488.1,4881.0,2025-08-26 14:30:57.149489
2025-08-26,11102,2025082603006639,ALICL,Vision Securities Pvt. Ltd,Sagarmatha Securities Private Limited,61,489.1,29835.1,2025-08-26 14:35:07.854133
2025-08-26,11101,2025082603006640,ALICL,Neev Securities Pvt. Ltd.,Sagarmatha Securities Private Limited,100,489.0,48900.0,2025-08-26 14:35:07.854284
2025-08-26,11100,2025082603006641,ALICL,Sri Hari Securities Pvt. Ltd.,Sagarmatha Securities Private Limited,10,488.1,4881.0,2025-08-26 14:35:07.854354
2025-08-26,11099,2025082603006642,ALICL,Sajilo Broker Limited,Sagarmatha Securities Private Limited,200,488.1,97620.0,2025-08-26 14:35:07.854431
2025-08-26,11098,2025082603006643,ALICL,Cristal Kanchanjanga Securites Pvt. Ltd.,Sagarmatha Securities Private Limited,144,488.0,70272.0,2025-08-26 14:35:07.854493
2025-08-26,11081,2025082603006650,ALICL,Cristal Kanchanjanga Securites Pvt. Ltd.,Sagarmatha Securities Private Limited,1000,488.0,488000.0,2025-08-26 14:35:16.905221
2025-08-26,10843,2025082603006692,ALICL,Sri Hari Securities Pvt. Ltd.,Sagarmatha Securities Private Limited,20,488.1,9762.0,2025-08-26 14:36:16.128945
2025-08-26,10842,2025082603006693,ALICL,Cristal Kanchanjanga Securites Pvt. Ltd.,Sagarmatha Securities Private Limited,172,488.0,83936.0,2025-08-26 14:36:16.129118
2025-08-26,10841,2025082603006694,ALICL,Online Securities Pvt. Ltd.,Sagarmatha Securities Private Limited,42,488.0,20496.0,2025-08-26 14:36:16.129183
2025-08-26,10840,2025082603006695,ALICL,ABC Securities Private Limited,Sagarmatha Securities Private Limited,100,488.0,48800.0,2025-08-26 14:36:16.129244
2025-08-26,9736,2025082603006876,ALICL,Online Securities Pvt. Ltd.,Neev Securities Pvt. Ltd.,200,488.6,97720.0,2025-08-26 14:40:14.104089
2025-08-26,7529,2025082603007334,ALICL,Capital Hub P. Ltd,Imperial Securities Company Pvt. Ltd.,10,491.7,4917.0,2025-08-26 14:46:38.837053
2025-08-26,6442,2025082603007584,ALICL,Vision Securities Pvt. Ltd,Imperial Securities Company Pvt. Ltd.,26,491.7,12784.2,2025-08-26 14:49:27.592495
2025-08-26,5152,2025082603007838,ALICL,Investment Management Nepal Pvt. Ltd.,Capital Hub P. Ltd,200,491.5,98300.0,2025-08-26 14:52:49.010200
2025-08-26,4871,2025082603007893,ALICL,Dynamic Money Managers Securities Pvt. Ltd.,Imperial Securities Company Pvt. Ltd.,12,491.7,5900.4,2025-08-26 14:53:25.087882
2025-08-26,4719,2025082603007938,ALICL,Kohinoor Investment & Securities Pvt. Ltd.,Kumari Securities Private Limited,20,490.0,9800.0,2025-08-26 14:53:43.330519
2025-08-26,4396,2025082603008048,ALICL,Sundhara Securities Limited,Kumari Securities Private Limited,10,490.0,4900.0,2025-08-26 14:54:17.019385
2025-08-26,1399,2025082603008675,ALICL,Capital Hub P. Ltd,Kumari Securities Private Limited,70,490.0,34300.0,2025-08-26 14:59:00.509611
2025-08-26,282,2025082603008856,ALICL,Dynamic Money Managers Securities Pvt. Ltd.,Imperial Securities Company Pvt. Ltd.,10,491.7,4917.0,2025-08-26 14:59:49.977635
2025-08-26,274,2025082603008857,ALICL,Capital Hub P. Ltd,Vision Securities Pvt. Ltd,100,490.0,49000.0,2025-08-26 14:59:50.174326
2025-08-26,83,2025082603008896,ALICL,Capital Hub P. Ltd,Imperial Securities Company Pvt. Ltd.,12,491.7,5900.4,2025-08-26 14:59:57.686880
2025-08-26,82,2025082603008897,ALICL,Capital Hub P. Ltd,Dynamic Money Managers Securities Pvt. Ltd.,88,491.8,43278.4,2025-08-26 14:59:57.687011
