Date,S.N.,Contract ID,Symbol,Buyer Broker,Seller Broker,quantity,rate,amount,transaction_time
2025-08-26,44714,2025082603000127,MNBBL,Naasa Securities Co. Ltd.,Shree Krishna Securities Ltd.,400,440.0,176000.0,2025-08-26 11:04:57.842363
2025-08-26,44369,2025082603000218,MNBBL,Trishakti Securities Public Limited,Arun Securities (PVT) Ltd.,104,436.1,45354.4,2025-08-26 11:08:18.857131
2025-08-26,43617,2025082603000355,MNBBL,Sani Securities Company Ltd.,Thrive Brokerage House Pvt. Ltd,22,442.9,9743.8,2025-08-26 11:14:10.669148
2025-08-26,43372,2025082603000439,MNBBL,KALASH STOCK MARKET PVT. LTD.,Pragyan Securities (PVT) Ltd.,500,442.3,221150.0,2025-08-26 11:16:01.432552
2025-08-26,43277,2025082603000461,MNBBL,Sundhara Securities Limited,Linch Stock Market Ltd.,100,440.0,44000.0,2025-08-26 11:16:53.216084
2025-08-26,43042,2025082603000519,MNBBL,Investment Management Nepal Pvt. Ltd.,Bhrikuti Stock Broking Co. Pvt. Ltd.,200,441.0,88200.0,2025-08-26 11:18:35.456326
2025-08-26,43036,2025082603000521,MNBBL,Investment Management Nepal Pvt. Ltd.,Thrive Brokerage House Pvt. Ltd,50,441.0,22050.0,2025-08-26 11:18:37.625925
2025-08-26,42803,2025082603000565,MNBBL,Sundhara Securities Limited,Imperial Securities Company Pvt. Ltd.,12,440.0,5280.0,2025-08-26 11:19:58.523522
2025-08-26,42802,2025082603000566,MNBBL,Sani Securities Company Ltd.,Imperial Securities Company Pvt. Ltd.,117,440.0,51480.0,2025-08-26 11:19:58.523716
2025-08-26,41163,2025082603000875,MNBBL,Vision Securities Pvt. Ltd,Naasa Securities Co. Ltd.,55,439.0,24145.0,2025-08-26 11:31:30.308772
2025-08-26,39954,2025082603001078,MNBBL,Blue Chip Securities Ltd,Thrive Brokerage House Pvt. Ltd,28,441.0,12348.0,2025-08-26 11:40:16.259224
2025-08-26,39953,2025082603001079,MNBBL,Blue Chip Securities Ltd,ABC Securities Private Limited,200,441.0,88200.0,2025-08-26 11:40:16.259331
2025-08-26,39683,2025082603001115,MNBBL,Himalayan Brokerage Company Limited,Himalayan Brokerage Company Limited,4,440.0,1760.0,2025-08-26 11:42:18.500241
2025-08-26,39519,2025082603001124,MNBBL,Blue Chip Securities Ltd,Nepal Stock House (PVT) Ltd.,101,442.0,44642.0,2025-08-26 11:43:05.646778
2025-08-26,38798,2025082603001251,MNBBL,Sundhara Securities Limited,Neev Securities Pvt. Ltd.,109,442.2,48199.8,2025-08-26 11:47:16.932501
2025-08-26,38797,2025082603001252,MNBBL,Sundhara Securities Limited,Pragyan Securities (PVT) Ltd.,451,442.3,199477.3,2025-08-26 11:47:16.932682
2025-08-26,38070,2025082603001397,MNBBL,Trishakti Securities Public Limited,Pragyan Securities (PVT) Ltd.,49,442.3,21672.7,2025-08-26 11:52:37.293558
2025-08-26,38069,2025082603001398,MNBBL,Trishakti Securities Public Limited,Imperial Securities Company Pvt. Ltd.,147,442.9,65106.3,2025-08-26 11:52:37.293713
2025-08-26,38068,2025082603001399,MNBBL,Trishakti Securities Public Limited,Aryatara Investment & Securities,804,442.9,356091.6,2025-08-26 11:52:37.293766
2025-08-26,37812,2025082603001439,MNBBL,Creative Securities Pvt Ltd,Aryatara Investment & Securities,90,442.9,39861.0,2025-08-26 11:54:23.233465
2025-08-26,37711,2025082603001457,MNBBL,Imperial Securities Company Pvt. Ltd.,Aryatara Investment & Securities,30,442.9,13287.0,2025-08-26 11:55:16.182537
2025-08-26,37308,2025082603001531,MNBBL,Dipshikha Dhitopatra Karobar Co. Pvt Ltd.,Bhrikuti Stock Broking Co. Pvt. Ltd.,91,442.0,40222.0,2025-08-26 11:58:23.720299
2025-08-26,37307,2025082603001532,MNBBL,Sharepro Securities Private Limited,Bhrikuti Stock Broking Co. Pvt. Ltd.,17,441.5,7505.5,2025-08-26 11:58:23.720474
2025-08-26,37016,2025082603001593,MNBBL,Trishakti Securities Public Limited,Oxford Securities Pvt. Ltd.,10,441.6,4416.0,2025-08-26 12:00:40.383258
2025-08-26,36830,2025082603001637,MNBBL,Trishakti Securities Public Limited,Deevyaa Securities & Stock House Pvt. Ltd,150,441.6,66240.0,2025-08-26 12:02:05.116393
2025-08-26,36789,2025082603001647,MNBBL,Nepal Investment And Securities Trading Private Limited,Sani Securities Company Ltd.,300,442.0,132600.0,2025-08-26 12:02:21.675538
2025-08-26,36486,2025082603001731,MNBBL,Nepal Investment And Securities Trading Private Limited,Thrive Brokerage House Pvt. Ltd,100,442.0,44200.0,2025-08-26 12:04:38.930271
2025-08-26,35688,2025082603001868,MNBBL,Nepal Investment And Securities Trading Private Limited,Sumeru Securities Pvt. Ltd.,100,442.0,44200.0,2025-08-26 12:09:34.349493
2025-08-26,35684,2025082603001869,MNBBL,Trishakti Securities Public Limited,Naasa Securities Co. Ltd.,50,441.6,22080.0,2025-08-26 12:09:37.543126
2025-08-26,35446,2025082603001900,MNBBL,Trisul Securities & Invt. Ltd.,Sumeru Securities Pvt. Ltd.,50,442.0,22100.0,2025-08-26 12:10:59.797764
2025-08-26,35445,2025082603001901,MNBBL,S.P.S.A. Securities Limited,Sumeru Securities Pvt. Ltd.,50,442.0,22100.0,2025-08-26 12:11:00.081971
2025-08-26,35444,2025082603001902,MNBBL,S.P.S.A. Securities Limited,Aryatara Investment & Securities,10,442.5,4425.0,2025-08-26 12:11:00.082016
2025-08-26,35443,2025082603001903,MNBBL,S.P.S.A. Securities Limited,Aryatara Investment & Securities,10,442.6,4426.0,2025-08-26 12:11:00.082054
2025-08-26,35442,2025082603001904,MNBBL,S.P.S.A. Securities Limited,Aryatara Investment & Securities,10,442.7,4427.0,2025-08-26 12:11:00.082085
2025-08-26,35441,2025082603001905,MNBBL,S.P.S.A. Securities Limited,Aryatara Investment & Securities,10,442.8,4428.0,2025-08-26 12:11:00.082110
2025-08-26,35440,2025082603001906,MNBBL,S.P.S.A. Securities Limited,Aryatara Investment & Securities,10,442.9,4429.0,2025-08-26 12:11:00.082144
2025-08-26,35166,2025082603001977,MNBBL,Trishakti Securities Public Limited,Kalika Securities Pvt. Ltd.,100,441.6,44160.0,2025-08-26 12:12:59.773129
2025-08-26,34894,2025082603002027,MNBBL,Vision Securities Pvt. Ltd,Naasa Securities Co. Ltd.,2,434.0,868.0,2025-08-26 12:14:31.395122
2025-08-26,34615,2025082603002092,MNBBL,Dakshinkali Investment & Securities Pvt. Ltd.,Global IME Securities Limited,10,442.0,4420.0,2025-08-26 12:16:26.385602
2025-08-26,34577,2025082603002097,MNBBL,Naasa Securities Co. Ltd.,Aryatara Investment & Securities,10,442.6,4426.0,2025-08-26 12:16:38.005272
2025-08-26,34519,2025082603002111,MNBBL,Dakshinkali Investment & Securities Pvt. Ltd.,Aryatara Investment & Securities,10,442.7,4427.0,2025-08-26 12:17:02.565994
2025-08-26,34518,2025082603002112,MNBBL,Dakshinkali Investment & Securities Pvt. Ltd.,Aryatara Investment & Securities,10,442.8,4428.0,2025-08-26 12:17:02.566279
2025-08-26,34517,2025082603002113,MNBBL,Dakshinkali Investment & Securities Pvt. Ltd.,Aryatara Investment & Securities,860,442.9,380894.0,2025-08-26 12:17:02.566460
2025-08-26,34382,2025082603002131,MNBBL,Naasa Securities Co. Ltd.,Bhrikuti Stock Broking Co. Pvt. Ltd.,12,443.0,5316.0,2025-08-26 12:18:01.685846
2025-08-26,34226,2025082603002149,MNBBL,Dakshinkali Investment & Securities Pvt. Ltd.,Bhrikuti Stock Broking Co. Pvt. Ltd.,288,443.0,127584.0,2025-08-26 12:18:53.098299
2025-08-26,34225,2025082603002150,MNBBL,Dakshinkali Investment & Securities Pvt. Ltd.,Cristal Kanchanjanga Securites Pvt. Ltd.,702,443.0,310986.0,2025-08-26 12:18:53.098483
2025-08-26,33900,2025082603002249,MNBBL,Dakshinkali Investment & Securities Pvt. Ltd.,S.P.S.A. Securities Limited,100,442.9,44290.0,2025-08-26 12:21:13.170713
2025-08-26,33471,2025082603002322,MNBBL,Investment Management Nepal Pvt. Ltd.,Cristal Kanchanjanga Securites Pvt. Ltd.,250,443.0,110750.0,2025-08-26 12:24:18.605203
2025-08-26,33456,2025082603002325,MNBBL,Dakshinkali Investment & Securities Pvt. Ltd.,Deevyaa Securities & Stock House Pvt. Ltd,20,442.9,8858.0,2025-08-26 12:24:27.424367
2025-08-26,32960,2025082603002399,MNBBL,Deevyaa Securities & Stock House Pvt. Ltd,Cristal Kanchanjanga Securites Pvt. Ltd.,48,443.0,21264.0,2025-08-26 12:27:52.081524
2025-08-26,32959,2025082603002400,MNBBL,Deevyaa Securities & Stock House Pvt. Ltd,Deevyaa Securities & Stock House Pvt. Ltd,80,443.9,35512.0,2025-08-26 12:27:52.081774
2025-08-26,32958,2025082603002401,MNBBL,Deevyaa Securities & Stock House Pvt. Ltd,Trisul Securities & Invt. Ltd.,500,444.0,222000.0,2025-08-26 12:27:52.081848
2025-08-26,32957,2025082603002402,MNBBL,Deevyaa Securities & Stock House Pvt. Ltd,Cristal Kanchanjanga Securites Pvt. Ltd.,500,444.0,222000.0,2025-08-26 12:27:52.081907
2025-08-26,32870,2025082603002413,MNBBL,Market Securities & Exchange (PVT) Ltd.,Bhrikuti Stock Broking Co. Pvt. Ltd.,150,445.0,66750.0,2025-08-26 12:28:22.526338
2025-08-26,32709,2025082603002442,MNBBL,Deevyaa Securities & Stock House Pvt. Ltd,Bhrikuti Stock Broking Co. Pvt. Ltd.,150,445.0,66750.0,2025-08-26 12:29:21.374871
2025-08-26,32708,2025082603002443,MNBBL,Deevyaa Securities & Stock House Pvt. Ltd,Trisul Securities & Invt. Ltd.,50,445.0,22250.0,2025-08-26 12:29:21.375039
2025-08-26,32707,2025082603002444,MNBBL,Deevyaa Securities & Stock House Pvt. Ltd,J.F. Securites (PVT) Ltd.,12,445.0,5340.0,2025-08-26 12:29:21.375096
2025-08-26,32706,2025082603002445,MNBBL,Deevyaa Securities & Stock House Pvt. Ltd,Trishakti Securities Public Limited,100,445.0,44500.0,2025-08-26 12:29:21.375151
2025-08-26,32705,2025082603002446,MNBBL,Deevyaa Securities & Stock House Pvt. Ltd,ABC Securities Private Limited,60,445.0,26700.0,2025-08-26 12:29:21.375202
2025-08-26,32554,2025082603002458,MNBBL,ABC Securities Private Limited,ABC Securities Private Limited,90,445.0,40050.0,2025-08-26 12:29:58.121302
2025-08-26,32466,2025082603002475,MNBBL,Market Securities & Exchange (PVT) Ltd.,Dipshikha Dhitopatra Karobar Co. Pvt Ltd.,150,445.6,66840.0,2025-08-26 12:30:20.997830
2025-08-26,32430,2025082603002482,MNBBL,Premier Securities Company Ltd.,Deevyaa Securities & Stock House Pvt. Ltd,50,445.0,22250.0,2025-08-26 12:30:35.615720
2025-08-26,31842,2025082603002575,MNBBL,KALASH STOCK MARKET PVT. LTD.,Dipshikha Dhitopatra Karobar Co. Pvt Ltd.,25,445.6,11140.0,2025-08-26 12:33:48.368235
2025-08-26,31841,2025082603002576,MNBBL,KALASH STOCK MARKET PVT. LTD.,South Asian Bulls Pvt. Ltd.,50,445.8,22290.0,2025-08-26 12:33:48.368378
2025-08-26,31840,2025082603002577,MNBBL,KALASH STOCK MARKET PVT. LTD.,Kumari Securities Private Limited,120,445.9,53508.0,2025-08-26 12:33:48.368437
2025-08-26,31654,2025082603002593,MNBBL,Market Securities & Exchange (PVT) Ltd.,Kumari Securities Private Limited,200,445.0,89000.0,2025-08-26 12:34:19.959620
2025-08-26,31208,2025082603002659,MNBBL,KALASH STOCK MARKET PVT. LTD.,Deevyaa Securities & Stock House Pvt. Ltd,10,445.9,4459.0,2025-08-26 12:36:37.347397
2025-08-26,30467,2025082603002764,MNBBL,Pragyan Securities (PVT) Ltd.,Linch Stock Market Ltd.,100,445.0,44500.0,2025-08-26 12:40:56.853588
2025-08-26,30205,2025082603002829,MNBBL,Dipshikha Dhitopatra Karobar Co. Pvt Ltd.,ABC Securities Private Limited,500,445.0,222500.0,2025-08-26 12:42:14.827665
2025-08-26,30046,2025082603002855,MNBBL,Dipshikha Dhitopatra Karobar Co. Pvt Ltd.,K.B.L. Securities Limited ,600,445.0,267000.0,2025-08-26 12:43:18.771978
2025-08-26,29817,2025082603002881,MNBBL,Secured Securities Ltd.,K.B.L. Securities Limited ,100,445.0,44500.0,2025-08-26 12:44:53.079122
2025-08-26,29208,2025082603002965,MNBBL,Premier Securities Company Ltd.,Dipshikha Dhitopatra Karobar Co. Pvt Ltd.,70,444.5,31115.0,2025-08-26 12:48:41.470665
2025-08-26,29207,2025082603002966,MNBBL,Dynamic Money Managers Securities Pvt. Ltd.,Dipshikha Dhitopatra Karobar Co. Pvt Ltd.,130,444.1,57733.0,2025-08-26 12:48:41.470768
2025-08-26,29159,2025082603002977,MNBBL,Dynamic Money Managers Securities Pvt. Ltd.,Ashutosh Brokerage & Securities (PVT) Ltd.,55,444.1,24425.5,2025-08-26 12:48:59.455604
2025-08-26,28951,2025082603003035,MNBBL,ABC Securities Private Limited,K.B.L. Securities Limited ,100,445.0,44500.0,2025-08-26 12:50:22.913610
2025-08-26,28798,2025082603003049,MNBBL,Stoxkarts Securities Limited,SUN SECURITIES PVT LTD,250,444.6,111150.0,2025-08-26 12:51:06.472189
2025-08-26,28666,2025082603003079,MNBBL,Dynamic Money Managers Securities Pvt. Ltd.,Dynamic Money Managers Securities Pvt. Ltd.,315,444.1,139891.5,2025-08-26 12:51:55.936665
2025-08-26,28665,2025082603003080,MNBBL,Nepal Investment And Securities Trading Private Limited,Dynamic Money Managers Securities Pvt. Ltd.,42,444.0,18648.0,2025-08-26 12:51:55.937004
2025-08-26,28664,2025082603003081,MNBBL,Online Securities Pvt. Ltd.,Dynamic Money Managers Securities Pvt. Ltd.,50,444.0,22200.0,2025-08-26 12:51:55.937230
2025-08-26,28663,2025082603003082,MNBBL,Market Securities & Exchange (PVT) Ltd.,Dynamic Money Managers Securities Pvt. Ltd.,400,444.0,177600.0,2025-08-26 12:51:55.937482
2025-08-26,28662,2025082603003083,MNBBL,Indira securities pvt. ltd,Dynamic Money Managers Securities Pvt. Ltd.,193,444.0,85692.0,2025-08-26 12:51:55.937757
2025-08-26,28536,2025082603003104,MNBBL,ABC Securities Private Limited,Nepal Stock House (PVT) Ltd.,100,444.1,44410.0,2025-08-26 12:52:43.934309
2025-08-26,28433,2025082603003125,MNBBL,Miyo Securities Pvt Ltd,Linch Stock Market Ltd.,10,444.5,4445.0,2025-08-26 12:53:32.467106
2025-08-26,28358,2025082603003148,MNBBL,Secured Securities Ltd.,Linch Stock Market Ltd.,340,444.5,151130.0,2025-08-26 12:53:52.795668
2025-08-26,28357,2025082603003149,MNBBL,Secured Securities Ltd.,SUN SECURITIES PVT LTD,160,444.6,71136.0,2025-08-26 12:53:52.795862
2025-08-26,28275,2025082603003174,MNBBL,Market Securities & Exchange (PVT) Ltd.,SUN SECURITIES PVT LTD,90,444.6,40014.0,2025-08-26 12:54:25.360980
2025-08-26,28274,2025082603003175,MNBBL,Market Securities & Exchange (PVT) Ltd.,K.B.L. Securities Limited ,110,445.0,48950.0,2025-08-26 12:54:25.361147
2025-08-26,28005,2025082603003258,MNBBL,Nepal Investment And Securities Trading Private Limited,Midas Stock Broking Company Private Limited,20,444.1,8882.0,2025-08-26 12:56:02.895577
2025-08-26,28004,2025082603003259,MNBBL,Naasa Securities Co. Ltd.,Midas Stock Broking Company Private Limited,100,444.1,44410.0,2025-08-26 12:56:02.895866
2025-08-26,28003,2025082603003260,MNBBL,Secured Securities Ltd.,Midas Stock Broking Company Private Limited,10,444.1,4441.0,2025-08-26 12:56:02.896067
2025-08-26,27852,2025082603003282,MNBBL,Secured Securities Ltd.,Aryatara Investment & Securities,136,444.1,60397.6,2025-08-26 12:56:58.323146
2025-08-26,27830,2025082603003284,MNBBL,Secured Securities Ltd.,Nepal Stock House (PVT) Ltd.,354,444.1,157211.4,2025-08-26 12:57:06.134504
2025-08-26,27829,2025082603003285,MNBBL,Indira securities pvt. ltd,Nepal Stock House (PVT) Ltd.,307,444.0,136308.0,2025-08-26 12:57:06.134698
2025-08-26,27828,2025082603003286,MNBBL,Midas Stock Broking Company Private Limited,Nepal Stock House (PVT) Ltd.,225,444.0,99900.0,2025-08-26 12:57:06.134777
2025-08-26,27563,2025082603003322,MNBBL,Imperial Securities Company Pvt. Ltd.,Premier Securities Company Ltd.,10,443.5,4435.0,2025-08-26 12:58:40.021002
2025-08-26,27267,2025082603003372,MNBBL,Imperial Securities Company Pvt. Ltd.,Premier Securities Company Ltd.,10,443.5,4435.0,2025-08-26 13:00:12.521895
2025-08-26,26186,2025082603003598,MNBBL,Naasa Securities Co. Ltd.,Deevyaa Securities & Stock House Pvt. Ltd,94,443.5,41689.0,2025-08-26 13:06:47.104470
2025-08-26,25703,2025082603003699,MNBBL,Trishakti Securities Public Limited,Nepal Stock House (PVT) Ltd.,600,443.2,265920.0,2025-08-26 13:09:35.387333
2025-08-26,25702,2025082603003700,MNBBL,Nepal Stock House (PVT) Ltd.,Nepal Stock House (PVT) Ltd.,100,443.0,44300.0,2025-08-26 13:09:35.387660
2025-08-26,25701,2025082603003701,MNBBL,Oxford Securities Pvt. Ltd.,Nepal Stock House (PVT) Ltd.,20,443.0,8860.0,2025-08-26 13:09:35.387855
2025-08-26,25700,2025082603003702,MNBBL,Dynamic Money Managers Securities Pvt. Ltd.,Nepal Stock House (PVT) Ltd.,200,443.0,88600.0,2025-08-26 13:09:35.388067
2025-08-26,25211,2025082603003807,MNBBL,Naasa Securities Co. Ltd.,Imperial Securities Company Pvt. Ltd.,1,435.0,435.0,2025-08-26 13:13:17.754143
2025-08-26,25163,2025082603003817,MNBBL,Siprabi Securities Pvt. Ltd.,Nepal Stock House (PVT) Ltd.,63,443.0,27909.0,2025-08-26 13:13:46.713214
2025-08-26,25005,2025082603003843,MNBBL,Oxford Securities Pvt. Ltd.,Siprabi Securities Pvt. Ltd.,11,442.5,4867.5,2025-08-26 13:15:02.195517
2025-08-26,24241,2025082603003982,MNBBL,Oxford Securities Pvt. Ltd.,Trisul Securities & Invt. Ltd.,139,442.5,61507.5,2025-08-26 13:20:04.264109
2025-08-26,24149,2025082603004006,MNBBL,Dakshinkali Investment & Securities Pvt. Ltd.,Nepal Stock House (PVT) Ltd.,50,442.2,22110.0,2025-08-26 13:20:50.886523
2025-08-26,24148,2025082603004007,MNBBL,Trisul Securities & Invt. Ltd.,Nepal Stock House (PVT) Ltd.,50,442.2,22110.0,2025-08-26 13:20:50.886714
2025-08-26,23476,2025082603004134,MNBBL,ABC Securities Private Limited,Trisul Securities & Invt. Ltd.,73,442.5,32302.5,2025-08-26 13:26:06.293708
2025-08-26,23068,2025082603004232,MNBBL,Siprabi Securities Pvt. Ltd.,SUN SECURITIES PVT LTD,230,442.5,101775.0,2025-08-26 13:28:36.798397
2025-08-26,22804,2025082603004284,MNBBL,Kumari Securities Private Limited,SUN SECURITIES PVT LTD,20,442.5,8850.0,2025-08-26 13:30:31.503149
2025-08-26,22454,2025082603004364,MNBBL,Trisul Securities & Invt. Ltd.,Nepal Stock House (PVT) Ltd.,150,442.2,66330.0,2025-08-26 13:33:06.849599
2025-08-26,22453,2025082603004365,MNBBL,Trishakti Securities Public Limited,Nepal Stock House (PVT) Ltd.,100,442.0,44200.0,2025-08-26 13:33:06.849807
2025-08-26,22452,2025082603004366,MNBBL,Trisul Securities & Invt. Ltd.,Nepal Stock House (PVT) Ltd.,500,442.0,221000.0,2025-08-26 13:33:06.849876
2025-08-26,22451,2025082603004367,MNBBL,Imperial Securities Company Pvt. Ltd.,Nepal Stock House (PVT) Ltd.,50,442.0,22100.0,2025-08-26 13:33:06.849939
2025-08-26,22450,2025082603004368,MNBBL,Sharepro Securities Private Limited,Nepal Stock House (PVT) Ltd.,200,441.5,88300.0,2025-08-26 13:33:06.849999
2025-08-26,22355,2025082603004383,MNBBL,Sharepro Securities Private Limited,Nepal Stock House (PVT) Ltd.,83,441.5,36644.5,2025-08-26 13:33:41.127069
2025-08-26,22354,2025082603004384,MNBBL,Nagarik Stock Dealer ,Nepal Stock House (PVT) Ltd.,917,441.5,404855.5,2025-08-26 13:33:41.127240
2025-08-26,22216,2025082603004420,MNBBL,Aryatara Investment & Securities,Nepal Stock House (PVT) Ltd.,100,441.0,44100.0,2025-08-26 13:34:44.567547
2025-08-26,22170,2025082603004432,MNBBL,Aryatara Investment & Securities,Nepal Stock House (PVT) Ltd.,400,441.0,176400.0,2025-08-26 13:35:18.969672
2025-08-26,22169,2025082603004433,MNBBL,Dynamic Money Managers Securities Pvt. Ltd.,Nepal Stock House (PVT) Ltd.,50,441.0,22050.0,2025-08-26 13:35:18.969990
2025-08-26,22168,2025082603004434,MNBBL,Sani Securities Company Ltd.,Nepal Stock House (PVT) Ltd.,68,441.0,29988.0,2025-08-26 13:35:18.970200
2025-08-26,22167,2025082603004435,MNBBL,Nagarik Stock Dealer ,Nepal Stock House (PVT) Ltd.,482,441.0,212562.0,2025-08-26 13:35:18.970371
2025-08-26,22053,2025082603004450,MNBBL,Nagarik Stock Dealer ,Nepal Stock House (PVT) Ltd.,601,441.0,265041.0,2025-08-26 13:35:58.491133
2025-08-26,21827,2025082603004498,MNBBL,Imperial Securities Company Pvt. Ltd.,Kohinoor Investment & Securities Pvt. Ltd.,174,440.2,76594.8,2025-08-26 13:37:20.081274
2025-08-26,21436,2025082603004592,MNBBL,Online Securities Pvt. Ltd.,Premier Securities Company Ltd.,10,442.5,4425.0,2025-08-26 13:39:42.508155
2025-08-26,21435,2025082603004593,MNBBL,Online Securities Pvt. Ltd.,SUN SECURITIES PVT LTD,60,442.5,26550.0,2025-08-26 13:39:42.508505
2025-08-26,20355,2025082603004841,MNBBL,Thrive Brokerage House Pvt. Ltd,Himalayan Brokerage Company Limited,200,442.4,88480.0,2025-08-26 13:47:33.520239
2025-08-26,20212,2025082603004858,MNBBL,Sani Securities Company Ltd.,SUN SECURITIES PVT LTD,22,442.5,9735.0,2025-08-26 13:48:23.895222
2025-08-26,19937,2025082603004917,MNBBL,Kohinoor Investment & Securities Pvt. Ltd.,SUN SECURITIES PVT LTD,10,442.5,4425.0,2025-08-26 13:50:21.059275
2025-08-26,19441,2025082603005003,MNBBL,Nepal Stock House (PVT) Ltd.,K.B.L. Securities Limited ,35,442.4,15484.0,2025-08-26 13:53:39.194511
2025-08-26,18624,2025082603005134,MNBBL,Naasa Securities Co. Ltd.,K.B.L. Securities Limited ,10,442.4,4424.0,2025-08-26 13:57:45.370808
2025-08-26,18464,2025082603005186,MNBBL,Online Securities Pvt. Ltd.,pahiinvestment,10,442.0,4420.0,2025-08-26 13:58:38.709051
2025-08-26,18115,2025082603005283,MNBBL,Online Securities Pvt. Ltd.,pahiinvestment,40,442.0,17680.0,2025-08-26 14:00:44.575553
2025-08-26,17389,2025082603005428,MNBBL,Blue Chip Securities Ltd,Deevyaa Securities & Stock House Pvt. Ltd,11,440.5,4845.5,2025-08-26 14:04:55.628499
2025-08-26,16807,2025082603005528,MNBBL,Blue Chip Securities Ltd,Siprabi Securities Pvt. Ltd.,14,440.5,6167.0,2025-08-26 14:07:45.237699
2025-08-26,16806,2025082603005529,MNBBL,Sewa Securities Pvt. Ltd.,Siprabi Securities Pvt. Ltd.,43,440.3,18932.9,2025-08-26 14:07:45.238057
2025-08-26,16805,2025082603005530,MNBBL,Sani Securities Company Ltd.,Siprabi Securities Pvt. Ltd.,89,440.3,39186.7,2025-08-26 14:07:45.238268
2025-08-26,16771,2025082603005536,MNBBL,Sani Securities Company Ltd.,Nepal Stock House (PVT) Ltd.,23,440.3,10126.9,2025-08-26 14:07:56.429713
2025-08-26,16770,2025082603005537,MNBBL,Imperial Securities Company Pvt. Ltd.,Nepal Stock House (PVT) Ltd.,16,440.2,7043.2,2025-08-26 14:07:56.429914
2025-08-26,16769,2025082603005538,MNBBL,Primo Securities (PVT) Ltd.,Nepal Stock House (PVT) Ltd.,200,440.1,88020.0,2025-08-26 14:07:56.429982
2025-08-26,16768,2025082603005539,MNBBL,Agrawal Securities (PVT) Ltd.,Nepal Stock House (PVT) Ltd.,761,440.0,334840.0,2025-08-26 14:07:56.430079
2025-08-26,16673,2025082603005563,MNBBL,Agrawal Securities (PVT) Ltd.,Nepal Stock House (PVT) Ltd.,239,440.0,105160.0,2025-08-26 14:08:37.876624
2025-08-26,16672,2025082603005564,MNBBL,Nepal Stock House (PVT) Ltd.,Nepal Stock House (PVT) Ltd.,70,440.0,30800.0,2025-08-26 14:08:37.876795
2025-08-26,16671,2025082603005565,MNBBL,Cristal Kanchanjanga Securites Pvt. Ltd.,Nepal Stock House (PVT) Ltd.,200,440.0,88000.0,2025-08-26 14:08:37.876875
2025-08-26,16670,2025082603005566,MNBBL,Indira securities pvt. ltd,Nepal Stock House (PVT) Ltd.,491,440.0,216040.0,2025-08-26 14:08:37.876946
2025-08-26,16243,2025082603005661,MNBBL,Himalayan Securities Limited,Nepal Stock House (PVT) Ltd.,100,440.0,44000.0,2025-08-26 14:11:03.712629
2025-08-26,16242,2025082603005662,MNBBL,ABC Securities Private Limited,Nepal Stock House (PVT) Ltd.,10,440.0,4400.0,2025-08-26 14:11:03.712849
2025-08-26,16241,2025082603005663,MNBBL,Nepal Investment And Securities Trading Private Limited,Nepal Stock House (PVT) Ltd.,20,440.0,8800.0,2025-08-26 14:11:03.712990
2025-08-26,16240,2025082603005664,MNBBL,Online Securities Pvt. Ltd.,Nepal Stock House (PVT) Ltd.,100,440.0,44000.0,2025-08-26 14:11:03.713068
2025-08-26,15981,2025082603005737,MNBBL,Naasa Securities Co. Ltd.,Secured Securities Ltd.,10,439.2,4392.0,2025-08-26 14:12:03.278608
2025-08-26,15885,2025082603005752,MNBBL,Naasa Securities Co. Ltd.,KALASH STOCK MARKET PVT. LTD.,29,439.2,12736.8,2025-08-26 14:12:36.906731
2025-08-26,15884,2025082603005753,MNBBL,Oxford Securities Pvt. Ltd.,KALASH STOCK MARKET PVT. LTD.,50,439.1,21955.0,2025-08-26 14:12:36.907074
2025-08-26,15883,2025082603005754,MNBBL,Vision Securities Pvt. Ltd,KALASH STOCK MARKET PVT. LTD.,45,439.0,19755.0,2025-08-26 14:12:36.907276
2025-08-26,15882,2025082603005755,MNBBL,Secured Securities Ltd.,KALASH STOCK MARKET PVT. LTD.,200,439.0,87800.0,2025-08-26 14:12:36.907449
2025-08-26,15188,2025082603005897,MNBBL,Imperial Securities Company Pvt. Ltd.,Thrive Brokerage House Pvt. Ltd,12,439.0,5268.0,2025-08-26 14:15:41.289807
2025-08-26,15187,2025082603005898,MNBBL,Aryatara Investment & Securities,Thrive Brokerage House Pvt. Ltd,188,439.0,82532.0,2025-08-26 14:15:41.290013
2025-08-26,15090,2025082603005917,MNBBL,Aryatara Investment & Securities,Deevyaa Securities & Stock House Pvt. Ltd,300,439.0,131700.0,2025-08-26 14:15:54.555750
2025-08-26,14232,2025082603006106,MNBBL,Aryatara Investment & Securities,Cristal Kanchanjanga Securites Pvt. Ltd.,2000,439.0,878000.0,2025-08-26 14:19:56.814612
2025-08-26,13860,2025082603006156,MNBBL,Aryatara Investment & Securities,Dipshikha Dhitopatra Karobar Co. Pvt Ltd.,250,439.0,109750.0,2025-08-26 14:21:59.263690
2025-08-26,13352,2025082603006215,MNBBL,Premier Securities Company Ltd.,Market Securities & Exchange (PVT) Ltd.,40,440.0,17600.0,2025-08-26 14:24:27.923897
2025-08-26,13351,2025082603006216,MNBBL,Premier Securities Company Ltd.,Nepal Investment And Securities Trading Private Limited,10,440.0,4400.0,2025-08-26 14:24:27.924078
2025-08-26,13251,2025082603006235,MNBBL,Nepal Stock House (PVT) Ltd.,Nepal Investment And Securities Trading Private Limited,50,440.0,22000.0,2025-08-26 14:25:00.703667
2025-08-26,13187,2025082603006243,MNBBL,Kumari Securities Private Limited,Nepal Investment And Securities Trading Private Limited,40,440.0,17600.0,2025-08-26 14:25:20.825331
2025-08-26,12181,2025082603006429,MNBBL,Kohinoor Investment & Securities Pvt. Ltd.,Aryatara Investment & Securities,50,439.5,21975.0,2025-08-26 14:31:02.102602
2025-08-26,11988,2025082603006477,MNBBL,Market Securities & Exchange (PVT) Ltd.,Naasa Securities Co. Ltd.,130,440.5,57265.0,2025-08-26 14:31:59.308337
2025-08-26,11829,2025082603006519,MNBBL,Sharepro Securities Private Limited,Naasa Securities Co. Ltd.,970,440.5,427285.0,2025-08-26 14:32:40.576828
2025-08-26,11533,2025082603006572,MNBBL,Online Securities Pvt. Ltd.,Imperial Securities Company Pvt. Ltd.,200,440.9,88180.0,2025-08-26 14:33:51.279910
2025-08-26,9915,2025082603006839,MNBBL,Cristal Kanchanjanga Securites Pvt. Ltd.,Sewa Securities Pvt. Ltd.,10,440.8,4408.0,2025-08-26 14:39:31.233008
2025-08-26,9914,2025082603006840,MNBBL,Kohinoor Investment & Securities Pvt. Ltd.,Sewa Securities Pvt. Ltd.,190,440.0,83600.0,2025-08-26 14:39:31.233258
2025-08-26,9847,2025082603006852,MNBBL,Bhrikuti Stock Broking Co. Pvt. Ltd.,Imperial Securities Company Pvt. Ltd.,44,440.9,19399.6,2025-08-26 14:39:52.975105
2025-08-26,9601,2025082603006903,MNBBL,Cristal Kanchanjanga Securites Pvt. Ltd.,pahiinvestment,10,440.8,4408.0,2025-08-26 14:40:34.141465
2025-08-26,9600,2025082603006904,MNBBL,Kohinoor Investment & Securities Pvt. Ltd.,pahiinvestment,40,440.0,17600.0,2025-08-26 14:40:34.141838
2025-08-26,9561,2025082603006909,MNBBL,Kohinoor Investment & Securities Pvt. Ltd.,INDEX SECURITIES LIMITED,17,440.0,7480.0,2025-08-26 14:40:42.720429
2025-08-26,9123,2025082603006971,MNBBL,Cristal Kanchanjanga Securites Pvt. Ltd.,Aryatara Investment & Securities,10,440.8,4408.0,2025-08-26 14:42:18.054046
2025-08-26,8781,2025082603007019,MNBBL,Dipshikha Dhitopatra Karobar Co. Pvt Ltd.,Aryatara Investment & Securities,10,440.8,4408.0,2025-08-26 14:43:21.086062
2025-08-26,8780,2025082603007020,MNBBL,Dipshikha Dhitopatra Karobar Co. Pvt Ltd.,Imperial Securities Company Pvt. Ltd.,86,440.9,37917.4,2025-08-26 14:43:21.086242
2025-08-26,8777,2025082603007021,MNBBL,Cristal Kanchanjanga Securites Pvt. Ltd.,Aryatara Investment & Securities,10,440.7,4407.0,2025-08-26 14:43:22.531339
2025-08-26,8541,2025082603007091,MNBBL,Cristal Kanchanjanga Securites Pvt. Ltd.,Aryatara Investment & Securities,10,440.6,4406.0,2025-08-26 14:44:00.881403
2025-08-26,7896,2025082603007254,MNBBL,South Asian Bulls Pvt. Ltd.,Aryatara Investment & Securities,40,440.7,17628.0,2025-08-26 14:45:40.322648
2025-08-26,7895,2025082603007255,MNBBL,South Asian Bulls Pvt. Ltd.,Nepal Stock House (PVT) Ltd.,346,441.0,152586.0,2025-08-26 14:45:40.322844
2025-08-26,7894,2025082603007256,MNBBL,South Asian Bulls Pvt. Ltd.,Nepal Stock House (PVT) Ltd.,114,441.0,50274.0,2025-08-26 14:45:40.322917
2025-08-26,7893,2025082603007257,MNBBL,South Asian Bulls Pvt. Ltd.,Sri Hari Securities Pvt. Ltd.,460,441.0,202860.0,2025-08-26 14:45:40.322988
2025-08-26,7892,2025082603007258,MNBBL,South Asian Bulls Pvt. Ltd.,Nabil Stock Dealer Ltd.,800,441.0,352800.0,2025-08-26 14:45:40.323069
2025-08-26,7891,2025082603007259,MNBBL,South Asian Bulls Pvt. Ltd.,Aryatara Investment & Securities,10,441.0,4410.0,2025-08-26 14:45:40.323140
2025-08-26,7890,2025082603007260,MNBBL,South Asian Bulls Pvt. Ltd.,Malla & Malla Stock Broking Company Pvt. Limited,230,441.0,101430.0,2025-08-26 14:45:40.323207
2025-08-26,7718,2025082603007308,MNBBL,South Asian Bulls Pvt. Ltd.,Malla & Malla Stock Broking Company Pvt. Limited,1500,441.0,661500.0,2025-08-26 14:46:04.429906
2025-08-26,7410,2025082603007351,MNBBL,Creative Securities Pvt Ltd,Malla & Malla Stock Broking Company Pvt. Limited,270,441.0,119070.0,2025-08-26 14:46:59.510608
2025-08-26,7251,2025082603007384,MNBBL,Sani Securities Company Ltd.,Malla & Malla Stock Broking Company Pvt. Limited,2000,441.0,882000.0,2025-08-26 14:47:23.975968
2025-08-26,7136,2025082603007416,MNBBL,Sani Securities Company Ltd.,Dipshikha Dhitopatra Karobar Co. Pvt Ltd.,100,441.0,44100.0,2025-08-26 14:47:44.935509
2025-08-26,7007,2025082603007444,MNBBL,Naasa Securities Co. Ltd.,SUN SECURITIES PVT LTD,158,441.6,69772.8,2025-08-26 14:48:01.065723
2025-08-26,7006,2025082603007445,MNBBL,Naasa Securities Co. Ltd.,K.B.L. Securities Limited ,1455,441.7,642673.5,2025-08-26 14:48:01.065759
2025-08-26,7005,2025082603007446,MNBBL,Naasa Securities Co. Ltd.,Nepal Stock House (PVT) Ltd.,887,442.3,392320.1,2025-08-26 14:48:01.065784
2025-08-26,5506,2025082603007785,MNBBL,ABC Securities Private Limited,Nepal Stock House (PVT) Ltd.,113,442.3,49979.9,2025-08-26 14:51:55.090010
2025-08-26,5395,2025082603007800,MNBBL,ABC Securities Private Limited,Asian Securities Private Ltd.,114,442.3,50422.2,2025-08-26 14:52:10.927874
2025-08-26,5223,2025082603007827,MNBBL,Sharepro Securities Private Limited,Aryatara Investment & Securities,10,442.0,4420.0,2025-08-26 14:52:37.313652
2025-08-26,4901,2025082603007884,MNBBL,Sumeru Securities Pvt. Ltd.,Premier Securities Company Ltd.,50,442.1,22105.0,2025-08-26 14:53:22.944796
2025-08-26,4900,2025082603007885,MNBBL,Sanima Securities Limited,Premier Securities Company Ltd.,350,442.1,154735.0,2025-08-26 14:53:22.944979
2025-08-26,4596,2025082603007971,MNBBL,J.F. Securites (PVT) Ltd.,Asian Securities Private Ltd.,80,442.3,35384.0,2025-08-26 14:53:58.699948
2025-08-26,4532,2025082603007983,MNBBL,Sanima Securities Limited,Premier Securities Company Ltd.,150,442.1,66315.0,2025-08-26 14:54:05.297127
2025-08-26,4531,2025082603007984,MNBBL,Aryatara Investment & Securities,Premier Securities Company Ltd.,100,442.1,44210.0,2025-08-26 14:54:05.297308
2025-08-26,4478,2025082603008014,MNBBL,Creative Securities Pvt Ltd,Premier Securities Company Ltd.,250,442.1,110525.0,2025-08-26 14:54:10.671682
2025-08-26,4359,2025082603008060,MNBBL,Nagarik Stock Dealer ,Nepal Stock House (PVT) Ltd.,17,443.0,7531.0,2025-08-26 14:54:21.821776
2025-08-26,4358,2025082603008061,MNBBL,Nagarik Stock Dealer ,Kumari Securities Private Limited,30,443.0,13290.0,2025-08-26 14:54:21.822125
2025-08-26,4357,2025082603008062,MNBBL,Nagarik Stock Dealer ,Vision Securities Pvt. Ltd,20,443.0,8860.0,2025-08-26 14:54:21.822355
2025-08-26,4356,2025082603008063,MNBBL,Nagarik Stock Dealer ,Kumari Securities Private Limited,100,443.0,44300.0,2025-08-26 14:54:21.822588
2025-08-26,4355,2025082603008064,MNBBL,Nagarik Stock Dealer ,Aryatara Investment & Securities,10,443.0,4430.0,2025-08-26 14:54:21.822804
2025-08-26,4284,2025082603008080,MNBBL,Kohinoor Investment & Securities Pvt. Ltd.,Sumeru Securities Pvt. Ltd.,3,440.0,1320.0,2025-08-26 14:54:28.786574
2025-08-26,3981,2025082603008150,MNBBL,Sani Securities Company Ltd.,Premier Securities Company Ltd.,10,443.9,4439.0,2025-08-26 14:55:00.468995
2025-08-26,3980,2025082603008151,MNBBL,Sani Securities Company Ltd.,Naasa Securities Co. Ltd.,30,444.0,13320.0,2025-08-26 14:55:00.469377
2025-08-26,3979,2025082603008152,MNBBL,Sani Securities Company Ltd.,Premier Securities Company Ltd.,100,444.0,44400.0,2025-08-26 14:55:00.469589
2025-08-26,3978,2025082603008153,MNBBL,Sani Securities Company Ltd.,Asian Securities Private Ltd.,160,444.0,71040.0,2025-08-26 14:55:00.469786
2025-08-26,3890,2025082603008176,MNBBL,Nagarik Stock Dealer ,Asian Securities Private Ltd.,40,444.0,17760.0,2025-08-26 14:55:09.965616
2025-08-26,3889,2025082603008177,MNBBL,Nagarik Stock Dealer ,Premier Securities Company Ltd.,10,444.5,4445.0,2025-08-26 14:55:09.965790
2025-08-26,3888,2025082603008178,MNBBL,Nagarik Stock Dealer ,Premier Securities Company Ltd.,10,444.9,4449.0,2025-08-26 14:55:09.965860
2025-08-26,3887,2025082603008179,MNBBL,Nagarik Stock Dealer ,South Asian Bulls Pvt. Ltd.,50,444.9,22245.0,2025-08-26 14:55:09.965929
2025-08-26,3886,2025082603008180,MNBBL,Nagarik Stock Dealer ,K.B.L. Securities Limited ,390,445.0,173550.0,2025-08-26 14:55:09.965997
2025-08-26,3668,2025082603008221,MNBBL,Sharepro Securities Private Limited,K.B.L. Securities Limited ,200,445.0,89000.0,2025-08-26 14:55:31.043988
2025-08-26,3667,2025082603008222,MNBBL,Sharepro Securities Private Limited,Vision Securities Pvt. Ltd,172,445.0,76540.0,2025-08-26 14:55:31.044216
2025-08-26,3666,2025082603008223,MNBBL,Sharepro Securities Private Limited,Malla & Malla Stock Broking Company Pvt. Limited,100,445.0,44500.0,2025-08-26 14:55:31.044292
2025-08-26,3665,2025082603008224,MNBBL,Sharepro Securities Private Limited,Trishakti Securities Public Limited,100,445.0,44500.0,2025-08-26 14:55:31.044356
2025-08-26,3664,2025082603008225,MNBBL,Sharepro Securities Private Limited,Nepal Investment And Securities Trading Private Limited,218,445.0,97010.0,2025-08-26 14:55:31.044421
2025-08-26,3663,2025082603008226,MNBBL,Sharepro Securities Private Limited,Vision Securities Pvt. Ltd,200,445.0,89000.0,2025-08-26 14:55:31.044489
2025-08-26,3504,2025082603008254,MNBBL,Nagarik Stock Dealer ,Vision Securities Pvt. Ltd,348,445.0,154860.0,2025-08-26 14:55:51.096747
2025-08-26,3211,2025082603008296,MNBBL,Nagarik Stock Dealer ,Kalika Securities Pvt. Ltd.,15,445.8,6687.0,2025-08-26 14:56:26.208928
2025-08-26,3210,2025082603008297,MNBBL,Nagarik Stock Dealer ,Deevyaa Securities & Stock House Pvt. Ltd,90,445.9,40131.0,2025-08-26 14:56:26.209266
2025-08-26,3209,2025082603008298,MNBBL,Nagarik Stock Dealer ,Dynamic Money Managers Securities Pvt. Ltd.,47,446.0,20962.0,2025-08-26 14:56:26.209468
2025-08-26,2942,2025082603008347,MNBBL,Vision Securities Pvt. Ltd,Dynamic Money Managers Securities Pvt. Ltd.,200,446.0,89200.0,2025-08-26 14:56:53.885559
2025-08-26,2741,2025082603008384,MNBBL,Nagarik Stock Dealer ,ABC Securities Private Limited,70,445.9,31213.0,2025-08-26 14:57:16.362875
2025-08-26,2740,2025082603008385,MNBBL,Nagarik Stock Dealer ,Dynamic Money Managers Securities Pvt. Ltd.,53,446.0,23638.0,2025-08-26 14:57:16.363209
2025-08-26,2739,2025082603008386,MNBBL,Nagarik Stock Dealer ,Trishakti Securities Public Limited,500,446.0,223000.0,2025-08-26 14:57:16.363457
2025-08-26,2738,2025082603008387,MNBBL,Nagarik Stock Dealer ,Trishakti Securities Public Limited,377,446.0,168142.0,2025-08-26 14:57:16.363676
2025-08-26,2657,2025082603008407,MNBBL,K.B.L. Securities Limited ,Trishakti Securities Public Limited,623,446.0,277858.0,2025-08-26 14:57:25.071918
2025-08-26,2656,2025082603008408,MNBBL,K.B.L. Securities Limited ,Pragyan Securities (PVT) Ltd.,1000,446.3,446300.0,2025-08-26 14:57:25.072312
2025-08-26,2655,2025082603008409,MNBBL,K.B.L. Securities Limited ,Primo Securities (PVT) Ltd.,250,446.9,111725.0,2025-08-26 14:57:25.072533
2025-08-26,2654,2025082603008410,MNBBL,K.B.L. Securities Limited ,Bhrikuti Stock Broking Co. Pvt. Ltd.,400,447.0,178800.0,2025-08-26 14:57:25.072736
2025-08-26,2653,2025082603008411,MNBBL,K.B.L. Securities Limited ,Dakshinkali Investment & Securities Pvt. Ltd.,1000,447.0,447000.0,2025-08-26 14:57:25.072929
2025-08-26,2652,2025082603008412,MNBBL,K.B.L. Securities Limited ,Imperial Securities Company Pvt. Ltd.,1000,447.0,447000.0,2025-08-26 14:57:25.073151
2025-08-26,2651,2025082603008413,MNBBL,K.B.L. Securities Limited ,Online Securities Pvt. Ltd.,300,447.0,134100.0,2025-08-26 14:57:25.073346
2025-08-26,2650,2025082603008414,MNBBL,K.B.L. Securities Limited ,Siprabi Securities Pvt. Ltd.,100,447.0,44700.0,2025-08-26 14:57:25.073514
2025-08-26,2649,2025082603008415,MNBBL,K.B.L. Securities Limited ,Sani Securities Company Ltd.,327,447.0,146169.0,2025-08-26 14:57:25.073766
2025-08-26,2511,2025082603008442,MNBBL,K.B.L. Securities Limited ,Sani Securities Company Ltd.,223,447.0,99681.0,2025-08-26 14:57:36.105802
2025-08-26,2510,2025082603008443,MNBBL,K.B.L. Securities Limited ,Deevyaa Securities & Stock House Pvt. Ltd,100,447.9,44790.0,2025-08-26 14:57:36.106009
2025-08-26,2509,2025082603008444,MNBBL,K.B.L. Securities Limited ,Deevyaa Securities & Stock House Pvt. Ltd,300,448.0,134400.0,2025-08-26 14:57:36.106091
2025-08-26,2508,2025082603008445,MNBBL,K.B.L. Securities Limited ,Shree Krishna Securities Ltd.,1500,448.0,672000.0,2025-08-26 14:57:36.106158
2025-08-26,2507,2025082603008446,MNBBL,K.B.L. Securities Limited ,ABC Securities Private Limited,30,448.0,13440.0,2025-08-26 14:57:36.106220
2025-08-26,2506,2025082603008447,MNBBL,K.B.L. Securities Limited ,Premier Securities Company Ltd.,10,448.7,4487.0,2025-08-26 14:57:36.106284
2025-08-26,2505,2025082603008448,MNBBL,K.B.L. Securities Limited ,Midas Stock Broking Company Private Limited,50,448.8,22440.0,2025-08-26 14:57:36.106345
2025-08-26,2504,2025082603008449,MNBBL,K.B.L. Securities Limited ,Imperial Securities Company Pvt. Ltd.,400,448.8,179520.0,2025-08-26 14:57:36.106406
2025-08-26,2503,2025082603008450,MNBBL,K.B.L. Securities Limited ,Neev Securities Pvt. Ltd.,100,448.8,44880.0,2025-08-26 14:57:36.106467
2025-08-26,2502,2025082603008451,MNBBL,K.B.L. Securities Limited ,Dakshinkali Investment & Securities Pvt. Ltd.,287,448.8,128805.6,2025-08-26 14:57:36.106532
2025-08-26,2380,2025082603008476,MNBBL,K.B.L. Securities Limited ,Dakshinkali Investment & Securities Pvt. Ltd.,213,448.8,95594.4,2025-08-26 14:57:46.143863
2025-08-26,2379,2025082603008477,MNBBL,K.B.L. Securities Limited ,Agrawal Securities (PVT) Ltd.,200,449.0,89800.0,2025-08-26 14:57:46.144220
2025-08-26,2378,2025082603008478,MNBBL,K.B.L. Securities Limited ,Vision Securities Pvt. Ltd,150,449.0,67350.0,2025-08-26 14:57:46.144413
2025-08-26,2377,2025082603008479,MNBBL,K.B.L. Securities Limited ,Trishakti Securities Public Limited,37,450.0,16650.0,2025-08-26 14:57:46.144589
2025-08-26,2316,2025082603008493,MNBBL,Sundhara Securities Limited,Online Securities Pvt. Ltd.,21,447.0,9387.0,2025-08-26 14:57:51.538115
2025-08-26,1350,2025082603008687,MNBBL,Nagarik Stock Dealer ,Online Securities Pvt. Ltd.,100,447.1,44710.0,2025-08-26 14:59:05.617982
2025-08-26,1349,2025082603008688,MNBBL,Sundhara Securities Limited,Online Securities Pvt. Ltd.,879,447.0,392913.0,2025-08-26 14:59:05.618195
2025-08-26,1348,2025082603008689,MNBBL,Aryatara Investment & Securities,Online Securities Pvt. Ltd.,500,447.0,223500.0,2025-08-26 14:59:05.618263
2025-08-26,1347,2025082603008690,MNBBL,Himalayan Brokerage Company Limited,Online Securities Pvt. Ltd.,2000,446.9,893800.0,2025-08-26 14:59:05.618325
2025-08-26,1346,2025082603008691,MNBBL,Capital Hub P. Ltd,Online Securities Pvt. Ltd.,300,446.0,133800.0,2025-08-26 14:59:05.618387
2025-08-26,1345,2025082603008692,MNBBL,Sundhara Securities Limited,Online Securities Pvt. Ltd.,1000,445.1,445100.0,2025-08-26 14:59:05.618446
2025-08-26,1344,2025082603008693,MNBBL,Dipshikha Dhitopatra Karobar Co. Pvt Ltd.,Online Securities Pvt. Ltd.,100,445.0,44500.0,2025-08-26 14:59:05.618505
2025-08-26,1343,2025082603008694,MNBBL,Sani Securities Company Ltd.,Online Securities Pvt. Ltd.,5121,445.0,2278845.0,2025-08-26 14:59:05.618568
2025-08-26,835,2025082603008787,MNBBL,Opal Securities Investment (PVT) Ltd.,Primo Securities (PVT) Ltd.,50,447.8,22390.0,2025-08-26 14:59:28.351872
