Date,S.N.,Contract ID,Symbol,Buyer Broker,Seller Broker,quantity,rate,amount,transaction_time
2025-07-20,177834,2025072004000097,CHCL,Deevyaa Securities & Stock House Pvt. Ltd,Trademow Securities Private Limited,100,553.8,55380.0,2025-07-20T11:00:32.767768
2025-07-20,177727,2025072004000131,CHCL,Premier Securities Company Ltd.,Primo Securities (PVT) Ltd.,43,554.9,23860.7,2025-07-20T11:00:48.777825
2025-07-20,177726,2025072004000132,CHCL,Premier Securities Company Ltd.,Naasa Securities Co. Ltd.,57,554.9,31629.3,2025-07-20T11:00:48.777882
2025-07-20,177708,2025072004000141,CHCL,Primo Securities (PVT) Ltd.,Linch Stock Market Ltd.,100,553.8,55380.0,2025-07-20T11:00:51.164081
2025-07-20,177537,2025072004000200,CHCL,Primo Securities (PVT) Ltd.,Naasa Securities Co. Ltd.,100,550.0,55000.0,2025-07-20T11:01:14.178223
2025-07-20,177536,2025072004000201,CHCL,South Asian Bulls Pvt. Ltd.,Naasa Securities Co. Ltd.,32,550.0,17600.0,2025-07-20T11:01:14.178284
2025-07-20,177235,2025072004000299,CHCL,Ashutosh Brokerage & Securities (PVT) Ltd.,Naasa Securities Co. Ltd.,100,550.0,55000.0,2025-07-20T11:01:45.531406
2025-07-20,176701,2025072004000507,CHCL,Dipshikha Dhitopatra Karobar Co. Pvt Ltd.,Naasa Securities Co. Ltd.,68,550.0,37400.0,2025-07-20T11:02:31.052403
2025-07-20,176700,2025072004000508,CHCL,Dipshikha Dhitopatra Karobar Co. Pvt Ltd.,Neev Securities Pvt. Ltd.,32,550.0,17600.0,2025-07-20T11:02:31.052465
2025-07-20,176563,2025072004000564,CHCL,J.F. Securites (PVT) Ltd.,Arun Securities (PVT) Ltd.,100,548.0,54800.0,2025-07-20T11:02:43.748491
2025-07-20,176562,2025072004000565,CHCL,Aakashbhairab Securities Ltd.,Arun Securities (PVT) Ltd.,500,548.0,274000.0,2025-07-20T11:02:43.748571
2025-07-20,176561,2025072004000566,CHCL,Kohinoor Investment & Securities Pvt. Ltd.,Arun Securities (PVT) Ltd.,500,547.0,273500.0,2025-07-20T11:02:43.74862
2025-07-20,176185,2025072004000701,CHCL,Trademow Securities Private Limited,Arun Securities (PVT) Ltd.,400,547.0,218800.0,2025-07-20T11:03:14.699635
2025-07-20,176173,2025072004000707,CHCL,Sumeru Securities Pvt. Ltd.,Neev Securities Pvt. Ltd.,68,550.0,37400.0,2025-07-20T11:03:15.634141
2025-07-20,176172,2025072004000708,CHCL,Sumeru Securities Pvt. Ltd.,Shree Krishna Securities Ltd.,32,550.0,17600.0,2025-07-20T11:03:15.634226
2025-07-20,175435,2025072004001010,CHCL,Asian Securities Private Ltd.,Sri Hari Securities Pvt. Ltd.,90,547.1,49239.0,2025-07-20T11:04:11.501245
2025-07-20,175434,2025072004001011,CHCL,Trademow Securities Private Limited,Sri Hari Securities Pvt. Ltd.,100,547.0,54700.0,2025-07-20T11:04:11.501409
2025-07-20,175433,2025072004001012,CHCL,Dipshikha Dhitopatra Karobar Co. Pvt Ltd.,Sri Hari Securities Pvt. Ltd.,60,547.0,32820.0,2025-07-20T11:04:11.50151
2025-07-20,173417,2025072004001681,CHCL,Sharepro Securities Private Limited,Naasa Securities Co. Ltd.,40,548.1,21924.0,2025-07-20T11:06:25.902405
2025-07-20,173345,2025072004001706,CHCL,Sharepro Securities Private Limited,Neev Securities Pvt. Ltd.,160,548.1,87696.0,2025-07-20T11:06:30.021077
2025-07-20,172256,2025072004002057,CHCL,Dipshikha Dhitopatra Karobar Co. Pvt Ltd.,Neev Securities Pvt. Ltd.,40,548.0,21920.0,2025-07-20T11:07:39.345858
2025-07-20,172089,2025072004002109,CHCL,South Asian Bulls Pvt. Ltd.,Imperial Securities Company Pvt. Ltd.,100,549.9,54990.0,2025-07-20T11:07:49.033729
2025-07-20,172088,2025072004002110,CHCL,South Asian Bulls Pvt. Ltd.,Neev Securities Pvt. Ltd.,100,550.0,55000.0,2025-07-20T11:07:49.033904
2025-07-20,171948,2025072004002157,CHCL,Nepal Stock House (PVT) Ltd.,Deevyaa Securities & Stock House Pvt. Ltd,11,548.0,6028.0,2025-07-20T11:07:58.161562
2025-07-20,171598,2025072004002278,CHCL,Pragyan Securities (PVT) Ltd.,Aryatara Investment & Securities,100,549.9,54990.0,2025-07-20T11:08:22.543361
2025-07-20,171505,2025072004002314,CHCL,Nepal Investment And Securities Trading Private Limited,Aryatara Investment & Securities,900,549.9,494910.0,2025-07-20T11:08:27.883167
2025-07-20,171504,2025072004002315,CHCL,Nepal Investment And Securities Trading Private Limited,Trademow Securities Private Limited,100,550.0,55000.0,2025-07-20T11:08:27.88337
2025-07-20,171352,2025072004002348,CHCL,Nepal Stock House (PVT) Ltd.,Imperial Securities Company Pvt. Ltd.,1000,548.0,548000.0,2025-07-20T11:08:34.842818
2025-07-20,171192,2025072004002395,CHCL,Oxford Securities Pvt. Ltd.,Trademow Securities Private Limited,450,550.0,247500.0,2025-07-20T11:08:43.036263
2025-07-20,171155,2025072004002406,CHCL,Nepal Stock House (PVT) Ltd.,Dynamic Money Managers Securities Pvt. Ltd.,989,548.0,541972.0,2025-07-20T11:08:45.23774
2025-07-20,171154,2025072004002407,CHCL,Aryatara Investment & Securities,Dynamic Money Managers Securities Pvt. Ltd.,40,548.0,21920.0,2025-07-20T11:08:45.237922
2025-07-20,170822,2025072004002502,CHCL,Kalika Securities Pvt. Ltd.,Dynamic Money Managers Securities Pvt. Ltd.,200,548.0,109600.0,2025-07-20T11:09:02.058815
2025-07-20,170797,2025072004002512,CHCL,Sundhara Securities Limited,Dynamic Money Managers Securities Pvt. Ltd.,600,548.0,328800.0,2025-07-20T11:09:03.674744
2025-07-20,170588,2025072004002554,CHCL,Dipshikha Dhitopatra Karobar Co. Pvt Ltd.,Sri Hari Securities Pvt. Ltd.,50,547.5,27375.0,2025-07-20T11:09:17.422213
2025-07-20,170587,2025072004002555,CHCL,Asian Securities Private Ltd.,Sri Hari Securities Pvt. Ltd.,190,547.1,103949.0,2025-07-20T11:09:17.422339
2025-07-20,170586,2025072004002556,CHCL,Asian Securities Private Ltd.,Sri Hari Securities Pvt. Ltd.,200,547.1,109420.0,2025-07-20T11:09:17.422404
2025-07-20,170585,2025072004002557,CHCL,Aakashbhairab Securities Ltd.,Sri Hari Securities Pvt. Ltd.,210,547.0,114870.0,2025-07-20T11:09:17.422454
2025-07-20,170529,2025072004002581,CHCL,Aakashbhairab Securities Ltd.,Naasa Securities Co. Ltd.,1500,547.0,820500.0,2025-07-20T11:09:22.284998
2025-07-20,170268,2025072004002673,CHCL,Sani Securities Company Ltd.,Asian Securities Private Ltd.,100,547.2,54720.0,2025-07-20T11:09:38.954613
2025-07-20,170215,2025072004002693,CHCL,Sani Securities Company Ltd.,Nepal Stock House (PVT) Ltd.,100,547.2,54720.0,2025-07-20T11:09:42.552649
2025-07-20,170214,2025072004002694,CHCL,Aakashbhairab Securities Ltd.,Nepal Stock House (PVT) Ltd.,3290,547.0,1799630.0,2025-07-20T11:09:42.552777
2025-07-20,170213,2025072004002695,CHCL,Dipshikha Dhitopatra Karobar Co. Pvt Ltd.,Nepal Stock House (PVT) Ltd.,100,547.0,54700.0,2025-07-20T11:09:42.552825
2025-07-20,170212,2025072004002696,CHCL,Cristal Kanchanjanga Securites Pvt. Ltd.,Nepal Stock House (PVT) Ltd.,500,547.0,273500.0,2025-07-20T11:09:42.552865
2025-07-20,170211,2025072004002697,CHCL,Sani Securities Company Ltd.,Nepal Stock House (PVT) Ltd.,500,546.1,273050.0,2025-07-20T11:09:42.552908
2025-07-20,170210,2025072004002698,CHCL,Asian Securities Private Ltd.,Nepal Stock House (PVT) Ltd.,30,545.1,16353.0,2025-07-20T11:09:42.552968
2025-07-20,170209,2025072004002699,CHCL,Asian Securities Private Ltd.,Nepal Stock House (PVT) Ltd.,200,545.0,109000.0,2025-07-20T11:09:42.553018
2025-07-20,170208,2025072004002700,CHCL,Prabhu Stock Market Limited,Nepal Stock House (PVT) Ltd.,100,545.0,54500.0,2025-07-20T11:09:42.553057
2025-07-20,169825,2025072004002804,CHCL,Sani Securities Company Ltd.,Nepal Stock House (PVT) Ltd.,780,545.0,425100.0,2025-07-20T11:10:06.646251
2025-07-20,169824,2025072004002805,CHCL,Sani Securities Company Ltd.,Prabhu Stock Market Limited,100,547.0,54700.0,2025-07-20T11:10:06.646465
2025-07-20,169823,2025072004002806,CHCL,Sani Securities Company Ltd.,Dynamic Money Managers Securities Pvt. Ltd.,120,548.0,65760.0,2025-07-20T11:10:06.646598
2025-07-20,169191,2025072004002991,CHCL,Oxford Securities Pvt. Ltd.,Miyo Securities Pvt Ltd,200,543.2,108640.0,2025-07-20T11:10:53.647791
2025-07-20,167590,2025072004003495,CHCL,Trademow Securities Private Limited,Linch Stock Market Ltd.,100,543.3,54330.0,2025-07-20T11:12:44.933556
2025-07-20,167589,2025072004003496,CHCL,Deevyaa Securities & Stock House Pvt. Ltd,Linch Stock Market Ltd.,10,543.3,5433.0,2025-07-20T11:12:44.933661
2025-07-20,167234,2025072004003606,CHCL,Oxford Securities Pvt. Ltd.,Imperial Securities Company Pvt. Ltd.,700,543.4,380380.0,2025-07-20T11:13:08.006963
2025-07-20,167233,2025072004003607,CHCL,Deevyaa Securities & Stock House Pvt. Ltd,Imperial Securities Company Pvt. Ltd.,90,543.3,48897.0,2025-07-20T11:13:08.007029
2025-07-20,167232,2025072004003608,CHCL,Cristal Kanchanjanga Securites Pvt. Ltd.,Imperial Securities Company Pvt. Ltd.,210,543.3,114093.0,2025-07-20T11:13:08.007055
2025-07-20,166842,2025072004003700,CHCL,Sumeru Securities Pvt. Ltd.,Imperial Securities Company Pvt. Ltd.,20,543.4,10868.0,2025-07-20T11:13:36.017659
2025-07-20,166423,2025072004003846,CHCL,Vision Securities Pvt. Ltd,Nepal Stock House (PVT) Ltd.,50,543.5,27175.0,2025-07-20T11:14:09.532402
2025-07-20,166152,2025072004003923,CHCL,Pragyan Securities (PVT) Ltd.,Creative Securities Pvt Ltd,200,546.0,109200.0,2025-07-20T11:14:32.233679
2025-07-20,166151,2025072004003924,CHCL,Pragyan Securities (PVT) Ltd.,Ashutosh Brokerage & Securities (PVT) Ltd.,500,546.0,273000.0,2025-07-20T11:14:32.233784
2025-07-20,166150,2025072004003925,CHCL,Pragyan Securities (PVT) Ltd.,Nepal Investment And Securities Trading Private Limited,300,546.9,164070.0,2025-07-20T11:14:32.233837
2025-07-20,165943,2025072004003969,CHCL,Nabil Stock Dealer Ltd.,Nepal Investment And Securities Trading Private Limited,400,546.9,218760.0,2025-07-20T11:14:49.07277
2025-07-20,165942,2025072004003970,CHCL,Nabil Stock Dealer Ltd.,Imperial Securities Company Pvt. Ltd.,100,546.9,54690.0,2025-07-20T11:14:49.072877
2025-07-20,165941,2025072004003971,CHCL,Nabil Stock Dealer Ltd.,Trisul Securities & Invt. Ltd.,500,547.0,273500.0,2025-07-20T11:14:49.072961
2025-07-20,165117,2025072004004216,CHCL,Pragyan Securities (PVT) Ltd.,Trisul Securities & Invt. Ltd.,500,547.0,273500.0,2025-07-20T11:15:44.803829
2025-07-20,165116,2025072004004217,CHCL,Pragyan Securities (PVT) Ltd.,Indira securities pvt. ltd,50,547.0,27350.0,2025-07-20T11:15:44.803928
2025-07-20,165115,2025072004004218,CHCL,Pragyan Securities (PVT) Ltd.,Aryatara Investment & Securities,400,547.0,218800.0,2025-07-20T11:15:44.803978
2025-07-20,165114,2025072004004219,CHCL,Pragyan Securities (PVT) Ltd.,Aryatara Investment & Securities,50,547.0,27350.0,2025-07-20T11:15:44.804051
2025-07-20,164680,2025072004004329,CHCL,Imperial Securities Company Pvt. Ltd.,Aryatara Investment & Securities,11,547.0,6017.0,2025-07-20T11:16:10.209835
2025-07-20,163779,2025072004004584,CHCL,Agrawal Securities (PVT) Ltd.,Dynamic Money Managers Securities Pvt. Ltd.,45,548.0,24660.0,2025-07-20T11:17:01.976042
2025-07-20,163739,2025072004004597,CHCL,Imperial Securities Company Pvt. Ltd.,Imperial Securities Company Pvt. Ltd.,200,545.1,109020.0,2025-07-20T11:17:04.646902
2025-07-20,163738,2025072004004598,CHCL,Dipshikha Dhitopatra Karobar Co. Pvt Ltd.,Imperial Securities Company Pvt. Ltd.,150,545.0,81750.0,2025-07-20T11:17:04.647026
2025-07-20,163724,2025072004004604,CHCL,Aryatara Investment & Securities,Imperial Securities Company Pvt. Ltd.,100,545.0,54500.0,2025-07-20T11:17:05.498118
2025-07-20,163398,2025072004004744,CHCL,Stoxkarts Securities Limited,Neev Securities Pvt. Ltd.,200,548.0,109600.0,2025-07-20T11:17:28.056525
2025-07-20,163039,2025072004004848,CHCL,Cristal Kanchanjanga Securites Pvt. Ltd.,Naasa Securities Co. Ltd.,300,548.0,164400.0,2025-07-20T11:17:47.261152
2025-07-20,162955,2025072004004865,CHCL,Siprabi Securities Pvt. Ltd.,Naasa Securities Co. Ltd.,200,548.0,109600.0,2025-07-20T11:17:52.238059
2025-07-20,162840,2025072004004895,CHCL,Dipshikha Dhitopatra Karobar Co. Pvt Ltd.,Naasa Securities Co. Ltd.,25,548.0,13700.0,2025-07-20T11:18:00.997131
2025-07-20,162122,2025072004005099,CHCL,Primo Securities (PVT) Ltd.,Naasa Securities Co. Ltd.,475,548.0,260300.0,2025-07-20T11:18:46.659724
2025-07-20,162121,2025072004005100,CHCL,Primo Securities (PVT) Ltd.,Citizens Share Broker Limited,25,548.0,13700.0,2025-07-20T11:18:46.659832
2025-07-20,161796,2025072004005186,CHCL,Trademow Securities Private Limited,Citizens Share Broker Limited,65,548.0,35620.0,2025-07-20T11:19:09.028583
2025-07-20,161731,2025072004005194,CHCL,Siprabi Securities Pvt. Ltd.,Citizens Share Broker Limited,45,548.0,24660.0,2025-07-20T11:19:12.746943
2025-07-20,161042,2025072004005347,CHCL,Vision Securities Pvt. Ltd,Citizens Share Broker Limited,65,548.0,35620.0,2025-07-20T11:20:02.691377
2025-07-20,160909,2025072004005368,CHCL,Agrawal Securities (PVT) Ltd.,Prabhu Stock Market Limited,35,549.0,19215.0,2025-07-20T11:20:13.591578
2025-07-20,160257,2025072004005587,CHCL,Imperial Securities Company Pvt. Ltd.,Prabhu Stock Market Limited,15,549.0,8235.0,2025-07-20T11:20:55.213939
2025-07-20,160014,2025072004005628,CHCL,Asian Securities Private Ltd.,Naasa Securities Co. Ltd.,10,549.7,5497.0,2025-07-20T11:21:12.424932
2025-07-20,159824,2025072004005672,CHCL,Nabil Stock Dealer Ltd.,Naasa Securities Co. Ltd.,80,549.7,43976.0,2025-07-20T11:21:22.435773
2025-07-20,159772,2025072004005684,CHCL,Imperial Securities Company Pvt. Ltd.,Online Securities Pvt. Ltd.,35,549.0,19215.0,2025-07-20T11:21:26.037262
2025-07-20,159771,2025072004005685,CHCL,Vision Securities Pvt. Ltd,Online Securities Pvt. Ltd.,50,548.0,27400.0,2025-07-20T11:21:26.037616
2025-07-20,159770,2025072004005686,CHCL,Sundhara Securities Limited,Online Securities Pvt. Ltd.,100,548.0,54800.0,2025-07-20T11:21:26.037816
2025-07-20,159769,2025072004005687,CHCL,Pragyan Securities (PVT) Ltd.,Online Securities Pvt. Ltd.,300,548.0,164400.0,2025-07-20T11:21:26.037985
2025-07-20,159463,2025072004005753,CHCL,Dakshinkali Investment & Securities Pvt. Ltd.,Creative Securities Pvt Ltd,10,547.5,5475.0,2025-07-20T11:21:44.58229
2025-07-20,159462,2025072004005754,CHCL,Dakshinkali Investment & Securities Pvt. Ltd.,Creative Securities Pvt Ltd,15,547.2,8208.0,2025-07-20T11:21:44.582467
2025-07-20,159461,2025072004005755,CHCL,Online Securities Pvt. Ltd.,Creative Securities Pvt Ltd,100,547.2,54720.0,2025-07-20T11:21:44.582535
2025-07-20,159460,2025072004005756,CHCL,Asian Securities Private Ltd.,Creative Securities Pvt Ltd,75,547.2,41040.0,2025-07-20T11:21:44.582644
2025-07-20,159459,2025072004005757,CHCL,Asian Securities Private Ltd.,Creative Securities Pvt Ltd,200,547.1,109420.0,2025-07-20T11:21:44.582724
2025-07-20,159458,2025072004005758,CHCL,Aryatara Investment & Securities,Creative Securities Pvt Ltd,100,547.0,54700.0,2025-07-20T11:21:44.58278
2025-07-20,159457,2025072004005759,CHCL,Linch Stock Market Ltd.,Creative Securities Pvt Ltd,50,547.0,27350.0,2025-07-20T11:21:44.582831
2025-07-20,159456,2025072004005760,CHCL,Imperial Securities Company Pvt. Ltd.,Creative Securities Pvt Ltd,30,547.0,16410.0,2025-07-20T11:21:44.582886
2025-07-20,159367,2025072004005791,CHCL,Asian Securities Private Ltd.,Naasa Securities Co. Ltd.,210,549.7,115437.0,2025-07-20T11:21:49.768993
2025-07-20,159210,2025072004005833,CHCL,Asian Securities Private Ltd.,Aryatara Investment & Securities,80,549.7,43976.0,2025-07-20T11:22:02.007018
2025-07-20,159209,2025072004005834,CHCL,Pragyan Securities (PVT) Ltd.,Aryatara Investment & Securities,30,549.0,16470.0,2025-07-20T11:22:02.007156
2025-07-20,158908,2025072004005906,CHCL,Aryatara Investment & Securities,Aryatara Investment & Securities,200,548.0,109600.0,2025-07-20T11:22:22.377483
2025-07-20,158892,2025072004005922,CHCL,Oxford Securities Pvt. Ltd.,Aryatara Investment & Securities,690,548.0,378120.0,2025-07-20T11:22:22.479166
2025-07-20,158888,2025072004005923,CHCL,Sumeru Securities Pvt. Ltd.,Sani Securities Company Ltd.,100,549.8,54980.0,2025-07-20T11:22:23.217434
2025-07-20,158340,2025072004006075,CHCL,Oxford Securities Pvt. Ltd.,Sani Securities Company Ltd.,200,549.8,109960.0,2025-07-20T11:23:00.824564
2025-07-20,158176,2025072004006114,CHCL,Oxford Securities Pvt. Ltd.,Sani Securities Company Ltd.,500,549.8,274900.0,2025-07-20T11:23:11.936108
2025-07-20,157878,2025072004006216,CHCL,Oxford Securities Pvt. Ltd.,Imperial Securities Company Pvt. Ltd.,100,549.9,54990.0,2025-07-20T11:23:30.202922
2025-07-20,157738,2025072004006236,CHCL,Nepal Investment And Securities Trading Private Limited,Dipshikha Dhitopatra Karobar Co. Pvt Ltd.,50,550.0,27500.0,2025-07-20T11:23:39.733827
2025-07-20,157737,2025072004006237,CHCL,Nepal Investment And Securities Trading Private Limited,Siprabi Securities Pvt. Ltd.,20,550.0,11000.0,2025-07-20T11:23:39.733946
2025-07-20,157025,2025072004006398,CHCL,Miyo Securities Pvt Ltd,Siprabi Securities Pvt. Ltd.,70,550.0,38500.0,2025-07-20T11:24:26.994435
2025-07-20,157024,2025072004006399,CHCL,Miyo Securities Pvt Ltd,Nagarik Stock Dealer ,16,550.0,8800.0,2025-07-20T11:24:26.994474
2025-07-20,157023,2025072004006400,CHCL,Miyo Securities Pvt Ltd,Kohinoor Investment & Securities Pvt. Ltd.,100,550.0,55000.0,2025-07-20T11:24:26.994501
2025-07-20,157022,2025072004006401,CHCL,Miyo Securities Pvt Ltd,ABC Securities Private Limited,10,550.0,5500.0,2025-07-20T11:24:26.994538
2025-07-20,157021,2025072004006402,CHCL,Miyo Securities Pvt Ltd,South Asian Bulls Pvt. Ltd.,30,551.9,16557.0,2025-07-20T11:24:26.99462
2025-07-20,157020,2025072004006403,CHCL,Miyo Securities Pvt Ltd,Opal Securities Investment (PVT) Ltd.,1000,552.0,552000.0,2025-07-20T11:24:26.994655
2025-07-20,157019,2025072004006404,CHCL,Miyo Securities Pvt Ltd,Kumari Securities Private Limited,500,552.0,276000.0,2025-07-20T11:24:26.994697
2025-07-20,157018,2025072004006405,CHCL,Miyo Securities Pvt Ltd,Shree Krishna Securities Ltd.,774,552.0,427248.0,2025-07-20T11:24:26.99472
2025-07-20,156722,2025072004006459,CHCL,Sharepro Securities Private Limited,Shree Krishna Securities Ltd.,226,552.0,124752.0,2025-07-20T11:24:47.078666
2025-07-20,156721,2025072004006460,CHCL,Sharepro Securities Private Limited,Sani Securities Company Ltd.,24,552.8,13267.2,2025-07-20T11:24:47.078807
2025-07-20,156221,2025072004006638,CHCL,Deevyaa Securities & Stock House Pvt. Ltd,Sani Securities Company Ltd.,76,552.8,42012.8,2025-07-20T11:25:22.73212
2025-07-20,156220,2025072004006639,CHCL,Deevyaa Securities & Stock House Pvt. Ltd,Neev Securities Pvt. Ltd.,54,552.8,29851.2,2025-07-20T11:25:22.732269
2025-07-20,155172,2025072004006930,CHCL,Oxford Securities Pvt. Ltd.,Neev Securities Pvt. Ltd.,46,552.8,25428.8,2025-07-20T11:26:39.084048
2025-07-20,155171,2025072004006931,CHCL,Oxford Securities Pvt. Ltd.,Naasa Securities Co. Ltd.,200,552.8,110560.0,2025-07-20T11:26:39.08417
2025-07-20,154964,2025072004006995,CHCL,Imperial Securities Company Pvt. Ltd.,SUN SECURITIES PVT LTD,60,550.0,33000.0,2025-07-20T11:26:57.877365
2025-07-20,154833,2025072004007031,CHCL,Oxford Securities Pvt. Ltd.,Naasa Securities Co. Ltd.,300,552.9,165870.0,2025-07-20T11:27:06.372781
2025-07-20,154635,2025072004007097,CHCL,Oxford Securities Pvt. Ltd.,Imperial Securities Company Pvt. Ltd.,150,553.0,82950.0,2025-07-20T11:27:20.520111
2025-07-20,154634,2025072004007098,CHCL,Oxford Securities Pvt. Ltd.,J.F. Securites (PVT) Ltd.,150,553.0,82950.0,2025-07-20T11:27:20.520243
2025-07-20,154459,2025072004007142,CHCL,Oxford Securities Pvt. Ltd.,Asian Securities Private Ltd.,600,553.5,332100.0,2025-07-20T11:27:33.635216
2025-07-20,154100,2025072004007262,CHCL,Trishakti Securities Public Limited,Asian Securities Private Ltd.,111,554.0,61494.0,2025-07-20T11:28:00.885435
2025-07-20,154099,2025072004007263,CHCL,Trishakti Securities Public Limited,Asian Securities Private Ltd.,200,554.0,110800.0,2025-07-20T11:28:00.885569
2025-07-20,154098,2025072004007264,CHCL,Trishakti Securities Public Limited,Neev Securities Pvt. Ltd.,100,554.0,55400.0,2025-07-20T11:28:00.885646
2025-07-20,153742,2025072004007318,CHCL,Trishakti Securities Public Limited,Sharepro Securities Private Limited,89,554.1,49314.9,2025-07-20T11:28:23.070984
2025-07-20,153492,2025072004007402,CHCL,Oxford Securities Pvt. Ltd.,South Asian Bulls Pvt. Ltd.,100,554.0,55400.0,2025-07-20T11:28:40.316229
2025-07-20,153491,2025072004007403,CHCL,Oxford Securities Pvt. Ltd.,Sharepro Securities Private Limited,300,554.1,166230.0,2025-07-20T11:28:40.316383
2025-07-20,153157,2025072004007528,CHCL,Oxford Securities Pvt. Ltd.,Sharepro Securities Private Limited,11,554.1,6095.1,2025-07-20T11:29:05.571058
2025-07-20,153156,2025072004007529,CHCL,Oxford Securities Pvt. Ltd.,Neev Securities Pvt. Ltd.,100,554.1,55410.0,2025-07-20T11:29:05.571184
2025-07-20,153137,2025072004007532,CHCL,Citizens Share Broker Limited,Naasa Securities Co. Ltd.,100,554.0,55400.0,2025-07-20T11:29:07.120124
2025-07-20,152984,2025072004007573,CHCL,Deevyaa Securities & Stock House Pvt. Ltd,Online Securities Pvt. Ltd.,100,553.5,55350.0,2025-07-20T11:29:17.609331
2025-07-20,152842,2025072004007601,CHCL,Oxford Securities Pvt. Ltd.,Naasa Securities Co. Ltd.,100,554.0,55400.0,2025-07-20T11:29:24.755293
2025-07-20,152581,2025072004007670,CHCL,Deevyaa Securities & Stock House Pvt. Ltd,Online Securities Pvt. Ltd.,100,553.5,55350.0,2025-07-20T11:29:41.003877
2025-07-20,152580,2025072004007671,CHCL,Sani Securities Company Ltd.,Online Securities Pvt. Ltd.,40,553.0,22120.0,2025-07-20T11:29:41.004003
2025-07-20,152579,2025072004007672,CHCL,Sharepro Securities Private Limited,Online Securities Pvt. Ltd.,60,553.0,33180.0,2025-07-20T11:29:41.004059
2025-07-20,152558,2025072004007676,CHCL,Kohinoor Investment & Securities Pvt. Ltd.,Dynamic Money Managers Securities Pvt. Ltd.,1,548.0,548.0,2025-07-20T11:29:43.670369
2025-07-20,152382,2025072004007730,CHCL,Sharepro Securities Private Limited,Sundhara Securities Limited,100,553.0,55300.0,2025-07-20T11:29:57.223967
2025-07-20,152295,2025072004007760,CHCL,Imperial Securities Company Pvt. Ltd.,Creative Securities Pvt Ltd,70,554.0,38780.0,2025-07-20T11:30:04.673748
2025-07-20,152294,2025072004007761,CHCL,Sharepro Securities Private Limited,Creative Securities Pvt Ltd,40,553.0,22120.0,2025-07-20T11:30:04.67387
2025-07-20,152121,2025072004007806,CHCL,Dipshikha Dhitopatra Karobar Co. Pvt Ltd.,Online Securities Pvt. Ltd.,90,551.0,49590.0,2025-07-20T11:30:19.914766
2025-07-20,151873,2025072004007890,CHCL,Kohinoor Investment & Securities Pvt. Ltd.,Kohinoor Investment & Securities Pvt. Ltd.,1,540.0,540.0,2025-07-20T11:30:40.643611
2025-07-20,151455,2025072004007995,CHCL,Pragyan Securities (PVT) Ltd.,Creative Securities Pvt Ltd,40,553.0,22120.0,2025-07-20T11:31:16.139827
2025-07-20,151454,2025072004007996,CHCL,Pragyan Securities (PVT) Ltd.,Asian Securities Private Ltd.,875,554.8,485450.0,2025-07-20T11:31:16.13997
2025-07-20,151453,2025072004007997,CHCL,Pragyan Securities (PVT) Ltd.,Naasa Securities Co. Ltd.,85,554.9,47166.5,2025-07-20T11:31:16.140037
2025-07-20,151299,2025072004008035,CHCL,Pragyan Securities (PVT) Ltd.,Naasa Securities Co. Ltd.,58,554.9,32184.2,2025-07-20T11:31:27.692403
2025-07-20,151298,2025072004008036,CHCL,Pragyan Securities (PVT) Ltd.,Oxford Securities Pvt. Ltd.,500,554.9,277450.0,2025-07-20T11:31:27.692553
2025-07-20,151297,2025072004008037,CHCL,Pragyan Securities (PVT) Ltd.,Aakashbhairab Securities Ltd.,442,554.9,245265.8,2025-07-20T11:31:27.692677
2025-07-20,150798,2025072004008157,CHCL,Sundhara Securities Limited,Creative Securities Pvt Ltd,500,553.1,276550.0,2025-07-20T11:32:02.906844
2025-07-20,150761,2025072004008160,CHCL,Linch Stock Market Ltd.,Linch Stock Market Ltd.,200,554.0,110800.0,2025-07-20T11:32:05.125772
2025-07-20,150598,2025072004008195,CHCL,Sumeru Securities Pvt. Ltd.,Market Securities & Exchange (PVT) Ltd.,240,553.9,132936.0,2025-07-20T11:32:13.608062
2025-07-20,150597,2025072004008196,CHCL,Sumeru Securities Pvt. Ltd.,Linch Stock Market Ltd.,60,554.0,33240.0,2025-07-20T11:32:13.608196
2025-07-20,150347,2025072004008280,CHCL,Oxford Securities Pvt. Ltd.,Linch Stock Market Ltd.,240,554.0,132960.0,2025-07-20T11:32:33.02039
2025-07-20,150274,2025072004008310,CHCL,Oxford Securities Pvt. Ltd.,Dakshinkali Investment & Securities Pvt. Ltd.,10,554.0,5540.0,2025-07-20T11:32:36.879425
2025-07-20,150273,2025072004008311,CHCL,Trisul Securities & Invt. Ltd.,Dakshinkali Investment & Securities Pvt. Ltd.,30,553.2,16596.0,2025-07-20T11:32:36.879571
2025-07-20,149962,2025072004008375,CHCL,Linch Stock Market Ltd.,Prabhu Stock Market Limited,25,553.3,13832.5,2025-07-20T11:32:57.9497
2025-07-20,149961,2025072004008376,CHCL,Trisul Securities & Invt. Ltd.,Prabhu Stock Market Limited,170,553.2,94044.0,2025-07-20T11:32:57.949845
2025-07-20,149960,2025072004008377,CHCL,Sundhara Securities Limited,Prabhu Stock Market Limited,305,553.1,168695.5,2025-07-20T11:32:57.94991
2025-07-20,149856,2025072004008407,CHCL,Sundhara Securities Limited,Market Securities & Exchange (PVT) Ltd.,10,553.1,5531.0,2025-07-20T11:33:05.497135
2025-07-20,149650,2025072004008458,CHCL,Oxford Securities Pvt. Ltd.,Linch Stock Market Ltd.,100,553.3,55330.0,2025-07-20T11:33:22.575492
2025-07-20,149649,2025072004008459,CHCL,Oxford Securities Pvt. Ltd.,Naasa Securities Co. Ltd.,300,554.8,166440.0,2025-07-20T11:33:22.575634
2025-07-20,149648,2025072004008460,CHCL,Oxford Securities Pvt. Ltd.,Aakashbhairab Securities Ltd.,500,554.9,277450.0,2025-07-20T11:33:22.5757
2025-07-20,149094,2025072004008639,CHCL,Aryatara Investment & Securities,Naasa Securities Co. Ltd.,200,554.8,110960.0,2025-07-20T11:34:06.168684
2025-07-20,149093,2025072004008640,CHCL,Aryatara Investment & Securities,Aakashbhairab Securities Ltd.,58,554.9,32184.2,2025-07-20T11:34:06.168935
2025-07-20,149092,2025072004008641,CHCL,Aryatara Investment & Securities,Trishakti Securities Public Limited,600,554.9,332940.0,2025-07-20T11:34:06.16915
2025-07-20,149091,2025072004008642,CHCL,Aryatara Investment & Securities,Sundhara Securities Limited,100,554.9,55490.0,2025-07-20T11:34:06.169345
2025-07-20,149090,2025072004008643,CHCL,Aryatara Investment & Securities,Sani Securities Company Ltd.,140,555.0,77700.0,2025-07-20T11:34:06.169514
2025-07-20,149089,2025072004008644,CHCL,Aryatara Investment & Securities,Agrawal Securities (PVT) Ltd.,100,555.0,55500.0,2025-07-20T11:34:06.169715
2025-07-20,149088,2025072004008645,CHCL,Aryatara Investment & Securities,Naasa Securities Co. Ltd.,500,555.0,277500.0,2025-07-20T11:34:06.169867
2025-07-20,149087,2025072004008646,CHCL,Aryatara Investment & Securities,Trisul Securities & Invt. Ltd.,302,555.0,167610.0,2025-07-20T11:34:06.170056
2025-07-20,148877,2025072004008695,CHCL,Nepal Stock House (PVT) Ltd.,Trisul Securities & Invt. Ltd.,150,555.0,83250.0,2025-07-20T11:34:23.603514
2025-07-20,147712,2025072004009073,CHCL,Trisul Securities & Invt. Ltd.,Asian Securities Private Ltd.,200,554.8,110960.0,2025-07-20T11:35:40.794282
2025-07-20,147711,2025072004009074,CHCL,Trisul Securities & Invt. Ltd.,Naasa Securities Co. Ltd.,200,554.9,110980.0,2025-07-20T11:35:40.794433
2025-07-20,147663,2025072004009077,CHCL,Primo Securities (PVT) Ltd.,Aryatara Investment & Securities,14,554.0,7756.0,2025-07-20T11:35:43.624909
2025-07-20,147494,2025072004009160,CHCL,Primo Securities (PVT) Ltd.,Dynamic Money Managers Securities Pvt. Ltd.,300,554.0,166200.0,2025-07-20T11:35:54.369164
2025-07-20,147382,2025072004009187,CHCL,Sani Securities Company Ltd.,Blue Chip Securities Ltd,540,554.9,299646.0,2025-07-20T11:36:01.487308
2025-07-20,147364,2025072004009194,CHCL,Kohinoor Investment & Securities Pvt. Ltd.,Shree Krishna Securities Ltd.,1,550.0,550.0,2025-07-20T11:36:02.68224
2025-07-20,147326,2025072004009203,CHCL,Primo Securities (PVT) Ltd.,Sundhara Securities Limited,100,554.0,55400.0,2025-07-20T11:36:06.954085
2025-07-20,146902,2025072004009337,CHCL,Aryatara Investment & Securities,Oxford Securities Pvt. Ltd.,19,554.1,10527.9,2025-07-20T11:36:41.701901
2025-07-20,146901,2025072004009338,CHCL,Primo Securities (PVT) Ltd.,Oxford Securities Pvt. Ltd.,86,554.0,47644.0,2025-07-20T11:36:41.702094
2025-07-20,146900,2025072004009339,CHCL,Imperial Securities Company Pvt. Ltd.,Oxford Securities Pvt. Ltd.,60,554.0,33240.0,2025-07-20T11:36:41.702162
2025-07-20,146899,2025072004009340,CHCL,Linch Stock Market Ltd.,Oxford Securities Pvt. Ltd.,80,554.0,44320.0,2025-07-20T11:36:41.702225
2025-07-20,146651,2025072004009420,CHCL,ABC Securities Private Limited,Sumeru Securities Pvt. Ltd.,200,553.2,110640.0,2025-07-20T11:36:57.701309
2025-07-20,146393,2025072004009495,CHCL,ABC Securities Private Limited,Sumeru Securities Pvt. Ltd.,100,553.2,55320.0,2025-07-20T11:37:19.854528
2025-07-20,146338,2025072004009511,CHCL,Thrive Brokerage House Pvt. Ltd,Oxford Securities Pvt. Ltd.,250,554.0,138500.0,2025-07-20T11:37:22.372176
2025-07-20,146178,2025072004009560,CHCL,Vision Securities Pvt. Ltd,Naasa Securities Co. Ltd.,200,554.8,110960.0,2025-07-20T11:37:33.122997
2025-07-20,145963,2025072004009625,CHCL,Sundhara Securities Limited,Prabhu Stock Market Limited,185,553.1,102323.5,2025-07-20T11:37:49.200297
2025-07-20,145962,2025072004009626,CHCL,Aakashbhairab Securities Ltd.,Prabhu Stock Market Limited,315,553.1,174226.5,2025-07-20T11:37:49.200479
2025-07-20,145617,2025072004009696,CHCL,Oxford Securities Pvt. Ltd.,Blue Chip Securities Ltd,162,554.9,89893.8,2025-07-20T11:38:11.758643
2025-07-20,145260,2025072004009790,CHCL,Sipla Securities Private Limited,Online Securities Pvt. Ltd.,9,548.0,4932.0,2025-07-20T11:38:44.366039
2025-07-20,145254,2025072004009791,CHCL,Sri Hari Securities Pvt. Ltd.,Imperial Securities Company Pvt. Ltd.,50,554.8,27740.0,2025-07-20T11:38:44.485455
2025-07-20,145253,2025072004009792,CHCL,Sri Hari Securities Pvt. Ltd.,Blue Chip Securities Ltd,50,554.9,27745.0,2025-07-20T11:38:44.485602
2025-07-20,144842,2025072004009931,CHCL,Creative Securities Pvt Ltd,Aryatara Investment & Securities,100,554.0,55400.0,2025-07-20T11:39:13.463541
2025-07-20,144572,2025072004009978,CHCL,Sipla Securities Private Limited,Dynamic Money Managers Securities Pvt. Ltd.,6,548.0,3288.0,2025-07-20T11:39:32.50455
2025-07-20,144344,2025072004010020,CHCL,Thrive Brokerage House Pvt. Ltd,Sweta Securities Private Limited,150,553.1,82965.0,2025-07-20T11:39:51.609485
2025-07-20,144231,2025072004010059,CHCL,Sundhara Securities Limited,Sweta Securities Private Limited,80,553.1,44248.0,2025-07-20T11:40:03.719025
2025-07-20,144220,2025072004010063,CHCL,Kohinoor Investment & Securities Pvt. Ltd.,Sundhara Securities Limited,25,553.0,13825.0,2025-07-20T11:40:04.725181
2025-07-20,144219,2025072004010064,CHCL,Imperial Securities Company Pvt. Ltd.,Sundhara Securities Limited,15,553.0,8295.0,2025-07-20T11:40:04.725387
2025-07-20,144218,2025072004010065,CHCL,Dakshinkali Investment & Securities Pvt. Ltd.,Sundhara Securities Limited,60,553.0,33180.0,2025-07-20T11:40:04.725462
2025-07-20,144087,2025072004010094,CHCL,Dakshinkali Investment & Securities Pvt. Ltd.,Sundhara Securities Limited,100,553.0,55300.0,2025-07-20T11:40:14.811019
2025-07-20,143782,2025072004010180,CHCL,Dakshinkali Investment & Securities Pvt. Ltd.,Imperial Securities Company Pvt. Ltd.,10,553.0,5530.0,2025-07-20T11:40:36.634839
2025-07-20,143766,2025072004010185,CHCL,Online Securities Pvt. Ltd.,Sweta Securities Private Limited,374,553.1,206859.4,2025-07-20T11:40:39.111257
2025-07-20,143749,2025072004010194,CHCL,Online Securities Pvt. Ltd.,Sundhara Securities Limited,100,553.1,55310.0,2025-07-20T11:40:40.995827
2025-07-20,143362,2025072004010323,CHCL,Online Securities Pvt. Ltd.,Sundhara Securities Limited,100,553.1,55310.0,2025-07-20T11:41:09.16266
2025-07-20,143112,2025072004010417,CHCL,Naasa Securities Co. Ltd.,Trademow Securities Private Limited,50,553.2,27660.0,2025-07-20T11:41:27.073539
2025-07-20,142907,2025072004010472,CHCL,Naasa Securities Co. Ltd.,Vision Securities Pvt. Ltd,50,553.2,27660.0,2025-07-20T11:41:40.489806
2025-07-20,142800,2025072004010500,CHCL,Online Securities Pvt. Ltd.,Cristal Kanchanjanga Securites Pvt. Ltd.,427,553.1,236173.7,2025-07-20T11:41:48.702645
2025-07-20,142799,2025072004010501,CHCL,Dakshinkali Investment & Securities Pvt. Ltd.,Cristal Kanchanjanga Securites Pvt. Ltd.,73,553.0,40369.0,2025-07-20T11:41:48.702826
2025-07-20,142657,2025072004010531,CHCL,Dakshinkali Investment & Securities Pvt. Ltd.,Naasa Securities Co. Ltd.,257,553.0,142121.0,2025-07-20T11:41:59.221433
2025-07-20,142656,2025072004010532,CHCL,Swarna Laxmi Securities Pvt. Ltd.,Naasa Securities Co. Ltd.,143,553.0,79079.0,2025-07-20T11:41:59.22159
2025-07-20,142572,2025072004010555,CHCL,Swarna Laxmi Securities Pvt. Ltd.,Aryatara Investment & Securities,57,553.0,31521.0,2025-07-20T11:42:05.10384
2025-07-20,142571,2025072004010556,CHCL,APPLE SECURITIES PRIVATE LIMITED,Aryatara Investment & Securities,443,553.0,244979.0,2025-07-20T11:42:05.10401
2025-07-20,142446,2025072004010587,CHCL,APPLE SECURITIES PRIVATE LIMITED,Cristal Kanchanjanga Securites Pvt. Ltd.,57,553.0,31521.0,2025-07-20T11:42:13.825409
2025-07-20,142445,2025072004010588,CHCL,Linch Stock Market Ltd.,Cristal Kanchanjanga Securites Pvt. Ltd.,50,553.0,27650.0,2025-07-20T11:42:13.82557
2025-07-20,142444,2025072004010589,CHCL,Naasa Securities Co. Ltd.,Cristal Kanchanjanga Securites Pvt. Ltd.,193,553.0,106729.0,2025-07-20T11:42:13.825648
2025-07-20,142398,2025072004010608,CHCL,Naasa Securities Co. Ltd.,Dynamic Money Managers Securities Pvt. Ltd.,107,553.0,59171.0,2025-07-20T11:42:16.743744
2025-07-20,142397,2025072004010609,CHCL,Dipshikha Dhitopatra Karobar Co. Pvt Ltd.,Dynamic Money Managers Securities Pvt. Ltd.,52,553.0,28756.0,2025-07-20T11:42:16.744059
2025-07-20,142394,2025072004010610,CHCL,Trisul Securities & Invt. Ltd.,Dynamic Money Managers Securities Pvt. Ltd.,100,553.0,55300.0,2025-07-20T11:42:17.208548
2025-07-20,142123,2025072004010688,CHCL,Neev Securities Pvt. Ltd.,Capital Max Securities Ltd,500,551.1,275550.0,2025-07-20T11:42:34.041122
2025-07-20,142122,2025072004010689,CHCL,Dipshikha Dhitopatra Karobar Co. Pvt Ltd.,Capital Max Securities Ltd,110,551.0,60610.0,2025-07-20T11:42:34.041274
2025-07-20,142121,2025072004010690,CHCL,Sweta Securities Private Limited,Capital Max Securities Ltd,10,551.0,5510.0,2025-07-20T11:42:34.041363
2025-07-20,142120,2025072004010691,CHCL,Linch Stock Market Ltd.,Capital Max Securities Ltd,100,551.0,55100.0,2025-07-20T11:42:34.041437
2025-07-20,142119,2025072004010692,CHCL,Aakashbhairab Securities Ltd.,Capital Max Securities Ltd,185,551.0,101935.0,2025-07-20T11:42:34.041512
2025-07-20,142118,2025072004010693,CHCL,Sumeru Securities Pvt. Ltd.,Capital Max Securities Ltd,100,550.1,55010.0,2025-07-20T11:42:34.041582
2025-07-20,142117,2025072004010694,CHCL,J.F. Securites (PVT) Ltd.,Capital Max Securities Ltd,495,550.1,272299.5,2025-07-20T11:42:34.041654
2025-07-20,141795,2025072004010801,CHCL,J.F. Securites (PVT) Ltd.,Nepal Investment And Securities Trading Private Limited,100,550.1,55010.0,2025-07-20T11:42:53.762382
2025-07-20,141676,2025072004010839,CHCL,J.F. Securites (PVT) Ltd.,Creative Securities Pvt Ltd,405,550.1,222790.5,2025-07-20T11:43:00.533398
2025-07-20,141675,2025072004010840,CHCL,Imperial Securities Company Pvt. Ltd.,Creative Securities Pvt Ltd,290,550.0,159500.0,2025-07-20T11:43:00.533562
2025-07-20,141674,2025072004010841,CHCL,J.F. Securites (PVT) Ltd.,Creative Securities Pvt Ltd,500,550.0,275000.0,2025-07-20T11:43:00.533629
2025-07-20,141673,2025072004010842,CHCL,Imperial Securities Company Pvt. Ltd.,Creative Securities Pvt Ltd,200,550.0,110000.0,2025-07-20T11:43:00.5337
2025-07-20,141672,2025072004010843,CHCL,Aryatara Investment & Securities,Creative Securities Pvt Ltd,605,550.0,332750.0,2025-07-20T11:43:00.533764
2025-07-20,141670,2025072004010845,CHCL,Aryatara Investment & Securities,Bhrikuti Stock Broking Co. Pvt. Ltd.,34,550.0,18700.0,2025-07-20T11:43:00.717506
2025-07-20,141561,2025072004010902,CHCL,Asian Securities Private Ltd.,Kumari Securities Private Limited,250,551.1,137775.0,2025-07-20T11:43:06.365751
2025-07-20,141073,2025072004011059,CHCL,Asian Securities Private Ltd.,Beni Securities Pvt.Ltd.,140,551.2,77168.0,2025-07-20T11:43:35.250125
2025-07-20,140208,2025072004011339,CHCL,Asian Securities Private Ltd.,Nepal Investment And Securities Trading Private Limited,50,551.2,27560.0,2025-07-20T11:44:30.058493
2025-07-20,139934,2025072004011413,CHCL,Asian Securities Private Ltd.,Asian Securities Private Ltd.,55,551.2,30316.0,2025-07-20T11:44:50.267873
2025-07-20,139933,2025072004011414,CHCL,Asian Securities Private Ltd.,Oxford Securities Pvt. Ltd.,5,551.2,2756.0,2025-07-20T11:44:50.267967
2025-07-20,139908,2025072004011418,CHCL,Aryatara Investment & Securities,Capital Hub P. Ltd,1361,550.0,748550.0,2025-07-20T11:44:51.386544
2025-07-20,139907,2025072004011419,CHCL,Aryatara Investment & Securities,Capital Hub P. Ltd,900,550.0,495000.0,2025-07-20T11:44:51.386857
2025-07-20,139906,2025072004011420,CHCL,Imperial Securities Company Pvt. Ltd.,Capital Hub P. Ltd,100,550.0,55000.0,2025-07-20T11:44:51.387068
2025-07-20,139905,2025072004011421,CHCL,Agrawal Securities (PVT) Ltd.,Capital Hub P. Ltd,200,550.0,110000.0,2025-07-20T11:44:51.387275
2025-07-20,139826,2025072004011436,CHCL,Vision Securities Pvt. Ltd,Himalayan Securities Limited,80,549.0,43920.0,2025-07-20T11:44:57.852399
2025-07-20,139825,2025072004011437,CHCL,Malla & Malla Stock Broking Company Pvt. Limited,Himalayan Securities Limited,120,549.0,65880.0,2025-07-20T11:44:57.852714
2025-07-20,139436,2025072004011548,CHCL,Malla & Malla Stock Broking Company Pvt. Limited,Thrive Brokerage House Pvt. Ltd,200,549.0,109800.0,2025-07-20T11:45:22.249281
2025-07-20,139341,2025072004011571,CHCL,Trisul Securities & Invt. Ltd.,Capital Hub P. Ltd,20,550.0,11000.0,2025-07-20T11:45:28.659267
2025-07-20,139306,2025072004011583,CHCL,APPLE SECURITIES PRIVATE LIMITED,Kohinoor Investment & Securities Pvt. Ltd.,300,549.5,164850.0,2025-07-20T11:45:32.055722
2025-07-20,139089,2025072004011659,CHCL,Malla & Malla Stock Broking Company Pvt. Limited,Capital Hub P. Ltd,180,549.0,98820.0,2025-07-20T11:45:43.525604
2025-07-20,139088,2025072004011660,CHCL,Naasa Securities Co. Ltd.,Capital Hub P. Ltd,133,549.0,73017.0,2025-07-20T11:45:43.525759
2025-07-20,138861,2025072004011720,CHCL,Naasa Securities Co. Ltd.,Naasa Securities Co. Ltd.,67,549.0,36783.0,2025-07-20T11:45:57.552045
2025-07-20,138860,2025072004011721,CHCL,Sumeru Securities Pvt. Ltd.,Naasa Securities Co. Ltd.,100,549.0,54900.0,2025-07-20T11:45:57.552237
2025-07-20,138613,2025072004011788,CHCL,South Asian Bulls Pvt. Ltd.,Naasa Securities Co. Ltd.,10,549.0,5490.0,2025-07-20T11:46:10.855769
2025-07-20,138316,2025072004011873,CHCL,Imperial Securities Company Pvt. Ltd.,Capital Max Securities Ltd,20,548.0,10960.0,2025-07-20T11:46:31.357417
2025-07-20,138315,2025072004011874,CHCL,Nepal Stock House (PVT) Ltd.,Capital Max Securities Ltd,100,546.6,54660.0,2025-07-20T11:46:31.357582
2025-07-20,138314,2025072004011875,CHCL,Nepal Stock House (PVT) Ltd.,Capital Max Securities Ltd,130,546.5,71045.0,2025-07-20T11:46:31.357653
2025-07-20,137846,2025072004012021,CHCL,Imperial Securities Company Pvt. Ltd.,Naasa Securities Co. Ltd.,23,549.0,12627.0,2025-07-20T11:47:01.805916
2025-07-20,137672,2025072004012072,CHCL,Naasa Securities Co. Ltd.,Nepal Investment And Securities Trading Private Limited,20,549.0,10980.0,2025-07-20T11:47:12.864904
2025-07-20,137095,2025072004012197,CHCL,Imperial Securities Company Pvt. Ltd.,Nepal Investment And Securities Trading Private Limited,50,549.1,27455.0,2025-07-20T11:47:53.264053
2025-07-20,137001,2025072004012227,CHCL,Imperial Securities Company Pvt. Ltd.,Naasa Securities Co. Ltd.,150,549.1,82365.0,2025-07-20T11:48:01.126503
2025-07-20,136386,2025072004012408,CHCL,Naasa Securities Co. Ltd.,Secured Securities Ltd.,80,549.0,43920.0,2025-07-20T11:48:47.402999
2025-07-20,136385,2025072004012409,CHCL,Sani Securities Company Ltd.,Secured Securities Ltd.,420,549.0,230580.0,2025-07-20T11:48:47.403168
2025-07-20,136259,2025072004012445,CHCL,Sani Securities Company Ltd.,Premier Securities Company Ltd.,480,549.0,263520.0,2025-07-20T11:48:56.177496
2025-07-20,136258,2025072004012446,CHCL,Sani Securities Company Ltd.,Premier Securities Company Ltd.,520,549.0,285480.0,2025-07-20T11:48:56.177663
2025-07-20,136182,2025072004012478,CHCL,Sani Securities Company Ltd.,Sharepro Securities Private Limited,380,549.0,208620.0,2025-07-20T11:49:01.296872
2025-07-20,135490,2025072004012727,CHCL,Sani Securities Company Ltd.,Sharepro Securities Private Limited,500,549.0,274500.0,2025-07-20T11:49:45.945203
2025-07-20,135230,2025072004012830,CHCL,Sani Securities Company Ltd.,Sharepro Securities Private Limited,500,549.0,274500.0,2025-07-20T11:50:04.002012
2025-07-20,135024,2025072004012934,CHCL,Sani Securities Company Ltd.,Siprabi Securities Pvt. Ltd.,83,548.0,45484.0,2025-07-20T11:50:17.638745
2025-07-20,135023,2025072004012935,CHCL,Sani Securities Company Ltd.,Opal Securities Investment (PVT) Ltd.,17,549.0,9333.0,2025-07-20T11:50:17.639066
2025-07-20,134465,2025072004013127,CHCL,Sani Securities Company Ltd.,Nepal Investment And Securities Trading Private Limited,50,549.0,27450.0,2025-07-20T11:51:06.533658
2025-07-20,134067,2025072004013227,CHCL,Naasa Securities Co. Ltd.,Naasa Securities Co. Ltd.,50,549.1,27455.0,2025-07-20T11:51:38.379526
2025-07-20,133875,2025072004013264,CHCL,Sani Securities Company Ltd.,Trishakti Securities Public Limited,100,549.0,54900.0,2025-07-20T11:51:54.862332
2025-07-20,133343,2025072004013413,CHCL,Sani Securities Company Ltd.,Nepal Investment And Securities Trading Private Limited,50,549.0,27450.0,2025-07-20T11:52:42.546377
2025-07-20,132857,2025072004013538,CHCL,Sani Securities Company Ltd.,Capital Max Securities Ltd,648,549.0,355752.0,2025-07-20T11:53:25.611363
2025-07-20,132856,2025072004013539,CHCL,Imperial Securities Company Pvt. Ltd.,Capital Max Securities Ltd,100,549.0,54900.0,2025-07-20T11:53:25.611534
2025-07-20,132855,2025072004013540,CHCL,Kohinoor Investment & Securities Pvt. Ltd.,Capital Max Securities Ltd,100,549.0,54900.0,2025-07-20T11:53:25.61161
2025-07-20,131659,2025072004013913,CHCL,Sani Securities Company Ltd.,Capital Max Securities Ltd,10,549.0,5490.0,2025-07-20T11:55:18.096881
2025-07-20,130524,2025072004014278,CHCL,Nepal Stock House (PVT) Ltd.,Kohinoor Investment & Securities Pvt. Ltd.,100,548.9,54890.0,2025-07-20T11:57:06.689986
2025-07-20,130108,2025072004014412,CHCL,Kohinoor Investment & Securities Pvt. Ltd.,Naasa Securities Co. Ltd.,200,548.5,109700.0,2025-07-20T11:57:52.385909
2025-07-20,130041,2025072004014423,CHCL,Kohinoor Investment & Securities Pvt. Ltd.,Sundhara Securities Limited,200,548.5,109700.0,2025-07-20T11:57:58.020709
2025-07-20,129753,2025072004014494,CHCL,Sani Securities Company Ltd.,Naasa Securities Co. Ltd.,200,548.9,109780.0,2025-07-20T11:58:31.27395
2025-07-20,129294,2025072004014688,CHCL,Sani Securities Company Ltd.,Naasa Securities Co. Ltd.,300,548.9,164670.0,2025-07-20T11:59:22.76926
2025-07-20,128338,2025072004015023,CHCL,Imperial Securities Company Pvt. Ltd.,Trisul Securities & Invt. Ltd.,3,539.0,1617.0,2025-07-20T12:00:46.177667
2025-07-20,128277,2025072004015033,CHCL,Naasa Securities Co. Ltd.,Vision Securities Pvt. Ltd,295,548.9,161925.5,2025-07-20T12:00:52.594032
2025-07-20,128276,2025072004015034,CHCL,Naasa Securities Co. Ltd.,Capital Max Securities Ltd,70,549.0,38430.0,2025-07-20T12:00:52.594225
2025-07-20,128113,2025072004015084,CHCL,Imperial Securities Company Pvt. Ltd.,Bhrikuti Stock Broking Co. Pvt. Ltd.,3,540.1,1620.3,2025-07-20T12:01:05.71965
2025-07-20,128053,2025072004015101,CHCL,Kohinoor Investment & Securities Pvt. Ltd.,Nepal Investment And Securities Trading Private Limited,25,548.5,13712.5,2025-07-20T12:01:10.844981
2025-07-20,127921,2025072004015142,CHCL,Imperial Securities Company Pvt. Ltd.,Shree Krishna Securities Ltd.,2,545.0,1090.0,2025-07-20T12:01:26.018111
2025-07-20,127722,2025072004015189,CHCL,Imperial Securities Company Pvt. Ltd.,Naasa Securities Co. Ltd.,25,548.8,13720.0,2025-07-20T12:01:47.478421
2025-07-20,127558,2025072004015236,CHCL,Bhrikuti Stock Broking Co. Pvt. Ltd.,Sumeru Securities Pvt. Ltd.,200,548.0,109600.0,2025-07-20T12:02:03.329425
2025-07-20,127557,2025072004015237,CHCL,Midas Stock Broking Company Private Limited,Sumeru Securities Pvt. Ltd.,100,548.0,54800.0,2025-07-20T12:02:03.329751
2025-07-20,127556,2025072004015238,CHCL,Imperial Securities Company Pvt. Ltd.,Sumeru Securities Pvt. Ltd.,25,548.0,13700.0,2025-07-20T12:02:03.329968
2025-07-20,127555,2025072004015239,CHCL,Siprabi Securities Pvt. Ltd.,Sumeru Securities Pvt. Ltd.,170,548.0,93160.0,2025-07-20T12:02:03.330188
2025-07-20,127520,2025072004015250,CHCL,Naasa Securities Co. Ltd.,Sumeru Securities Pvt. Ltd.,37,548.0,20276.0,2025-07-20T12:02:06.537945
2025-07-20,127045,2025072004015384,CHCL,Kohinoor Investment & Securities Pvt. Ltd.,Nepal Stock House (PVT) Ltd.,302,547.2,165254.4,2025-07-20T12:03:02.696448
2025-07-20,127026,2025072004015389,CHCL,Kohinoor Investment & Securities Pvt. Ltd.,Linch Stock Market Ltd.,198,547.2,108345.6,2025-07-20T12:03:05.011666
2025-07-20,127025,2025072004015390,CHCL,Neev Securities Pvt. Ltd.,Linch Stock Market Ltd.,100,547.1,54710.0,2025-07-20T12:03:05.012031
2025-07-20,127024,2025072004015391,CHCL,Sumeru Securities Pvt. Ltd.,Linch Stock Market Ltd.,268,547.0,146596.0,2025-07-20T12:03:05.012292
2025-07-20,125734,2025072004015737,CHCL,Online Securities Pvt. Ltd.,Nepal Stock House (PVT) Ltd.,50,547.1,27355.0,2025-07-20T12:05:14.824389
2025-07-20,125733,2025072004015738,CHCL,Sumeru Securities Pvt. Ltd.,Nepal Stock House (PVT) Ltd.,32,547.0,17504.0,2025-07-20T12:05:14.824758
2025-07-20,125732,2025072004015739,CHCL,Naasa Securities Co. Ltd.,Nepal Stock House (PVT) Ltd.,17,547.0,9299.0,2025-07-20T12:05:14.825024
2025-07-20,125731,2025072004015740,CHCL,Imperial Securities Company Pvt. Ltd.,Nepal Stock House (PVT) Ltd.,25,547.0,13675.0,2025-07-20T12:05:14.825252
2025-07-20,125730,2025072004015741,CHCL,Naasa Securities Co. Ltd.,Nepal Stock House (PVT) Ltd.,26,547.0,14222.0,2025-07-20T12:05:14.825474
2025-07-20,125729,2025072004015742,CHCL,Sri Hari Securities Pvt. Ltd.,Nepal Stock House (PVT) Ltd.,170,547.0,92990.0,2025-07-20T12:05:14.825694
2025-07-20,125633,2025072004015767,CHCL,Naasa Securities Co. Ltd.,Nepal Stock House (PVT) Ltd.,10,547.0,5470.0,2025-07-20T12:05:24.429741
2025-07-20,125412,2025072004015850,CHCL,Arun Securities (PVT) Ltd.,Nepal Stock House (PVT) Ltd.,200,547.0,109400.0,2025-07-20T12:05:43.79616
2025-07-20,124976,2025072004015996,CHCL,Online Securities Pvt. Ltd.,Nepal Stock House (PVT) Ltd.,10,546.7,5467.0,2025-07-20T12:06:24.671753
2025-07-20,124975,2025072004015997,CHCL,Imperial Securities Company Pvt. Ltd.,Nepal Stock House (PVT) Ltd.,460,546.6,251436.0,2025-07-20T12:06:24.67196
2025-07-20,124273,2025072004016194,CHCL,Kalika Securities Pvt. Ltd.,Linch Stock Market Ltd.,200,547.9,109580.0,2025-07-20T12:07:47.320593
2025-07-20,123621,2025072004016354,CHCL,Kohinoor Investment & Securities Pvt. Ltd.,Dynamic Money Managers Securities Pvt. Ltd.,250,547.0,136750.0,2025-07-20T12:08:56.929732
2025-07-20,123620,2025072004016355,CHCL,Ashutosh Brokerage & Securities (PVT) Ltd.,Dynamic Money Managers Securities Pvt. Ltd.,200,546.7,109340.0,2025-07-20T12:08:56.930013
2025-07-20,123374,2025072004016437,CHCL,Imperial Securities Company Pvt. Ltd.,Dynamic Money Managers Securities Pvt. Ltd.,40,546.6,21864.0,2025-07-20T12:09:25.936039
2025-07-20,123373,2025072004016438,CHCL,Dynamic Money Managers Securities Pvt. Ltd.,Dynamic Money Managers Securities Pvt. Ltd.,100,546.6,54660.0,2025-07-20T12:09:25.936244
2025-07-20,123372,2025072004016439,CHCL,Nepal Stock House (PVT) Ltd.,Dynamic Money Managers Securities Pvt. Ltd.,860,546.5,469990.0,2025-07-20T12:09:25.936329
2025-07-20,122878,2025072004016595,CHCL,Nagarik Stock Dealer ,Creative Securities Pvt Ltd,800,546.7,437360.0,2025-07-20T12:10:10.534516
2025-07-20,122877,2025072004016596,CHCL,Nepal Stock House (PVT) Ltd.,Creative Securities Pvt Ltd,10,546.5,5465.0,2025-07-20T12:10:10.534714
2025-07-20,122876,2025072004016597,CHCL,Asian Securities Private Ltd.,Creative Securities Pvt Ltd,100,546.2,54620.0,2025-07-20T12:10:10.534799
2025-07-20,122875,2025072004016598,CHCL,Online Securities Pvt. Ltd.,Creative Securities Pvt Ltd,15,546.1,8191.5,2025-07-20T12:10:10.534882
2025-07-20,122874,2025072004016599,CHCL,Sumeru Securities Pvt. Ltd.,Creative Securities Pvt Ltd,75,546.1,40957.5,2025-07-20T12:10:10.534965
2025-07-20,122816,2025072004016620,CHCL,Dipshikha Dhitopatra Karobar Co. Pvt Ltd.,Kumari Securities Private Limited,150,546.2,81930.0,2025-07-20T12:10:14.932147
2025-07-20,122807,2025072004016623,CHCL,Sumeru Securities Pvt. Ltd.,Sumeru Securities Pvt. Ltd.,425,546.1,232092.5,2025-07-20T12:10:15.775765
2025-07-20,122806,2025072004016624,CHCL,Naasa Securities Co. Ltd.,Sumeru Securities Pvt. Ltd.,200,546.0,109200.0,2025-07-20T12:10:15.775957
2025-07-20,122805,2025072004016625,CHCL,Sweta Securities Private Limited,Sumeru Securities Pvt. Ltd.,200,546.0,109200.0,2025-07-20T12:10:15.776034
2025-07-20,122804,2025072004016626,CHCL,Aryatara Investment & Securities,Sumeru Securities Pvt. Ltd.,1000,546.0,546000.0,2025-07-20T12:10:15.77611
2025-07-20,122803,2025072004016627,CHCL,Magnet Securities and Investment Company Private Limited,Sumeru Securities Pvt. Ltd.,1000,546.0,546000.0,2025-07-20T12:10:15.776186
2025-07-20,122802,2025072004016628,CHCL,Shree Krishna Securities Ltd.,Sumeru Securities Pvt. Ltd.,200,546.0,109200.0,2025-07-20T12:10:15.776258
2025-07-20,122801,2025072004016629,CHCL,Nepal Investment And Securities Trading Private Limited,Sumeru Securities Pvt. Ltd.,15,546.0,8190.0,2025-07-20T12:10:15.776385
2025-07-20,122800,2025072004016630,CHCL,Trisul Securities & Invt. Ltd.,Sumeru Securities Pvt. Ltd.,100,546.0,54600.0,2025-07-20T12:10:15.776484
2025-07-20,122544,2025072004016710,CHCL,Bhrikuti Stock Broking Co. Pvt. Ltd.,Sumeru Securities Pvt. Ltd.,328,546.0,179088.0,2025-07-20T12:10:43.992369
2025-07-20,122429,2025072004016759,CHCL,Sharepro Securities Private Limited,Market Securities & Exchange (PVT) Ltd.,95,545.2,51794.0,2025-07-20T12:10:57.574972
2025-07-20,122371,2025072004016765,CHCL,Cristal Kanchanjanga Securites Pvt. Ltd.,Shree Krishna Securities Ltd.,11,546.0,6006.0,2025-07-20T12:11:07.113643
2025-07-20,122360,2025072004016772,CHCL,Bhrikuti Stock Broking Co. Pvt. Ltd.,Kumari Securities Private Limited,100,546.2,54620.0,2025-07-20T12:11:08.363905
2025-07-20,122199,2025072004016834,CHCL,Bhrikuti Stock Broking Co. Pvt. Ltd.,Sri Hari Securities Pvt. Ltd.,300,546.2,163860.0,2025-07-20T12:11:28.306719
2025-07-20,121791,2025072004016960,CHCL,Ashutosh Brokerage & Securities (PVT) Ltd.,Sri Hari Securities Pvt. Ltd.,100,546.2,54620.0,2025-07-20T12:12:12.061681
2025-07-20,121692,2025072004017017,CHCL,Aryatara Investment & Securities,Dynamic Money Managers Securities Pvt. Ltd.,10,546.9,5469.0,2025-07-20T12:12:24.433861
2025-07-20,121302,2025072004017093,CHCL,Cristal Kanchanjanga Securites Pvt. Ltd.,ABC Securities Private Limited,89,546.0,48594.0,2025-07-20T12:13:02.829454
2025-07-20,121301,2025072004017094,CHCL,Online Securities Pvt. Ltd.,ABC Securities Private Limited,100,546.0,54600.0,2025-07-20T12:13:02.829659
2025-07-20,120968,2025072004017164,CHCL,Kohinoor Investment & Securities Pvt. Ltd.,ABC Securities Private Limited,250,546.0,136500.0,2025-07-20T12:13:40.053625
2025-07-20,120548,2025072004017295,CHCL,Opal Securities Investment (PVT) Ltd.,ABC Securities Private Limited,15,546.0,8190.0,2025-07-20T12:14:26.081135
2025-07-20,120532,2025072004017300,CHCL,Imperial Securities Company Pvt. Ltd.,Miyo Securities Pvt Ltd,20,545.5,10910.0,2025-07-20T12:14:28.916248
2025-07-20,120531,2025072004017301,CHCL,Infinity Securities Limited,Miyo Securities Pvt Ltd,157,545.5,85643.5,2025-07-20T12:14:28.916301
2025-07-20,120445,2025072004017345,CHCL,J.F. Securites (PVT) Ltd.,ABC Securities Private Limited,46,546.0,25116.0,2025-07-20T12:14:34.911484
2025-07-20,119919,2025072004017527,CHCL,Naasa Securities Co. Ltd.,Imperial Securities Company Pvt. Ltd.,1,535.1,535.1,2025-07-20T12:15:27.251803
2025-07-20,119724,2025072004017581,CHCL,Premier Securities Company Ltd.,Linch Stock Market Ltd.,100,546.8,54680.0,2025-07-20T12:15:48.673508
2025-07-20,119723,2025072004017582,CHCL,Premier Securities Company Ltd.,Oxford Securities Pvt. Ltd.,80,546.8,43744.0,2025-07-20T12:15:48.673723
2025-07-20,119073,2025072004017949,CHCL,ABC Securities Private Limited,Oxford Securities Pvt. Ltd.,120,546.8,65616.0,2025-07-20T12:16:30.321872
2025-07-20,118617,2025072004018102,CHCL,Sani Securities Company Ltd.,Dynamic Money Managers Securities Pvt. Ltd.,500,546.9,273450.0,2025-07-20T12:17:25.350881
2025-07-20,118215,2025072004018231,CHCL,Oxford Securities Pvt. Ltd.,Dynamic Money Managers Securities Pvt. Ltd.,770,546.9,421113.0,2025-07-20T12:18:10.77392
2025-07-20,117950,2025072004018349,CHCL,Naasa Securities Co. Ltd.,Sharepro Securities Private Limited,190,546.9,103911.0,2025-07-20T12:18:32.488082
2025-07-20,117949,2025072004018350,CHCL,Sri Hari Securities Pvt. Ltd.,Sharepro Securities Private Limited,80,546.2,43696.0,2025-07-20T12:18:32.48837
2025-07-20,117948,2025072004018351,CHCL,Trisul Securities & Invt. Ltd.,Sharepro Securities Private Limited,100,546.1,54610.0,2025-07-20T12:18:32.488457
2025-07-20,117947,2025072004018352,CHCL,Infinity Securities Limited,Sharepro Securities Private Limited,143,546.1,78092.3,2025-07-20T12:18:32.488542
2025-07-20,117946,2025072004018353,CHCL,J.F. Securites (PVT) Ltd.,Sharepro Securities Private Limited,15,546.0,8190.0,2025-07-20T12:18:32.488625
2025-07-20,117945,2025072004018354,CHCL,Aryatara Investment & Securities,Sharepro Securities Private Limited,100,546.0,54600.0,2025-07-20T12:18:32.488706
2025-07-20,117944,2025072004018355,CHCL,Sani Securities Company Ltd.,Sharepro Securities Private Limited,1000,546.0,546000.0,2025-07-20T12:18:32.488788
2025-07-20,117943,2025072004018356,CHCL,Himalayan Brokerage Company Limited,Sharepro Securities Private Limited,272,546.0,148512.0,2025-07-20T12:18:32.488874
2025-07-20,117755,2025072004018399,CHCL,Malla & Malla Stock Broking Company Pvt. Limited,Oxford Securities Pvt. Ltd.,100,547.0,54700.0,2025-07-20T12:18:45.70899
2025-07-20,117753,2025072004018400,CHCL,Midas Stock Broking Company Private Limited,Oxford Securities Pvt. Ltd.,64,547.0,35008.0,2025-07-20T12:18:45.840648
2025-07-20,117611,2025072004018463,CHCL,Himalayan Brokerage Company Limited,Sharepro Securities Private Limited,70,546.0,38220.0,2025-07-20T12:18:54.73861
2025-07-20,117385,2025072004018551,CHCL,Kumari Securities Private Limited,Trishakti Securities Public Limited,100,548.0,54800.0,2025-07-20T12:19:18.084716
2025-07-20,117384,2025072004018552,CHCL,Kumari Securities Private Limited,Capital Max Securities Ltd,400,549.0,219600.0,2025-07-20T12:19:18.085135
2025-07-20,116779,2025072004018848,CHCL,Primo Securities (PVT) Ltd.,Trisul Securities & Invt. Ltd.,500,546.3,273150.0,2025-07-20T12:20:02.894664
2025-07-20,116778,2025072004018849,CHCL,Imperial Securities Company Pvt. Ltd.,Trisul Securities & Invt. Ltd.,100,546.2,54620.0,2025-07-20T12:20:02.894905
2025-07-20,116777,2025072004018850,CHCL,Imperial Securities Company Pvt. Ltd.,Trisul Securities & Invt. Ltd.,160,546.2,87392.0,2025-07-20T12:20:02.895
2025-07-20,116257,2025072004019025,CHCL,Siprabi Securities Pvt. Ltd.,Aryatara Investment & Securities,20,548.0,10960.0,2025-07-20T12:20:43.7238
2025-07-20,115397,2025072004019240,CHCL,Nagarik Stock Dealer ,Dynamic Money Managers Securities Pvt. Ltd.,1000,547.0,547000.0,2025-07-20T12:22:06.312799
2025-07-20,115396,2025072004019241,CHCL,Capital Max Securities Ltd,Dynamic Money Managers Securities Pvt. Ltd.,500,547.0,273500.0,2025-07-20T12:22:06.313037
2025-07-20,115395,2025072004019242,CHCL,Online Securities Pvt. Ltd.,Dynamic Money Managers Securities Pvt. Ltd.,50,547.0,27350.0,2025-07-20T12:22:06.313137
2025-07-20,115226,2025072004019278,CHCL,Naasa Securities Co. Ltd.,Aryatara Investment & Securities,52,548.0,28496.0,2025-07-20T12:22:22.753324
2025-07-20,114901,2025072004019386,CHCL,Kumari Securities Private Limited,Online Securities Pvt. Ltd.,100,546.5,54650.0,2025-07-20T12:22:52.62043
2025-07-20,114218,2025072004019606,CHCL,Oxford Securities Pvt. Ltd.,Capital Max Securities Ltd,583,547.0,318901.0,2025-07-20T12:23:52.212091
2025-07-20,114217,2025072004019607,CHCL,Kumari Securities Private Limited,Capital Max Securities Ltd,100,546.5,54650.0,2025-07-20T12:23:52.2123
2025-07-20,114216,2025072004019608,CHCL,Oxford Securities Pvt. Ltd.,Capital Max Securities Ltd,500,546.4,273200.0,2025-07-20T12:23:52.212397
2025-07-20,114215,2025072004019609,CHCL,Imperial Securities Company Pvt. Ltd.,Capital Max Securities Ltd,240,546.2,131088.0,2025-07-20T12:23:52.212483
2025-07-20,114214,2025072004019610,CHCL,ABC Securities Private Limited,Capital Max Securities Ltd,200,546.1,109220.0,2025-07-20T12:23:52.212586
2025-07-20,114213,2025072004019611,CHCL,Aryatara Investment & Securities,Capital Max Securities Ltd,49,546.0,26754.0,2025-07-20T12:23:52.212679
2025-07-20,114148,2025072004019620,CHCL,Thrive Brokerage House Pvt. Ltd,Aryatara Investment & Securities,200,548.0,109600.0,2025-07-20T12:23:56.76146
2025-07-20,114065,2025072004019645,CHCL,Market Securities & Exchange (PVT) Ltd.,Capital Max Securities Ltd,500,547.1,273550.0,2025-07-20T12:24:07.279168
2025-07-20,114064,2025072004019646,CHCL,Aryatara Investment & Securities,Capital Max Securities Ltd,133,546.0,72618.0,2025-07-20T12:24:07.279387
2025-07-20,114063,2025072004019647,CHCL,Nepal Investment And Securities Trading Private Limited,Capital Max Securities Ltd,20,546.0,10920.0,2025-07-20T12:24:07.279488
2025-07-20,114062,2025072004019648,CHCL,Dynamic Money Managers Securities Pvt. Ltd.,Capital Max Securities Ltd,1000,546.0,546000.0,2025-07-20T12:24:07.279616
2025-07-20,114061,2025072004019649,CHCL,Aryatara Investment & Securities,Capital Max Securities Ltd,250,546.0,136500.0,2025-07-20T12:24:07.279744
2025-07-20,114050,2025072004019656,CHCL,Siprabi Securities Pvt. Ltd.,Capital Max Securities Ltd,97,546.0,52962.0,2025-07-20T12:24:08.031496
2025-07-20,114049,2025072004019657,CHCL,Siprabi Securities Pvt. Ltd.,Aryatara Investment & Securities,103,548.0,56444.0,2025-07-20T12:24:08.031709
2025-07-20,113350,2025072004019930,CHCL,Agrawal Securities (PVT) Ltd.,Linch Stock Market Ltd.,35,547.0,19145.0,2025-07-20T12:25:12.933064
2025-07-20,113349,2025072004019931,CHCL,Agrawal Securities (PVT) Ltd.,Aryatara Investment & Securities,125,548.0,68500.0,2025-07-20T12:25:12.933285
2025-07-20,113348,2025072004019932,CHCL,Agrawal Securities (PVT) Ltd.,Trisul Securities & Invt. Ltd.,840,548.9,461076.0,2025-07-20T12:25:12.933385
2025-07-20,112704,2025072004020173,CHCL,Imperial Securities Company Pvt. Ltd.,Agrawal Securities (PVT) Ltd.,36,547.0,19692.0,2025-07-20T12:26:14.719622
2025-07-20,112691,2025072004020177,CHCL,Himalayan Securities Limited,Trishakti Securities Public Limited,1000,548.0,548000.0,2025-07-20T12:26:16.405371
2025-07-20,112690,2025072004020178,CHCL,Himalayan Securities Limited,Trishakti Securities Public Limited,1000,548.0,548000.0,2025-07-20T12:26:16.405788
2025-07-20,111647,2025072004020605,CHCL,Sharepro Securities Private Limited,Trisul Securities & Invt. Ltd.,160,548.9,87824.0,2025-07-20T12:27:31.434318
2025-07-20,111646,2025072004020606,CHCL,Sharepro Securities Private Limited,Nepal Investment And Securities Trading Private Limited,509,548.9,279390.1,2025-07-20T12:27:31.434375
2025-07-20,111645,2025072004020607,CHCL,Sharepro Securities Private Limited,Agrawal Securities (PVT) Ltd.,20,549.0,10980.0,2025-07-20T12:27:31.434403
2025-07-20,111644,2025072004020608,CHCL,Sharepro Securities Private Limited,Trisul Securities & Invt. Ltd.,1300,549.9,714870.0,2025-07-20T12:27:31.434435
2025-07-20,111643,2025072004020609,CHCL,Sharepro Securities Private Limited,Vision Securities Pvt. Ltd,350,550.0,192500.0,2025-07-20T12:27:31.434493
2025-07-20,111642,2025072004020610,CHCL,Sharepro Securities Private Limited,Naasa Securities Co. Ltd.,175,550.0,96250.0,2025-07-20T12:27:31.434622
2025-07-20,111641,2025072004020611,CHCL,Sharepro Securities Private Limited,ABC Securities Private Limited,1530,550.0,841500.0,2025-07-20T12:27:31.434647
2025-07-20,111640,2025072004020612,CHCL,Sharepro Securities Private Limited,Trishakti Securities Public Limited,2000,550.0,1100000.0,2025-07-20T12:27:31.43469
2025-07-20,111639,2025072004020613,CHCL,Sharepro Securities Private Limited,ABC Securities Private Limited,400,550.0,220000.0,2025-07-20T12:27:31.434742
2025-07-20,111638,2025072004020614,CHCL,Sharepro Securities Private Limited,Thrive Brokerage House Pvt. Ltd,556,550.0,305800.0,2025-07-20T12:27:31.434764
2025-07-20,110952,2025072004020840,CHCL,Dipshikha Dhitopatra Karobar Co. Pvt Ltd.,Asian Securities Private Ltd.,22,548.9,12075.8,2025-07-20T12:28:27.588704
2025-07-20,110776,2025072004020870,CHCL,Agrawal Securities (PVT) Ltd.,Linch Stock Market Ltd.,55,549.0,30195.0,2025-07-20T12:28:42.585639
2025-07-20,109973,2025072004021148,CHCL,Nepal Stock House (PVT) Ltd.,Thrive Brokerage House Pvt. Ltd,244,550.0,134200.0,2025-07-20T12:29:59.933726
2025-07-20,108674,2025072004021537,CHCL,Nepal Stock House (PVT) Ltd.,Vision Securities Pvt. Ltd,56,550.0,30800.0,2025-07-20T12:32:06.137796
2025-07-20,108673,2025072004021538,CHCL,Dipshikha Dhitopatra Karobar Co. Pvt Ltd.,Vision Securities Pvt. Ltd,228,550.0,125400.0,2025-07-20T12:32:06.13804
2025-07-20,108672,2025072004021539,CHCL,Agrawal Securities (PVT) Ltd.,Vision Securities Pvt. Ltd,145,549.0,79605.0,2025-07-20T12:32:06.138143
2025-07-20,108671,2025072004021540,CHCL,Sri Hari Securities Pvt. Ltd.,Vision Securities Pvt. Ltd,71,549.0,38979.0,2025-07-20T12:32:06.138241
2025-07-20,108569,2025072004021560,CHCL,Imperial Securities Company Pvt. Ltd.,Opal Securities Investment (PVT) Ltd.,3,540.0,1620.0,2025-07-20T12:32:12.707487
2025-07-20,108495,2025072004021591,CHCL,Kohinoor Investment & Securities Pvt. Ltd.,Imperial Securities Company Pvt. Ltd.,10,551.0,5510.0,2025-07-20T12:32:19.230852
2025-07-20,108494,2025072004021592,CHCL,Kohinoor Investment & Securities Pvt. Ltd.,Linch Stock Market Ltd.,30,551.0,16530.0,2025-07-20T12:32:19.231136
2025-07-20,108493,2025072004021593,CHCL,Kohinoor Investment & Securities Pvt. Ltd.,Dakshinkali Investment & Securities Pvt. Ltd.,60,552.0,33120.0,2025-07-20T12:32:19.231228
2025-07-20,108231,2025072004021650,CHCL,Primo Securities (PVT) Ltd.,Dakshinkali Investment & Securities Pvt. Ltd.,250,552.0,138000.0,2025-07-20T12:32:39.121902
2025-07-20,107894,2025072004021759,CHCL,Opal Securities Investment (PVT) Ltd.,Sajilo Broker Limited,18,550.0,9900.0,2025-07-20T12:33:14.525771
2025-07-20,107712,2025072004021799,CHCL,Primo Securities (PVT) Ltd.,Sajilo Broker Limited,82,550.0,45100.0,2025-07-20T12:33:32.425401
2025-07-20,106481,2025072004022154,CHCL,Primo Securities (PVT) Ltd.,Aryatara Investment & Securities,168,550.0,92400.0,2025-07-20T12:35:32.81794
2025-07-20,106480,2025072004022155,CHCL,Capital Max Securities Ltd,Aryatara Investment & Securities,500,550.0,275000.0,2025-07-20T12:35:32.818164
2025-07-20,106479,2025072004022156,CHCL,Imperial Securities Company Pvt. Ltd.,Aryatara Investment & Securities,154,550.0,84700.0,2025-07-20T12:35:32.818271
2025-07-20,106478,2025072004022157,CHCL,Capital Max Securities Ltd,Aryatara Investment & Securities,178,550.0,97900.0,2025-07-20T12:35:32.818371
2025-07-20,105706,2025072004022368,CHCL,Sundhara Securities Limited,Naasa Securities Co. Ltd.,100,551.8,55180.0,2025-07-20T12:36:39.169911
2025-07-20,104901,2025072004022578,CHCL,Nepal Stock House (PVT) Ltd.,Prabhu Stock Market Limited,100,551.8,55180.0,2025-07-20T12:38:05.408252
2025-07-20,104673,2025072004022669,CHCL,Sharepro Securities Private Limited,Trisul Securities & Invt. Ltd.,310,551.9,171089.0,2025-07-20T12:38:28.527045
2025-07-20,104672,2025072004022670,CHCL,Sharepro Securities Private Limited,Dakshinkali Investment & Securities Pvt. Ltd.,190,552.0,104880.0,2025-07-20T12:38:28.527094
2025-07-20,104671,2025072004022671,CHCL,Sharepro Securities Private Limited,Imperial Securities Company Pvt. Ltd.,1200,552.0,662400.0,2025-07-20T12:38:28.527124
2025-07-20,104320,2025072004022781,CHCL,Himalayan Brokerage Company Limited,J.F. Securites (PVT) Ltd.,10,552.0,5520.0,2025-07-20T12:39:03.889724
2025-07-20,104180,2025072004022830,CHCL,Himalayan Brokerage Company Limited,Sani Securities Company Ltd.,10,552.5,5525.0,2025-07-20T12:39:19.97006
2025-07-20,103978,2025072004022910,CHCL,Himalayan Brokerage Company Limited,Sani Securities Company Ltd.,50,552.5,27625.0,2025-07-20T12:39:42.056799
2025-07-20,103955,2025072004022915,CHCL,Sani Securities Company Ltd.,Deevyaa Securities & Stock House Pvt. Ltd,10,551.1,5511.0,2025-07-20T12:39:45.148354
2025-07-20,103954,2025072004022916,CHCL,Imperial Securities Company Pvt. Ltd.,Deevyaa Securities & Stock House Pvt. Ltd,100,551.0,55100.0,2025-07-20T12:39:45.148788
2025-07-20,103953,2025072004022917,CHCL,Primo Securities (PVT) Ltd.,Deevyaa Securities & Stock House Pvt. Ltd,300,551.0,165300.0,2025-07-20T12:39:45.149058
2025-07-20,103952,2025072004022918,CHCL,Pragyan Securities (PVT) Ltd.,Deevyaa Securities & Stock House Pvt. Ltd,800,551.0,440800.0,2025-07-20T12:39:45.149307
2025-07-20,103951,2025072004022919,CHCL,Primo Securities (PVT) Ltd.,Deevyaa Securities & Stock House Pvt. Ltd,500,550.1,275050.0,2025-07-20T12:39:45.149591
2025-07-20,103950,2025072004022920,CHCL,Capital Max Securities Ltd,Deevyaa Securities & Stock House Pvt. Ltd,322,550.0,177100.0,2025-07-20T12:39:45.149882
2025-07-20,103949,2025072004022921,CHCL,Capital Max Securities Ltd,Deevyaa Securities & Stock House Pvt. Ltd,500,550.0,275000.0,2025-07-20T12:39:45.150146
2025-07-20,103948,2025072004022922,CHCL,Sumeru Securities Pvt. Ltd.,Deevyaa Securities & Stock House Pvt. Ltd,500,550.0,275000.0,2025-07-20T12:39:45.150417
2025-07-20,103947,2025072004022923,CHCL,Shree Krishna Securities Ltd.,Deevyaa Securities & Stock House Pvt. Ltd,968,550.0,532400.0,2025-07-20T12:39:45.150702
2025-07-20,103760,2025072004022968,CHCL,Himalayan Brokerage Company Limited,Kalika Securities Pvt. Ltd.,13,552.4,7181.2,2025-07-20T12:40:03.131278
2025-07-20,103759,2025072004022969,CHCL,Himalayan Brokerage Company Limited,Sani Securities Company Ltd.,37,552.5,20442.5,2025-07-20T12:40:03.131781
2025-07-20,103758,2025072004022970,CHCL,Himalayan Brokerage Company Limited,Naasa Securities Co. Ltd.,50,552.5,27625.0,2025-07-20T12:40:03.132226
2025-07-20,103338,2025072004023074,CHCL,Kalika Securities Pvt. Ltd.,Naasa Securities Co. Ltd.,50,552.5,27625.0,2025-07-20T12:40:47.69289
2025-07-20,102920,2025072004023226,CHCL,Agrawal Securities (PVT) Ltd.,Vision Securities Pvt. Ltd,500,552.7,276350.0,2025-07-20T12:41:26.909809
2025-07-20,101833,2025072004023572,CHCL,Dipshikha Dhitopatra Karobar Co. Pvt Ltd.,J.F. Securites (PVT) Ltd.,10,552.0,5520.0,2025-07-20T12:43:17.455505
2025-07-20,100157,2025072004024027,CHCL,Dipshikha Dhitopatra Karobar Co. Pvt Ltd.,Naasa Securities Co. Ltd.,185,552.0,102120.0,2025-07-20T12:45:39.773633
2025-07-20,99605,2025072004024232,CHCL,Dipshikha Dhitopatra Karobar Co. Pvt Ltd.,Linch Stock Market Ltd.,105,552.0,57960.0,2025-07-20T12:46:30.035631
2025-07-20,99604,2025072004024233,CHCL,Aryatara Investment & Securities,Linch Stock Market Ltd.,45,552.0,24840.0,2025-07-20T12:46:30.035882
2025-07-20,99283,2025072004024310,CHCL,Magnet Securities and Investment Company Private Limited,Sumeru Securities Pvt. Ltd.,100,552.8,55280.0,2025-07-20T12:46:59.981087
2025-07-20,99097,2025072004024351,CHCL,Magnet Securities and Investment Company Private Limited,Trisul Securities & Invt. Ltd.,1000,552.9,552900.0,2025-07-20T12:47:17.035341
2025-07-20,98976,2025072004024385,CHCL,Dipshikha Dhitopatra Karobar Co. Pvt Ltd.,Naasa Securities Co. Ltd.,50,553.0,27650.0,2025-07-20T12:47:29.596165
2025-07-20,98975,2025072004024386,CHCL,Dipshikha Dhitopatra Karobar Co. Pvt Ltd.,Nepal Investment And Securities Trading Private Limited,150,553.0,82950.0,2025-07-20T12:47:29.596448
2025-07-20,98392,2025072004024519,CHCL,Imperial Securities Company Pvt. Ltd.,ABC Securities Private Limited,100,551.0,55100.0,2025-07-20T12:48:15.505625
2025-07-20,98391,2025072004024520,CHCL,Imperial Securities Company Pvt. Ltd.,ABC Securities Private Limited,70,551.0,38570.0,2025-07-20T12:48:15.505904
2025-07-20,98390,2025072004024521,CHCL,Shree Krishna Securities Ltd.,ABC Securities Private Limited,32,550.0,17600.0,2025-07-20T12:48:15.506009
2025-07-20,98389,2025072004024522,CHCL,J.F. Securites (PVT) Ltd.,ABC Securities Private Limited,100,550.0,55000.0,2025-07-20T12:48:15.506116
2025-07-20,98388,2025072004024523,CHCL,Trishakti Securities Public Limited,ABC Securities Private Limited,14,550.0,7700.0,2025-07-20T12:48:15.506215
2025-07-20,98387,2025072004024524,CHCL,Imperial Securities Company Pvt. Ltd.,ABC Securities Private Limited,100,550.0,55000.0,2025-07-20T12:48:15.506338
2025-07-20,98386,2025072004024525,CHCL,Sajilo Broker Limited,ABC Securities Private Limited,150,550.0,82500.0,2025-07-20T12:48:15.506434
2025-07-20,98385,2025072004024526,CHCL,Siprabi Securities Pvt. Ltd.,ABC Securities Private Limited,10,550.0,5500.0,2025-07-20T12:48:15.506529
2025-07-20,98384,2025072004024527,CHCL,Premier Securities Company Ltd.,ABC Securities Private Limited,100,550.0,55000.0,2025-07-20T12:48:15.506624
2025-07-20,98286,2025072004024535,CHCL,Sani Securities Company Ltd.,ABC Securities Private Limited,100,550.0,55000.0,2025-07-20T12:48:23.218813
2025-07-20,98227,2025072004024556,CHCL,Linch Stock Market Ltd.,ABC Securities Private Limited,224,550.0,123200.0,2025-07-20T12:48:27.198158
2025-07-20,98117,2025072004024585,CHCL,Nepal Stock House (PVT) Ltd.,Dynamic Money Managers Securities Pvt. Ltd.,100,552.0,55200.0,2025-07-20T12:48:37.162846
2025-07-20,98031,2025072004024601,CHCL,Magnet Securities and Investment Company Private Limited,Dynamic Money Managers Securities Pvt. Ltd.,900,552.0,496800.0,2025-07-20T12:48:44.312904
2025-07-20,97734,2025072004024672,CHCL,Magnet Securities and Investment Company Private Limited,Agrawal Securities (PVT) Ltd.,10,552.0,5520.0,2025-07-20T12:49:05.039017
2025-07-20,97382,2025072004024743,CHCL,Magnet Securities and Investment Company Private Limited,Linch Stock Market Ltd.,90,552.0,49680.0,2025-07-20T12:49:34.10447
2025-07-20,97381,2025072004024744,CHCL,Opal Securities Investment (PVT) Ltd.,Linch Stock Market Ltd.,350,552.0,193200.0,2025-07-20T12:49:34.104936
2025-07-20,97028,2025072004024841,CHCL,Oxford Securities Pvt. Ltd.,Linch Stock Market Ltd.,100,552.0,55200.0,2025-07-20T12:50:06.42367
2025-07-20,96385,2025072004024974,CHCL,Magnet Securities and Investment Company Private Limited,Vision Securities Pvt. Ltd,100,552.0,55200.0,2025-07-20T12:50:49.714738
2025-07-20,96227,2025072004025011,CHCL,Linch Stock Market Ltd.,Aryatara Investment & Securities,126,550.0,69300.0,2025-07-20T12:51:00.970557
2025-07-20,96226,2025072004025012,CHCL,Kumari Securities Private Limited,Aryatara Investment & Securities,72,550.0,39600.0,2025-07-20T12:51:00.971034
2025-07-20,96225,2025072004025013,CHCL,J.F. Securites (PVT) Ltd.,Aryatara Investment & Securities,200,550.0,110000.0,2025-07-20T12:51:00.971339
2025-07-20,96224,2025072004025014,CHCL,South Asian Bulls Pvt. Ltd.,Aryatara Investment & Securities,200,550.0,110000.0,2025-07-20T12:51:00.97163
2025-07-20,96223,2025072004025015,CHCL,Asian Securities Private Ltd.,Aryatara Investment & Securities,300,549.3,164790.0,2025-07-20T12:51:00.971924
2025-07-20,96222,2025072004025016,CHCL,Primo Securities (PVT) Ltd.,Aryatara Investment & Securities,250,549.2,137300.0,2025-07-20T12:51:00.972214
2025-07-20,96221,2025072004025017,CHCL,Sri Hari Securities Pvt. Ltd.,Aryatara Investment & Securities,62,549.0,34038.0,2025-07-20T12:51:00.97255
2025-07-20,95583,2025072004025166,CHCL,Magnet Securities and Investment Company Private Limited,Asian Securities Private Ltd.,100,552.9,55290.0,2025-07-20T12:51:55.983804
2025-07-20,94711,2025072004025380,CHCL,Midas Stock Broking Company Private Limited,Nepal Investment And Securities Trading Private Limited,100,553.0,55300.0,2025-07-20T12:53:18.294719
2025-07-20,93637,2025072004025658,CHCL,Kalika Securities Pvt. Ltd.,Nepal Investment And Securities Trading Private Limited,100,553.0,55300.0,2025-07-20T12:54:44.80416
2025-07-20,93241,2025072004025722,CHCL,Neev Securities Pvt. Ltd.,Oxford Securities Pvt. Ltd.,100,552.9,55290.0,2025-07-20T12:55:19.181435
2025-07-20,92713,2025072004025804,CHCL,Dipshikha Dhitopatra Karobar Co. Pvt Ltd.,Oxford Securities Pvt. Ltd.,900,552.9,497610.0,2025-07-20T12:55:57.874221
2025-07-20,92712,2025072004025805,CHCL,Dipshikha Dhitopatra Karobar Co. Pvt Ltd.,Ashutosh Brokerage & Securities (PVT) Ltd.,351,552.9,194067.9,2025-07-20T12:55:57.874462
2025-07-20,92711,2025072004025806,CHCL,Dipshikha Dhitopatra Karobar Co. Pvt Ltd.,Nepal Investment And Securities Trading Private Limited,150,553.0,82950.0,2025-07-20T12:55:57.874565
2025-07-20,92710,2025072004025807,CHCL,Dipshikha Dhitopatra Karobar Co. Pvt Ltd.,Imperial Securities Company Pvt. Ltd.,99,553.0,54747.0,2025-07-20T12:55:57.874664
2025-07-20,92498,2025072004025849,CHCL,Thrive Brokerage House Pvt. Ltd,Imperial Securities Company Pvt. Ltd.,4259,553.0,2355227.0,2025-07-20T12:56:12.873767
2025-07-20,92497,2025072004025850,CHCL,Thrive Brokerage House Pvt. Ltd,Sumeru Securities Pvt. Ltd.,400,553.0,221200.0,2025-07-20T12:56:12.874015
2025-07-20,92496,2025072004025851,CHCL,Thrive Brokerage House Pvt. Ltd,Imperial Securities Company Pvt. Ltd.,100,553.0,55300.0,2025-07-20T12:56:12.87412
2025-07-20,92495,2025072004025852,CHCL,Thrive Brokerage House Pvt. Ltd,Nepal Investment And Securities Trading Private Limited,30,553.0,16590.0,2025-07-20T12:56:12.874218
2025-07-20,92204,2025072004025900,CHCL,Sani Securities Company Ltd.,Vision Securities Pvt. Ltd,400,553.2,221280.0,2025-07-20T12:56:36.210199
2025-07-20,90734,2025072004026319,CHCL,Thrive Brokerage House Pvt. Ltd,Oxford Securities Pvt. Ltd.,100,553.0,55300.0,2025-07-20T12:58:35.709119
2025-07-20,90581,2025072004026362,CHCL,Thrive Brokerage House Pvt. Ltd,Sani Securities Company Ltd.,11,553.0,6083.0,2025-07-20T12:58:47.752058
2025-07-20,90315,2025072004026471,CHCL,Thrive Brokerage House Pvt. Ltd,Kohinoor Investment & Securities Pvt. Ltd.,26,553.0,14378.0,2025-07-20T12:59:13.582125
2025-07-20,90148,2025072004026535,CHCL,Thrive Brokerage House Pvt. Ltd,KALASH STOCK MARKET PVT. LTD.,50,553.0,27650.0,2025-07-20T12:59:29.925794
2025-07-20,89846,2025072004026623,CHCL,Thrive Brokerage House Pvt. Ltd,ABC Securities Private Limited,24,553.0,13272.0,2025-07-20T12:59:55.296706
2025-07-20,89608,2025072004026693,CHCL,Linch Stock Market Ltd.,ABC Securities Private Limited,30,553.0,16590.0,2025-07-20T13:00:16.79092
2025-07-20,89402,2025072004026743,CHCL,Linch Stock Market Ltd.,ABC Securities Private Limited,10,553.0,5530.0,2025-07-20T13:00:33.929142
2025-07-20,89317,2025072004026767,CHCL,Dynamic Money Managers Securities Pvt. Ltd.,ABC Securities Private Limited,300,553.0,165900.0,2025-07-20T13:00:41.566386
2025-07-20,89309,2025072004026769,CHCL,Linch Stock Market Ltd.,ABC Securities Private Limited,10,553.0,5530.0,2025-07-20T13:00:42.065155
2025-07-20,88121,2025072004027032,CHCL,Vision Securities Pvt. Ltd,ABC Securities Private Limited,50,553.0,27650.0,2025-07-20T13:02:21.140158
2025-07-20,87883,2025072004027071,CHCL,Linch Stock Market Ltd.,ABC Securities Private Limited,300,553.0,165900.0,2025-07-20T13:02:35.39769
2025-07-20,87584,2025072004027128,CHCL,Dipshikha Dhitopatra Karobar Co. Pvt Ltd.,ABC Securities Private Limited,274,553.0,151522.0,2025-07-20T13:03:13.046119
2025-07-20,87574,2025072004027133,CHCL,Premier Securities Company Ltd.,Malla & Malla Stock Broking Company Pvt. Limited,55,552.5,30387.5,2025-07-20T13:03:14.412741
2025-07-20,87573,2025072004027134,CHCL,Sani Securities Company Ltd.,Malla & Malla Stock Broking Company Pvt. Limited,10,552.5,5525.0,2025-07-20T13:03:14.413006
2025-07-20,87572,2025072004027135,CHCL,Trishakti Securities Public Limited,Malla & Malla Stock Broking Company Pvt. Limited,435,552.3,240250.5,2025-07-20T13:03:14.41318
2025-07-20,87465,2025072004027159,CHCL,Sumeru Securities Pvt. Ltd.,Nepal Stock House (PVT) Ltd.,50,553.0,27650.0,2025-07-20T13:03:25.127624
2025-07-20,87464,2025072004027160,CHCL,Sumeru Securities Pvt. Ltd.,Vision Securities Pvt. Ltd,80,553.2,44256.0,2025-07-20T13:03:25.127702
2025-07-20,87243,2025072004027202,CHCL,Dakshinkali Investment & Securities Pvt. Ltd.,Vision Securities Pvt. Ltd,150,553.2,82980.0,2025-07-20T13:03:41.502354
2025-07-20,86748,2025072004027315,CHCL,Sharepro Securities Private Limited,Sumeru Securities Pvt. Ltd.,274,553.0,151522.0,2025-07-20T13:04:23.299881
2025-07-20,86747,2025072004027316,CHCL,Sharepro Securities Private Limited,Vision Securities Pvt. Ltd,131,553.2,72469.2,2025-07-20T13:04:23.300137
2025-07-20,86330,2025072004027439,CHCL,Aryatara Investment & Securities,Linch Stock Market Ltd.,20,553.0,11060.0,2025-07-20T13:05:05.229307
2025-07-20,85879,2025072004027561,CHCL,Sani Securities Company Ltd.,Dakshinkali Investment & Securities Pvt. Ltd.,10,553.0,5530.0,2025-07-20T13:05:40.273533
2025-07-20,85678,2025072004027640,CHCL,Nepal Investment And Securities Trading Private Limited,Dakshinkali Investment & Securities Pvt. Ltd.,845,553.0,467285.0,2025-07-20T13:05:59.669189
2025-07-20,85677,2025072004027641,CHCL,Nepal Investment And Securities Trading Private Limited,Naasa Securities Co. Ltd.,40,553.0,22120.0,2025-07-20T13:05:59.669232
2025-07-20,85676,2025072004027642,CHCL,Nepal Investment And Securities Trading Private Limited,Vision Securities Pvt. Ltd,189,553.2,104554.8,2025-07-20T13:05:59.669255
2025-07-20,85675,2025072004027643,CHCL,Nepal Investment And Securities Trading Private Limited,Oxford Securities Pvt. Ltd.,696,553.8,385444.8,2025-07-20T13:05:59.669279
2025-07-20,85499,2025072004027698,CHCL,Vision Securities Pvt. Ltd,Sumeru Securities Pvt. Ltd.,274,553.0,151522.0,2025-07-20T13:06:19.466072
2025-07-20,85323,2025072004027731,CHCL,Dynamic Money Managers Securities Pvt. Ltd.,Oxford Securities Pvt. Ltd.,300,553.8,166140.0,2025-07-20T13:06:35.113743
2025-07-20,85090,2025072004027783,CHCL,Magnet Securities and Investment Company Private Limited,Naasa Securities Co. Ltd.,100,553.9,55390.0,2025-07-20T13:06:58.897922
2025-07-20,84942,2025072004027808,CHCL,Magnet Securities and Investment Company Private Limited,Trisul Securities & Invt. Ltd.,400,553.9,221560.0,2025-07-20T13:07:12.028358
2025-07-20,84821,2025072004027841,CHCL,Aakashbhairab Securities Ltd.,Aryatara Investment & Securities,400,554.0,221600.0,2025-07-20T13:07:22.851623
2025-07-20,84820,2025072004027842,CHCL,Aakashbhairab Securities Ltd.,Linch Stock Market Ltd.,50,554.0,27700.0,2025-07-20T13:07:22.851917
2025-07-20,84819,2025072004027843,CHCL,Aakashbhairab Securities Ltd.,South Asian Bulls Pvt. Ltd.,100,554.0,55400.0,2025-07-20T13:07:22.852023
2025-07-20,84818,2025072004027844,CHCL,Aakashbhairab Securities Ltd.,South Asian Bulls Pvt. Ltd.,1524,554.0,844296.0,2025-07-20T13:07:22.852127
2025-07-20,84817,2025072004027845,CHCL,Aakashbhairab Securities Ltd.,Blue Chip Securities Ltd,248,554.9,137615.2,2025-07-20T13:07:22.852234
2025-07-20,84816,2025072004027846,CHCL,Aakashbhairab Securities Ltd.,Dipshikha Dhitopatra Karobar Co. Pvt Ltd.,1000,554.9,554900.0,2025-07-20T13:07:22.852356
2025-07-20,84815,2025072004027847,CHCL,Aakashbhairab Securities Ltd.,Asian Securities Private Ltd.,200,554.9,110980.0,2025-07-20T13:07:22.852478
2025-07-20,84814,2025072004027848,CHCL,Aakashbhairab Securities Ltd.,Trisul Securities & Invt. Ltd.,48,555.0,26640.0,2025-07-20T13:07:22.852578
2025-07-20,84813,2025072004027849,CHCL,Aakashbhairab Securities Ltd.,South Asian Bulls Pvt. Ltd.,200,555.0,111000.0,2025-07-20T13:07:22.852677
2025-07-20,84812,2025072004027850,CHCL,Aakashbhairab Securities Ltd.,Kohinoor Investment & Securities Pvt. Ltd.,200,555.0,111000.0,2025-07-20T13:07:22.852773
2025-07-20,84811,2025072004027851,CHCL,Aakashbhairab Securities Ltd.,Premier Securities Company Ltd.,100,555.0,55500.0,2025-07-20T13:07:22.852872
2025-07-20,84810,2025072004027852,CHCL,Aakashbhairab Securities Ltd.,Deevyaa Securities & Stock House Pvt. Ltd,100,555.0,55500.0,2025-07-20T13:07:22.852969
2025-07-20,84809,2025072004027853,CHCL,Aakashbhairab Securities Ltd.,Ashutosh Brokerage & Securities (PVT) Ltd.,200,555.0,111000.0,2025-07-20T13:07:22.853065
2025-07-20,84808,2025072004027854,CHCL,Aakashbhairab Securities Ltd.,Sani Securities Company Ltd.,1136,555.0,630480.0,2025-07-20T13:07:22.853162
2025-07-20,84807,2025072004027855,CHCL,Aakashbhairab Securities Ltd.,Sipla Securities Private Limited,100,555.0,55500.0,2025-07-20T13:07:22.853299
2025-07-20,84806,2025072004027856,CHCL,Aakashbhairab Securities Ltd.,Nepal Stock House (PVT) Ltd.,570,555.0,316350.0,2025-07-20T13:07:22.853411
2025-07-20,84805,2025072004027857,CHCL,Aakashbhairab Securities Ltd.,Kohinoor Investment & Securities Pvt. Ltd.,213,555.0,118215.0,2025-07-20T13:07:22.853508
2025-07-20,84804,2025072004027858,CHCL,Aakashbhairab Securities Ltd.,Dipshikha Dhitopatra Karobar Co. Pvt Ltd.,200,555.0,111000.0,2025-07-20T13:07:22.853601
2025-07-20,84803,2025072004027859,CHCL,Aakashbhairab Securities Ltd.,Sajilo Broker Limited,100,555.0,55500.0,2025-07-20T13:07:22.853728
2025-07-20,84802,2025072004027860,CHCL,Aakashbhairab Securities Ltd.,Aryatara Investment & Securities,600,555.0,333000.0,2025-07-20T13:07:22.853821
2025-07-20,84801,2025072004027861,CHCL,Aakashbhairab Securities Ltd.,Sani Securities Company Ltd.,274,555.0,152070.0,2025-07-20T13:07:22.853915
2025-07-20,84800,2025072004027862,CHCL,Aakashbhairab Securities Ltd.,Aryatara Investment & Securities,100,555.0,55500.0,2025-07-20T13:07:22.854006
2025-07-20,84799,2025072004027863,CHCL,Aakashbhairab Securities Ltd.,Midas Stock Broking Company Private Limited,110,555.0,61050.0,2025-07-20T13:07:22.854101
2025-07-20,84798,2025072004027864,CHCL,Aakashbhairab Securities Ltd.,Nagarik Stock Dealer ,1100,555.0,610500.0,2025-07-20T13:07:22.854193
2025-07-20,84797,2025072004027865,CHCL,Aakashbhairab Securities Ltd.,Opal Securities Investment (PVT) Ltd.,100,555.0,55500.0,2025-07-20T13:07:22.854285
2025-07-20,84796,2025072004027866,CHCL,Aakashbhairab Securities Ltd.,Sani Securities Company Ltd.,102,555.0,56610.0,2025-07-20T13:07:22.854401
2025-07-20,84555,2025072004027952,CHCL,Trishakti Securities Public Limited,Sewa Securities Pvt. Ltd.,250,556.9,139225.0,2025-07-20T13:07:44.572411
2025-07-20,84554,2025072004027953,CHCL,Trishakti Securities Public Limited,Asian Securities Private Ltd.,100,557.0,55700.0,2025-07-20T13:07:44.572653
2025-07-20,84553,2025072004027954,CHCL,Trishakti Securities Public Limited,Dipshikha Dhitopatra Karobar Co. Pvt Ltd.,14,557.0,7798.0,2025-07-20T13:07:44.572745
2025-07-20,84552,2025072004027955,CHCL,Trishakti Securities Public Limited,Online Securities Pvt. Ltd.,100,557.0,55700.0,2025-07-20T13:07:44.572837
2025-07-20,84551,2025072004027956,CHCL,Trishakti Securities Public Limited,Kumari Securities Private Limited,50,557.0,27850.0,2025-07-20T13:07:44.572932
2025-07-20,84274,2025072004028011,CHCL,Trishakti Securities Public Limited,South Asian Bulls Pvt. Ltd.,30,557.5,16725.0,2025-07-20T13:08:12.958682
2025-07-20,84273,2025072004028012,CHCL,Trishakti Securities Public Limited,Agrawal Securities (PVT) Ltd.,21,557.9,11715.9,2025-07-20T13:08:12.959074
2025-07-20,84080,2025072004028082,CHCL,Aakashbhairab Securities Ltd.,Kohinoor Investment & Securities Pvt. Ltd.,347,555.0,192585.0,2025-07-20T13:08:25.770453
2025-07-20,83398,2025072004028274,CHCL,Aakashbhairab Securities Ltd.,Linch Stock Market Ltd.,578,555.0,320790.0,2025-07-20T13:09:29.781774
2025-07-20,82809,2025072004028439,CHCL,Imperial Securities Company Pvt. Ltd.,Oxford Securities Pvt. Ltd.,100,556.9,55690.0,2025-07-20T13:10:23.28152
2025-07-20,82808,2025072004028440,CHCL,Imperial Securities Company Pvt. Ltd.,Nepal Stock House (PVT) Ltd.,100,556.9,55690.0,2025-07-20T13:10:23.281793
2025-07-20,82807,2025072004028441,CHCL,Imperial Securities Company Pvt. Ltd.,Asian Securities Private Ltd.,300,557.0,167100.0,2025-07-20T13:10:23.51134
2025-07-20,80754,2025072004029008,CHCL,Online Securities Pvt. Ltd.,Thrive Brokerage House Pvt. Ltd,73,554.0,40442.0,2025-07-20T13:13:26.933742
2025-07-20,80277,2025072004029147,CHCL,Online Securities Pvt. Ltd.,Trisul Securities & Invt. Ltd.,427,554.0,236558.0,2025-07-20T13:14:03.680267
2025-07-20,80276,2025072004029148,CHCL,Hatemalo Financial Services Private Limited,Trisul Securities & Invt. Ltd.,50,554.0,27700.0,2025-07-20T13:14:03.680518
2025-07-20,80275,2025072004029149,CHCL,Naasa Securities Co. Ltd.,Trisul Securities & Invt. Ltd.,23,554.0,12742.0,2025-07-20T13:14:03.680617
2025-07-20,79806,2025072004029281,CHCL,Naasa Securities Co. Ltd.,Ashutosh Brokerage & Securities (PVT) Ltd.,227,554.0,125758.0,2025-07-20T13:14:34.570517
2025-07-20,79805,2025072004029282,CHCL,Naasa Securities Co. Ltd.,Ashutosh Brokerage & Securities (PVT) Ltd.,30,554.0,16620.0,2025-07-20T13:14:34.570557
2025-07-20,79804,2025072004029283,CHCL,Agrawal Securities (PVT) Ltd.,Ashutosh Brokerage & Securities (PVT) Ltd.,20,553.0,11060.0,2025-07-20T13:14:34.570583
2025-07-20,79803,2025072004029284,CHCL,Imperial Securities Company Pvt. Ltd.,Ashutosh Brokerage & Securities (PVT) Ltd.,73,553.0,40369.0,2025-07-20T13:14:34.570609
2025-07-20,78357,2025072004029702,CHCL,Nepal Investment And Securities Trading Private Limited,Imperial Securities Company Pvt. Ltd.,10,556.0,5560.0,2025-07-20T13:16:37.456219
2025-07-20,77254,2025072004029949,CHCL,Imperial Securities Company Pvt. Ltd.,J.F. Securites (PVT) Ltd.,10,554.5,5545.0,2025-07-20T13:18:19.394625
2025-07-20,77154,2025072004029988,CHCL,Imperial Securities Company Pvt. Ltd.,Neev Securities Pvt. Ltd.,55,554.5,30497.5,2025-07-20T13:18:29.702015
2025-07-20,77032,2025072004030017,CHCL,Imperial Securities Company Pvt. Ltd.,ABC Securities Private Limited,45,554.5,24952.5,2025-07-20T13:18:40.858166
2025-07-20,77031,2025072004030018,CHCL,Imperial Securities Company Pvt. Ltd.,ABC Securities Private Limited,77,553.0,42581.0,2025-07-20T13:18:40.858452
2025-07-20,77030,2025072004030019,CHCL,Linch Stock Market Ltd.,ABC Securities Private Limited,10,553.0,5530.0,2025-07-20T13:18:40.858554
2025-07-20,77029,2025072004030020,CHCL,Linch Stock Market Ltd.,ABC Securities Private Limited,10,553.0,5530.0,2025-07-20T13:18:40.858651
2025-07-20,76402,2025072004030200,CHCL,Nepal Stock House (PVT) Ltd.,Creative Securities Pvt Ltd,23,552.3,12702.9,2025-07-20T13:19:39.713457
2025-07-20,76208,2025072004030269,CHCL,Nepal Stock House (PVT) Ltd.,Secured Securities Ltd.,12,552.3,6627.6,2025-07-20T13:19:58.218676
2025-07-20,75579,2025072004030439,CHCL,Nepal Stock House (PVT) Ltd.,Sumeru Securities Pvt. Ltd.,65,552.3,35899.5,2025-07-20T13:20:55.770432
2025-07-20,75471,2025072004030476,CHCL,Imperial Securities Company Pvt. Ltd.,Sumeru Securities Pvt. Ltd.,45,552.3,24853.5,2025-07-20T13:21:06.995662
2025-07-20,75470,2025072004030477,CHCL,Imperial Securities Company Pvt. Ltd.,Sweta Securities Private Limited,23,552.3,12702.9,2025-07-20T13:21:06.995954
2025-07-20,75091,2025072004030589,CHCL,Imperial Securities Company Pvt. Ltd.,Trishakti Securities Public Limited,32,552.3,17673.6,2025-07-20T13:21:42.126283
2025-07-20,75090,2025072004030590,CHCL,Dynamic Money Managers Securities Pvt. Ltd.,Trishakti Securities Public Limited,100,552.1,55210.0,2025-07-20T13:21:42.126539
2025-07-20,75089,2025072004030591,CHCL,Primo Securities (PVT) Ltd.,Trishakti Securities Public Limited,200,552.1,110420.0,2025-07-20T13:21:42.126646
2025-07-20,75088,2025072004030592,CHCL,Premier Securities Company Ltd.,Trishakti Securities Public Limited,1000,552.0,552000.0,2025-07-20T13:21:42.12676
2025-07-20,75087,2025072004030593,CHCL,Ashutosh Brokerage & Securities (PVT) Ltd.,Trishakti Securities Public Limited,50,552.0,27600.0,2025-07-20T13:21:42.126865
2025-07-20,75086,2025072004030594,CHCL,Midas Stock Broking Company Private Limited,Trishakti Securities Public Limited,618,552.0,341136.0,2025-07-20T13:21:42.126963
2025-07-20,74505,2025072004030746,CHCL,Midas Stock Broking Company Private Limited,Shree Krishna Securities Ltd.,382,552.0,210864.0,2025-07-20T13:22:42.941539
2025-07-20,74504,2025072004030747,CHCL,Premier Securities Company Ltd.,Shree Krishna Securities Ltd.,30,552.0,16560.0,2025-07-20T13:22:42.941822
2025-07-20,74503,2025072004030748,CHCL,Bhrikuti Stock Broking Co. Pvt. Ltd.,Shree Krishna Securities Ltd.,20,552.0,11040.0,2025-07-20T13:22:42.941924
2025-07-20,74502,2025072004030749,CHCL,Imperial Securities Company Pvt. Ltd.,Shree Krishna Securities Ltd.,1199,551.5,661248.5,2025-07-20T13:22:42.942024
2025-07-20,74501,2025072004030750,CHCL,Imperial Securities Company Pvt. Ltd.,Shree Krishna Securities Ltd.,50,551.3,27565.0,2025-07-20T13:22:42.942245
2025-07-20,74500,2025072004030751,CHCL,Nepal Stock House (PVT) Ltd.,Shree Krishna Securities Ltd.,100,551.1,55110.0,2025-07-20T13:22:42.942412
2025-07-20,74499,2025072004030752,CHCL,Imperial Securities Company Pvt. Ltd.,Shree Krishna Securities Ltd.,219,551.0,120669.0,2025-07-20T13:22:42.94251
2025-07-20,74223,2025072004030826,CHCL,Imperial Securities Company Pvt. Ltd.,Dipshikha Dhitopatra Karobar Co. Pvt Ltd.,81,551.0,44631.0,2025-07-20T13:23:06.688182
2025-07-20,74143,2025072004030862,CHCL,Imperial Securities Company Pvt. Ltd.,Dipshikha Dhitopatra Karobar Co. Pvt Ltd.,10,551.0,5510.0,2025-07-20T13:23:16.819174
2025-07-20,74127,2025072004030868,CHCL,Naasa Securities Co. Ltd.,Oxford Securities Pvt. Ltd.,1,541.0,541.0,2025-07-20T13:23:18.625123
2025-07-20,74002,2025072004030895,CHCL,Naasa Securities Co. Ltd.,Oxford Securities Pvt. Ltd.,1,541.0,541.0,2025-07-20T13:23:32.721522
2025-07-20,73593,2025072004031007,CHCL,Imperial Securities Company Pvt. Ltd.,Aryatara Investment & Securities,13,551.0,7163.0,2025-07-20T13:24:23.687708
2025-07-20,73090,2025072004031141,CHCL,Miyo Securities Pvt Ltd,Dynamic Money Managers Securities Pvt. Ltd.,141,552.0,77832.0,2025-07-20T13:25:18.619198
2025-07-20,72840,2025072004031199,CHCL,Online Securities Pvt. Ltd.,ABC Securities Private Limited,20,553.0,11060.0,2025-07-20T13:25:45.202375
2025-07-20,72065,2025072004031393,CHCL,Imperial Securities Company Pvt. Ltd.,Naasa Securities Co. Ltd.,11,551.0,6061.0,2025-07-20T13:27:04.016858
2025-07-20,71402,2025072004031495,CHCL,Imperial Securities Company Pvt. Ltd.,ABC Securities Private Limited,50,553.0,27650.0,2025-07-20T13:28:17.429222
2025-07-20,71333,2025072004031513,CHCL,Imperial Securities Company Pvt. Ltd.,Aryatara Investment & Securities,57,551.0,31407.0,2025-07-20T13:28:22.183566
2025-07-20,71091,2025072004031578,CHCL,Imperial Securities Company Pvt. Ltd.,Aryatara Investment & Securities,220,551.0,121220.0,2025-07-20T13:28:49.613303
2025-07-20,70055,2025072004031840,CHCL,Nepal Stock House (PVT) Ltd.,ABC Securities Private Limited,90,553.0,49770.0,2025-07-20T13:30:39.907149
2025-07-20,70053,2025072004031842,CHCL,Imperial Securities Company Pvt. Ltd.,Agrawal Securities (PVT) Ltd.,50,551.5,27575.0,2025-07-20T13:30:40.220836
2025-07-20,70052,2025072004031843,CHCL,Imperial Securities Company Pvt. Ltd.,Agrawal Securities (PVT) Ltd.,389,551.0,214339.0,2025-07-20T13:30:40.221121
2025-07-20,70051,2025072004031844,CHCL,Opal Securities Investment (PVT) Ltd.,Agrawal Securities (PVT) Ltd.,173,551.0,95323.0,2025-07-20T13:30:40.221229
2025-07-20,69867,2025072004031880,CHCL,Opal Securities Investment (PVT) Ltd.,Shree Krishna Securities Ltd.,127,551.0,69977.0,2025-07-20T13:31:03.104616
2025-07-20,69866,2025072004031881,CHCL,Dakshinkali Investment & Securities Pvt. Ltd.,Shree Krishna Securities Ltd.,100,551.0,55100.0,2025-07-20T13:31:03.104938
2025-07-20,69865,2025072004031882,CHCL,Oxford Securities Pvt. Ltd.,Shree Krishna Securities Ltd.,50,551.0,27550.0,2025-07-20T13:31:03.105043
2025-07-20,69864,2025072004031883,CHCL,Sani Securities Company Ltd.,Shree Krishna Securities Ltd.,90,551.0,49590.0,2025-07-20T13:31:03.105144
2025-07-20,69863,2025072004031884,CHCL,Online Securities Pvt. Ltd.,Shree Krishna Securities Ltd.,180,551.0,99180.0,2025-07-20T13:31:03.105244
2025-07-20,69862,2025072004031885,CHCL,Aakashbhairab Securities Ltd.,Shree Krishna Securities Ltd.,1000,550.6,550600.0,2025-07-20T13:31:03.105348
2025-07-20,69861,2025072004031886,CHCL,Oxford Securities Pvt. Ltd.,Shree Krishna Securities Ltd.,100,550.5,55050.0,2025-07-20T13:31:03.10545
2025-07-20,69860,2025072004031887,CHCL,ABC Securities Private Limited,Shree Krishna Securities Ltd.,500,550.5,275250.0,2025-07-20T13:31:03.105548
2025-07-20,69859,2025072004031888,CHCL,Imperial Securities Company Pvt. Ltd.,Shree Krishna Securities Ltd.,200,550.0,110000.0,2025-07-20T13:31:03.10565
2025-07-20,69858,2025072004031889,CHCL,Aryatara Investment & Securities,Shree Krishna Securities Ltd.,200,550.0,110000.0,2025-07-20T13:31:03.10575
2025-07-20,69857,2025072004031890,CHCL,Nepal Stock House (PVT) Ltd.,Shree Krishna Securities Ltd.,200,550.0,110000.0,2025-07-20T13:31:03.105847
2025-07-20,69856,2025072004031891,CHCL,Neev Securities Pvt. Ltd.,Shree Krishna Securities Ltd.,50,550.0,27500.0,2025-07-20T13:31:03.105943
2025-07-20,69855,2025072004031892,CHCL,Cristal Kanchanjanga Securites Pvt. Ltd.,Shree Krishna Securities Ltd.,776,550.0,426800.0,2025-07-20T13:31:03.106038
2025-07-20,68524,2025072004032182,CHCL,Naasa Securities Co. Ltd.,ABC Securities Private Limited,100,553.0,55300.0,2025-07-20T13:33:52.357818
2025-07-20,68169,2025072004032256,CHCL,Imperial Securities Company Pvt. Ltd.,Shree Krishna Securities Ltd.,50,551.2,27560.0,2025-07-20T13:34:35.372652
2025-07-20,68168,2025072004032257,CHCL,Swarna Laxmi Securities Pvt. Ltd.,Shree Krishna Securities Ltd.,200,551.2,110240.0,2025-07-20T13:34:35.373045
2025-07-20,68167,2025072004032258,CHCL,Dynamic Money Managers Securities Pvt. Ltd.,Shree Krishna Securities Ltd.,100,550.3,55030.0,2025-07-20T13:34:35.373269
2025-07-20,68166,2025072004032259,CHCL,Bhrikuti Stock Broking Co. Pvt. Ltd.,Shree Krishna Securities Ltd.,50,550.3,27515.0,2025-07-20T13:34:35.373464
2025-07-20,68132,2025072004032266,CHCL,Kohinoor Investment & Securities Pvt. Ltd.,Asian Securities Private Ltd.,90,552.9,49761.0,2025-07-20T13:34:39.726701
2025-07-20,67871,2025072004032324,CHCL,Naasa Securities Co. Ltd.,Asian Securities Private Ltd.,10,552.9,5529.0,2025-07-20T13:35:09.112649
2025-07-20,66826,2025072004032581,CHCL,Sharepro Securities Private Limited,Naasa Securities Co. Ltd.,10,552.9,5529.0,2025-07-20T13:37:42.735413
2025-07-20,66819,2025072004032582,CHCL,Premier Securities Company Ltd.,Sani Securities Company Ltd.,20,551.1,11022.0,2025-07-20T13:37:43.724973
2025-07-20,66818,2025072004032583,CHCL,Swarna Laxmi Securities Pvt. Ltd.,Sani Securities Company Ltd.,500,551.0,275500.0,2025-07-20T13:37:43.725503
2025-07-20,66731,2025072004032600,CHCL,Sharepro Securities Private Limited,Sani Securities Company Ltd.,10,551.0,5510.0,2025-07-20T13:38:00.874226
2025-07-20,66622,2025072004032629,CHCL,Sharepro Securities Private Limited,Sani Securities Company Ltd.,10,551.0,5510.0,2025-07-20T13:38:14.941254
2025-07-20,66531,2025072004032657,CHCL,Sharepro Securities Private Limited,Sani Securities Company Ltd.,20,551.0,11020.0,2025-07-20T13:38:30.098743
2025-07-20,66015,2025072004032753,CHCL,Sharepro Securities Private Limited,Naasa Securities Co. Ltd.,10,552.9,5529.0,2025-07-20T13:39:35.566508
2025-07-20,66014,2025072004032754,CHCL,Sharepro Securities Private Limited,Naasa Securities Co. Ltd.,200,552.9,110580.0,2025-07-20T13:39:35.566609
2025-07-20,66013,2025072004032755,CHCL,Sharepro Securities Private Limited,Sundhara Securities Limited,100,552.9,55290.0,2025-07-20T13:39:35.566682
2025-07-20,66012,2025072004032756,CHCL,Sharepro Securities Private Limited,Vision Securities Pvt. Ltd,400,552.9,221160.0,2025-07-20T13:39:35.566748
2025-07-20,66011,2025072004032757,CHCL,Sharepro Securities Private Limited,ABC Securities Private Limited,598,553.0,330694.0,2025-07-20T13:39:35.566826
2025-07-20,66010,2025072004032758,CHCL,Sharepro Securities Private Limited,ABC Securities Private Limited,1000,553.0,553000.0,2025-07-20T13:39:35.566901
2025-07-20,66009,2025072004032759,CHCL,Sharepro Securities Private Limited,Nepal Stock House (PVT) Ltd.,55,553.1,30420.5,2025-07-20T13:39:35.566978
2025-07-20,66008,2025072004032760,CHCL,Sharepro Securities Private Limited,Sundhara Securities Limited,637,554.8,353407.6,2025-07-20T13:39:35.567062
2025-07-20,63840,2025072004033323,CHCL,Himalayan Brokerage Company Limited,Sundhara Securities Limited,17,554.6,9428.2,2025-07-20T13:43:57.896627
2025-07-20,63636,2025072004033365,CHCL,Aakashbhairab Securities Ltd.,Sundhara Securities Limited,33,554.6,18301.8,2025-07-20T13:44:25.505409
2025-07-20,63635,2025072004033366,CHCL,Aakashbhairab Securities Ltd.,Sundhara Securities Limited,363,554.8,201392.4,2025-07-20T13:44:25.505698
2025-07-20,63634,2025072004033367,CHCL,Aakashbhairab Securities Ltd.,Dipshikha Dhitopatra Karobar Co. Pvt Ltd.,770,554.8,427196.0,2025-07-20T13:44:25.505806
2025-07-20,63633,2025072004033368,CHCL,Aakashbhairab Securities Ltd.,Sagarmatha Securities Private Limited,100,554.9,55490.0,2025-07-20T13:44:25.505931
2025-07-20,63632,2025072004033369,CHCL,Aakashbhairab Securities Ltd.,Trisul Securities & Invt. Ltd.,1000,554.9,554900.0,2025-07-20T13:44:25.50604
2025-07-20,63631,2025072004033370,CHCL,Aakashbhairab Securities Ltd.,Shree Krishna Securities Ltd.,1000,554.9,554900.0,2025-07-20T13:44:25.506146
2025-07-20,63630,2025072004033371,CHCL,Aakashbhairab Securities Ltd.,Sharepro Securities Private Limited,5000,555.0,2775000.0,2025-07-20T13:44:25.506252
2025-07-20,63629,2025072004033372,CHCL,Aakashbhairab Securities Ltd.,Vision Securities Pvt. Ltd,80,555.0,44400.0,2025-07-20T13:44:25.506364
2025-07-20,63628,2025072004033373,CHCL,Aakashbhairab Securities Ltd.,Creative Securities Pvt Ltd,500,555.0,277500.0,2025-07-20T13:44:25.506469
2025-07-20,63627,2025072004033374,CHCL,Aakashbhairab Securities Ltd.,Himalayan Brokerage Company Limited,100,555.0,55500.0,2025-07-20T13:44:25.506571
2025-07-20,63626,2025072004033375,CHCL,Aakashbhairab Securities Ltd.,Market Securities & Exchange (PVT) Ltd.,10,555.0,5550.0,2025-07-20T13:44:25.506674
2025-07-20,63625,2025072004033376,CHCL,Aakashbhairab Securities Ltd.,Secured Securities Ltd.,350,555.0,194250.0,2025-07-20T13:44:25.506791
2025-07-20,63599,2025072004033380,CHCL,Aakashbhairab Securities Ltd.,Dipshikha Dhitopatra Karobar Co. Pvt Ltd.,125,555.0,69375.0,2025-07-20T13:44:29.028512
2025-07-20,62503,2025072004033649,CHCL,Nepal Stock House (PVT) Ltd.,Dipshikha Dhitopatra Karobar Co. Pvt Ltd.,177,555.1,98252.7,2025-07-20T13:46:34.558169
2025-07-20,62336,2025072004033686,CHCL,Nepal Stock House (PVT) Ltd.,Kalika Securities Pvt. Ltd.,98,555.1,54399.8,2025-07-20T13:46:52.638427
2025-07-20,62335,2025072004033687,CHCL,Aakashbhairab Securities Ltd.,Kalika Securities Pvt. Ltd.,471,555.0,261405.0,2025-07-20T13:46:52.638726
2025-07-20,62176,2025072004033724,CHCL,Vision Securities Pvt. Ltd,Linch Stock Market Ltd.,50,555.9,27795.0,2025-07-20T13:47:13.511835
2025-07-20,62175,2025072004033725,CHCL,Vision Securities Pvt. Ltd,Online Securities Pvt. Ltd.,50,555.9,27795.0,2025-07-20T13:47:13.511915
2025-07-20,61964,2025072004033790,CHCL,Aakashbhairab Securities Ltd.,Sweta Securities Private Limited,98,555.0,54390.0,2025-07-20T13:47:41.09301
2025-07-20,61873,2025072004033808,CHCL,Deevyaa Securities & Stock House Pvt. Ltd,Dynamic Money Managers Securities Pvt. Ltd.,300,553.0,165900.0,2025-07-20T13:47:55.599801
2025-07-20,61872,2025072004033809,CHCL,Swarna Laxmi Securities Pvt. Ltd.,Dynamic Money Managers Securities Pvt. Ltd.,300,553.0,165900.0,2025-07-20T13:47:55.600262
2025-07-20,60863,2025072004034070,CHCL,Swarna Laxmi Securities Pvt. Ltd.,Sweta Securities Private Limited,300,553.0,165900.0,2025-07-20T13:49:48.718259
2025-07-20,60794,2025072004034095,CHCL,Nepal Investment And Securities Trading Private Limited,Aryatara Investment & Securities,200,555.0,111000.0,2025-07-20T13:49:55.533781
2025-07-20,60793,2025072004034096,CHCL,Nepal Investment And Securities Trading Private Limited,Siprabi Securities Pvt. Ltd.,550,555.5,305525.0,2025-07-20T13:49:55.534283
2025-07-20,60792,2025072004034097,CHCL,Nepal Investment And Securities Trading Private Limited,Online Securities Pvt. Ltd.,250,555.5,138875.0,2025-07-20T13:49:55.534671
2025-07-20,60740,2025072004034115,CHCL,Swarna Laxmi Securities Pvt. Ltd.,Agrawal Securities (PVT) Ltd.,170,553.0,94010.0,2025-07-20T13:50:03.04872
2025-07-20,60568,2025072004034158,CHCL,Nabil Stock Dealer Ltd.,Bhrikuti Stock Broking Co. Pvt. Ltd.,20,555.0,11100.0,2025-07-20T13:50:25.570332
