Date,S.N.,Contract ID,Symbol,Buyer Broker,Seller Broker,quantity,rate,amount,transaction_time
2025-07-20,176603,2025072004000542,SHL,Sri Hari Securities Pvt. Ltd.,ABC Securities Private Limited,500,590.0,295000.0,2025-07-20T11:02:39.83582
2025-07-20,175472,2025072004001002,SHL,Online Securities Pvt. Ltd.,KALASH STOCK MARKET PVT. LTD.,120,590.0,70800.0,2025-07-20T11:04:08.278107
2025-07-20,174904,2025072004001193,SHL,Sri Hari Securities Pvt. Ltd.,Shree Krishna Securities Ltd.,500,590.0,295000.0,2025-07-20T11:04:51.282336
2025-07-20,174889,2025072004001198,SHL,Kohinoor Investment & Securities Pvt. Ltd.,KALASH STOCK MARKET PVT. LTD.,303,589.0,178467.0,2025-07-20T11:04:52.399133
2025-07-20,174888,2025072004001199,SHL,BHOLE GANESH SECURITIES LTD,KALASH STOCK MARKET PVT. LTD.,197,580.2,114299.4,2025-07-20T11:04:52.399184
2025-07-20,173496,2025072004001656,SHL,Online Securities Pvt. Ltd.,Naasa Securities Co. Ltd.,150,584.0,87600.0,2025-07-20T11:06:21.401938
2025-07-20,173410,2025072004001682,SHL,Imperial Securities Company Pvt. Ltd.,Naasa Securities Co. Ltd.,100,585.0,58500.0,2025-07-20T11:06:26.24768
2025-07-20,172933,2025072004001820,SHL,Sri Hari Securities Pvt. Ltd.,Naasa Securities Co. Ltd.,500,589.0,294500.0,2025-07-20T11:06:58.865758
2025-07-20,172443,2025072004001983,SHL,Sri Hari Securities Pvt. Ltd.,Opal Securities Investment (PVT) Ltd.,100,590.9,59090.0,2025-07-20T11:07:27.885017
2025-07-20,172442,2025072004001984,SHL,Sri Hari Securities Pvt. Ltd.,Shree Krishna Securities Ltd.,200,591.0,118200.0,2025-07-20T11:07:27.885093
2025-07-20,172197,2025072004002066,SHL,Ashutosh Brokerage & Securities (PVT) Ltd.,KALASH STOCK MARKET PVT. LTD.,300,589.0,176700.0,2025-07-20T11:07:42.129578
2025-07-20,171946,2025072004002159,SHL,Ashutosh Brokerage & Securities (PVT) Ltd.,ABC Securities Private Limited,500,590.0,295000.0,2025-07-20T11:07:58.237814
2025-07-20,171945,2025072004002160,SHL,Ashutosh Brokerage & Securities (PVT) Ltd.,Shree Krishna Securities Ltd.,200,591.0,118200.0,2025-07-20T11:07:58.238004
2025-07-20,171926,2025072004002168,SHL,Online Securities Pvt. Ltd.,Sani Securities Company Ltd.,100,589.0,58900.0,2025-07-20T11:07:59.942586
2025-07-20,171347,2025072004002350,SHL,Trisul Securities & Invt. Ltd.,Sani Securities Company Ltd.,112,589.0,65968.0,2025-07-20T11:08:35.568433
2025-07-20,170735,2025072004002525,SHL,INDEX SECURITIES LIMITED,Deevyaa Securities & Stock House Pvt. Ltd,3000,589.0,1767000.0,2025-07-20T11:09:08.076317
2025-07-20,170625,2025072004002545,SHL,Asian Securities Private Ltd.,KALASH STOCK MARKET PVT. LTD.,300,585.3,175590.0,2025-07-20T11:09:15.12086
2025-07-20,169789,2025072004002814,SHL,Asian Securities Private Ltd.,Naasa Securities Co. Ltd.,200,586.0,117200.0,2025-07-20T11:10:09.372508
2025-07-20,169788,2025072004002815,SHL,Vision Securities Pvt. Ltd,Naasa Securities Co. Ltd.,100,585.4,58540.0,2025-07-20T11:10:09.372619
2025-07-20,169787,2025072004002816,SHL,INDEX SECURITIES LIMITED,Naasa Securities Co. Ltd.,600,585.2,351120.0,2025-07-20T11:10:09.372682
2025-07-20,169129,2025072004003016,SHL,Vision Securities Pvt. Ltd,Bhrikuti Stock Broking Co. Pvt. Ltd.,500,588.0,294000.0,2025-07-20T11:10:58.41146
2025-07-20,168952,2025072004003088,SHL,Vision Securities Pvt. Ltd,Dakshinkali Investment & Securities Pvt. Ltd.,100,586.0,58600.0,2025-07-20T11:11:12.172773
2025-07-20,168371,2025072004003290,SHL,Vision Securities Pvt. Ltd,Naasa Securities Co. Ltd.,117,586.0,68562.0,2025-07-20T11:11:48.692503
2025-07-20,167988,2025072004003391,SHL,ABC Securities Private Limited,Premier Securities Company Ltd.,250,586.1,146525.0,2025-07-20T11:12:16.244645
2025-07-20,167987,2025072004003392,SHL,Vision Securities Pvt. Ltd,Premier Securities Company Ltd.,150,586.0,87900.0,2025-07-20T11:12:16.244745
2025-07-20,167582,2025072004003497,SHL,Vision Securities Pvt. Ltd,Sri Hari Securities Pvt. Ltd.,133,586.0,77938.0,2025-07-20T11:12:45.106076
2025-07-20,167581,2025072004003498,SHL,Vision Securities Pvt. Ltd,Sri Hari Securities Pvt. Ltd.,367,585.2,214768.4,2025-07-20T11:12:45.106191
2025-07-20,166589,2025072004003774,SHL,SUN SECURITIES PVT LTD,Trisul Securities & Invt. Ltd.,723,585.4,423244.2,2025-07-20T11:13:57.465198
2025-07-20,166494,2025072004003813,SHL,ABC Securities Private Limited,Dakshinkali Investment & Securities Pvt. Ltd.,200,585.3,117060.0,2025-07-20T11:14:04.635625
2025-07-20,166266,2025072004003882,SHL,Dakshinkali Investment & Securities Pvt. Ltd.,Kohinoor Investment & Securities Pvt. Ltd.,725,586.0,424850.0,2025-07-20T11:14:23.074888
2025-07-20,166079,2025072004003938,SHL,Linch Stock Market Ltd.,Sani Securities Company Ltd.,10,577.3,5773.0,2025-07-20T11:14:36.218452
2025-07-20,166008,2025072004003950,SHL,Sweta Securities Private Limited,Naasa Securities Co. Ltd.,500,588.0,294000.0,2025-07-20T11:14:43.223223
2025-07-20,165898,2025072004003993,SHL,Sweta Securities Private Limited,Naasa Securities Co. Ltd.,200,589.0,117800.0,2025-07-20T11:14:52.325587
2025-07-20,164621,2025072004004341,SHL,Nepal Stock House (PVT) Ltd.,Naasa Securities Co. Ltd.,300,588.9,176670.0,2025-07-20T11:16:13.545302
2025-07-20,164620,2025072004004342,SHL,Nepal Stock House (PVT) Ltd.,Naasa Securities Co. Ltd.,125,589.0,73625.0,2025-07-20T11:16:13.545398
2025-07-20,164619,2025072004004343,SHL,Nepal Stock House (PVT) Ltd.,Opal Securities Investment (PVT) Ltd.,250,590.0,147500.0,2025-07-20T11:16:13.545463
2025-07-20,164618,2025072004004344,SHL,Nepal Stock House (PVT) Ltd.,Elite Stock House Limited,200,590.0,118000.0,2025-07-20T11:16:13.545505
2025-07-20,164617,2025072004004345,SHL,Nepal Stock House (PVT) Ltd.,Dipshikha Dhitopatra Karobar Co. Pvt Ltd.,100,590.0,59000.0,2025-07-20T11:16:13.545544
2025-07-20,164356,2025072004004426,SHL,SUN SECURITIES PVT LTD,Primo Securities (PVT) Ltd.,125,589.9,73737.5,2025-07-20T11:16:28.386269
2025-07-20,164353,2025072004004427,SHL,ABC Securities Private Limited,Nepal Stock House (PVT) Ltd.,50,590.0,29500.0,2025-07-20T11:16:28.48043
2025-07-20,164064,2025072004004515,SHL,Online Securities Pvt. Ltd.,ABC Securities Private Limited,110,590.0,64900.0,2025-07-20T11:16:44.011458
2025-07-20,163434,2025072004004734,SHL,Aryatara Investment & Securities,Sani Securities Company Ltd.,100,589.0,58900.0,2025-07-20T11:17:26.379512
2025-07-20,162107,2025072004005105,SHL,Hatemalo Financial Services Private Limited,Bhrikuti Stock Broking Co. Pvt. Ltd.,300,589.0,176700.0,2025-07-20T11:18:47.693693
2025-07-20,161940,2025072004005156,SHL,Linch Stock Market Ltd.,Bhrikuti Stock Broking Co. Pvt. Ltd.,100,589.0,58900.0,2025-07-20T11:18:59.257006
2025-07-20,161905,2025072004005163,SHL,Vision Securities Pvt. Ltd,Bhrikuti Stock Broking Co. Pvt. Ltd.,100,589.0,58900.0,2025-07-20T11:19:02.871759
2025-07-20,159775,2025072004005683,SHL,Creative Securities Pvt Ltd,ABC Securities Private Limited,200,590.0,118000.0,2025-07-20T11:21:25.471746
2025-07-20,159491,2025072004005745,SHL,Siprabi Securities Pvt. Ltd.,ABC Securities Private Limited,100,590.0,59000.0,2025-07-20T11:21:41.602746
2025-07-20,159155,2025072004005843,SHL,Investment Management Nepal Pvt. Ltd.,Shree Krishna Securities Ltd.,100,591.0,59100.0,2025-07-20T11:22:06.015685
2025-07-20,159154,2025072004005844,SHL,Investment Management Nepal Pvt. Ltd.,KALASH STOCK MARKET PVT. LTD.,500,591.0,295500.0,2025-07-20T11:22:06.015776
2025-07-20,158975,2025072004005881,SHL,Sani Securities Company Ltd.,Primo Securities (PVT) Ltd.,175,591.5,103512.5,2025-07-20T11:22:17.821137
2025-07-20,158974,2025072004005882,SHL,Sani Securities Company Ltd.,Thrive Brokerage House Pvt. Ltd,200,594.0,118800.0,2025-07-20T11:22:17.821237
2025-07-20,158973,2025072004005883,SHL,Sani Securities Company Ltd.,Sumeru Securities Pvt. Ltd.,125,595.0,74375.0,2025-07-20T11:22:17.821354
2025-07-20,158772,2025072004005957,SHL,Sani Securities Company Ltd.,Sumeru Securities Pvt. Ltd.,375,595.0,223125.0,2025-07-20T11:22:31.239226
2025-07-20,158771,2025072004005958,SHL,Sani Securities Company Ltd.,Dynamic Money Managers Securities Pvt. Ltd.,125,595.8,74475.0,2025-07-20T11:22:31.23926
2025-07-20,156953,2025072004006417,SHL,Trishakti Securities Public Limited,Bhrikuti Stock Broking Co. Pvt. Ltd.,330,591.0,195030.0,2025-07-20T11:24:30.728413
2025-07-20,156712,2025072004006465,SHL,Trishakti Securities Public Limited,Dipshikha Dhitopatra Karobar Co. Pvt Ltd.,100,591.0,59100.0,2025-07-20T11:24:48.247041
2025-07-20,156676,2025072004006483,SHL,Trishakti Securities Public Limited,Sani Securities Company Ltd.,1191,591.0,703881.0,2025-07-20T11:24:51.546008
2025-07-20,155802,2025072004006743,SHL,Trishakti Securities Public Limited,KALASH STOCK MARKET PVT. LTD.,110,591.0,65010.0,2025-07-20T11:25:50.939937
2025-07-20,155799,2025072004006744,SHL,Miyo Securities Pvt Ltd,Himalayan Brokerage Company Limited,375,593.9,222712.5,2025-07-20T11:25:51.287947
2025-07-20,155782,2025072004006745,SHL,Trishakti Securities Public Limited,Trisul Securities & Invt. Ltd.,269,591.0,158979.0,2025-07-20T11:25:52.443439
2025-07-20,155643,2025072004006782,SHL,Opal Securities Investment (PVT) Ltd.,SUN SECURITIES PVT LTD,500,590.1,295050.0,2025-07-20T11:26:05.681589
2025-07-20,155642,2025072004006783,SHL,Opal Securities Investment (PVT) Ltd.,SUN SECURITIES PVT LTD,500,590.1,295050.0,2025-07-20T11:26:05.681631
2025-07-20,155472,2025072004006826,SHL,Linch Stock Market Ltd.,Trisul Securities & Invt. Ltd.,100,590.0,59000.0,2025-07-20T11:26:20.70056
2025-07-20,155471,2025072004006827,SHL,Trishakti Securities Public Limited,Trisul Securities & Invt. Ltd.,191,590.0,112690.0,2025-07-20T11:26:20.70078
2025-07-20,155143,2025072004006939,SHL,Sundhara Securities Limited,Sani Securities Company Ltd.,500,590.0,295000.0,2025-07-20T11:26:42.135346
2025-07-20,155142,2025072004006940,SHL,Dakshinkali Investment & Securities Pvt. Ltd.,Sani Securities Company Ltd.,200,590.0,118000.0,2025-07-20T11:26:42.135451
2025-07-20,154191,2025072004007225,SHL,Dakshinkali Investment & Securities Pvt. Ltd.,Dipshikha Dhitopatra Karobar Co. Pvt Ltd.,124,590.0,73160.0,2025-07-20T11:27:52.237481
2025-07-20,154177,2025072004007234,SHL,Aryatara Investment & Securities,KALASH STOCK MARKET PVT. LTD.,800,590.0,472000.0,2025-07-20T11:27:53.947041
2025-07-20,153863,2025072004007288,SHL,Asian Securities Private Ltd.,KALASH STOCK MARKET PVT. LTD.,200,590.0,118000.0,2025-07-20T11:28:14.989143
2025-07-20,153297,2025072004007482,SHL,Asian Securities Private Ltd.,Nepal Investment And Securities Trading Private Limited,200,590.0,118000.0,2025-07-20T11:28:53.834878
2025-07-20,153268,2025072004007488,SHL,Secured Securities Ltd.,Naasa Securities Co. Ltd.,10,586.0,5860.0,2025-07-20T11:28:56.839425
2025-07-20,153198,2025072004007513,SHL,S.P.S.A. Securities Limited,Nepal Investment And Securities Trading Private Limited,109,590.0,64310.0,2025-07-20T11:29:02.462293
2025-07-20,153197,2025072004007514,SHL,S.P.S.A. Securities Limited,Sani Securities Company Ltd.,200,590.0,118000.0,2025-07-20T11:29:02.462415
2025-07-20,152540,2025072004007681,SHL,S.P.S.A. Securities Limited,Sani Securities Company Ltd.,400,590.0,236000.0,2025-07-20T11:29:44.936063
2025-07-20,151566,2025072004007960,SHL,S.P.S.A. Securities Limited,Trisul Securities & Invt. Ltd.,100,590.0,59000.0,2025-07-20T11:31:07.609049
2025-07-20,150804,2025072004008152,SHL,Naasa Securities Co. Ltd.,Opal Securities Investment (PVT) Ltd.,141,593.8,83725.8,2025-07-20T11:32:02.818441
2025-07-20,150719,2025072004008170,SHL,Naasa Securities Co. Ltd.,Himalayan Brokerage Company Limited,100,593.9,59390.0,2025-07-20T11:32:07.968909
2025-07-20,150674,2025072004008180,SHL,Naasa Securities Co. Ltd.,KALASH STOCK MARKET PVT. LTD.,100,593.9,59390.0,2025-07-20T11:32:10.988459
2025-07-20,150591,2025072004008198,SHL,Naasa Securities Co. Ltd.,Dakshinkali Investment & Securities Pvt. Ltd.,401,594.0,238194.0,2025-07-20T11:32:14.114832
2025-07-20,150545,2025072004008207,SHL,Naasa Securities Co. Ltd.,Imperial Securities Company Pvt. Ltd.,100,594.8,59480.0,2025-07-20T11:32:18.930512
2025-07-20,150544,2025072004008208,SHL,Naasa Securities Co. Ltd.,Asian Securities Private Ltd.,101,594.9,60084.9,2025-07-20T11:32:18.930559
2025-07-20,145129,2025072004009819,SHL,Nabil Stock Dealer Ltd.,Linch Stock Market Ltd.,199,594.8,118365.2,2025-07-20T11:38:54.077287
2025-07-20,145128,2025072004009820,SHL,Nabil Stock Dealer Ltd.,Himalayan Brokerage Company Limited,400,594.9,237960.0,2025-07-20T11:38:54.077456
2025-07-20,145127,2025072004009821,SHL,Nabil Stock Dealer Ltd.,Sri Hari Securities Pvt. Ltd.,350,594.9,208215.0,2025-07-20T11:38:54.077534
2025-07-20,145126,2025072004009822,SHL,Nabil Stock Dealer Ltd.,Market Securities & Exchange (PVT) Ltd.,1500,595.0,892500.0,2025-07-20T11:38:54.077609
2025-07-20,145125,2025072004009823,SHL,Nabil Stock Dealer Ltd.,Sundhara Securities Limited,100,595.0,59500.0,2025-07-20T11:38:54.077682
2025-07-20,145124,2025072004009824,SHL,Nabil Stock Dealer Ltd.,Trishakti Securities Public Limited,330,595.0,196350.0,2025-07-20T11:38:54.077757
2025-07-20,145123,2025072004009825,SHL,Nabil Stock Dealer Ltd.,J.F. Securites (PVT) Ltd.,110,595.0,65450.0,2025-07-20T11:38:54.077829
2025-07-20,145122,2025072004009826,SHL,Nabil Stock Dealer Ltd.,Garima Securities Limited,1000,596.0,596000.0,2025-07-20T11:38:54.077929
2025-07-20,145121,2025072004009827,SHL,Nabil Stock Dealer Ltd.,Sweta Securities Private Limited,100,596.0,59600.0,2025-07-20T11:38:54.077987
2025-07-20,145120,2025072004009828,SHL,Nabil Stock Dealer Ltd.,Sani Securities Company Ltd.,100,596.0,59600.0,2025-07-20T11:38:54.078041
2025-07-20,145119,2025072004009829,SHL,Nabil Stock Dealer Ltd.,Arun Securities (PVT) Ltd.,200,596.0,119200.0,2025-07-20T11:38:54.078111
2025-07-20,144931,2025072004009899,SHL,Nabil Stock Dealer Ltd.,SHUBHAKAMANA SECURITIES PVT. LTD,611,596.0,364156.0,2025-07-20T11:39:09.484914
2025-07-20,143705,2025072004010220,SHL,Trisul Securities & Invt. Ltd.,ABC Securities Private Limited,100,595.0,59500.0,2025-07-20T11:40:44.085339
2025-07-20,142801,2025072004010499,SHL,Trisul Securities & Invt. Ltd.,Bhrikuti Stock Broking Co. Pvt. Ltd.,100,592.1,59210.0,2025-07-20T11:41:48.493544
2025-07-20,142175,2025072004010679,SHL,Naasa Securities Co. Ltd.,Vision Securities Pvt. Ltd,100,594.0,59400.0,2025-07-20T11:42:30.21404
2025-07-20,141637,2025072004010865,SHL,Sani Securities Company Ltd.,SHUBHAKAMANA SECURITIES PVT. LTD,150,593.0,88950.0,2025-07-20T11:43:02.699236
2025-07-20,141636,2025072004010866,SHL,Trisul Securities & Invt. Ltd.,SHUBHAKAMANA SECURITIES PVT. LTD,239,592.1,141511.9,2025-07-20T11:43:02.699524
2025-07-20,140828,2025072004011144,SHL,Linch Stock Market Ltd.,Property Wiard Limited,175,592.0,103600.0,2025-07-20T11:43:49.569893
2025-07-20,140827,2025072004011145,SHL,Cristal Kanchanjanga Securites Pvt. Ltd.,Property Wiard Limited,200,592.0,118400.0,2025-07-20T11:43:49.570047
2025-07-20,140826,2025072004011146,SHL,Dynamic Money Managers Securities Pvt. Ltd.,Property Wiard Limited,100,592.0,59200.0,2025-07-20T11:43:49.570111
2025-07-20,140356,2025072004011281,SHL,Arun Securities (PVT) Ltd.,Linch Stock Market Ltd.,200,591.1,118220.0,2025-07-20T11:44:18.1329
2025-07-20,140350,2025072004011282,SHL,Aryatara Investment & Securities,Shree Krishna Securities Ltd.,200,591.1,118220.0,2025-07-20T11:44:18.663745
2025-07-20,140349,2025072004011283,SHL,INDEX SECURITIES LIMITED,Shree Krishna Securities Ltd.,4000,591.0,2364000.0,2025-07-20T11:44:18.663919
2025-07-20,140348,2025072004011284,SHL,S.P.S.A. Securities Limited,Shree Krishna Securities Ltd.,191,590.0,112690.0,2025-07-20T11:44:18.663999
2025-07-20,140347,2025072004011285,SHL,Opal Securities Investment (PVT) Ltd.,Shree Krishna Securities Ltd.,650,590.0,383500.0,2025-07-20T11:44:18.664062
2025-07-20,140346,2025072004011286,SHL,Aryatara Investment & Securities,Shree Krishna Securities Ltd.,100,590.0,59000.0,2025-07-20T11:44:18.66413
2025-07-20,140297,2025072004011299,SHL,Kohinoor Investment & Securities Pvt. Ltd.,Nepal Stock House (PVT) Ltd.,23,586.0,13478.0,2025-07-20T11:44:23.561895
2025-07-20,140003,2025072004011391,SHL,Investment Management Nepal Pvt. Ltd.,Vision Securities Pvt. Ltd,100,589.9,58990.0,2025-07-20T11:44:44.412128
2025-07-20,139670,2025072004011479,SHL,Linch Stock Market Ltd.,Linch Stock Market Ltd.,32,585.1,18723.2,2025-07-20T11:45:10.906935
2025-07-20,138514,2025072004011816,SHL,S.P.S.A. Securities Limited,Property Wiard Limited,525,588.3,308857.5,2025-07-20T11:46:18.181851
2025-07-20,138411,2025072004011847,SHL,Secured Securities Ltd.,Oxford Securities Pvt. Ltd.,10,585.5,5855.0,2025-07-20T11:46:23.786108
2025-07-20,138295,2025072004011879,SHL,S.P.S.A. Securities Limited,Vision Securities Pvt. Ltd,275,588.3,161782.5,2025-07-20T11:46:32.836333
2025-07-20,138168,2025072004011934,SHL,Siprabi Securities Pvt. Ltd.,Imperial Securities Company Pvt. Ltd.,200,588.2,117640.0,2025-07-20T11:46:41.385012
2025-07-20,138167,2025072004011935,SHL,Nagarik Stock Dealer ,Imperial Securities Company Pvt. Ltd.,1000,588.1,588100.0,2025-07-20T11:46:41.385197
2025-07-20,137893,2025072004012013,SHL,Arun Securities (PVT) Ltd.,Imperial Securities Company Pvt. Ltd.,200,588.1,117620.0,2025-07-20T11:46:58.628777
2025-07-20,137232,2025072004012166,SHL,J.F. Securites (PVT) Ltd.,Nepal Stock House (PVT) Ltd.,200,587.0,117400.0,2025-07-20T11:47:43.38202
2025-07-20,137133,2025072004012189,SHL,J.F. Securites (PVT) Ltd.,Aryatara Investment & Securities,100,587.0,58700.0,2025-07-20T11:47:49.627664
2025-07-20,137132,2025072004012190,SHL,South Asian Bulls Pvt. Ltd.,Aryatara Investment & Securities,100,587.0,58700.0,2025-07-20T11:47:49.627811
2025-07-20,137124,2025072004012192,SHL,S.P.S.A. Securities Limited,Aryatara Investment & Securities,800,588.0,470400.0,2025-07-20T11:47:50.738061
2025-07-20,136733,2025072004012309,SHL,S.P.S.A. Securities Limited,Sani Securities Company Ltd.,200,587.9,117580.0,2025-07-20T11:48:17.837245
2025-07-20,135633,2025072004012667,SHL,Trishakti Securities Public Limited,Imperial Securities Company Pvt. Ltd.,9,590.0,5310.0,2025-07-20T11:49:40.408372
2025-07-20,135355,2025072004012791,SHL,Siprabi Securities Pvt. Ltd.,Premier Securities Company Ltd.,100,586.4,58640.0,2025-07-20T11:49:54.647397
2025-07-20,135353,2025072004012792,SHL,ABC Securities Private Limited,Kohinoor Investment & Securities Pvt. Ltd.,500,586.3,293150.0,2025-07-20T11:49:54.715522
2025-07-20,135322,2025072004012805,SHL,S.P.S.A. Securities Limited,Sani Securities Company Ltd.,300,587.9,176370.0,2025-07-20T11:49:56.147415
2025-07-20,135302,2025072004012815,SHL,ABC Securities Private Limited,Kohinoor Investment & Securities Pvt. Ltd.,250,586.3,146575.0,2025-07-20T11:49:58.742365
2025-07-20,135301,2025072004012816,SHL,S.P.S.A. Securities Limited,Kohinoor Investment & Securities Pvt. Ltd.,250,586.2,146550.0,2025-07-20T11:49:58.74247
2025-07-20,134567,2025072004013091,SHL,Capital Max Securities Ltd,Sani Securities Company Ltd.,100,586.0,58600.0,2025-07-20T11:50:57.877722
2025-07-20,134566,2025072004013092,SHL,Capital Max Securities Ltd,Aryatara Investment & Securities,200,588.0,117600.0,2025-07-20T11:50:57.877876
2025-07-20,134565,2025072004013093,SHL,Capital Max Securities Ltd,Trishakti Securities Public Limited,500,588.0,294000.0,2025-07-20T11:50:57.877943
2025-07-20,133554,2025072004013359,SHL,Capital Max Securities Ltd,KALASH STOCK MARKET PVT. LTD.,100,586.0,58600.0,2025-07-20T11:52:24.306243
2025-07-20,133295,2025072004013424,SHL,Nepal Stock House (PVT) Ltd.,Imperial Securities Company Pvt. Ltd.,25,590.0,14750.0,2025-07-20T11:52:48.004072
2025-07-20,133038,2025072004013491,SHL,Stoxkarts Securities Limited,Primo Securities (PVT) Ltd.,500,586.1,293050.0,2025-07-20T11:53:12.948107
2025-07-20,132935,2025072004013525,SHL,Dynamic Money Managers Securities Pvt. Ltd.,Dipshikha Dhitopatra Karobar Co. Pvt Ltd.,300,586.2,175860.0,2025-07-20T11:53:22.140187
2025-07-20,132822,2025072004013557,SHL,Stoxkarts Securities Limited,Sani Securities Company Ltd.,135,586.1,79123.5,2025-07-20T11:53:29.481806
2025-07-20,132352,2025072004013702,SHL,Trisul Securities & Invt. Ltd.,Naasa Securities Co. Ltd.,61,588.0,35868.0,2025-07-20T11:54:14.641231
2025-07-20,131771,2025072004013889,SHL,Vision Securities Pvt. Ltd,Naasa Securities Co. Ltd.,120,587.5,70500.0,2025-07-20T11:55:05.113872
2025-07-20,131444,2025072004013977,SHL,Vision Securities Pvt. Ltd,Trishakti Securities Public Limited,500,588.0,294000.0,2025-07-20T11:55:40.838441
2025-07-20,130783,2025072004014196,SHL,SHUBHAKAMANA SECURITIES PVT. LTD,Dipshikha Dhitopatra Karobar Co. Pvt Ltd.,100,587.0,58700.0,2025-07-20T11:56:42.279611
2025-07-20,130604,2025072004014250,SHL,SHUBHAKAMANA SECURITIES PVT. LTD,Dipshikha Dhitopatra Karobar Co. Pvt Ltd.,100,588.0,58800.0,2025-07-20T11:57:01.341128
2025-07-20,130422,2025072004014316,SHL,SHUBHAKAMANA SECURITIES PVT. LTD,Imperial Securities Company Pvt. Ltd.,300,588.1,176430.0,2025-07-20T11:57:16.394214
2025-07-20,129852,2025072004014474,SHL,Bhrikuti Stock Broking Co. Pvt. Ltd.,Sharepro Securities Private Limited,100,586.4,58640.0,2025-07-20T11:58:18.356305
2025-07-20,129851,2025072004014475,SHL,Imperial Securities Company Pvt. Ltd.,Sharepro Securities Private Limited,100,586.3,58630.0,2025-07-20T11:58:18.356509
2025-07-20,129850,2025072004014476,SHL,Vision Securities Pvt. Ltd,Sharepro Securities Private Limited,100,586.3,58630.0,2025-07-20T11:58:18.356598
2025-07-20,128843,2025072004014857,SHL,Vision Securities Pvt. Ltd,Magnet Securities and Investment Company Private Limited,200,586.3,117260.0,2025-07-20T11:59:57.93334
2025-07-20,128196,2025072004015058,SHL,Linch Stock Market Ltd.,Agrawal Securities (PVT) Ltd.,11,578.2,6360.2,2025-07-20T12:00:57.855378
2025-07-20,127975,2025072004015127,SHL,Vision Securities Pvt. Ltd,Himalayan Brokerage Company Limited,200,586.3,117260.0,2025-07-20T12:01:19.940643
2025-07-20,127729,2025072004015188,SHL,Opal Securities Investment (PVT) Ltd.,Naasa Securities Co. Ltd.,116,587.0,68092.0,2025-07-20T12:01:46.772541
2025-07-20,126416,2025072004015551,SHL,Opal Securities Investment (PVT) Ltd.,Sewa Securities Pvt. Ltd.,184,587.0,108008.0,2025-07-20T12:04:08.310709
2025-07-20,126415,2025072004015552,SHL,Capital Max Securities Ltd,Sewa Securities Pvt. Ltd.,100,586.2,58620.0,2025-07-20T12:04:08.310886
2025-07-20,126215,2025072004015622,SHL,Cristal Kanchanjanga Securites Pvt. Ltd.,Nagarik Stock Dealer ,830,586.3,486629.0,2025-07-20T12:04:25.340357
2025-07-20,126214,2025072004015623,SHL,Shree Krishna Securities Ltd.,Nagarik Stock Dealer ,1170,586.2,685854.0,2025-07-20T12:04:25.340715
2025-07-20,126002,2025072004015674,SHL,Shree Krishna Securities Ltd.,Dipshikha Dhitopatra Karobar Co. Pvt Ltd.,180,586.2,105516.0,2025-07-20T12:04:47.747393
2025-07-20,125600,2025072004015778,SHL,Deevyaa Securities & Stock House Pvt. Ltd,Imperial Securities Company Pvt. Ltd.,100,588.1,58810.0,2025-07-20T12:05:27.497123
2025-07-20,124796,2025072004016041,SHL,South Asian Bulls Pvt. Ltd.,ABC Securities Private Limited,100,588.0,58800.0,2025-07-20T12:06:43.398299
2025-07-20,123136,2025072004016511,SHL,Trishakti Securities Public Limited,ABC Securities Private Limited,400,588.0,235200.0,2025-07-20T12:09:45.194459
2025-07-20,123135,2025072004016512,SHL,Trishakti Securities Public Limited,Imperial Securities Company Pvt. Ltd.,200,588.1,117620.0,2025-07-20T12:09:45.194642
2025-07-20,123134,2025072004016513,SHL,Trishakti Securities Public Limited,Pragyan Securities (PVT) Ltd.,400,588.1,235240.0,2025-07-20T12:09:45.194718
2025-07-20,122873,2025072004016600,SHL,Kohinoor Investment & Securities Pvt. Ltd.,Pragyan Securities (PVT) Ltd.,170,588.1,99977.0,2025-07-20T12:10:10.547496
2025-07-20,122789,2025072004016634,SHL,Stoxkarts Securities Limited,Pragyan Securities (PVT) Ltd.,101,588.1,59398.1,2025-07-20T12:10:17.322038
2025-07-20,122587,2025072004016696,SHL,Asian Securities Private Ltd.,Bhrikuti Stock Broking Co. Pvt. Ltd.,100,589.0,58900.0,2025-07-20T12:10:39.482789
2025-07-20,119378,2025072004017833,SHL,Kohinoor Investment & Securities Pvt. Ltd.,Dynamic Money Managers Securities Pvt. Ltd.,100,591.8,59180.0,2025-07-20T12:16:03.315722
2025-07-20,119377,2025072004017834,SHL,Kohinoor Investment & Securities Pvt. Ltd.,Bhrikuti Stock Broking Co. Pvt. Ltd.,121,592.0,71632.0,2025-07-20T12:16:03.315916
2025-07-20,119376,2025072004017835,SHL,Kohinoor Investment & Securities Pvt. Ltd.,Nagarik Stock Dealer ,259,592.0,153328.0,2025-07-20T12:16:03.316018
2025-07-20,119348,2025072004017849,SHL,Bhrikuti Stock Broking Co. Pvt. Ltd.,Nagarik Stock Dealer ,100,592.0,59200.0,2025-07-20T12:16:07.729283
2025-07-20,118532,2025072004018132,SHL,Shree Krishna Securities Ltd.,Opal Securities Investment (PVT) Ltd.,100,593.0,59300.0,2025-07-20T12:17:35.44767
2025-07-20,117980,2025072004018329,SHL,Sani Securities Company Ltd.,Opal Securities Investment (PVT) Ltd.,400,593.0,237200.0,2025-07-20T12:18:31.431524
2025-07-20,117979,2025072004018330,SHL,Sani Securities Company Ltd.,Dynamic Money Managers Securities Pvt. Ltd.,500,593.8,296900.0,2025-07-20T12:18:31.431709
2025-07-20,117978,2025072004018331,SHL,Sani Securities Company Ltd.,Opal Securities Investment (PVT) Ltd.,500,593.9,296950.0,2025-07-20T12:18:31.431791
2025-07-20,117977,2025072004018332,SHL,Sani Securities Company Ltd.,Shree Krishna Securities Ltd.,1818,594.0,1079892.0,2025-07-20T12:18:31.431868
2025-07-20,117976,2025072004018333,SHL,Sani Securities Company Ltd.,Thrive Brokerage House Pvt. Ltd,100,594.0,59400.0,2025-07-20T12:18:31.431954
2025-07-20,117975,2025072004018334,SHL,Sani Securities Company Ltd.,Citizens Share Broker Limited,500,594.0,297000.0,2025-07-20T12:18:31.432039
2025-07-20,117974,2025072004018335,SHL,Sani Securities Company Ltd.,Citizens Share Broker Limited,1500,594.0,891000.0,2025-07-20T12:18:31.432109
2025-07-20,117973,2025072004018336,SHL,Sani Securities Company Ltd.,Citizens Share Broker Limited,500,594.0,297000.0,2025-07-20T12:18:31.432182
2025-07-20,117972,2025072004018337,SHL,Sani Securities Company Ltd.,Agrawal Securities (PVT) Ltd.,100,594.0,59400.0,2025-07-20T12:18:31.432258
2025-07-20,117971,2025072004018338,SHL,Sani Securities Company Ltd.,Trisul Securities & Invt. Ltd.,100,595.0,59500.0,2025-07-20T12:18:31.432346
2025-07-20,117970,2025072004018339,SHL,Sani Securities Company Ltd.,Sundhara Securities Limited,100,595.0,59500.0,2025-07-20T12:18:31.432424
2025-07-20,117969,2025072004018340,SHL,Sani Securities Company Ltd.,Oxford Securities Pvt. Ltd.,100,595.0,59500.0,2025-07-20T12:18:31.432493
2025-07-20,117968,2025072004018341,SHL,Sani Securities Company Ltd.,Aryatara Investment & Securities,300,595.0,178500.0,2025-07-20T12:18:31.432564
2025-07-20,117967,2025072004018342,SHL,Sani Securities Company Ltd.,Trishakti Securities Public Limited,100,595.0,59500.0,2025-07-20T12:18:31.432639
2025-07-20,117966,2025072004018343,SHL,Sani Securities Company Ltd.,Trishakti Securities Public Limited,110,595.0,65450.0,2025-07-20T12:18:31.432711
2025-07-20,117965,2025072004018344,SHL,Sani Securities Company Ltd.,Dipshikha Dhitopatra Karobar Co. Pvt Ltd.,500,595.0,297500.0,2025-07-20T12:18:31.43278
2025-07-20,117964,2025072004018345,SHL,Sani Securities Company Ltd.,Asian Securities Private Ltd.,200,595.0,119000.0,2025-07-20T12:18:31.432851
2025-07-20,117963,2025072004018346,SHL,Sani Securities Company Ltd.,Trademow Securities Private Limited,1000,595.0,595000.0,2025-07-20T12:18:31.432923
2025-07-20,117962,2025072004018347,SHL,Sani Securities Company Ltd.,Dakshinkali Investment & Securities Pvt. Ltd.,100,595.0,59500.0,2025-07-20T12:18:31.432995
2025-07-20,117961,2025072004018348,SHL,Sani Securities Company Ltd.,Kohinoor Investment & Securities Pvt. Ltd.,110,595.0,65450.0,2025-07-20T12:18:31.433065
2025-07-20,117802,2025072004018383,SHL,Sani Securities Company Ltd.,Asian Securities Private Ltd.,199,595.0,118405.0,2025-07-20T12:18:41.526843
2025-07-20,117569,2025072004018479,SHL,Sani Securities Company Ltd.,Opal Securities Investment (PVT) Ltd.,500,595.0,297500.0,2025-07-20T12:19:00.014194
2025-07-20,117460,2025072004018516,SHL,Sani Securities Company Ltd.,Nagarik Stock Dealer ,541,595.0,321895.0,2025-07-20T12:19:12.371408
2025-07-20,117146,2025072004018670,SHL,Sani Securities Company Ltd.,Dipshikha Dhitopatra Karobar Co. Pvt Ltd.,100,595.0,59500.0,2025-07-20T12:19:36.567378
2025-07-20,116827,2025072004018826,SHL,Secured Securities Ltd.,South Asian Bulls Pvt. Ltd.,10,584.0,5840.0,2025-07-20T12:19:55.437979
2025-07-20,116772,2025072004018851,SHL,Shree Krishna Securities Ltd.,Imperial Securities Company Pvt. Ltd.,100,595.0,59500.0,2025-07-20T12:20:04.170094
2025-07-20,116771,2025072004018852,SHL,Sani Securities Company Ltd.,Imperial Securities Company Pvt. Ltd.,22,595.0,13090.0,2025-07-20T12:20:04.170472
2025-07-20,116129,2025072004019052,SHL,Sharepro Securities Private Limited,Imperial Securities Company Pvt. Ltd.,265,594.7,157595.5,2025-07-20T12:20:53.578028
2025-07-20,115892,2025072004019113,SHL,Kohinoor Investment & Securities Pvt. Ltd.,Sani Securities Company Ltd.,19,586.0,11134.0,2025-07-20T12:21:17.937746
2025-07-20,114682,2025072004019442,SHL,Asian Securities Private Ltd.,Agrawal Securities (PVT) Ltd.,100,594.6,59460.0,2025-07-20T12:23:10.699674
2025-07-20,114520,2025072004019507,SHL,Asian Securities Private Ltd.,Aryatara Investment & Securities,100,594.9,59490.0,2025-07-20T12:23:28.819047
2025-07-20,114437,2025072004019529,SHL,Cristal Kanchanjanga Securites Pvt. Ltd.,Aryatara Investment & Securities,100,594.9,59490.0,2025-07-20T12:23:35.39823
2025-07-20,113815,2025072004019740,SHL,Cristal Kanchanjanga Securites Pvt. Ltd.,Dynamic Money Managers Securities Pvt. Ltd.,100,593.0,59300.0,2025-07-20T12:24:28.401558
2025-07-20,111285,2025072004020731,SHL,Online Securities Pvt. Ltd.,Online Securities Pvt. Ltd.,129,591.0,76239.0,2025-07-20T12:27:56.376027
2025-07-20,110447,2025072004020992,SHL,Sumeru Securities Pvt. Ltd.,Opal Securities Investment (PVT) Ltd.,200,590.2,118040.0,2025-07-20T12:29:16.469003
2025-07-20,110446,2025072004020993,SHL,Stoxkarts Securities Limited,Opal Securities Investment (PVT) Ltd.,200,590.1,118020.0,2025-07-20T12:29:16.469213
2025-07-20,110445,2025072004020994,SHL,Trishakti Securities Public Limited,Opal Securities Investment (PVT) Ltd.,100,590.1,59010.0,2025-07-20T12:29:16.469357
2025-07-20,110242,2025072004021050,SHL,Trishakti Securities Public Limited,Opal Securities Investment (PVT) Ltd.,100,590.1,59010.0,2025-07-20T12:29:32.589725
2025-07-20,110241,2025072004021051,SHL,Thrive Brokerage House Pvt. Ltd,Opal Securities Investment (PVT) Ltd.,100,590.0,59000.0,2025-07-20T12:29:32.589943
2025-07-20,110240,2025072004021052,SHL,Sharepro Securities Private Limited,Opal Securities Investment (PVT) Ltd.,235,590.0,138650.0,2025-07-20T12:29:32.590046
2025-07-20,110133,2025072004021094,SHL,Midas Stock Broking Company Private Limited,Opal Securities Investment (PVT) Ltd.,300,590.0,177000.0,2025-07-20T12:29:40.645545
2025-07-20,110132,2025072004021095,SHL,Trishakti Securities Public Limited,Opal Securities Investment (PVT) Ltd.,200,590.0,118000.0,2025-07-20T12:29:40.645742
2025-07-20,109048,2025072004021418,SHL,Cristal Kanchanjanga Securites Pvt. Ltd.,Investment Management Nepal Pvt. Ltd.,200,590.1,118020.0,2025-07-20T12:31:32.766556
2025-07-20,107146,2025072004021930,SHL,Agrawal Securities (PVT) Ltd.,SUN SECURITIES PVT LTD,100,593.0,59300.0,2025-07-20T12:34:26.029008
2025-07-20,107078,2025072004021953,SHL,Stoxkarts Securities Limited,Vision Securities Pvt. Ltd,100,590.3,59030.0,2025-07-20T12:34:33.397575
2025-07-20,106661,2025072004022108,SHL,Stoxkarts Securities Limited,Dipshikha Dhitopatra Karobar Co. Pvt Ltd.,101,590.3,59620.3,2025-07-20T12:35:13.86728
2025-07-20,106660,2025072004022109,SHL,Shree Krishna Securities Ltd.,Dipshikha Dhitopatra Karobar Co. Pvt Ltd.,199,590.2,117449.8,2025-07-20T12:35:13.867499
2025-07-20,105569,2025072004022406,SHL,INDEX SECURITIES LIMITED,KALASH STOCK MARKET PVT. LTD.,680,591.9,402492.0,2025-07-20T12:36:56.805191
2025-07-20,105206,2025072004022523,SHL,Opal Securities Investment (PVT) Ltd.,Aryatara Investment & Securities,485,592.0,287120.0,2025-07-20T12:37:36.245223
2025-07-20,105114,2025072004022545,SHL,Opal Securities Investment (PVT) Ltd.,Opal Securities Investment (PVT) Ltd.,161,592.0,95312.0,2025-07-20T12:37:43.301832
2025-07-20,104414,2025072004022757,SHL,Vision Securities Pvt. Ltd,Aryatara Investment & Securities,100,594.0,59400.0,2025-07-20T12:38:54.857801
2025-07-20,104413,2025072004022758,SHL,Vision Securities Pvt. Ltd,Himalayan Brokerage Company Limited,200,594.0,118800.0,2025-07-20T12:38:54.858007
2025-07-20,104412,2025072004022759,SHL,Vision Securities Pvt. Ltd,Himalayan Brokerage Company Limited,200,594.8,118960.0,2025-07-20T12:38:54.858123
2025-07-20,103516,2025072004023028,SHL,Agrawal Securities (PVT) Ltd.,Himalayan Brokerage Company Limited,200,594.8,118960.0,2025-07-20T12:40:32.974208
2025-07-20,103143,2025072004023136,SHL,Opal Securities Investment (PVT) Ltd.,Vision Securities Pvt. Ltd,40,590.0,23600.0,2025-07-20T12:41:06.91401
2025-07-20,102840,2025072004023244,SHL,Sewa Securities Pvt. Ltd.,Sweta Securities Private Limited,159,593.3,94334.7,2025-07-20T12:41:35.682045
2025-07-20,102471,2025072004023381,SHL,Dakshinkali Investment & Securities Pvt. Ltd.,Dipshikha Dhitopatra Karobar Co. Pvt Ltd.,142,594.7,84447.4,2025-07-20T12:42:15.655207
2025-07-20,102470,2025072004023382,SHL,Dakshinkali Investment & Securities Pvt. Ltd.,Himalayan Brokerage Company Limited,400,594.8,237920.0,2025-07-20T12:42:15.655443
2025-07-20,102469,2025072004023383,SHL,Dakshinkali Investment & Securities Pvt. Ltd.,Dipshikha Dhitopatra Karobar Co. Pvt Ltd.,120,595.0,71400.0,2025-07-20T12:42:15.655547
2025-07-20,102468,2025072004023384,SHL,Dakshinkali Investment & Securities Pvt. Ltd.,Himalayan Brokerage Company Limited,338,595.0,201110.0,2025-07-20T12:42:15.655639
2025-07-20,102462,2025072004023386,SHL,ABC Securities Private Limited,Himalayan Brokerage Company Limited,162,595.0,96390.0,2025-07-20T12:42:16.181804
2025-07-20,102352,2025072004023429,SHL,Opal Securities Investment (PVT) Ltd.,Investment Management Nepal Pvt. Ltd.,100,595.0,59500.0,2025-07-20T12:42:28.516205
2025-07-20,102141,2025072004023478,SHL,Opal Securities Investment (PVT) Ltd.,Primo Securities (PVT) Ltd.,100,595.1,59510.0,2025-07-20T12:42:45.787253
2025-07-20,102140,2025072004023479,SHL,Opal Securities Investment (PVT) Ltd.,Dipshikha Dhitopatra Karobar Co. Pvt Ltd.,154,596.0,91784.0,2025-07-20T12:42:45.787479
2025-07-20,100835,2025072004023854,SHL,Cristal Kanchanjanga Securites Pvt. Ltd.,Dipshikha Dhitopatra Karobar Co. Pvt Ltd.,100,596.0,59600.0,2025-07-20T12:44:48.192596
2025-07-20,100144,2025072004024029,SHL,Elite Stock House Limited,Dipshikha Dhitopatra Karobar Co. Pvt Ltd.,246,596.0,146616.0,2025-07-20T12:45:42.082833
2025-07-20,100143,2025072004024030,SHL,Elite Stock House Limited,Primo Securities (PVT) Ltd.,200,596.0,119200.0,2025-07-20T12:45:42.083255
2025-07-20,100142,2025072004024031,SHL,Elite Stock House Limited,Imperial Securities Company Pvt. Ltd.,100,596.6,59660.0,2025-07-20T12:45:42.083568
2025-07-20,100141,2025072004024032,SHL,Elite Stock House Limited,Dakshinkali Investment & Securities Pvt. Ltd.,500,596.7,298350.0,2025-07-20T12:45:42.083834
2025-07-20,100140,2025072004024033,SHL,Elite Stock House Limited,Aryatara Investment & Securities,1800,596.9,1074420.0,2025-07-20T12:45:42.084104
2025-07-20,100139,2025072004024034,SHL,Elite Stock House Limited,Agrawal Securities (PVT) Ltd.,385,597.0,229845.0,2025-07-20T12:45:42.084377
2025-07-20,100138,2025072004024035,SHL,Elite Stock House Limited,J.F. Securites (PVT) Ltd.,200,597.0,119400.0,2025-07-20T12:45:42.084638
2025-07-20,100137,2025072004024036,SHL,Elite Stock House Limited,KALASH STOCK MARKET PVT. LTD.,116,597.0,69252.0,2025-07-20T12:45:42.084887
2025-07-20,100136,2025072004024037,SHL,Elite Stock House Limited,Malla & Malla Stock Broking Company Pvt. Limited,100,597.0,59700.0,2025-07-20T12:45:42.085143
2025-07-20,99855,2025072004024139,SHL,Linch Stock Market Ltd.,Aryatara Investment & Securities,11,586.0,6446.0,2025-07-20T12:46:07.782458
2025-07-20,99683,2025072004024209,SHL,Linch Stock Market Ltd.,Dipshikha Dhitopatra Karobar Co. Pvt Ltd.,10,586.1,5861.0,2025-07-20T12:46:22.980662
2025-07-20,99642,2025072004024215,SHL,Kumari Securities Private Limited,Naasa Securities Co. Ltd.,100,597.8,59780.0,2025-07-20T12:46:25.627088
2025-07-20,99552,2025072004024241,SHL,Linch Stock Market Ltd.,Linch Stock Market Ltd.,11,586.1,6447.1,2025-07-20T12:46:35.077562
2025-07-20,99509,2025072004024256,SHL,Deevyaa Securities & Stock House Pvt. Ltd,Sundhara Securities Limited,770,597.9,460383.0,2025-07-20T12:46:39.539139
2025-07-20,99508,2025072004024257,SHL,Deevyaa Securities & Stock House Pvt. Ltd,Stoxkarts Securities Limited,230,597.9,137517.0,2025-07-20T12:46:39.539563
2025-07-20,99304,2025072004024303,SHL,Elite Stock House Limited,Arun Securities (PVT) Ltd.,2000,597.0,1194000.0,2025-07-20T12:46:58.106726
2025-07-20,98668,2025072004024433,SHL,Elite Stock House Limited,Sani Securities Company Ltd.,835,597.0,498495.0,2025-07-20T12:47:46.720328
2025-07-20,98506,2025072004024474,SHL,ABC Securities Private Limited,Stoxkarts Securities Limited,500,597.9,298950.0,2025-07-20T12:48:06.283334
2025-07-20,98171,2025072004024563,SHL,Dynamic Money Managers Securities Pvt. Ltd.,Imperial Securities Company Pvt. Ltd.,100,597.9,59790.0,2025-07-20T12:48:32.04593
2025-07-20,97664,2025072004024691,SHL,Cristal Kanchanjanga Securites Pvt. Ltd.,Neev Securities Pvt. Ltd.,100,597.9,59790.0,2025-07-20T12:49:10.135892
2025-07-20,97663,2025072004024692,SHL,Elite Stock House Limited,Neev Securities Pvt. Ltd.,900,597.0,537300.0,2025-07-20T12:49:10.135973
2025-07-20,96997,2025072004024847,SHL,Elite Stock House Limited,Arun Securities (PVT) Ltd.,418,597.0,249546.0,2025-07-20T12:50:09.021396
2025-07-20,96996,2025072004024848,SHL,Sani Securities Company Ltd.,Arun Securities (PVT) Ltd.,582,597.0,347454.0,2025-07-20T12:50:09.021804
2025-07-20,96732,2025072004024904,SHL,Sani Securities Company Ltd.,Midas Stock Broking Company Private Limited,418,597.0,249546.0,2025-07-20T12:50:24.115001
2025-07-20,96554,2025072004024948,SHL,Nabil Stock Dealer Ltd.,Midas Stock Broking Company Private Limited,5000,595.0,2975000.0,2025-07-20T12:50:38.197383
2025-07-20,96140,2025072004025025,SHL,K.B.L. Securities Limited ,Sumeru Securities Pvt. Ltd.,56,586.3,32832.8,2025-07-20T12:51:05.709034
2025-07-20,95668,2025072004025155,SHL,K.B.L. Securities Limited ,Arun Securities (PVT) Ltd.,6,586.3,3517.8,2025-07-20T12:51:46.834732
2025-07-20,95654,2025072004025156,SHL,Nepal Stock House (PVT) Ltd.,Miyo Securities Pvt Ltd,100,595.0,59500.0,2025-07-20T12:51:48.063403
2025-07-20,95533,2025072004025183,SHL,Elite Stock House Limited,Midas Stock Broking Company Private Limited,582,595.1,346348.2,2025-07-20T12:51:59.705589
2025-07-20,95080,2025072004025297,SHL,Elite Stock House Limited,Capital Max Securities Ltd,325,595.1,193407.5,2025-07-20T12:52:45.884946
2025-07-20,94869,2025072004025345,SHL,K.B.L. Securities Limited ,Midas Stock Broking Company Private Limited,50,588.0,29400.0,2025-07-20T12:52:59.054507
2025-07-20,94838,2025072004025348,SHL,Elite Stock House Limited,Pragyan Securities (PVT) Ltd.,220,595.1,130922.0,2025-07-20T12:53:02.980269
2025-07-20,93007,2025072004025777,SHL,Capital Max Securities Ltd,Naasa Securities Co. Ltd.,150,595.2,89280.0,2025-07-20T12:55:40.623216
2025-07-20,92862,2025072004025793,SHL,Trishakti Securities Public Limited,Opal Securities Investment (PVT) Ltd.,805,596.0,479780.0,2025-07-20T12:55:48.895668
2025-07-20,92861,2025072004025794,SHL,Trishakti Securities Public Limited,Trisul Securities & Invt. Ltd.,2000,596.0,1192000.0,2025-07-20T12:55:48.896092
2025-07-20,92457,2025072004025857,SHL,Kohinoor Investment & Securities Pvt. Ltd.,Dipshikha Dhitopatra Karobar Co. Pvt Ltd.,45,589.0,26505.0,2025-07-20T12:56:17.005519
2025-07-20,91068,2025072004026204,SHL,Sharepro Securities Private Limited,Sewa Securities Pvt. Ltd.,100,596.1,59610.0,2025-07-20T12:58:13.138072
2025-07-20,91067,2025072004026205,SHL,Sri Hari Securities Pvt. Ltd.,Sewa Securities Pvt. Ltd.,100,596.1,59610.0,2025-07-20T12:58:13.138321
2025-07-20,90829,2025072004026269,SHL,Himalayan Securities Limited,Sewa Securities Pvt. Ltd.,300,596.0,178800.0,2025-07-20T12:58:29.299838
2025-07-20,90828,2025072004026270,SHL,Himalayan Securities Limited,Neev Securities Pvt. Ltd.,100,597.9,59790.0,2025-07-20T12:58:29.300251
2025-07-20,90827,2025072004026271,SHL,Himalayan Securities Limited,Thrive Brokerage House Pvt. Ltd,100,598.0,59800.0,2025-07-20T12:58:29.300553
2025-07-20,90826,2025072004026272,SHL,Himalayan Securities Limited,Dipshikha Dhitopatra Karobar Co. Pvt Ltd.,500,598.0,299000.0,2025-07-20T12:58:29.300822
2025-07-20,90825,2025072004026273,SHL,Himalayan Securities Limited,Trishakti Securities Public Limited,100,598.0,59800.0,2025-07-20T12:58:29.301082
2025-07-20,90824,2025072004026274,SHL,Himalayan Securities Limited,Sri Hari Securities Pvt. Ltd.,400,598.0,239200.0,2025-07-20T12:58:29.301353
2025-07-20,90823,2025072004026275,SHL,Himalayan Securities Limited,Primo Securities (PVT) Ltd.,500,598.5,299250.0,2025-07-20T12:58:29.301612
2025-07-20,90822,2025072004026276,SHL,Himalayan Securities Limited,Dynamic Money Managers Securities Pvt. Ltd.,1000,598.8,598800.0,2025-07-20T12:58:29.301876
2025-07-20,90821,2025072004026277,SHL,Himalayan Securities Limited,Opal Securities Investment (PVT) Ltd.,100,599.0,59900.0,2025-07-20T12:58:29.302129
2025-07-20,90820,2025072004026278,SHL,Himalayan Securities Limited,Bhrikuti Stock Broking Co. Pvt. Ltd.,300,599.0,179700.0,2025-07-20T12:58:29.302394
2025-07-20,90819,2025072004026279,SHL,Himalayan Securities Limited,Imperial Securities Company Pvt. Ltd.,300,599.0,179700.0,2025-07-20T12:58:29.30265
2025-07-20,90818,2025072004026280,SHL,Himalayan Securities Limited,Sewa Securities Pvt. Ltd.,124,599.0,74276.0,2025-07-20T12:58:29.302902
2025-07-20,90817,2025072004026281,SHL,Himalayan Securities Limited,Hatemalo Financial Services Private Limited,100,599.0,59900.0,2025-07-20T12:58:29.303144
2025-07-20,90816,2025072004026282,SHL,Himalayan Securities Limited,Premier Securities Company Ltd.,450,599.0,269550.0,2025-07-20T12:58:29.303404
2025-07-20,90810,2025072004026286,SHL,Himalayan Securities Limited,Oxford Securities Pvt. Ltd.,100,599.0,59900.0,2025-07-20T12:58:29.670149
2025-07-20,90714,2025072004026328,SHL,Himalayan Securities Limited,South Asian Bulls Pvt. Ltd.,526,599.0,315074.0,2025-07-20T12:58:37.78138
2025-07-20,90676,2025072004026350,SHL,Sewa Securities Pvt. Ltd.,Swarna Laxmi Securities Pvt. Ltd.,41,593.4,24329.4,2025-07-20T12:58:40.633919
2025-07-20,90176,2025072004026517,SHL,Agrawal Securities (PVT) Ltd.,Capital Hub P. Ltd,150,599.0,89850.0,2025-07-20T12:59:26.954437
2025-07-20,89914,2025072004026604,SHL,Naasa Securities Co. Ltd.,Neev Securities Pvt. Ltd.,101,599.0,60499.0,2025-07-20T12:59:49.364679
2025-07-20,89893,2025072004026609,SHL,Naasa Securities Co. Ltd.,SHUBHAKAMANA SECURITIES PVT. LTD,100,599.2,59920.0,2025-07-20T12:59:51.593785
2025-07-20,89849,2025072004026622,SHL,Naasa Securities Co. Ltd.,Asian Securities Private Ltd.,132,599.2,79094.4,2025-07-20T12:59:54.767204
2025-07-20,89812,2025072004026628,SHL,Naasa Securities Co. Ltd.,South Asian Bulls Pvt. Ltd.,301,599.3,180389.3,2025-07-20T12:59:57.207618
2025-07-20,89716,2025072004026656,SHL,Sani Securities Company Ltd.,Kohinoor Investment & Securities Pvt. Ltd.,10,588.0,5880.0,2025-07-20T13:00:05.778957
2025-07-20,89515,2025072004026712,SHL,Agrawal Securities (PVT) Ltd.,Trishakti Securities Public Limited,100,598.9,59890.0,2025-07-20T13:00:23.139692
2025-07-20,89385,2025072004026749,SHL,Sani Securities Company Ltd.,Dipshikha Dhitopatra Karobar Co. Pvt Ltd.,10,587.0,5870.0,2025-07-20T13:00:36.354773
2025-07-20,88882,2025072004026859,SHL,Dipshikha Dhitopatra Karobar Co. Pvt Ltd.,Aryatara Investment & Securities,130,597.0,77610.0,2025-07-20T13:01:17.907365
2025-07-20,88801,2025072004026872,SHL,Citizens Share Broker Limited,South Asian Bulls Pvt. Ltd.,500,596.0,298000.0,2025-07-20T13:01:24.263224
2025-07-20,87803,2025072004027091,SHL,Trishakti Securities Public Limited,Trishakti Securities Public Limited,2000,597.0,1194000.0,2025-07-20T13:02:45.763576
2025-07-20,87682,2025072004027113,SHL,Trishakti Securities Public Limited,Aryatara Investment & Securities,400,597.0,238800.0,2025-07-20T13:02:58.979082
2025-07-20,87478,2025072004027151,SHL,Citizens Share Broker Limited,Midas Stock Broking Company Private Limited,200,598.0,119600.0,2025-07-20T13:03:24.233813
2025-07-20,87477,2025072004027152,SHL,Citizens Share Broker Limited,Asian Securities Private Ltd.,100,598.8,59880.0,2025-07-20T13:03:24.234058
2025-07-20,87476,2025072004027153,SHL,Citizens Share Broker Limited,Trishakti Securities Public Limited,100,598.9,59890.0,2025-07-20T13:03:24.234158
2025-07-20,87475,2025072004027154,SHL,Citizens Share Broker Limited,Imperial Securities Company Pvt. Ltd.,100,599.0,59900.0,2025-07-20T13:03:24.234247
2025-07-20,86994,2025072004027244,SHL,Sani Securities Company Ltd.,Swarna Laxmi Securities Pvt. Ltd.,13,588.0,7644.0,2025-07-20T13:03:58.571303
2025-07-20,86733,2025072004027321,SHL,Linch Stock Market Ltd.,Midas Stock Broking Company Private Limited,131,597.2,78233.2,2025-07-20T13:04:24.446469
2025-07-20,86732,2025072004027322,SHL,Arun Securities (PVT) Ltd.,Midas Stock Broking Company Private Limited,169,597.1,100909.9,2025-07-20T13:04:24.446714
2025-07-20,86362,2025072004027426,SHL,Trishakti Securities Public Limited,Midas Stock Broking Company Private Limited,500,597.0,298500.0,2025-07-20T13:05:00.728867
2025-07-20,86124,2025072004027511,SHL,Trishakti Securities Public Limited,Sweta Securities Private Limited,300,597.0,179100.0,2025-07-20T13:05:20.951767
2025-07-20,86102,2025072004027515,SHL,Sani Securities Company Ltd.,Nepal Stock House (PVT) Ltd.,36,589.9,21236.4,2025-07-20T13:05:22.901122
2025-07-20,86080,2025072004027524,SHL,Trishakti Securities Public Limited,Aryatara Investment & Securities,500,597.0,298500.0,2025-07-20T13:05:26.000104
2025-07-20,85586,2025072004027669,SHL,Nepal Stock House (PVT) Ltd.,Imperial Securities Company Pvt. Ltd.,700,599.0,419300.0,2025-07-20T13:06:10.238402
2025-07-20,85585,2025072004027670,SHL,Nepal Stock House (PVT) Ltd.,Primo Securities (PVT) Ltd.,100,599.0,59900.0,2025-07-20T13:06:10.238615
2025-07-20,85469,2025072004027705,SHL,Deevyaa Securities & Stock House Pvt. Ltd,Sunrise Securities Limited,500,598.0,299000.0,2025-07-20T13:06:23.237499
2025-07-20,85056,2025072004027793,SHL,Deevyaa Securities & Stock House Pvt. Ltd,Capital Max Securities Ltd,240,598.0,143520.0,2025-07-20T13:07:01.951026
2025-07-20,84915,2025072004027819,SHL,Deevyaa Securities & Stock House Pvt. Ltd,Primo Securities (PVT) Ltd.,260,598.0,155480.0,2025-07-20T13:07:15.901358
2025-07-20,84914,2025072004027820,SHL,Nepal Stock House (PVT) Ltd.,Primo Securities (PVT) Ltd.,400,598.0,239200.0,2025-07-20T13:07:15.901569
2025-07-20,84520,2025072004027962,SHL,Arun Securities (PVT) Ltd.,Primo Securities (PVT) Ltd.,500,598.0,299000.0,2025-07-20T13:07:48.472334
2025-07-20,84406,2025072004027982,SHL,Asian Securities Private Ltd.,Primo Securities (PVT) Ltd.,200,598.0,119600.0,2025-07-20T13:07:58.409473
2025-07-20,84090,2025072004028078,SHL,Midas Stock Broking Company Private Limited,Primo Securities (PVT) Ltd.,100,598.0,59800.0,2025-07-20T13:08:24.195898
2025-07-20,84072,2025072004028087,SHL,Nepal Stock House (PVT) Ltd.,SHUBHAKAMANA SECURITIES PVT. LTD,232,597.1,138527.2,2025-07-20T13:08:26.532896
2025-07-20,83129,2025072004028338,SHL,Nepal Stock House (PVT) Ltd.,Vision Securities Pvt. Ltd,400,597.1,238840.0,2025-07-20T13:09:55.353548
2025-07-20,83030,2025072004028374,SHL,Nepal Stock House (PVT) Ltd.,Kohinoor Investment & Securities Pvt. Ltd.,168,597.1,100312.8,2025-07-20T13:10:03.900758
2025-07-20,83029,2025072004028375,SHL,Trishakti Securities Public Limited,Kohinoor Investment & Securities Pvt. Ltd.,1832,597.0,1093704.0,2025-07-20T13:10:03.90106
2025-07-20,82354,2025072004028536,SHL,Imperial Securities Company Pvt. Ltd.,K.B.L. Securities Limited ,300,598.0,179400.0,2025-07-20T13:11:02.030956
2025-07-20,82353,2025072004028537,SHL,Arun Securities (PVT) Ltd.,Dipshikha Dhitopatra Karobar Co. Pvt Ltd.,140,598.8,83832.0,2025-07-20T13:11:02.251287
2025-07-20,82224,2025072004028571,SHL,Naasa Securities Co. Ltd.,Opal Securities Investment (PVT) Ltd.,500,598.0,299000.0,2025-07-20T13:11:14.370574
2025-07-20,81904,2025072004028672,SHL,Miyo Securities Pvt Ltd,Opal Securities Investment (PVT) Ltd.,300,598.0,179400.0,2025-07-20T13:11:41.385239
2025-07-20,81903,2025072004028673,SHL,Miyo Securities Pvt Ltd,Opal Securities Investment (PVT) Ltd.,800,598.0,478400.0,2025-07-20T13:11:41.385508
2025-07-20,81902,2025072004028674,SHL,Miyo Securities Pvt Ltd,Sipla Securities Private Limited,200,598.7,119740.0,2025-07-20T13:11:41.385607
2025-07-20,81901,2025072004028675,SHL,Miyo Securities Pvt Ltd,Online Securities Pvt. Ltd.,800,598.8,479040.0,2025-07-20T13:11:41.385705
2025-07-20,81900,2025072004028676,SHL,Miyo Securities Pvt Ltd,Sani Securities Company Ltd.,1000,598.9,598900.0,2025-07-20T13:11:41.385802
2025-07-20,81899,2025072004028677,SHL,Miyo Securities Pvt Ltd,Primo Securities (PVT) Ltd.,1400,599.0,838600.0,2025-07-20T13:11:41.385896
2025-07-20,81898,2025072004028678,SHL,Miyo Securities Pvt Ltd,Primo Securities (PVT) Ltd.,500,599.0,299500.0,2025-07-20T13:11:41.38599
2025-07-20,81634,2025072004028759,SHL,Trishakti Securities Public Limited,Sri Hari Securities Pvt. Ltd.,1000,597.0,597000.0,2025-07-20T13:12:08.080167
2025-07-20,80638,2025072004029055,SHL,J.F. Securites (PVT) Ltd.,Kumari Securities Private Limited,100,597.1,59710.0,2025-07-20T13:13:39.514137
2025-07-20,80550,2025072004029081,SHL,J.F. Securites (PVT) Ltd.,Shree Krishna Securities Ltd.,100,597.1,59710.0,2025-07-20T13:13:45.706932
2025-07-20,80549,2025072004029082,SHL,Trishakti Securities Public Limited,Shree Krishna Securities Ltd.,663,597.0,395811.0,2025-07-20T13:13:45.707402
2025-07-20,80548,2025072004029083,SHL,Neev Securities Pvt. Ltd.,Shree Krishna Securities Ltd.,170,597.0,101490.0,2025-07-20T13:13:45.707701
2025-07-20,80396,2025072004029117,SHL,Naasa Securities Co. Ltd.,Opal Securities Investment (PVT) Ltd.,800,596.0,476800.0,2025-07-20T13:13:55.304593
2025-07-20,80379,2025072004029122,SHL,Naasa Securities Co. Ltd.,Miyo Securities Pvt Ltd,100,596.0,59600.0,2025-07-20T13:13:56.791607
2025-07-20,80377,2025072004029124,SHL,Naasa Securities Co. Ltd.,South Asian Bulls Pvt. Ltd.,100,596.0,59600.0,2025-07-20T13:13:57.099249
2025-07-20,80376,2025072004029125,SHL,ABC Securities Private Limited,South Asian Bulls Pvt. Ltd.,500,595.4,297700.0,2025-07-20T13:13:57.099369
2025-07-20,80375,2025072004029126,SHL,Himalayan Securities Limited,South Asian Bulls Pvt. Ltd.,1000,595.3,595300.0,2025-07-20T13:13:57.099447
2025-07-20,80374,2025072004029127,SHL,Siprabi Securities Pvt. Ltd.,South Asian Bulls Pvt. Ltd.,300,595.3,178590.0,2025-07-20T13:13:57.099523
2025-07-20,80373,2025072004029128,SHL,Elite Stock House Limited,South Asian Bulls Pvt. Ltd.,600,595.1,357060.0,2025-07-20T13:13:57.099599
2025-07-20,80137,2025072004029190,SHL,Elite Stock House Limited,Sri Hari Securities Pvt. Ltd.,658,595.1,391575.8,2025-07-20T13:14:13.797334
2025-07-20,79934,2025072004029244,SHL,Elite Stock House Limited,Aryatara Investment & Securities,200,595.1,119020.0,2025-07-20T13:14:25.588867
2025-07-20,79862,2025072004029254,SHL,Elite Stock House Limited,Opal Securities Investment (PVT) Ltd.,800,595.1,476080.0,2025-07-20T13:14:30.594544
2025-07-20,79727,2025072004029295,SHL,Elite Stock House Limited,Opal Securities Investment (PVT) Ltd.,800,595.1,476080.0,2025-07-20T13:14:39.666227
2025-07-20,79614,2025072004029334,SHL,Elite Stock House Limited,Opal Securities Investment (PVT) Ltd.,200,595.1,119020.0,2025-07-20T13:14:47.714748
2025-07-20,79321,2025072004029432,SHL,Elite Stock House Limited,Miyo Securities Pvt Ltd,180,595.1,107118.0,2025-07-20T13:15:13.305503
2025-07-20,79019,2025072004029514,SHL,K.B.L. Securities Limited ,ABC Securities Private Limited,1,584.1,584.1,2025-07-20T13:15:39.220268
2025-07-20,78848,2025072004029565,SHL,K.B.L. Securities Limited ,Citizens Share Broker Limited,2,584.2,1168.4,2025-07-20T13:15:57.282234
2025-07-20,77671,2025072004029874,SHL,Elite Stock House Limited,Agrawal Securities (PVT) Ltd.,110,595.1,65461.0,2025-07-20T13:17:35.329693
2025-07-20,77309,2025072004029929,SHL,Elite Stock House Limited,MILKY WAY SHARE BROKER COMPANY LTD ,325,595.1,193407.5,2025-07-20T13:18:13.644557
2025-07-20,77308,2025072004029930,SHL,Himalayan Securities Limited,MILKY WAY SHARE BROKER COMPANY LTD ,3175,595.1,1889442.5,2025-07-20T13:18:13.644805
2025-07-20,76981,2025072004030039,SHL,Himalayan Securities Limited,Online Securities Pvt. Ltd.,1000,595.1,595100.0,2025-07-20T13:18:46.150957
2025-07-20,76645,2025072004030134,SHL,Himalayan Securities Limited,Malla & Malla Stock Broking Company Pvt. Limited,800,595.1,476080.0,2025-07-20T13:19:17.241585
2025-07-20,76153,2025072004030285,SHL,ABC Securities Private Limited,Miyo Securities Pvt Ltd,100,595.0,59500.0,2025-07-20T13:20:04.323797
2025-07-20,76070,2025072004030321,SHL,Kohinoor Investment & Securities Pvt. Ltd.,Opal Securities Investment (PVT) Ltd.,150,595.0,89250.0,2025-07-20T13:20:09.308176
2025-07-20,76069,2025072004030322,SHL,Premier Securities Company Ltd.,Opal Securities Investment (PVT) Ltd.,100,595.0,59500.0,2025-07-20T13:20:09.308426
2025-07-20,75820,2025072004030387,SHL,Sani Securities Company Ltd.,J.F. Securites (PVT) Ltd.,51,584.0,29784.0,2025-07-20T13:20:32.108438
2025-07-20,75486,2025072004030473,SHL,Sundhara Securities Limited,Magnet Securities and Investment Company Private Limited,100,595.0,59500.0,2025-07-20T13:21:04.662922
2025-07-20,74428,2025072004030759,SHL,Cristal Kanchanjanga Securites Pvt. Ltd.,Naasa Securities Co. Ltd.,100,594.1,59410.0,2025-07-20T13:22:49.562513
2025-07-20,73489,2025072004031024,SHL,ABC Securities Private Limited,Opal Securities Investment (PVT) Ltd.,130,593.4,77142.0,2025-07-20T13:24:38.409841
2025-07-20,73085,2025072004031144,SHL,Trishakti Securities Public Limited,SUN SECURITIES PVT LTD,800,593.0,474400.0,2025-07-20T13:25:19.50766
2025-07-20,73084,2025072004031145,SHL,Dakshinkali Investment & Securities Pvt. Ltd.,SUN SECURITIES PVT LTD,200,593.0,118600.0,2025-07-20T13:25:19.507917
2025-07-20,72518,2025072004031275,SHL,Dakshinkali Investment & Securities Pvt. Ltd.,Miyo Securities Pvt Ltd,170,593.0,100810.0,2025-07-20T13:26:19.854534
2025-07-20,71570,2025072004031464,SHL,Dakshinkali Investment & Securities Pvt. Ltd.,Sani Securities Company Ltd.,100,593.0,59300.0,2025-07-20T13:28:03.032818
2025-07-20,71282,2025072004031521,SHL,Dakshinkali Investment & Securities Pvt. Ltd.,Market Securities & Exchange (PVT) Ltd.,155,593.0,91915.0,2025-07-20T13:28:28.225814
2025-07-20,71262,2025072004031526,SHL,Bhrikuti Stock Broking Co. Pvt. Ltd.,Sundhara Securities Limited,100,594.0,59400.0,2025-07-20T13:28:30.424137
2025-07-20,70527,2025072004031712,SHL,Dakshinkali Investment & Securities Pvt. Ltd.,Creative Securities Pvt Ltd,375,593.0,222375.0,2025-07-20T13:29:49.235637
2025-07-20,70526,2025072004031713,SHL,Midas Stock Broking Company Private Limited,Creative Securities Pvt Ltd,125,593.0,74125.0,2025-07-20T13:29:49.23615
2025-07-20,70508,2025072004031717,SHL,Dynamic Money Managers Securities Pvt. Ltd.,Linch Stock Market Ltd.,100,594.0,59400.0,2025-07-20T13:29:51.396499
2025-07-20,70507,2025072004031718,SHL,Dynamic Money Managers Securities Pvt. Ltd.,Vision Securities Pvt. Ltd,100,594.0,59400.0,2025-07-20T13:29:51.397022
2025-07-20,69191,2025072004032052,SHL,Sani Securities Company Ltd.,Malla & Malla Stock Broking Company Pvt. Limited,21,583.0,12243.0,2025-07-20T13:32:28.76034
2025-07-20,69052,2025072004032068,SHL,Cristal Kanchanjanga Securites Pvt. Ltd.,Online Securities Pvt. Ltd.,100,594.0,59400.0,2025-07-20T13:32:45.388696
2025-07-20,69012,2025072004032074,SHL,Sani Securities Company Ltd.,Sagarmatha Securities Private Limited,21,585.0,12285.0,2025-07-20T13:32:49.283782
2025-07-20,67932,2025072004032316,SHL,Aryatara Investment & Securities,Midas Stock Broking Company Private Limited,500,594.0,297000.0,2025-07-20T13:35:01.143119
2025-07-20,67557,2025072004032394,SHL,Siprabi Securities Pvt. Ltd.,Agrawal Securities (PVT) Ltd.,100,593.2,59320.0,2025-07-20T13:35:57.759803
2025-07-20,67556,2025072004032395,SHL,Arun Securities (PVT) Ltd.,Agrawal Securities (PVT) Ltd.,400,593.2,237280.0,2025-07-20T13:35:57.759853
2025-07-20,67438,2025072004032436,SHL,Sani Securities Company Ltd.,Imperial Securities Company Pvt. Ltd.,7,582.0,4074.0,2025-07-20T13:36:15.609326
2025-07-20,67265,2025072004032477,SHL,Imperial Securities Company Pvt. Ltd.,Roadshow securities limited,122,594.4,72516.8,2025-07-20T13:36:41.812584
2025-07-20,67086,2025072004032512,SHL,Aryatara Investment & Securities,KALASH STOCK MARKET PVT. LTD.,400,594.5,237800.0,2025-07-20T13:37:08.240108
2025-07-20,66663,2025072004032621,SHL,Deevyaa Securities & Stock House Pvt. Ltd,Sani Securities Company Ltd.,150,594.0,89100.0,2025-07-20T13:38:09.530135
2025-07-20,66608,2025072004032630,SHL,Sharepro Securities Private Limited,Asian Securities Private Ltd.,200,595.0,119000.0,2025-07-20T13:38:15.950388
2025-07-20,66607,2025072004032631,SHL,Sharepro Securities Private Limited,Citizens Share Broker Limited,1000,595.0,595000.0,2025-07-20T13:38:15.950915
2025-07-20,66606,2025072004032632,SHL,Sharepro Securities Private Limited,SUN SECURITIES PVT LTD,300,595.0,178500.0,2025-07-20T13:38:15.951293
2025-07-20,66574,2025072004032642,SHL,Sharepro Securities Private Limited,SUN SECURITIES PVT LTD,200,595.0,119000.0,2025-07-20T13:38:23.982418
2025-07-20,66573,2025072004032643,SHL,Sharepro Securities Private Limited,Cristal Kanchanjanga Securites Pvt. Ltd.,100,595.0,59500.0,2025-07-20T13:38:23.983029
2025-07-20,66572,2025072004032644,SHL,Sharepro Securities Private Limited,Sewa Securities Pvt. Ltd.,109,595.0,64855.0,2025-07-20T13:38:23.983364
2025-07-20,66571,2025072004032645,SHL,Sharepro Securities Private Limited,Nepal Investment And Securities Trading Private Limited,300,595.0,178500.0,2025-07-20T13:38:23.983679
2025-07-20,66570,2025072004032646,SHL,Sharepro Securities Private Limited,Primo Securities (PVT) Ltd.,200,595.0,119000.0,2025-07-20T13:38:23.983994
2025-07-20,66569,2025072004032647,SHL,Sharepro Securities Private Limited,Sundhara Securities Limited,112,595.0,66640.0,2025-07-20T13:38:23.984307
2025-07-20,66568,2025072004032648,SHL,Sharepro Securities Private Limited,Thrive Brokerage House Pvt. Ltd,479,595.0,285005.0,2025-07-20T13:38:23.984635
2025-07-20,66561,2025072004032649,SHL,Deevyaa Securities & Stock House Pvt. Ltd,Online Securities Pvt. Ltd.,350,594.0,207900.0,2025-07-20T13:38:24.959794
2025-07-20,65825,2025072004032823,SHL,Sharepro Securities Private Limited,Thrive Brokerage House Pvt. Ltd,800,595.0,476000.0,2025-07-20T13:39:57.810726
2025-07-20,65773,2025072004032837,SHL,Himalayan Securities Limited,Secured Securities Ltd.,25,595.1,14877.5,2025-07-20T13:40:05.918511
2025-07-20,65327,2025072004032909,SHL,Naasa Securities Co. Ltd.,Secured Securities Ltd.,25,594.0,14850.0,2025-07-20T13:40:53.072331
2025-07-20,62440,2025072004033670,SHL,Sumeru Securities Pvt. Ltd.,Capital Max Securities Ltd,100,595.0,59500.0,2025-07-20T13:46:41.41603
2025-07-20,61782,2025072004033825,SHL,ABC Securities Private Limited,Online Securities Pvt. Ltd.,300,595.9,178770.0,2025-07-20T13:48:04.970273
2025-07-20,61088,2025072004033998,SHL,KALASH STOCK MARKET PVT. LTD.,Investment Management Nepal Pvt. Ltd.,300,595.0,178500.0,2025-07-20T13:49:18.790944
2025-07-20,60702,2025072004034121,SHL,KALASH STOCK MARKET PVT. LTD.,Citizens Share Broker Limited,500,594.1,297050.0,2025-07-20T13:50:08.329572
2025-07-20,60701,2025072004034122,SHL,Vision Securities Pvt. Ltd,Citizens Share Broker Limited,500,594.0,297000.0,2025-07-20T13:50:08.329851
2025-07-20,60111,2025072004034263,SHL,Vision Securities Pvt. Ltd,Dakshinkali Investment & Securities Pvt. Ltd.,100,594.0,59400.0,2025-07-20T13:51:16.505484
2025-07-20,60075,2025072004034276,SHL,Vision Securities Pvt. Ltd,Nepal Stock House (PVT) Ltd.,200,594.0,118800.0,2025-07-20T13:51:21.061467
2025-07-20,60072,2025072004034277,SHL,Vision Securities Pvt. Ltd,Linch Stock Market Ltd.,200,594.0,118800.0,2025-07-20T13:51:21.358323
2025-07-20,60071,2025072004034278,SHL,Arun Securities (PVT) Ltd.,Linch Stock Market Ltd.,100,594.0,59400.0,2025-07-20T13:51:21.358574
2025-07-20,59886,2025072004034329,SHL,Trishakti Securities Public Limited,K.B.L. Securities Limited ,85,593.0,50405.0,2025-07-20T13:51:44.705218
2025-07-20,59542,2025072004034433,SHL,Arun Securities (PVT) Ltd.,Citizens Share Broker Limited,300,594.0,178200.0,2025-07-20T13:52:15.904418
2025-07-20,58036,2025072004034751,SHL,Kumari Securities Private Limited,Citizens Share Broker Limited,200,594.0,118800.0,2025-07-20T13:54:59.080218
2025-07-20,57170,2025072004034984,SHL,South Asian Bulls Pvt. Ltd.,Aryatara Investment & Securities,500,593.2,296600.0,2025-07-20T13:56:39.672646
2025-07-20,56836,2025072004035071,SHL,Dakshinkali Investment & Securities Pvt. Ltd.,Sani Securities Company Ltd.,310,594.0,184140.0,2025-07-20T13:57:04.915064
2025-07-20,55583,2025072004035418,SHL,Sani Securities Company Ltd.,Online Securities Pvt. Ltd.,100,594.0,59400.0,2025-07-20T13:59:09.841183
2025-07-20,55031,2025072004035559,SHL,Deevyaa Securities & Stock House Pvt. Ltd,Trishakti Securities Public Limited,100,593.2,59320.0,2025-07-20T14:00:14.37788
2025-07-20,54739,2025072004035668,SHL,Deevyaa Securities & Stock House Pvt. Ltd,Capital Max Securities Ltd,132,593.2,78302.4,2025-07-20T14:00:48.270891
2025-07-20,54614,2025072004035707,SHL,Shree Krishna Securities Ltd.,Sani Securities Company Ltd.,1000,593.1,593100.0,2025-07-20T14:01:07.714593
2025-07-20,54613,2025072004035708,SHL,Naasa Securities Co. Ltd.,Sani Securities Company Ltd.,190,593.0,112670.0,2025-07-20T14:01:07.714884
2025-07-20,54378,2025072004035756,SHL,Malla & Malla Stock Broking Company Pvt. Limited,Sweta Securities Private Limited,100,593.8,59380.0,2025-07-20T14:01:32.667543
2025-07-20,54073,2025072004035845,SHL,Naasa Securities Co. Ltd.,Online Securities Pvt. Ltd.,160,593.0,94880.0,2025-07-20T14:02:07.604328
2025-07-20,53926,2025072004035904,SHL,Imperial Securities Company Pvt. Ltd.,Nepal Stock House (PVT) Ltd.,100,592.8,59280.0,2025-07-20T14:02:27.662098
2025-07-20,53295,2025072004036078,SHL,Sweta Securities Private Limited,Primo Securities (PVT) Ltd.,100,592.7,59270.0,2025-07-20T14:03:30.157016
2025-07-20,53294,2025072004036079,SHL,Primo Securities (PVT) Ltd.,Primo Securities (PVT) Ltd.,500,592.0,296000.0,2025-07-20T14:03:30.157283
2025-07-20,53293,2025072004036080,SHL,Arun Securities (PVT) Ltd.,Primo Securities (PVT) Ltd.,130,592.0,76960.0,2025-07-20T14:03:30.157432
2025-07-20,52355,2025072004036394,SHL,Naasa Securities Co. Ltd.,Online Securities Pvt. Ltd.,100,593.9,59390.0,2025-07-20T14:04:54.125766
2025-07-20,52354,2025072004036395,SHL,Naasa Securities Co. Ltd.,Primo Securities (PVT) Ltd.,300,593.9,178170.0,2025-07-20T14:04:54.126069
2025-07-20,52302,2025072004036406,SHL,Capital Max Securities Ltd,Dipshikha Dhitopatra Karobar Co. Pvt Ltd.,100,592.0,59200.0,2025-07-20T14:05:00.221901
2025-07-20,52301,2025072004036407,SHL,INDEX SECURITIES LIMITED,Dipshikha Dhitopatra Karobar Co. Pvt Ltd.,100,591.9,59190.0,2025-07-20T14:05:00.222202
2025-07-20,50798,2025072004036805,SHL,Magnet Securities and Investment Company Private Limited,Neev Securities Pvt. Ltd.,100,592.0,59200.0,2025-07-20T14:07:28.217849
2025-07-20,50674,2025072004036847,SHL,Citizens Share Broker Limited,Primo Securities (PVT) Ltd.,500,592.0,296000.0,2025-07-20T14:07:36.407591
2025-07-20,50607,2025072004036867,SHL,INDEX SECURITIES LIMITED,Capital Max Securities Ltd,2709,591.9,1603457.1,2025-07-20T14:07:44.006632
2025-07-20,50130,2025072004036968,SHL,INDEX SECURITIES LIMITED,Online Securities Pvt. Ltd.,140,591.9,82866.0,2025-07-20T14:08:17.946408
2025-07-20,49920,2025072004037036,SHL,INDEX SECURITIES LIMITED,Nepal Investment And Securities Trading Private Limited,200,591.9,118380.0,2025-07-20T14:08:41.815532
2025-07-20,49801,2025072004037078,SHL,INDEX SECURITIES LIMITED,KALASH STOCK MARKET PVT. LTD.,3171,591.9,1876914.9,2025-07-20T14:08:53.156986
2025-07-20,49800,2025072004037079,SHL,Sani Securities Company Ltd.,KALASH STOCK MARKET PVT. LTD.,100,591.9,59190.0,2025-07-20T14:08:53.157022
2025-07-20,49799,2025072004037080,SHL,INDEX SECURITIES LIMITED,KALASH STOCK MARKET PVT. LTD.,307,590.7,181344.9,2025-07-20T14:08:53.157047
2025-07-20,49326,2025072004037159,SHL,Vision Securities Pvt. Ltd,Kumari Securities Private Limited,513,590.8,303080.4,2025-07-20T14:09:34.937342
2025-07-20,49325,2025072004037160,SHL,INDEX SECURITIES LIMITED,Kumari Securities Private Limited,987,590.7,583020.9,2025-07-20T14:09:34.937632
2025-07-20,48759,2025072004037280,SHL,Sani Securities Company Ltd.,Market Securities & Exchange (PVT) Ltd.,100,591.9,59190.0,2025-07-20T14:10:25.193365
2025-07-20,48617,2025072004037326,SHL,KALASH STOCK MARKET PVT. LTD.,Primo Securities (PVT) Ltd.,100,592.0,59200.0,2025-07-20T14:10:39.598931
2025-07-20,47819,2025072004037529,SHL,South Asian Bulls Pvt. Ltd.,Primo Securities (PVT) Ltd.,100,592.0,59200.0,2025-07-20T14:11:54.705951
2025-07-20,47462,2025072004037632,SHL,South Asian Bulls Pvt. Ltd.,Trisul Securities & Invt. Ltd.,100,592.0,59200.0,2025-07-20T14:12:23.294999
2025-07-20,47021,2025072004037749,SHL,South Asian Bulls Pvt. Ltd.,Aryatara Investment & Securities,100,592.0,59200.0,2025-07-20T14:13:04.287347
2025-07-20,46660,2025072004037834,SHL,Sani Securities Company Ltd.,Sewa Securities Pvt. Ltd.,100,592.0,59200.0,2025-07-20T14:13:40.865854
2025-07-20,45675,2025072004038139,SHL,Nepal Stock House (PVT) Ltd.,Linch Stock Market Ltd.,100,591.0,59100.0,2025-07-20T14:14:58.884845
2025-07-20,45460,2025072004038213,SHL,Dynamic Money Managers Securities Pvt. Ltd.,Linch Stock Market Ltd.,400,590.8,236320.0,2025-07-20T14:15:24.20281
2025-07-20,45038,2025072004038299,SHL,Dynamic Money Managers Securities Pvt. Ltd.,Dipshikha Dhitopatra Karobar Co. Pvt Ltd.,100,590.8,59080.0,2025-07-20T14:16:06.817956
2025-07-20,45003,2025072004038307,SHL,Secured Securities Ltd.,Deevyaa Securities & Stock House Pvt. Ltd,100,591.0,59100.0,2025-07-20T14:16:12.586541
2025-07-20,44975,2025072004038318,SHL,Secured Securities Ltd.,Opal Securities Investment (PVT) Ltd.,800,591.0,472800.0,2025-07-20T14:16:16.927051
2025-07-20,44898,2025072004038338,SHL,Secured Securities Ltd.,Opal Securities Investment (PVT) Ltd.,100,591.0,59100.0,2025-07-20T14:16:24.995049
2025-07-20,44897,2025072004038339,SHL,ABC Securities Private Limited,Opal Securities Investment (PVT) Ltd.,100,590.8,59080.0,2025-07-20T14:16:24.995671
2025-07-20,44896,2025072004038340,SHL,INDEX SECURITIES LIMITED,Opal Securities Investment (PVT) Ltd.,600,590.7,354420.0,2025-07-20T14:16:24.996026
2025-07-20,44880,2025072004038343,SHL,INDEX SECURITIES LIMITED,Sani Securities Company Ltd.,111,590.7,65567.7,2025-07-20T14:16:27.894591
2025-07-20,44838,2025072004038350,SHL,INDEX SECURITIES LIMITED,Opal Securities Investment (PVT) Ltd.,800,590.7,472560.0,2025-07-20T14:16:33.084084
2025-07-20,44698,2025072004038371,SHL,INDEX SECURITIES LIMITED,Opal Securities Investment (PVT) Ltd.,800,590.7,472560.0,2025-07-20T14:16:48.259123
2025-07-20,44645,2025072004038381,SHL,South Asian Bulls Pvt. Ltd.,Opal Securities Investment (PVT) Ltd.,200,591.0,118200.0,2025-07-20T14:16:55.38533
2025-07-20,44644,2025072004038382,SHL,INDEX SECURITIES LIMITED,Opal Securities Investment (PVT) Ltd.,600,590.7,354420.0,2025-07-20T14:16:55.385605
2025-07-20,44613,2025072004038385,SHL,INDEX SECURITIES LIMITED,Sumeru Securities Pvt. Ltd.,500,590.7,295350.0,2025-07-20T14:16:59.00436
2025-07-20,44591,2025072004038390,SHL,INDEX SECURITIES LIMITED,Opal Securities Investment (PVT) Ltd.,800,590.7,472560.0,2025-07-20T14:17:02.44215
2025-07-20,44551,2025072004038398,SHL,INDEX SECURITIES LIMITED,Sewa Securities Pvt. Ltd.,1600,590.7,945120.0,2025-07-20T14:17:05.797983
2025-07-20,44528,2025072004038407,SHL,INDEX SECURITIES LIMITED,Opal Securities Investment (PVT) Ltd.,800,590.7,472560.0,2025-07-20T14:17:08.517523
2025-07-20,44485,2025072004038416,SHL,INDEX SECURITIES LIMITED,Opal Securities Investment (PVT) Ltd.,800,590.7,472560.0,2025-07-20T14:17:14.609802
2025-07-20,44435,2025072004038434,SHL,INDEX SECURITIES LIMITED,Opal Securities Investment (PVT) Ltd.,800,590.7,472560.0,2025-07-20T14:17:21.635342
2025-07-20,44376,2025072004038454,SHL,INDEX SECURITIES LIMITED,Opal Securities Investment (PVT) Ltd.,800,590.7,472560.0,2025-07-20T14:17:28.726486
2025-07-20,44296,2025072004038467,SHL,INDEX SECURITIES LIMITED,Opal Securities Investment (PVT) Ltd.,800,590.7,472560.0,2025-07-20T14:17:35.821703
2025-07-20,44260,2025072004038474,SHL,INDEX SECURITIES LIMITED,Sewa Securities Pvt. Ltd.,300,590.7,177210.0,2025-07-20T14:17:42.20173
2025-07-20,44255,2025072004038477,SHL,INDEX SECURITIES LIMITED,Opal Securities Investment (PVT) Ltd.,800,590.7,472560.0,2025-07-20T14:17:42.8959
2025-07-20,44176,2025072004038506,SHL,INDEX SECURITIES LIMITED,Opal Securities Investment (PVT) Ltd.,800,590.7,472560.0,2025-07-20T14:17:50.962837
2025-07-20,44102,2025072004038529,SHL,INDEX SECURITIES LIMITED,Opal Securities Investment (PVT) Ltd.,500,590.7,295350.0,2025-07-20T14:18:03.056389
2025-07-20,44093,2025072004038530,SHL,INDEX SECURITIES LIMITED,Midas Stock Broking Company Private Limited,1495,590.7,883096.5,2025-07-20T14:18:04.509841
2025-07-20,43867,2025072004038646,SHL,Shree Krishna Securities Ltd.,Primo Securities (PVT) Ltd.,301,590.2,177650.2,2025-07-20T14:18:31.150257
2025-07-20,43866,2025072004038647,SHL,Stoxkarts Securities Limited,Primo Securities (PVT) Ltd.,200,590.1,118020.0,2025-07-20T14:18:31.150553
2025-07-20,43865,2025072004038648,SHL,Nepal Stock House (PVT) Ltd.,Primo Securities (PVT) Ltd.,499,590.1,294459.9,2025-07-20T14:18:31.150687
2025-07-20,43776,2025072004038668,SHL,Nepal Stock House (PVT) Ltd.,Primo Securities (PVT) Ltd.,301,590.1,177620.1,2025-07-20T14:18:40.208914
2025-07-20,43775,2025072004038669,SHL,Nepal Stock House (PVT) Ltd.,Primo Securities (PVT) Ltd.,200,590.1,118020.0,2025-07-20T14:18:40.20918
2025-07-20,43774,2025072004038670,SHL,Sundhara Securities Limited,Primo Securities (PVT) Ltd.,100,590.0,59000.0,2025-07-20T14:18:40.209297
2025-07-20,43773,2025072004038671,SHL,Sharepro Securities Private Limited,Primo Securities (PVT) Ltd.,200,590.0,118000.0,2025-07-20T14:18:40.209424
2025-07-20,43772,2025072004038672,SHL,Naasa Securities Co. Ltd.,Primo Securities (PVT) Ltd.,199,590.0,117410.0,2025-07-20T14:18:40.209537
2025-07-20,43771,2025072004038673,SHL,Naasa Securities Co. Ltd.,Midas Stock Broking Company Private Limited,1,590.0,590.0,2025-07-20T14:18:40.209642
2025-07-20,43577,2025072004038744,SHL,Investment Management Nepal Pvt. Ltd.,BHOLE GANESH SECURITIES LTD,115,590.0,67850.0,2025-07-20T14:19:00.970507
2025-07-20,43286,2025072004038815,SHL,Trisul Securities & Invt. Ltd.,Swarna Laxmi Securities Pvt. Ltd.,10,588.0,5880.0,2025-07-20T14:19:39.900903
2025-07-20,43124,2025072004038873,SHL,Trisul Securities & Invt. Ltd.,Nepal Stock House (PVT) Ltd.,10,590.0,5900.0,2025-07-20T14:20:01.130292
2025-07-20,42813,2025072004038960,SHL,Dakshinkali Investment & Securities Pvt. Ltd.,South Asian Bulls Pvt. Ltd.,100,588.5,58850.0,2025-07-20T14:20:36.037984
2025-07-20,42673,2025072004038997,SHL,Stoxkarts Securities Limited,Investment Management Nepal Pvt. Ltd.,200,588.1,117620.0,2025-07-20T14:20:50.281678
2025-07-20,42672,2025072004038998,SHL,Siprabi Securities Pvt. Ltd.,Investment Management Nepal Pvt. Ltd.,100,588.0,58800.0,2025-07-20T14:20:50.281983
2025-07-20,42671,2025072004038999,SHL,Imperial Securities Company Pvt. Ltd.,Investment Management Nepal Pvt. Ltd.,300,588.0,176400.0,2025-07-20T14:20:50.282101
2025-07-20,42606,2025072004039008,SHL,Vision Securities Pvt. Ltd,Opal Securities Investment (PVT) Ltd.,100,588.0,58800.0,2025-07-20T14:20:56.547916
2025-07-20,42605,2025072004039009,SHL,Kohinoor Investment & Securities Pvt. Ltd.,Opal Securities Investment (PVT) Ltd.,100,588.0,58800.0,2025-07-20T14:20:56.548325
2025-07-20,42334,2025072004039106,SHL,Trisul Securities & Invt. Ltd.,Aryatara Investment & Securities,19,588.1,11173.9,2025-07-20T14:21:28.587291
2025-07-20,41960,2025072004039196,SHL,Dynamic Money Managers Securities Pvt. Ltd.,Vision Securities Pvt. Ltd,100,587.3,58730.0,2025-07-20T14:22:05.021562
2025-07-20,41847,2025072004039227,SHL,Dynamic Money Managers Securities Pvt. Ltd.,Opal Securities Investment (PVT) Ltd.,400,587.3,234920.0,2025-07-20T14:22:15.196585
2025-07-20,41846,2025072004039228,SHL,Bhrikuti Stock Broking Co. Pvt. Ltd.,Opal Securities Investment (PVT) Ltd.,204,587.0,119748.0,2025-07-20T14:22:15.196889
2025-07-20,41750,2025072004039246,SHL,Bhrikuti Stock Broking Co. Pvt. Ltd.,Opal Securities Investment (PVT) Ltd.,500,587.0,293500.0,2025-07-20T14:22:25.286229
2025-07-20,41732,2025072004039250,SHL,Bhrikuti Stock Broking Co. Pvt. Ltd.,Sani Securities Company Ltd.,200,587.0,117400.0,2025-07-20T14:22:27.276634
2025-07-20,41722,2025072004039253,SHL,Bhrikuti Stock Broking Co. Pvt. Ltd.,Opal Securities Investment (PVT) Ltd.,500,587.0,293500.0,2025-07-20T14:22:29.324452
2025-07-20,40850,2025072004039482,SHL,Bhrikuti Stock Broking Co. Pvt. Ltd.,Magnet Securities and Investment Company Private Limited,300,587.0,176100.0,2025-07-20T14:24:07.437806
2025-07-20,40796,2025072004039502,SHL,Bhrikuti Stock Broking Co. Pvt. Ltd.,Secured Securities Ltd.,296,587.0,173752.0,2025-07-20T14:24:14.214927
2025-07-20,40795,2025072004039503,SHL,Dipshikha Dhitopatra Karobar Co. Pvt Ltd.,Secured Securities Ltd.,200,587.0,117400.0,2025-07-20T14:24:14.215437
2025-07-20,40743,2025072004039518,SHL,South Asian Bulls Pvt. Ltd.,Secured Securities Ltd.,100,587.0,58700.0,2025-07-20T14:24:19.544378
2025-07-20,40608,2025072004039543,SHL,Imperial Securities Company Pvt. Ltd.,Nepal Investment And Securities Trading Private Limited,100,586.7,58670.0,2025-07-20T14:24:27.970441
2025-07-20,40378,2025072004039580,SHL,Naasa Securities Co. Ltd.,Online Securities Pvt. Ltd.,360,586.7,211212.0,2025-07-20T14:24:46.140821
2025-07-20,40377,2025072004039581,SHL,Dynamic Money Managers Securities Pvt. Ltd.,Online Securities Pvt. Ltd.,500,586.7,293350.0,2025-07-20T14:24:46.140864
2025-07-20,40376,2025072004039582,SHL,Garima Securities Limited,Online Securities Pvt. Ltd.,1000,586.6,586600.0,2025-07-20T14:24:46.140896
2025-07-20,40375,2025072004039583,SHL,Shree Krishna Securities Ltd.,Online Securities Pvt. Ltd.,650,586.2,381030.0,2025-07-20T14:24:46.140925
2025-07-20,40374,2025072004039584,SHL,Shree Krishna Securities Ltd.,Online Securities Pvt. Ltd.,990,586.2,580338.0,2025-07-20T14:24:46.140955
2025-07-20,40277,2025072004039624,SHL,Shree Krishna Securities Ltd.,Dynamic Money Managers Securities Pvt. Ltd.,250,586.2,146550.0,2025-07-20T14:24:56.576471
2025-07-20,40247,2025072004039628,SHL,Shree Krishna Securities Ltd.,Trishakti Securities Public Limited,340,586.2,199308.0,2025-07-20T14:25:00.819325
2025-07-20,40203,2025072004039638,SHL,Shree Krishna Securities Ltd.,Midas Stock Broking Company Private Limited,350,586.2,205170.0,2025-07-20T14:25:05.208005
2025-07-20,40200,2025072004039641,SHL,Sani Securities Company Ltd.,Online Securities Pvt. Ltd.,280,586.1,164108.0,2025-07-20T14:25:05.902194
2025-07-20,40103,2025072004039664,SHL,Sani Securities Company Ltd.,Dynamic Money Managers Securities Pvt. Ltd.,141,586.1,82640.1,2025-07-20T14:25:16.074504
2025-07-20,40102,2025072004039665,SHL,Imperial Securities Company Pvt. Ltd.,Dynamic Money Managers Securities Pvt. Ltd.,109,586.0,63874.0,2025-07-20T14:25:16.074746
2025-07-20,39855,2025072004039718,SHL,Imperial Securities Company Pvt. Ltd.,Aryatara Investment & Securities,140,586.0,82040.0,2025-07-20T14:25:36.110681
2025-07-20,39782,2025072004039738,SHL,Trisul Securities & Invt. Ltd.,Ashutosh Brokerage & Securities (PVT) Ltd.,24,590.0,14160.0,2025-07-20T14:25:43.140643
2025-07-20,39679,2025072004039749,SHL,Imperial Securities Company Pvt. Ltd.,Online Securities Pvt. Ltd.,251,586.0,147086.0,2025-07-20T14:25:47.968792
2025-07-20,39678,2025072004039750,SHL,Creative Securities Pvt Ltd,Online Securities Pvt. Ltd.,2000,586.0,1172000.0,2025-07-20T14:25:47.968886
2025-07-20,39677,2025072004039751,SHL,Himalayan Securities Limited,Online Securities Pvt. Ltd.,139,585.9,81440.1,2025-07-20T14:25:47.968966
2025-07-20,39577,2025072004039773,SHL,Opal Securities Investment (PVT) Ltd.,Opal Securities Investment (PVT) Ltd.,38,588.0,22344.0,2025-07-20T14:25:57.000559
2025-07-20,39465,2025072004039792,SHL,Garima Securities Limited,Sumeru Securities Pvt. Ltd.,1000,586.0,586000.0,2025-07-20T14:26:05.978423
2025-07-20,39198,2025072004039848,SHL,Garima Securities Limited,ABC Securities Private Limited,100,586.0,58600.0,2025-07-20T14:26:29.407015
2025-07-20,38664,2025072004039976,SHL,Sagarmatha Securities Private Limited,Secured Securities Ltd.,100,586.2,58620.0,2025-07-20T14:27:03.909946
2025-07-20,37981,2025072004040142,SHL,Garima Securities Limited,Secured Securities Ltd.,404,586.0,236744.0,2025-07-20T14:27:38.212639
2025-07-20,37922,2025072004040152,SHL,Garima Securities Limited,Linch Stock Market Ltd.,100,586.0,58600.0,2025-07-20T14:27:42.711703
2025-07-20,37018,2025072004040416,SHL,Garima Securities Limited,Sani Securities Company Ltd.,380,586.0,222680.0,2025-07-20T14:28:53.177736
2025-07-20,36809,2025072004040470,SHL,Himalayan Securities Limited,Sani Securities Company Ltd.,500,585.9,292950.0,2025-07-20T14:29:10.753242
2025-07-20,36234,2025072004040637,SHL,Oxford Securities Pvt. Ltd.,Sweta Securities Private Limited,300,586.0,175800.0,2025-07-20T14:29:56.280862
2025-07-20,36117,2025072004040695,SHL,Himalayan Securities Limited,Naasa Securities Co. Ltd.,150,585.9,87885.0,2025-07-20T14:30:03.451189
2025-07-20,35910,2025072004040741,SHL,Himalayan Securities Limited,Naasa Securities Co. Ltd.,500,585.9,292950.0,2025-07-20T14:30:18.185352
2025-07-20,35659,2025072004040821,SHL,Elite Stock House Limited,Sweta Securities Private Limited,200,586.0,117200.0,2025-07-20T14:30:36.15442
2025-07-20,35280,2025072004040927,SHL,Himalayan Securities Limited,Kohinoor Investment & Securities Pvt. Ltd.,200,585.9,117180.0,2025-07-20T14:30:59.600413
2025-07-20,35230,2025072004040944,SHL,Aryatara Investment & Securities,Sweta Securities Private Limited,350,586.0,205100.0,2025-07-20T14:31:01.916532
2025-07-20,35146,2025072004040958,SHL,Sharepro Securities Private Limited,Sweta Securities Private Limited,150,586.0,87900.0,2025-07-20T14:31:08.192251
2025-07-20,34857,2025072004041035,SHL,Sharepro Securities Private Limited,Asian Securities Private Ltd.,100,586.0,58600.0,2025-07-20T14:31:25.937095
2025-07-20,34033,2025072004041314,SHL,Sharepro Securities Private Limited,Aryatara Investment & Securities,100,586.0,58600.0,2025-07-20T14:32:19.384197
2025-07-20,33636,2025072004041418,SHL,Sharepro Securities Private Limited,BHOLE GANESH SECURITIES LTD,150,586.0,87900.0,2025-07-20T14:32:46.578874
2025-07-20,33635,2025072004041419,SHL,Siprabi Securities Pvt. Ltd.,BHOLE GANESH SECURITIES LTD,100,586.0,58600.0,2025-07-20T14:32:46.579145
2025-07-20,33222,2025072004041496,SHL,Bhrikuti Stock Broking Co. Pvt. Ltd.,Dynamic Money Managers Securities Pvt. Ltd.,100,585.1,58510.0,2025-07-20T14:33:07.728092
2025-07-20,33221,2025072004041497,SHL,Vision Securities Pvt. Ltd,Dynamic Money Managers Securities Pvt. Ltd.,500,585.1,292550.0,2025-07-20T14:33:07.728376
2025-07-20,33220,2025072004041498,SHL,Cristal Kanchanjanga Securites Pvt. Ltd.,Dynamic Money Managers Securities Pvt. Ltd.,140,585.1,81914.0,2025-07-20T14:33:07.728486
2025-07-20,33000,2025072004041577,SHL,Sundhara Securities Limited,Agrawal Securities (PVT) Ltd.,500,586.0,293000.0,2025-07-20T14:33:26.084148
2025-07-20,32077,2025072004041892,SHL,Oxford Securities Pvt. Ltd.,BHOLE GANESH SECURITIES LTD,127,586.4,74472.8,2025-07-20T14:34:31.567647
2025-07-20,31807,2025072004041967,SHL,Bhrikuti Stock Broking Co. Pvt. Ltd.,BHOLE GANESH SECURITIES LTD,100,586.4,58640.0,2025-07-20T14:34:52.416689
2025-07-20,31642,2025072004042002,SHL,Infinity Securities Limited,Oxford Securities Pvt. Ltd.,100,585.5,58550.0,2025-07-20T14:35:04.923498
2025-07-20,31416,2025072004042056,SHL,Sani Securities Company Ltd.,Vision Securities Pvt. Ltd,35,575.0,20125.0,2025-07-20T14:35:21.294367
2025-07-20,30869,2025072004042277,SHL,N.M.B. SECURITIES LIMITED,Online Securities Pvt. Ltd.,1000,585.2,585200.0,2025-07-20T14:35:54.459621
2025-07-20,30819,2025072004042299,SHL,N.M.B. SECURITIES LIMITED,Aryatara Investment & Securities,500,585.2,292600.0,2025-07-20T14:35:57.467419
2025-07-20,30510,2025072004042407,SHL,Cristal Kanchanjanga Securites Pvt. Ltd.,Investment Management Nepal Pvt. Ltd.,300,586.0,175800.0,2025-07-20T14:36:16.10256
2025-07-20,30509,2025072004042408,SHL,Cristal Kanchanjanga Securites Pvt. Ltd.,Agrawal Securities (PVT) Ltd.,497,586.0,291242.0,2025-07-20T14:36:16.102784
2025-07-20,30165,2025072004042500,SHL,Malla & Malla Stock Broking Company Pvt. Limited,BHOLE GANESH SECURITIES LTD,123,585.9,72065.7,2025-07-20T14:36:38.358598
2025-07-20,30037,2025072004042553,SHL,Cristal Kanchanjanga Securites Pvt. Ltd.,Primo Securities (PVT) Ltd.,100,586.0,58600.0,2025-07-20T14:36:47.426898
2025-07-20,29601,2025072004042676,SHL,Dynamic Money Managers Securities Pvt. Ltd.,Trishakti Securities Public Limited,200,586.0,117200.0,2025-07-20T14:37:14.647598
2025-07-20,29600,2025072004042677,SHL,Sundhara Securities Limited,Trishakti Securities Public Limited,193,586.0,113098.0,2025-07-20T14:37:14.647904
2025-07-20,29312,2025072004042806,SHL,Imperial Securities Company Pvt. Ltd.,Dynamic Money Managers Securities Pvt. Ltd.,100,586.1,58610.0,2025-07-20T14:37:30.561451
2025-07-20,29311,2025072004042807,SHL,Sundhara Securities Limited,Dynamic Money Managers Securities Pvt. Ltd.,707,586.0,414302.0,2025-07-20T14:37:30.56197
2025-07-20,28672,2025072004042952,SHL,Sundhara Securities Limited,Imperial Securities Company Pvt. Ltd.,100,586.0,58600.0,2025-07-20T14:38:12.948611
2025-07-20,28210,2025072004043082,SHL,Vision Securities Pvt. Ltd,Trishakti Securities Public Limited,300,587.0,176100.0,2025-07-20T14:38:45.57305
2025-07-20,28209,2025072004043083,SHL,Vision Securities Pvt. Ltd,SHUBHAKAMANA SECURITIES PVT. LTD,200,587.0,117400.0,2025-07-20T14:38:45.573091
2025-07-20,28208,2025072004043084,SHL,Vision Securities Pvt. Ltd,Online Securities Pvt. Ltd.,300,587.0,176100.0,2025-07-20T14:38:45.573116
2025-07-20,28207,2025072004043085,SHL,Vision Securities Pvt. Ltd,Citizens Share Broker Limited,200,588.0,117600.0,2025-07-20T14:38:45.573146
2025-07-20,27984,2025072004043154,SHL,KALASH STOCK MARKET PVT. LTD.,Bhrikuti Stock Broking Co. Pvt. Ltd.,300,586.0,175800.0,2025-07-20T14:38:55.666467
2025-07-20,27983,2025072004043155,SHL,Malla & Malla Stock Broking Company Pvt. Limited,Bhrikuti Stock Broking Co. Pvt. Ltd.,377,585.9,220884.3,2025-07-20T14:38:55.666508
2025-07-20,27982,2025072004043156,SHL,Garima Securities Limited,Bhrikuti Stock Broking Co. Pvt. Ltd.,933,585.9,546644.7,2025-07-20T14:38:55.666544
2025-07-20,27316,2025072004043312,SHL,S.P.S.A. Securities Limited,Dipshikha Dhitopatra Karobar Co. Pvt Ltd.,110,586.0,64460.0,2025-07-20T14:39:38.364571
2025-07-20,27079,2025072004043385,SHL,S.P.S.A. Securities Limited,Siprabi Securities Pvt. Ltd.,100,586.0,58600.0,2025-07-20T14:39:50.999758
2025-07-20,26971,2025072004043408,SHL,S.P.S.A. Securities Limited,Swarna Laxmi Securities Pvt. Ltd.,100,586.0,58600.0,2025-07-20T14:39:55.496711
2025-07-20,26818,2025072004043454,SHL,S.P.S.A. Securities Limited,Dipshikha Dhitopatra Karobar Co. Pvt Ltd.,100,586.0,58600.0,2025-07-20T14:40:02.746006
2025-07-20,26420,2025072004043592,SHL,Siprabi Securities Pvt. Ltd.,Asian Securities Private Ltd.,100,586.0,58600.0,2025-07-20T14:40:26.980964
2025-07-20,25862,2025072004043730,SHL,Dynamic Money Managers Securities Pvt. Ltd.,Sani Securities Company Ltd.,500,585.4,292700.0,2025-07-20T14:40:59.342307
2025-07-20,25861,2025072004043731,SHL,Trishakti Securities Public Limited,Sani Securities Company Ltd.,1000,585.4,585400.0,2025-07-20T14:40:59.342559
2025-07-20,25064,2025072004043938,SHL,Garima Securities Limited,Sani Securities Company Ltd.,332,585.4,194352.8,2025-07-20T14:41:49.248566
2025-07-20,25063,2025072004043939,SHL,Garima Securities Limited,Malla & Malla Stock Broking Company Pvt. Limited,100,585.4,58540.0,2025-07-20T14:41:49.249085
2025-07-20,23132,2025072004044426,SHL,Naasa Securities Co. Ltd.,Dipshikha Dhitopatra Karobar Co. Pvt Ltd.,111,585.5,64990.5,2025-07-20T14:43:34.281683
2025-07-20,23029,2025072004044449,SHL,Naasa Securities Co. Ltd.,Citizens Share Broker Limited,100,585.5,58550.0,2025-07-20T14:43:38.996204
2025-07-20,22237,2025072004044682,SHL,Naasa Securities Co. Ltd.,Vision Securities Pvt. Ltd,560,585.5,327880.0,2025-07-20T14:44:29.489907
2025-07-20,22205,2025072004044689,SHL,Naasa Securities Co. Ltd.,Naasa Securities Co. Ltd.,229,585.5,134079.5,2025-07-20T14:44:31.924561
2025-07-20,22107,2025072004044708,SHL,Cristal Kanchanjanga Securites Pvt. Ltd.,Naasa Securities Co. Ltd.,200,585.5,117100.0,2025-07-20T14:44:39.256982
2025-07-20,21274,2025072004044877,SHL,Garima Securities Limited,Opal Securities Investment (PVT) Ltd.,500,585.4,292700.0,2025-07-20T14:45:23.362602
2025-07-20,20866,2025072004044991,SHL,Primo Securities (PVT) Ltd.,Secured Securities Ltd.,200,585.4,117080.0,2025-07-20T14:45:45.248251
2025-07-20,20177,2025072004045210,SHL,Sundhara Securities Limited,Naasa Securities Co. Ltd.,571,585.5,334320.5,2025-07-20T14:46:18.163511
2025-07-20,19847,2025072004045300,SHL,Sundhara Securities Limited,Sumeru Securities Pvt. Ltd.,400,585.5,234200.0,2025-07-20T14:46:35.285693
2025-07-20,19774,2025072004045316,SHL,Sundhara Securities Limited,Sumeru Securities Pvt. Ltd.,100,585.5,58550.0,2025-07-20T14:46:38.312621
2025-07-20,19625,2025072004045376,SHL,Sundhara Securities Limited,Opal Securities Investment (PVT) Ltd.,550,585.5,322025.0,2025-07-20T14:46:47.205316
2025-07-20,19504,2025072004045417,SHL,Sundhara Securities Limited,Asian Securities Private Ltd.,379,585.5,221904.5,2025-07-20T14:46:53.537534
2025-07-20,19503,2025072004045418,SHL,Primo Securities (PVT) Ltd.,Asian Securities Private Ltd.,121,585.4,70833.4,2025-07-20T14:46:53.537829
2025-07-20,19431,2025072004045436,SHL,Primo Securities (PVT) Ltd.,Bhrikuti Stock Broking Co. Pvt. Ltd.,179,585.4,104786.6,2025-07-20T14:46:57.49307
2025-07-20,19430,2025072004045437,SHL,Vision Securities Pvt. Ltd,Bhrikuti Stock Broking Co. Pvt. Ltd.,2000,585.3,1170600.0,2025-07-20T14:46:57.493308
2025-07-20,19429,2025072004045438,SHL,Cristal Kanchanjanga Securites Pvt. Ltd.,Bhrikuti Stock Broking Co. Pvt. Ltd.,400,585.3,234120.0,2025-07-20T14:46:57.493425
2025-07-20,19428,2025072004045439,SHL,N.M.B. SECURITIES LIMITED,Bhrikuti Stock Broking Co. Pvt. Ltd.,3500,585.2,2048200.0,2025-07-20T14:46:57.493531
2025-07-20,19427,2025072004045440,SHL,South Asian Bulls Pvt. Ltd.,Bhrikuti Stock Broking Co. Pvt. Ltd.,200,585.0,117000.0,2025-07-20T14:46:57.493637
2025-07-20,19426,2025072004045441,SHL,Kumari Securities Private Limited,Bhrikuti Stock Broking Co. Pvt. Ltd.,100,585.0,58500.0,2025-07-20T14:46:57.493739
2025-07-20,19425,2025072004045442,SHL,Sani Securities Company Ltd.,Bhrikuti Stock Broking Co. Pvt. Ltd.,1421,585.0,831285.0,2025-07-20T14:46:57.493843
2025-07-20,18126,2025072004045789,SHL,Sharepro Securities Private Limited,Capital Max Securities Ltd,500,585.1,292550.0,2025-07-20T14:48:02.414167
2025-07-20,18125,2025072004045790,SHL,Naasa Securities Co. Ltd.,Capital Max Securities Ltd,100,585.1,58510.0,2025-07-20T14:48:02.414226
2025-07-20,18124,2025072004045791,SHL,Sani Securities Company Ltd.,Capital Max Securities Ltd,2600,585.0,1521000.0,2025-07-20T14:48:02.414248
2025-07-20,17835,2025072004045873,SHL,Sani Securities Company Ltd.,Imperial Securities Company Pvt. Ltd.,100,585.0,58500.0,2025-07-20T14:48:19.357903
2025-07-20,17642,2025072004045937,SHL,Sani Securities Company Ltd.,Dipshikha Dhitopatra Karobar Co. Pvt Ltd.,7,574.0,4018.0,2025-07-20T14:48:29.647431
2025-07-20,16784,2025072004046127,SHL,Sani Securities Company Ltd.,Naasa Securities Co. Ltd.,100,585.0,58500.0,2025-07-20T14:49:07.531129
2025-07-20,16539,2025072004046172,SHL,Sani Securities Company Ltd.,Sumeru Securities Pvt. Ltd.,200,585.0,117000.0,2025-07-20T14:49:21.134092
2025-07-20,16454,2025072004046195,SHL,Sani Securities Company Ltd.,Dipshikha Dhitopatra Karobar Co. Pvt Ltd.,400,585.0,234000.0,2025-07-20T14:49:24.349608
2025-07-20,15231,2025072004046547,SHL,Sani Securities Company Ltd.,Capital Max Securities Ltd,179,585.0,104715.0,2025-07-20T14:50:20.489165
2025-07-20,15230,2025072004046548,SHL,Sri Hari Securities Pvt. Ltd.,Capital Max Securities Ltd,475,584.0,277400.0,2025-07-20T14:50:20.48941
2025-07-20,14351,2025072004046817,SHL,Sundhara Securities Limited,Online Securities Pvt. Ltd.,200,584.0,116800.0,2025-07-20T14:51:07.543108
2025-07-20,14132,2025072004046882,SHL,Sundhara Securities Limited,NIMB Stock Markets Limited,500,584.0,292000.0,2025-07-20T14:51:16.228851
2025-07-20,13485,2025072004047055,SHL,J.F. Securites (PVT) Ltd.,Online Securities Pvt. Ltd.,100,584.5,58450.0,2025-07-20T14:51:45.688348
2025-07-20,13190,2025072004047142,SHL,S.P.S.A. Securities Limited,Nepal Stock House (PVT) Ltd.,100,585.0,58500.0,2025-07-20T14:51:57.420821
2025-07-20,12905,2025072004047205,SHL,Sri Hari Securities Pvt. Ltd.,Sharepro Securities Private Limited,300,585.0,175500.0,2025-07-20T14:52:10.974468
2025-07-20,12903,2025072004047206,SHL,Sri Hari Securities Pvt. Ltd.,Sweta Securities Private Limited,200,585.0,117000.0,2025-07-20T14:52:10.974787
2025-07-20,12855,2025072004047225,SHL,Sundhara Securities Limited,BHOLE GANESH SECURITIES LTD,100,584.0,58400.0,2025-07-20T14:52:13.374075
2025-07-20,12854,2025072004047226,SHL,Sharepro Securities Private Limited,BHOLE GANESH SECURITIES LTD,100,583.9,58390.0,2025-07-20T14:52:13.374328
2025-07-20,12853,2025072004047227,SHL,ABC Securities Private Limited,BHOLE GANESH SECURITIES LTD,100,583.2,58320.0,2025-07-20T14:52:13.37444
2025-07-20,12852,2025072004047228,SHL,INDEX SECURITIES LIMITED,BHOLE GANESH SECURITIES LTD,500,583.1,291550.0,2025-07-20T14:52:13.374546
2025-07-20,12721,2025072004047265,SHL,INDEX SECURITIES LIMITED,BHOLE GANESH SECURITIES LTD,700,583.1,408170.0,2025-07-20T14:52:21.405655
2025-07-20,12354,2025072004047371,SHL,INDEX SECURITIES LIMITED,Aryatara Investment & Securities,500,583.1,291550.0,2025-07-20T14:52:38.840746
2025-07-20,11452,2025072004047590,SHL,INDEX SECURITIES LIMITED,Aryatara Investment & Securities,280,583.1,163268.0,2025-07-20T14:53:18.042772
2025-07-20,11430,2025072004047597,SHL,INDEX SECURITIES LIMITED,Nepal Stock House (PVT) Ltd.,800,583.1,466480.0,2025-07-20T14:53:20.306385
2025-07-20,10972,2025072004047717,SHL,INDEX SECURITIES LIMITED,Capital Max Securities Ltd,144,583.1,83966.4,2025-07-20T14:53:40.175135
2025-07-20,10671,2025072004047782,SHL,Aryatara Investment & Securities,Online Securities Pvt. Ltd.,109,583.0,63547.0,2025-07-20T14:53:53.318371
2025-07-20,10670,2025072004047783,SHL,Naasa Securities Co. Ltd.,Online Securities Pvt. Ltd.,140,583.0,81620.0,2025-07-20T14:53:53.318839
2025-07-20,10579,2025072004047803,SHL,Primo Securities (PVT) Ltd.,BHOLE GANESH SECURITIES LTD,250,582.0,145500.0,2025-07-20T14:53:57.739927
2025-07-20,10377,2025072004047866,SHL,Infinity Securities Limited,Aryatara Investment & Securities,100,582.0,58200.0,2025-07-20T14:54:08.607968
2025-07-20,10345,2025072004047868,SHL,Infinity Securities Limited,Sani Securities Company Ltd.,300,582.0,174600.0,2025-07-20T14:54:09.201062
2025-07-20,10245,2025072004047899,SHL,Sani Securities Company Ltd.,Primo Securities (PVT) Ltd.,400,583.0,233200.0,2025-07-20T14:54:13.477607
2025-07-20,10244,2025072004047900,SHL,Sani Securities Company Ltd.,Prabhu Stock Market Limited,100,583.1,58310.0,2025-07-20T14:54:13.478117
2025-07-20,10174,2025072004047928,SHL,Sani Securities Company Ltd.,BHOLE GANESH SECURITIES LTD,150,583.1,87465.0,2025-07-20T14:54:16.795735
2025-07-20,9379,2025072004048148,SHL,Sani Securities Company Ltd.,ABC Securities Private Limited,100,583.1,58310.0,2025-07-20T14:54:54.032986
2025-07-20,9369,2025072004048152,SHL,Sani Securities Company Ltd.,Capital Max Securities Ltd,250,583.1,145775.0,2025-07-20T14:54:54.781527
2025-07-20,9028,2025072004048220,SHL,Deevyaa Securities & Stock House Pvt. Ltd,Sunrise Securities Limited,100,583.0,58300.0,2025-07-20T14:55:05.966533
2025-07-20,8608,2025072004048329,SHL,Deevyaa Securities & Stock House Pvt. Ltd,Capital Max Securities Ltd,165,583.0,96195.0,2025-07-20T14:55:26.060796
2025-07-20,8329,2025072004048411,SHL,Dakshinkali Investment & Securities Pvt. Ltd.,Vision Securities Pvt. Ltd,200,583.0,116600.0,2025-07-20T14:55:38.32088
2025-07-20,8125,2025072004048475,SHL,Sani Securities Company Ltd.,SUN SECURITIES PVT LTD,1000,582.2,582200.0,2025-07-20T14:55:46.616322
2025-07-20,8021,2025072004048525,SHL,Premier Securities Company Ltd.,Vision Securities Pvt. Ltd,500,583.0,291500.0,2025-07-20T14:55:51.528894
2025-07-20,7740,2025072004048601,SHL,Vision Securities Pvt. Ltd,Sunrise Securities Limited,100,582.3,58230.0,2025-07-20T14:56:01.124351
2025-07-20,7396,2025072004048714,SHL,Vision Securities Pvt. Ltd,Naasa Securities Co. Ltd.,100,582.3,58230.0,2025-07-20T14:56:19.147308
2025-07-20,7395,2025072004048715,SHL,Sani Securities Company Ltd.,Naasa Securities Co. Ltd.,500,582.2,291100.0,2025-07-20T14:56:19.147734
2025-07-20,7041,2025072004048804,SHL,Sani Securities Company Ltd.,Deevyaa Securities & Stock House Pvt. Ltd,1000,582.2,582200.0,2025-07-20T14:56:32.355983
2025-07-20,6806,2025072004048858,SHL,Bhrikuti Stock Broking Co. Pvt. Ltd.,Sunrise Securities Limited,100,582.3,58230.0,2025-07-20T14:56:40.807495
2025-07-20,6255,2025072004049084,SHL,Bhrikuti Stock Broking Co. Pvt. Ltd.,Premier Securities Company Ltd.,100,582.3,58230.0,2025-07-20T14:56:59.396986
2025-07-20,6254,2025072004049085,SHL,Sani Securities Company Ltd.,Premier Securities Company Ltd.,400,582.2,232880.0,2025-07-20T14:56:59.397226
2025-07-20,5857,2025072004049167,SHL,Sani Securities Company Ltd.,Online Securities Pvt. Ltd.,100,582.2,58220.0,2025-07-20T14:57:13.766628
2025-07-20,5856,2025072004049168,SHL,Infinity Securities Limited,Online Securities Pvt. Ltd.,100,582.0,58200.0,2025-07-20T14:57:13.766882
2025-07-20,5855,2025072004049169,SHL,Asian Securities Private Ltd.,Online Securities Pvt. Ltd.,300,582.0,174600.0,2025-07-20T14:57:13.767005
2025-07-20,5246,2025072004049323,SHL,Asian Securities Private Ltd.,Himalayan Brokerage Company Limited,350,582.0,203700.0,2025-07-20T14:57:39.318095
2025-07-20,4039,2025072004049662,SHL,Nabil Stock Dealer Ltd.,Online Securities Pvt. Ltd.,140,583.0,81620.0,2025-07-20T14:58:21.559532
2025-07-20,3067,2025072004049932,SHL,Nabil Stock Dealer Ltd.,Sani Securities Company Ltd.,100,584.6,58460.0,2025-07-20T14:58:51.577141
2025-07-20,3066,2025072004049933,SHL,Nabil Stock Dealer Ltd.,Creative Securities Pvt Ltd,499,584.6,291715.4,2025-07-20T14:58:51.5774
2025-07-20,3065,2025072004049934,SHL,Nabil Stock Dealer Ltd.,Citizens Share Broker Limited,300,584.7,175410.0,2025-07-20T14:58:51.577517
2025-07-20,3064,2025072004049935,SHL,Nabil Stock Dealer Ltd.,Dipshikha Dhitopatra Karobar Co. Pvt Ltd.,1000,584.8,584800.0,2025-07-20T14:58:51.577627
2025-07-20,3063,2025072004049936,SHL,Nabil Stock Dealer Ltd.,Premier Securities Company Ltd.,160,584.9,93584.0,2025-07-20T14:58:51.577739
2025-07-20,3062,2025072004049937,SHL,Nabil Stock Dealer Ltd.,Online Securities Pvt. Ltd.,800,585.0,468000.0,2025-07-20T14:58:51.57785
2025-07-20,3061,2025072004049938,SHL,Nabil Stock Dealer Ltd.,R.B.B. Securities Company Ltd,250,585.0,146250.0,2025-07-20T14:58:51.577962
2025-07-20,3060,2025072004049939,SHL,Nabil Stock Dealer Ltd.,Kumari Securities Private Limited,100,585.0,58500.0,2025-07-20T14:58:51.578076
2025-07-20,2956,2025072004049988,SHL,Nabil Stock Dealer Ltd.,Sri Hari Securities Pvt. Ltd.,500,585.0,292500.0,2025-07-20T14:58:54.572769
2025-07-20,2764,2025072004050044,SHL,Nabil Stock Dealer Ltd.,Sunrise Securities Limited,500,585.0,292500.0,2025-07-20T14:59:01.662778
2025-07-20,2572,2025072004050116,SHL,Sani Securities Company Ltd.,Sweta Securities Private Limited,200,585.1,117020.0,2025-07-20T14:59:07.237223
2025-07-20,1865,2025072004050282,SHL,Sani Securities Company Ltd.,Sumeru Securities Pvt. Ltd.,100,585.1,58510.0,2025-07-20T14:59:24.973419
2025-07-20,1777,2025072004050302,SHL,Nabil Stock Dealer Ltd.,Vision Securities Pvt. Ltd,400,585.0,234000.0,2025-07-20T14:59:27.29331
2025-07-20,1728,2025072004050319,SHL,Nabil Stock Dealer Ltd.,Sunrise Securities Limited,251,585.0,146835.0,2025-07-20T14:59:28.736856
2025-07-20,1727,2025072004050320,SHL,Sri Hari Securities Pvt. Ltd.,Sunrise Securities Limited,249,585.0,145665.0,2025-07-20T14:59:28.737093
2025-07-20,1413,2025072004050392,SHL,Sri Hari Securities Pvt. Ltd.,ABC Securities Private Limited,251,585.0,146835.0,2025-07-20T14:59:34.050683
2025-07-20,1412,2025072004050393,SHL,Citizens Share Broker Limited,ABC Securities Private Limited,249,585.0,145665.0,2025-07-20T14:59:34.050959
2025-07-20,1307,2025072004050434,SHL,Citizens Share Broker Limited,ABC Securities Private Limited,251,585.0,146835.0,2025-07-20T14:59:36.075562
2025-07-20,1262,2025072004050449,SHL,Swarna Laxmi Securities Pvt. Ltd.,Deevyaa Securities & Stock House Pvt. Ltd,800,584.0,467200.0,2025-07-20T14:59:37.210438
2025-07-20,1261,2025072004050450,SHL,Imperial Securities Company Pvt. Ltd.,Deevyaa Securities & Stock House Pvt. Ltd,200,584.0,116800.0,2025-07-20T14:59:37.210477
2025-07-20,1220,2025072004050460,SHL,Kohinoor Investment & Securities Pvt. Ltd.,ABC Securities Private Limited,100,585.0,58500.0,2025-07-20T14:59:37.926842
2025-07-20,837,2025072004050570,SHL,Imperial Securities Company Pvt. Ltd.,Sani Securities Company Ltd.,100,584.0,58400.0,2025-07-20T14:59:45.198121
2025-07-20,675,2025072004050617,SHL,SHUBHAKAMANA SECURITIES PVT. LTD,Deevyaa Securities & Stock House Pvt. Ltd,500,584.0,292000.0,2025-07-20T14:59:47.726054
2025-07-20,674,2025072004050618,SHL,Opal Securities Investment (PVT) Ltd.,Deevyaa Securities & Stock House Pvt. Ltd,500,583.1,291550.0,2025-07-20T14:59:47.726098
