Date,S.N.,Contract ID,Symbol,Buyer Broker,Seller Broker,quantity,rate,amount,transaction_time
2025-07-20,177896,2025072004000081,TRH,Opal Securities Investment (PVT) Ltd.,Nepal Investment And Securities Trading Private Limited,50,985.0,49250.0,2025-07-20T11:00:19.45222
2025-07-20,177243,2025072004000295,TRH,Naasa Securities Co. Ltd.,Vision Securities Pvt. Ltd,16,989.5,15832.0,2025-07-20T11:01:45.013415
2025-07-20,177006,2025072004000397,TRH,Sri Hari Securities Pvt. Ltd.,Bhrikuti Stock Broking Co. Pvt. Ltd.,10,989.5,9895.0,2025-07-20T11:02:04.700672
2025-07-20,177005,2025072004000398,TRH,Sri Hari Securities Pvt. Ltd.,Infinity Securities Limited,35,989.5,34632.5,2025-07-20T11:02:04.700719
2025-07-20,172212,2025072004002060,TRH,Sani Securities Company Ltd.,Kumari Securities Private Limited,30,988.7,29661.0,2025-07-20T11:07:41.332108
2025-07-20,171750,2025072004002232,TRH,Naasa Securities Co. Ltd.,Dynamic Money Managers Securities Pvt. Ltd.,35,971.0,33985.0,2025-07-20T11:08:12.241393
2025-07-20,170086,2025072004002728,TRH,Online Securities Pvt. Ltd.,Sani Securities Company Ltd.,10,971.1,9711.0,2025-07-20T11:09:50.360287
2025-07-20,168692,2025072004003185,TRH,Online Securities Pvt. Ltd.,Kalika Securities Pvt. Ltd.,10,971.1,9711.0,2025-07-20T11:11:26.406333
2025-07-20,168691,2025072004003186,TRH,Opal Securities Investment (PVT) Ltd.,Kalika Securities Pvt. Ltd.,10,971.1,9711.0,2025-07-20T11:11:26.406398
2025-07-20,168267,2025072004003326,TRH,Opal Securities Investment (PVT) Ltd.,Sewa Securities Pvt. Ltd.,30,971.1,29133.0,2025-07-20T11:11:55.396173
2025-07-20,167996,2025072004003387,TRH,Naasa Securities Co. Ltd.,Sewa Securities Pvt. Ltd.,15,971.0,14565.0,2025-07-20T11:12:15.576452
2025-07-20,167995,2025072004003388,TRH,Kohinoor Investment & Securities Pvt. Ltd.,Sewa Securities Pvt. Ltd.,54,971.0,52434.0,2025-07-20T11:12:15.576538
2025-07-20,167961,2025072004003401,TRH,Kohinoor Investment & Securities Pvt. Ltd.,Arun Securities (PVT) Ltd.,16,971.0,15536.0,2025-07-20T11:12:18.729219
2025-07-20,167960,2025072004003402,TRH,Sani Securities Company Ltd.,Arun Securities (PVT) Ltd.,100,970.0,97000.0,2025-07-20T11:12:18.729289
2025-07-20,156078,2025072004006665,TRH,Naasa Securities Co. Ltd.,Sundhara Securities Limited,32,975.1,31203.2,2025-07-20T11:25:31.340169
2025-07-20,148596,2025072004008751,TRH,K.B.L. Securities Limited ,Neev Securities Pvt. Ltd.,99,986.9,97703.1,2025-07-20T11:34:44.120463
2025-07-20,148595,2025072004008752,TRH,K.B.L. Securities Limited ,Dipshikha Dhitopatra Karobar Co. Pvt Ltd.,60,987.0,59220.0,2025-07-20T11:34:44.12053
2025-07-20,148594,2025072004008753,TRH,K.B.L. Securities Limited ,Oxford Securities Pvt. Ltd.,10,988.0,9880.0,2025-07-20T11:34:44.120573
2025-07-20,148593,2025072004008754,TRH,K.B.L. Securities Limited ,Sagarmatha Securities Private Limited,75,988.0,74100.0,2025-07-20T11:34:44.120612
2025-07-20,148012,2025072004008982,TRH,Sani Securities Company Ltd.,Imperial Securities Company Pvt. Ltd.,50,988.9,49445.0,2025-07-20T11:35:21.800652
2025-07-20,148010,2025072004008983,TRH,Sani Securities Company Ltd.,Kumari Securities Private Limited,150,989.0,148350.0,2025-07-20T11:35:21.8008
2025-07-20,147818,2025072004009036,TRH,Magnet Securities and Investment Company Private Limited,Kumari Securities Private Limited,100,989.0,98900.0,2025-07-20T11:35:34.182929
2025-07-20,147784,2025072004009043,TRH,Deevyaa Securities & Stock House Pvt. Ltd,Kumari Securities Private Limited,50,989.0,49450.0,2025-07-20T11:35:36.425055
2025-07-20,147595,2025072004009113,TRH,Sri Hari Securities Pvt. Ltd.,Kumari Securities Private Limited,150,989.0,148350.0,2025-07-20T11:35:48.433449
2025-07-20,146928,2025072004009321,TRH,Online Securities Pvt. Ltd.,Kumari Securities Private Limited,15,989.0,14835.0,2025-07-20T11:36:38.239016
2025-07-20,146469,2025072004009478,TRH,Deevyaa Securities & Stock House Pvt. Ltd,Sri Hari Securities Pvt. Ltd.,10,990.0,9900.0,2025-07-20T11:37:13.014453
2025-07-20,145761,2025072004009669,TRH,Dipshikha Dhitopatra Karobar Co. Pvt Ltd.,Dipshikha Dhitopatra Karobar Co. Pvt Ltd.,10,989.9,9899.0,2025-07-20T11:38:01.016476
2025-07-20,145760,2025072004009670,TRH,Dipshikha Dhitopatra Karobar Co. Pvt Ltd.,Sri Hari Securities Pvt. Ltd.,10,990.0,9900.0,2025-07-20T11:38:01.016547
2025-07-20,145546,2025072004009721,TRH,K.B.L. Securities Limited ,Sri Hari Securities Pvt. Ltd.,180,990.0,178200.0,2025-07-20T11:38:17.828821
2025-07-20,145178,2025072004009802,TRH,Deevyaa Securities & Stock House Pvt. Ltd,Kumari Securities Private Limited,10,993.8,9938.0,2025-07-20T11:38:50.223508
2025-07-20,143969,2025072004010132,TRH,K.B.L. Securities Limited ,Sipla Securities Private Limited,76,990.0,75240.0,2025-07-20T11:40:20.64362
2025-07-20,143968,2025072004010133,TRH,Kohinoor Investment & Securities Pvt. Ltd.,Sipla Securities Private Limited,100,988.1,98810.0,2025-07-20T11:40:20.643673
2025-07-20,143604,2025072004010255,TRH,Naasa Securities Co. Ltd.,Sipla Securities Private Limited,68,981.1,66714.8,2025-07-20T11:40:52.742384
2025-07-20,143603,2025072004010256,TRH,Naasa Securities Co. Ltd.,Sipla Securities Private Limited,200,981.0,196200.0,2025-07-20T11:40:52.742426
2025-07-20,142932,2025072004010463,TRH,Imperial Securities Company Pvt. Ltd.,Sipla Securities Private Limited,700,980.0,686000.0,2025-07-20T11:41:38.877042
2025-07-20,142931,2025072004010464,TRH,Nepal Stock House (PVT) Ltd.,Sipla Securities Private Limited,50,980.0,49000.0,2025-07-20T11:41:38.87709
2025-07-20,133063,2025072004013484,TRH,Market Securities & Exchange (PVT) Ltd.,Sipla Securities Private Limited,10,978.0,9780.0,2025-07-20T11:53:10.637499
2025-07-20,133062,2025072004013485,TRH,Secured Securities Ltd.,Sipla Securities Private Limited,50,977.5,48875.0,2025-07-20T11:53:10.637568
2025-07-20,133061,2025072004013486,TRH,Investment Management Nepal Pvt. Ltd.,Sipla Securities Private Limited,50,977.0,48850.0,2025-07-20T11:53:10.637597
2025-07-20,132964,2025072004013512,TRH,Naasa Securities Co. Ltd.,Sipla Securities Private Limited,10,976.7,9767.0,2025-07-20T11:53:19.659953
2025-07-20,132963,2025072004013513,TRH,Imperial Securities Company Pvt. Ltd.,Sipla Securities Private Limited,127,976.0,123952.0,2025-07-20T11:53:19.660024
2025-07-20,132962,2025072004013514,TRH,Agrawal Securities (PVT) Ltd.,Sipla Securities Private Limited,55,976.0,53680.0,2025-07-20T11:53:19.660051
2025-07-20,129232,2025072004014698,TRH,Naasa Securities Co. Ltd.,Vision Securities Pvt. Ltd,80,981.9,78552.0,2025-07-20T11:59:29.940915
2025-07-20,129231,2025072004014699,TRH,Naasa Securities Co. Ltd.,Sipla Securities Private Limited,20,982.0,19640.0,2025-07-20T11:59:29.941107
2025-07-20,126715,2025072004015488,TRH,Sweta Securities Private Limited,Opal Securities Investment (PVT) Ltd.,20,975.0,19500.0,2025-07-20T12:03:37.603736
2025-07-20,123358,2025072004016451,TRH,Naasa Securities Co. Ltd.,Sipla Securities Private Limited,790,976.0,771040.0,2025-07-20T12:09:26.6076
2025-07-20,123357,2025072004016452,TRH,Online Securities Pvt. Ltd.,Sipla Securities Private Limited,50,975.1,48755.0,2025-07-20T12:09:26.607665
2025-07-20,123356,2025072004016453,TRH,Secured Securities Ltd.,Sipla Securities Private Limited,50,975.1,48755.0,2025-07-20T12:09:26.607705
2025-07-20,121266,2025072004017103,TRH,Sweta Securities Private Limited,Sipla Securities Private Limited,10,975.0,9750.0,2025-07-20T12:13:07.352281
2025-07-20,121265,2025072004017104,TRH,Siprabi Securities Pvt. Ltd.,Sipla Securities Private Limited,20,975.0,19500.0,2025-07-20T12:13:07.352435
2025-07-20,121264,2025072004017105,TRH,Imperial Securities Company Pvt. Ltd.,Sipla Securities Private Limited,50,975.0,48750.0,2025-07-20T12:13:07.352481
2025-07-20,121263,2025072004017106,TRH,Naasa Securities Co. Ltd.,Sipla Securities Private Limited,10,975.0,9750.0,2025-07-20T12:13:07.35252
2025-07-20,121262,2025072004017107,TRH,Trishakti Securities Public Limited,Sipla Securities Private Limited,50,975.0,48750.0,2025-07-20T12:13:07.35256
2025-07-20,119312,2025072004017853,TRH,Asian Securities Private Ltd.,Sipla Securities Private Limited,50,973.2,48660.0,2025-07-20T12:16:09.924996
2025-07-20,119237,2025072004017872,TRH,Online Securities Pvt. Ltd.,Sipla Securities Private Limited,20,973.2,19464.0,2025-07-20T12:16:17.716605
2025-07-20,119014,2025072004017970,TRH,Secured Securities Ltd.,Sipla Securities Private Limited,30,973.2,29196.0,2025-07-20T12:16:37.290544
2025-07-20,115937,2025072004019097,TRH,Midas Stock Broking Company Private Limited,Vision Securities Pvt. Ltd,100,980.0,98000.0,2025-07-20T12:21:13.01377
2025-07-20,115936,2025072004019098,TRH,Midas Stock Broking Company Private Limited,Sipla Securities Private Limited,200,981.0,196200.0,2025-07-20T12:21:13.013974
2025-07-20,113985,2025072004019689,TRH,Agrawal Securities (PVT) Ltd.,Sipla Securities Private Limited,510,973.7,496587.0,2025-07-20T12:24:15.249602
2025-07-20,113984,2025072004019690,TRH,Sanima Securities Limited,Sipla Securities Private Limited,100,973.6,97360.0,2025-07-20T12:24:15.249648
2025-07-20,113983,2025072004019691,TRH,Kohinoor Investment & Securities Pvt. Ltd.,Sipla Securities Private Limited,200,973.1,194620.0,2025-07-20T12:24:15.249677
2025-07-20,113982,2025072004019692,TRH,Secured Securities Ltd.,Sipla Securities Private Limited,70,973.0,68110.0,2025-07-20T12:24:15.249707
2025-07-20,113981,2025072004019693,TRH,Deevyaa Securities & Stock House Pvt. Ltd,Sipla Securities Private Limited,100,973.0,97300.0,2025-07-20T12:24:15.249736
2025-07-20,113980,2025072004019694,TRH,Sweta Securities Private Limited,Sipla Securities Private Limited,10,973.0,9730.0,2025-07-20T12:24:15.249778
2025-07-20,113979,2025072004019695,TRH,Sundhara Securities Limited,Sipla Securities Private Limited,10,972.7,9727.0,2025-07-20T12:24:15.249818
2025-07-20,113007,2025072004020061,TRH,Capital Max Securities Ltd,Sipla Securities Private Limited,74,980.0,72520.0,2025-07-20T12:25:49.852664
2025-07-20,111702,2025072004020580,TRH,Creative Securities Pvt Ltd,Pragyan Securities (PVT) Ltd.,10,979.0,9790.0,2025-07-20T12:27:28.49413
2025-07-20,111573,2025072004020650,TRH,Trisul Securities & Invt. Ltd.,Pragyan Securities (PVT) Ltd.,18,979.0,17622.0,2025-07-20T12:27:35.625013
2025-07-20,111238,2025072004020750,TRH,Agrawal Securities (PVT) Ltd.,Online Securities Pvt. Ltd.,510,973.1,496281.0,2025-07-20T12:27:59.42014
2025-07-20,111237,2025072004020751,TRH,Creative Securities Pvt Ltd,Online Securities Pvt. Ltd.,170,973.0,165410.0,2025-07-20T12:27:59.42026
2025-07-20,111236,2025072004020752,TRH,Sundhara Securities Limited,Online Securities Pvt. Ltd.,290,972.7,282083.0,2025-07-20T12:27:59.420322
2025-07-20,111235,2025072004020753,TRH,Naasa Securities Co. Ltd.,Online Securities Pvt. Ltd.,200,972.1,194420.0,2025-07-20T12:27:59.420371
2025-07-20,111234,2025072004020754,TRH,Online Securities Pvt. Ltd.,Online Securities Pvt. Ltd.,50,972.0,48600.0,2025-07-20T12:27:59.420411
2025-07-20,111233,2025072004020755,TRH,Deevyaa Securities & Stock House Pvt. Ltd,Online Securities Pvt. Ltd.,100,972.0,97200.0,2025-07-20T12:27:59.420455
2025-07-20,111008,2025072004020826,TRH,Arun Securities (PVT) Ltd.,Online Securities Pvt. Ltd.,16,972.0,15552.0,2025-07-20T12:28:20.774247
2025-07-20,110957,2025072004020839,TRH,Premier Securities Company Ltd.,Online Securities Pvt. Ltd.,100,972.0,97200.0,2025-07-20T12:28:25.737636
2025-07-20,110904,2025072004020851,TRH,Dipshikha Dhitopatra Karobar Co. Pvt Ltd.,Online Securities Pvt. Ltd.,64,972.0,62208.0,2025-07-20T12:28:33.392994
2025-07-20,110758,2025072004020872,TRH,Dipshikha Dhitopatra Karobar Co. Pvt Ltd.,Sipla Securities Private Limited,11,972.0,10692.0,2025-07-20T12:28:46.004672
2025-07-20,110757,2025072004020873,TRH,Kohinoor Investment & Securities Pvt. Ltd.,Sipla Securities Private Limited,30,971.0,29130.0,2025-07-20T12:28:46.004715
2025-07-20,110756,2025072004020874,TRH,Secured Securities Ltd.,Sipla Securities Private Limited,10,971.0,9710.0,2025-07-20T12:28:46.004744
2025-07-20,110755,2025072004020875,TRH,Sani Securities Company Ltd.,Sipla Securities Private Limited,100,970.0,97000.0,2025-07-20T12:28:46.00477
2025-07-20,110754,2025072004020876,TRH,Kumari Securities Private Limited,Sipla Securities Private Limited,10,970.0,9700.0,2025-07-20T12:28:46.004797
2025-07-20,110753,2025072004020877,TRH,Naasa Securities Co. Ltd.,Sipla Securities Private Limited,173,970.0,167810.0,2025-07-20T12:28:46.004824
2025-07-20,110752,2025072004020878,TRH,J.F. Securites (PVT) Ltd.,Sipla Securities Private Limited,50,970.0,48500.0,2025-07-20T12:28:46.004852
2025-07-20,110751,2025072004020879,TRH,Kalika Securities Pvt. Ltd.,Sipla Securities Private Limited,102,970.0,98940.0,2025-07-20T12:28:46.004877
2025-07-20,110750,2025072004020880,TRH,Online Securities Pvt. Ltd.,Sipla Securities Private Limited,50,970.0,48500.0,2025-07-20T12:28:46.004903
2025-07-20,110749,2025072004020881,TRH,Naasa Securities Co. Ltd.,Sipla Securities Private Limited,10,970.0,9700.0,2025-07-20T12:28:46.004935
2025-07-20,110748,2025072004020882,TRH,Vision Securities Pvt. Ltd,Sipla Securities Private Limited,1000,969.9,969900.0,2025-07-20T12:28:46.004971
2025-07-20,110747,2025072004020883,TRH,Deevyaa Securities & Stock House Pvt. Ltd,Sipla Securities Private Limited,154,969.0,149226.0,2025-07-20T12:28:46.005044
2025-07-20,105547,2025072004022411,TRH,Vision Securities Pvt. Ltd,Sipla Securities Private Limited,300,976.0,292800.0,2025-07-20T12:36:59.921391
2025-07-20,105353,2025072004022486,TRH,Cristal Kanchanjanga Securites Pvt. Ltd.,Sipla Securities Private Limited,200,976.0,195200.0,2025-07-20T12:37:19.408199
2025-07-20,104979,2025072004022568,TRH,Cristal Kanchanjanga Securites Pvt. Ltd.,Pragyan Securities (PVT) Ltd.,300,979.0,293700.0,2025-07-20T12:37:59.684754
2025-07-20,103564,2025072004023018,TRH,Kohinoor Investment & Securities Pvt. Ltd.,Pragyan Securities (PVT) Ltd.,159,979.0,155661.0,2025-07-20T12:40:25.912191
2025-07-20,102824,2025072004023253,TRH,Malla & Malla Stock Broking Company Pvt. Limited,Sipla Securities Private Limited,126,980.0,123480.0,2025-07-20T12:41:37.110728
2025-07-20,102495,2025072004023367,TRH,Malla & Malla Stock Broking Company Pvt. Limited,Naasa Securities Co. Ltd.,40,980.0,39200.0,2025-07-20T12:42:12.332603
2025-07-20,101878,2025072004023559,TRH,Online Securities Pvt. Ltd.,Nagarik Stock Dealer ,10,981.1,9811.0,2025-07-20T12:43:11.805852
2025-07-20,101643,2025072004023638,TRH,Malla & Malla Stock Broking Company Pvt. Limited,Sipla Securities Private Limited,180,982.0,176760.0,2025-07-20T12:43:32.961636
2025-07-20,101563,2025072004023656,TRH,Malla & Malla Stock Broking Company Pvt. Limited,Premier Securities Company Ltd.,30,985.0,29550.0,2025-07-20T12:43:44.080918
2025-07-20,101562,2025072004023657,TRH,Malla & Malla Stock Broking Company Pvt. Limited,Sipla Securities Private Limited,100,985.0,98500.0,2025-07-20T12:43:44.081059
2025-07-20,101561,2025072004023658,TRH,Malla & Malla Stock Broking Company Pvt. Limited,Sajilo Broker Limited,10,985.0,9850.0,2025-07-20T12:43:44.08112
2025-07-20,101560,2025072004023659,TRH,Malla & Malla Stock Broking Company Pvt. Limited,Dipshikha Dhitopatra Karobar Co. Pvt Ltd.,90,985.0,88650.0,2025-07-20T12:43:44.081169
2025-07-20,100039,2025072004024064,TRH,Malla & Malla Stock Broking Company Pvt. Limited,Sipla Securities Private Limited,100,982.1,98210.0,2025-07-20T12:45:49.045535
2025-07-20,100038,2025072004024065,TRH,Malla & Malla Stock Broking Company Pvt. Limited,Sipla Securities Private Limited,100,982.1,98210.0,2025-07-20T12:45:49.045687
2025-07-20,98394,2025072004024518,TRH,Linch Stock Market Ltd.,Sipla Securities Private Limited,34,982.3,33398.2,2025-07-20T12:48:15.440637
2025-07-20,97148,2025072004024805,TRH,Online Securities Pvt. Ltd.,Online Securities Pvt. Ltd.,40,986.0,39440.0,2025-07-20T12:49:52.432287
2025-07-20,97014,2025072004024844,TRH,Naasa Securities Co. Ltd.,Online Securities Pvt. Ltd.,50,986.0,49300.0,2025-07-20T12:50:08.32229
2025-07-20,96540,2025072004024951,TRH,Malla & Malla Stock Broking Company Pvt. Limited,Online Securities Pvt. Ltd.,45,986.0,44370.0,2025-07-20T12:50:38.779928
2025-07-20,96377,2025072004024976,TRH,Vision Securities Pvt. Ltd,Sipla Securities Private Limited,200,987.0,197400.0,2025-07-20T12:50:50.691372
2025-07-20,92205,2025072004025899,TRH,Online Securities Pvt. Ltd.,N.M.B. SECURITIES LIMITED,10,990.0,9900.0,2025-07-20T12:56:36.206269
2025-07-20,91219,2025072004026151,TRH,Online Securities Pvt. Ltd.,Imperial Securities Company Pvt. Ltd.,10,989.0,9890.0,2025-07-20T12:57:59.799655
2025-07-20,90971,2025072004026233,TRH,J.F. Securites (PVT) Ltd.,N.M.B. SECURITIES LIMITED,190,990.0,188100.0,2025-07-20T12:58:18.597931
2025-07-20,90970,2025072004026234,TRH,J.F. Securites (PVT) Ltd.,Dipshikha Dhitopatra Karobar Co. Pvt Ltd.,10,990.0,9900.0,2025-07-20T12:58:18.598034
2025-07-20,90969,2025072004026235,TRH,J.F. Securites (PVT) Ltd.,Arun Securities (PVT) Ltd.,50,990.0,49500.0,2025-07-20T12:58:18.598137
2025-07-20,90968,2025072004026236,TRH,J.F. Securites (PVT) Ltd.,Sipla Securities Private Limited,100,990.0,99000.0,2025-07-20T12:58:18.598245
2025-07-20,90967,2025072004026237,TRH,J.F. Securites (PVT) Ltd.,Sri Hari Securities Pvt. Ltd.,101,990.0,99990.0,2025-07-20T12:58:18.598382
2025-07-20,90966,2025072004026238,TRH,J.F. Securites (PVT) Ltd.,ABC Securities Private Limited,100,991.0,99100.0,2025-07-20T12:58:18.598491
2025-07-20,90965,2025072004026239,TRH,J.F. Securites (PVT) Ltd.,ABC Securities Private Limited,59,991.0,58469.0,2025-07-20T12:58:18.598612
2025-07-20,90221,2025072004026497,TRH,Aryatara Investment & Securities,ABC Securities Private Limited,41,991.0,40631.0,2025-07-20T12:59:22.900881
2025-07-20,90220,2025072004026498,TRH,Aryatara Investment & Securities,Kumari Securities Private Limited,20,992.9,19858.0,2025-07-20T12:59:22.90109
2025-07-20,90219,2025072004026499,TRH,Aryatara Investment & Securities,Agrawal Securities (PVT) Ltd.,100,992.9,99290.0,2025-07-20T12:59:22.901244
2025-07-20,90218,2025072004026500,TRH,Aryatara Investment & Securities,Secured Securities Ltd.,100,993.0,99300.0,2025-07-20T12:59:22.901379
2025-07-20,90217,2025072004026501,TRH,Aryatara Investment & Securities,Sipla Securities Private Limited,39,993.0,38727.0,2025-07-20T12:59:22.901535
2025-07-20,89553,2025072004026704,TRH,Siprabi Securities Pvt. Ltd.,Bhrikuti Stock Broking Co. Pvt. Ltd.,10,992.9,9929.0,2025-07-20T13:00:20.501902
2025-07-20,89352,2025072004026759,TRH,Dynamic Money Managers Securities Pvt. Ltd.,Sipla Securities Private Limited,61,993.0,60573.0,2025-07-20T13:00:38.929974
2025-07-20,89351,2025072004026760,TRH,Dynamic Money Managers Securities Pvt. Ltd.,Kumari Securities Private Limited,20,993.8,19876.0,2025-07-20T13:00:38.930085
2025-07-20,89350,2025072004026761,TRH,Dynamic Money Managers Securities Pvt. Ltd.,Malla & Malla Stock Broking Company Pvt. Limited,49,994.0,48706.0,2025-07-20T13:00:38.930141
2025-07-20,89083,2025072004026811,TRH,Midas Stock Broking Company Private Limited,Investment Management Nepal Pvt. Ltd.,490,994.5,487305.0,2025-07-20T13:01:03.114056
2025-07-20,89082,2025072004026812,TRH,Midas Stock Broking Company Private Limited,Shree Krishna Securities Ltd.,10,995.0,9950.0,2025-07-20T13:01:03.114125
2025-07-20,88817,2025072004026865,TRH,Malla & Malla Stock Broking Company Pvt. Limited,Kumari Securities Private Limited,50,995.0,49750.0,2025-07-20T13:01:23.552005
2025-07-20,88816,2025072004026866,TRH,Malla & Malla Stock Broking Company Pvt. Limited,Aakashbhairab Securities Ltd.,10,995.0,9950.0,2025-07-20T13:01:23.552106
2025-07-20,88815,2025072004026867,TRH,Malla & Malla Stock Broking Company Pvt. Limited,ABC Securities Private Limited,50,995.0,49750.0,2025-07-20T13:01:23.552153
2025-07-20,88814,2025072004026868,TRH,Malla & Malla Stock Broking Company Pvt. Limited,Naasa Securities Co. Ltd.,30,995.0,29850.0,2025-07-20T13:01:23.552194
2025-07-20,88813,2025072004026869,TRH,Malla & Malla Stock Broking Company Pvt. Limited,Midas Stock Broking Company Private Limited,20,995.0,19900.0,2025-07-20T13:01:23.552237
2025-07-20,88583,2025072004026924,TRH,Aakashbhairab Securities Ltd.,Midas Stock Broking Company Private Limited,100,999.0,99900.0,2025-07-20T13:01:40.905845
2025-07-20,88431,2025072004026958,TRH,Malla & Malla Stock Broking Company Pvt. Limited,Midas Stock Broking Company Private Limited,100,999.0,99900.0,2025-07-20T13:01:53.841508
2025-07-20,88247,2025072004026996,TRH,Vision Securities Pvt. Ltd,Sani Securities Company Ltd.,90,998.9,89901.0,2025-07-20T13:02:07.773551
2025-07-20,88246,2025072004026997,TRH,Vision Securities Pvt. Ltd,Midas Stock Broking Company Private Limited,110,999.0,109890.0,2025-07-20T13:02:07.773653
2025-07-20,87610,2025072004027122,TRH,N.M.B. SECURITIES LIMITED,Kumari Securities Private Limited,20,999.0,19980.0,2025-07-20T13:03:09.796219
2025-07-20,87575,2025072004027132,TRH,Malla & Malla Stock Broking Company Pvt. Limited,Kumari Securities Private Limited,130,999.0,129870.0,2025-07-20T13:03:14.412235
2025-07-20,86446,2025072004027406,TRH,Secured Securities Ltd.,Bhrikuti Stock Broking Co. Pvt. Ltd.,10,995.0,9950.0,2025-07-20T13:04:50.62487
2025-07-20,86361,2025072004027427,TRH,Agrawal Securities (PVT) Ltd.,Kumari Securities Private Limited,50,999.0,49950.0,2025-07-20T13:05:00.84775
2025-07-20,85426,2025072004027710,TRH,N.M.B. SECURITIES LIMITED,Imperial Securities Company Pvt. Ltd.,10,998.0,9980.0,2025-07-20T13:06:26.615102
2025-07-20,85060,2025072004027792,TRH,Nepal Stock House (PVT) Ltd.,Agrawal Securities (PVT) Ltd.,20,998.9,19978.0,2025-07-20T13:07:01.738619
2025-07-20,84911,2025072004027823,TRH,N.M.B. SECURITIES LIMITED,Imperial Securities Company Pvt. Ltd.,10,998.0,9980.0,2025-07-20T13:07:16.053583
2025-07-20,84793,2025072004027867,TRH,Linch Stock Market Ltd.,Agrawal Securities (PVT) Ltd.,30,998.9,29967.0,2025-07-20T13:07:23.07787
2025-07-20,84792,2025072004027868,TRH,Linch Stock Market Ltd.,Kumari Securities Private Limited,309,999.0,308691.0,2025-07-20T13:07:23.077992
2025-07-20,84791,2025072004027869,TRH,Linch Stock Market Ltd.,Bhrikuti Stock Broking Co. Pvt. Ltd.,10,999.0,9990.0,2025-07-20T13:07:23.078051
2025-07-20,84790,2025072004027870,TRH,Linch Stock Market Ltd.,Infinity Securities Limited,50,1000.0,50000.0,2025-07-20T13:07:23.078097
2025-07-20,83342,2025072004028282,TRH,Secured Securities Ltd.,Sipla Securities Private Limited,40,995.0,39800.0,2025-07-20T13:09:32.478789
2025-07-20,83341,2025072004028283,TRH,Online Securities Pvt. Ltd.,Sipla Securities Private Limited,50,995.0,49750.0,2025-07-20T13:09:32.478905
2025-07-20,83340,2025072004028284,TRH,Sani Securities Company Ltd.,Sipla Securities Private Limited,310,995.0,308450.0,2025-07-20T13:09:32.478951
2025-07-20,82392,2025072004028532,TRH,Nepal Stock House (PVT) Ltd.,Opal Securities Investment (PVT) Ltd.,20,999.9,19998.0,2025-07-20T13:10:59.565981
2025-07-20,82193,2025072004028582,TRH,Nepal Stock House (PVT) Ltd.,Nepal Investment And Securities Trading Private Limited,15,999.9,14998.5,2025-07-20T13:11:18.142015
2025-07-20,82188,2025072004028587,TRH,Nepal Stock House (PVT) Ltd.,Vision Securities Pvt. Ltd,15,999.9,14998.5,2025-07-20T13:11:18.29454
2025-07-20,78704,2025072004029597,TRH,Midas Stock Broking Company Private Limited,Imperial Securities Company Pvt. Ltd.,10,999.0,9990.0,2025-07-20T13:16:07.373668
2025-07-20,76406,2025072004030198,TRH,Linch Stock Market Ltd.,Imperial Securities Company Pvt. Ltd.,10,997.0,9970.0,2025-07-20T13:19:39.37411
2025-07-20,75665,2025072004030420,TRH,Nepal Stock House (PVT) Ltd.,Imperial Securities Company Pvt. Ltd.,20,996.0,19920.0,2025-07-20T13:20:47.584623
2025-07-20,75623,2025072004030434,TRH,Sumeru Securities Pvt. Ltd.,Imperial Securities Company Pvt. Ltd.,30,996.0,29880.0,2025-07-20T13:20:51.714971
2025-07-20,74437,2025072004030757,TRH,Sumeru Securities Pvt. Ltd.,Linch Stock Market Ltd.,70,997.0,69790.0,2025-07-20T13:22:48.484712
2025-07-20,72735,2025072004031232,TRH,Trademow Securities Private Limited,Linch Stock Market Ltd.,180,999.9,179982.0,2025-07-20T13:25:56.549015
2025-07-20,72734,2025072004031233,TRH,Trademow Securities Private Limited,Opal Securities Investment (PVT) Ltd.,20,1000.0,20000.0,2025-07-20T13:25:56.549056
2025-07-20,72733,2025072004031234,TRH,Trademow Securities Private Limited,Imperial Securities Company Pvt. Ltd.,200,1000.0,200000.0,2025-07-20T13:25:56.549083
2025-07-20,72732,2025072004031235,TRH,Trademow Securities Private Limited,Kumari Securities Private Limited,30,1000.0,30000.0,2025-07-20T13:25:56.54911
2025-07-20,72731,2025072004031236,TRH,Trademow Securities Private Limited,Nepal Stock House (PVT) Ltd.,30,1000.0,30000.0,2025-07-20T13:25:56.549134
2025-07-20,72730,2025072004031237,TRH,Trademow Securities Private Limited,SUN SECURITIES PVT LTD,40,1001.0,40040.0,2025-07-20T13:25:56.549172
2025-07-20,72067,2025072004031392,TRH,Linch Stock Market Ltd.,Cristal Kanchanjanga Securites Pvt. Ltd.,1,1000.0,1000.0,2025-07-20T13:27:02.928668
2025-07-20,71748,2025072004031438,TRH,Nepal Stock House (PVT) Ltd.,Midas Stock Broking Company Private Limited,10,997.0,9970.0,2025-07-20T13:27:41.896007
2025-07-20,71670,2025072004031454,TRH,Dynamic Money Managers Securities Pvt. Ltd.,Midas Stock Broking Company Private Limited,92,997.0,91724.0,2025-07-20T13:27:50.111971
2025-07-20,69763,2025072004031925,TRH,Market Securities & Exchange (PVT) Ltd.,Neev Securities Pvt. Ltd.,30,1000.0,30000.0,2025-07-20T13:31:13.009966
2025-07-20,69584,2025072004031961,TRH,Aakashbhairab Securities Ltd.,SUN SECURITIES PVT LTD,300,1001.0,300300.0,2025-07-20T13:31:37.745954
2025-07-20,69527,2025072004031978,TRH,Capital Max Securities Ltd,SUN SECURITIES PVT LTD,100,1001.0,100100.0,2025-07-20T13:31:45.644721
2025-07-20,69525,2025072004031980,TRH,Market Securities & Exchange (PVT) Ltd.,Opal Securities Investment (PVT) Ltd.,45,1000.0,45000.0,2025-07-20T13:31:46.003669
2025-07-20,69490,2025072004031984,TRH,Dynamic Money Managers Securities Pvt. Ltd.,SUN SECURITIES PVT LTD,100,1001.0,100100.0,2025-07-20T13:31:48.540249
2025-07-20,68994,2025072004032078,TRH,Market Securities & Exchange (PVT) Ltd.,Imperial Securities Company Pvt. Ltd.,10,1000.0,10000.0,2025-07-20T13:32:53.064366
2025-07-20,68843,2025072004032115,TRH,Market Securities & Exchange (PVT) Ltd.,Online Securities Pvt. Ltd.,65,1000.0,65000.0,2025-07-20T13:33:07.710086
2025-07-20,68842,2025072004032116,TRH,Vision Securities Pvt. Ltd,Online Securities Pvt. Ltd.,35,1000.0,35000.0,2025-07-20T13:33:07.710271
2025-07-20,68635,2025072004032155,TRH,Trisul Securities & Invt. Ltd.,SUN SECURITIES PVT LTD,460,1001.0,460460.0,2025-07-20T13:33:36.287975
2025-07-20,68634,2025072004032156,TRH,Trisul Securities & Invt. Ltd.,Sumeru Securities Pvt. Ltd.,100,1001.0,100100.0,2025-07-20T13:33:36.288092
2025-07-20,68258,2025072004032233,TRH,Trisul Securities & Invt. Ltd.,Primo Securities (PVT) Ltd.,100,1001.6,100160.0,2025-07-20T13:34:23.828584
2025-07-20,67652,2025072004032359,TRH,Naasa Securities Co. Ltd.,Dipshikha Dhitopatra Karobar Co. Pvt Ltd.,10,1004.0,10040.0,2025-07-20T13:35:42.888365
2025-07-20,67651,2025072004032360,TRH,Naasa Securities Co. Ltd.,SUN SECURITIES PVT LTD,25,1008.4,25210.0,2025-07-20T13:35:42.888469
2025-07-20,67650,2025072004032361,TRH,Naasa Securities Co. Ltd.,Shree Krishna Securities Ltd.,10,1009.0,10090.0,2025-07-20T13:35:42.888521
2025-07-20,67649,2025072004032362,TRH,Naasa Securities Co. Ltd.,Infinity Securities Limited,65,1009.0,65585.0,2025-07-20T13:35:42.888565
2025-07-20,67648,2025072004032363,TRH,Naasa Securities Co. Ltd.,Sundhara Securities Limited,300,1009.0,302700.0,2025-07-20T13:35:42.88861
2025-07-20,67647,2025072004032364,TRH,Naasa Securities Co. Ltd.,Imperial Securities Company Pvt. Ltd.,10,1009.2,10092.0,2025-07-20T13:35:42.888654
2025-07-20,67646,2025072004032365,TRH,Naasa Securities Co. Ltd.,Opal Securities Investment (PVT) Ltd.,20,1010.0,20200.0,2025-07-20T13:35:42.888699
2025-07-20,66706,2025072004032604,TRH,Naasa Securities Co. Ltd.,Imperial Securities Company Pvt. Ltd.,10,1009.0,10090.0,2025-07-20T13:38:04.001578
2025-07-20,66705,2025072004032605,TRH,Naasa Securities Co. Ltd.,Sumeru Securities Pvt. Ltd.,46,1010.0,46460.0,2025-07-20T13:38:04.001816
2025-07-20,64664,2025072004033108,TRH,Aryatara Investment & Securities,Sumeru Securities Pvt. Ltd.,54,1010.0,54540.0,2025-07-20T13:42:18.966965
2025-07-20,64663,2025072004033109,TRH,Aryatara Investment & Securities,Sani Securities Company Ltd.,100,1013.0,101300.0,2025-07-20T13:42:18.967101
2025-07-20,64662,2025072004033110,TRH,Aryatara Investment & Securities,Kumari Securities Private Limited,50,1013.0,50650.0,2025-07-20T13:42:18.967163
2025-07-20,64661,2025072004033111,TRH,Aryatara Investment & Securities,Opal Securities Investment (PVT) Ltd.,200,1014.0,202800.0,2025-07-20T13:42:18.967209
2025-07-20,64379,2025072004033198,TRH,Aryatara Investment & Securities,Naasa Securities Co. Ltd.,10,1014.0,10140.0,2025-07-20T13:42:57.411133
2025-07-20,64333,2025072004033207,TRH,Aryatara Investment & Securities,Vision Securities Pvt. Ltd,50,1014.0,50700.0,2025-07-20T13:43:02.559663
2025-07-20,63822,2025072004033328,TRH,Neev Securities Pvt. Ltd.,Naasa Securities Co. Ltd.,10,1015.0,10150.0,2025-07-20T13:44:01.111133
2025-07-20,63704,2025072004033344,TRH,Aryatara Investment & Securities,Naasa Securities Co. Ltd.,10,1014.0,10140.0,2025-07-20T13:44:16.100853
2025-07-20,63606,2025072004033379,TRH,Aryatara Investment & Securities,Dipshikha Dhitopatra Karobar Co. Pvt Ltd.,25,1014.0,25350.0,2025-07-20T13:44:28.005937
2025-07-20,60813,2025072004034085,TRH,ABC Securities Private Limited,Deevyaa Securities & Stock House Pvt. Ltd,10,1005.0,10050.0,2025-07-20T13:49:54.211146
2025-07-20,58451,2025072004034659,TRH,Kalika Securities Pvt. Ltd.,Vision Securities Pvt. Ltd,100,1008.0,100800.0,2025-07-20T13:54:07.705652
2025-07-20,58404,2025072004034670,TRH,Midas Stock Broking Company Private Limited,Premier Securities Company Ltd.,10,1007.0,10070.0,2025-07-20T13:54:13.840053
2025-07-20,58403,2025072004034671,TRH,ABC Securities Private Limited,Premier Securities Company Ltd.,440,1005.0,442200.0,2025-07-20T13:54:13.840285
2025-07-20,57486,2025072004034896,TRH,ABC Securities Private Limited,BHOLE GANESH SECURITIES LTD,50,1005.0,50250.0,2025-07-20T13:56:00.056359
2025-07-20,57485,2025072004034897,TRH,Vision Securities Pvt. Ltd,BHOLE GANESH SECURITIES LTD,200,1005.0,201000.0,2025-07-20T13:56:00.056466
2025-07-20,57484,2025072004034898,TRH,Aryatara Investment & Securities,BHOLE GANESH SECURITIES LTD,10,1005.0,10050.0,2025-07-20T13:56:00.056544
2025-07-20,57483,2025072004034899,TRH,Naasa Securities Co. Ltd.,BHOLE GANESH SECURITIES LTD,100,1005.0,100500.0,2025-07-20T13:56:00.056617
2025-07-20,57482,2025072004034900,TRH,Aryatara Investment & Securities,BHOLE GANESH SECURITIES LTD,140,1004.0,140560.0,2025-07-20T13:56:00.056697
2025-07-20,57265,2025072004034959,TRH,Aryatara Investment & Securities,Ashutosh Brokerage & Securities (PVT) Ltd.,30,1004.0,30120.0,2025-07-20T13:56:25.72074
2025-07-20,56926,2025072004035045,TRH,Aryatara Investment & Securities,ABC Securities Private Limited,30,1004.0,30120.0,2025-07-20T13:56:57.319578
2025-07-20,56925,2025072004035046,TRH,Midas Stock Broking Company Private Limited,ABC Securities Private Limited,100,1004.0,100400.0,2025-07-20T13:56:57.319697
2025-07-20,56924,2025072004035047,TRH,Oxford Securities Pvt. Ltd.,ABC Securities Private Limited,20,1002.0,20040.0,2025-07-20T13:56:57.319757
2025-07-20,56923,2025072004035048,TRH,Premier Securities Company Ltd.,ABC Securities Private Limited,100,1002.0,100200.0,2025-07-20T13:56:57.319805
2025-07-20,56922,2025072004035049,TRH,Dynamic Money Managers Securities Pvt. Ltd.,ABC Securities Private Limited,200,1001.3,200260.0,2025-07-20T13:56:57.319856
2025-07-20,56921,2025072004035050,TRH,Secured Securities Ltd.,ABC Securities Private Limited,250,1001.2,250300.0,2025-07-20T13:56:57.319904
2025-07-20,56920,2025072004035051,TRH,Kohinoor Investment & Securities Pvt. Ltd.,ABC Securities Private Limited,500,1000.0,500000.0,2025-07-20T13:56:57.319956
2025-07-20,56919,2025072004035052,TRH,Kohinoor Investment & Securities Pvt. Ltd.,ABC Securities Private Limited,100,1000.0,100000.0,2025-07-20T13:56:57.32001
2025-07-20,55407,2025072004035458,TRH,Kohinoor Investment & Securities Pvt. Ltd.,Midas Stock Broking Company Private Limited,10,1000.0,10000.0,2025-07-20T13:59:36.565703
2025-07-20,54665,2025072004035698,TRH,Kohinoor Investment & Securities Pvt. Ltd.,Trisul Securities & Invt. Ltd.,50,1000.0,50000.0,2025-07-20T14:01:01.279976
2025-07-20,54359,2025072004035765,TRH,Kohinoor Investment & Securities Pvt. Ltd.,Online Securities Pvt. Ltd.,250,1000.0,250000.0,2025-07-20T14:01:33.987974
2025-07-20,52326,2025072004036400,TRH,Kohinoor Investment & Securities Pvt. Ltd.,BHOLE GANESH SECURITIES LTD,90,1000.0,90000.0,2025-07-20T14:04:56.609975
2025-07-20,52325,2025072004036401,TRH,Dipshikha Dhitopatra Karobar Co. Pvt Ltd.,BHOLE GANESH SECURITIES LTD,30,1000.0,30000.0,2025-07-20T14:04:56.610168
2025-07-20,52324,2025072004036402,TRH,Vision Securities Pvt. Ltd,BHOLE GANESH SECURITIES LTD,80,1000.0,80000.0,2025-07-20T14:04:56.610219
2025-07-20,50036,2025072004036997,TRH,Linch Stock Market Ltd.,Kohinoor Investment & Securities Pvt. Ltd.,6,997.0,5982.0,2025-07-20T14:08:28.216464
2025-07-20,49519,2025072004037131,TRH,Aryatara Investment & Securities,Kohinoor Investment & Securities Pvt. Ltd.,1,1014.0,1014.0,2025-07-20T14:09:16.495177
2025-07-20,49120,2025072004037216,TRH,Kumari Securities Private Limited,Secured Securities Ltd.,4,980.0,3920.0,2025-07-20T14:09:55.161495
2025-07-20,48692,2025072004037294,TRH,Linch Stock Market Ltd.,Online Securities Pvt. Ltd.,500,1002.2,501100.0,2025-07-20T14:10:31.671345
2025-07-20,47035,2025072004037742,TRH,Imperial Securities Company Pvt. Ltd.,Online Securities Pvt. Ltd.,50,1002.2,50110.0,2025-07-20T14:13:03.238801
2025-07-20,45716,2025072004038124,TRH,Vision Securities Pvt. Ltd,Investment Management Nepal Pvt. Ltd.,20,1000.0,20000.0,2025-07-20T14:14:56.815767
2025-07-20,45715,2025072004038125,TRH,Vision Securities Pvt. Ltd,Investment Management Nepal Pvt. Ltd.,80,1000.0,80000.0,2025-07-20T14:14:56.81589
2025-07-20,44907,2025072004038336,TRH,Kumari Securities Private Limited,Naasa Securities Co. Ltd.,4,982.0,3928.0,2025-07-20T14:16:24.084716
2025-07-20,44152,2025072004038510,TRH,Vision Securities Pvt. Ltd,Linch Stock Market Ltd.,20,998.5,19970.0,2025-07-20T14:17:55.264896
2025-07-20,44151,2025072004038511,TRH,Indira securities pvt. ltd,Linch Stock Market Ltd.,55,998.0,54890.0,2025-07-20T14:17:55.265136
2025-07-20,43438,2025072004038786,TRH,ABC Securities Private Limited,Online Securities Pvt. Ltd.,15,996.0,14940.0,2025-07-20T14:19:20.456775
2025-07-20,42693,2025072004038995,TRH,Dynamic Money Managers Securities Pvt. Ltd.,Online Securities Pvt. Ltd.,100,995.4,99540.0,2025-07-20T14:20:48.457168
2025-07-20,42432,2025072004039066,TRH,Sani Securities Company Ltd.,Indira securities pvt. ltd,15,995.0,14925.0,2025-07-20T14:21:16.983076
2025-07-20,42431,2025072004039067,TRH,Asian Securities Private Ltd.,Indira securities pvt. ltd,189,995.0,188055.0,2025-07-20T14:21:16.983372
2025-07-20,41314,2025072004039341,TRH,Linch Stock Market Ltd.,Online Securities Pvt. Ltd.,50,995.4,49770.0,2025-07-20T14:23:13.803498
2025-07-20,40968,2025072004039453,TRH,Asian Securities Private Ltd.,Primo Securities (PVT) Ltd.,33,995.0,32835.0,2025-07-20T14:23:52.822346
2025-07-20,40967,2025072004039454,TRH,Naasa Securities Co. Ltd.,Primo Securities (PVT) Ltd.,17,995.0,16915.0,2025-07-20T14:23:52.822573
2025-07-20,40668,2025072004039527,TRH,Naasa Securities Co. Ltd.,Aryatara Investment & Securities,13,995.0,12935.0,2025-07-20T14:24:23.459854
2025-07-20,40667,2025072004039528,TRH,Naasa Securities Co. Ltd.,Aryatara Investment & Securities,14,995.0,13930.0,2025-07-20T14:24:23.459993
2025-07-20,40045,2025072004039675,TRH,Linch Stock Market Ltd.,Linch Stock Market Ltd.,20,993.0,19860.0,2025-07-20T14:25:22.627303
2025-07-20,39861,2025072004039717,TRH,Vision Securities Pvt. Ltd,Aryatara Investment & Securities,38,992.0,37696.0,2025-07-20T14:25:35.0892
2025-07-20,39553,2025072004039774,TRH,Aryatara Investment & Securities,Online Securities Pvt. Ltd.,100,995.4,99540.0,2025-07-20T14:25:57.639645
2025-07-20,39483,2025072004039787,TRH,Vision Securities Pvt. Ltd,Naasa Securities Co. Ltd.,62,992.0,61504.0,2025-07-20T14:26:04.806447
2025-07-20,39482,2025072004039788,TRH,South Asian Bulls Pvt. Ltd.,Naasa Securities Co. Ltd.,10,992.0,9920.0,2025-07-20T14:26:04.80667
2025-07-20,39481,2025072004039789,TRH,Dakshinkali Investment & Securities Pvt. Ltd.,Naasa Securities Co. Ltd.,128,990.7,126809.6,2025-07-20T14:26:04.806812
2025-07-20,37086,2025072004040388,TRH,Kumari Securities Private Limited,Dipshikha Dhitopatra Karobar Co. Pvt Ltd.,6,973.0,5838.0,2025-07-20T14:28:48.450449
2025-07-20,28372,2025072004043051,TRH,Miyo Securities Pvt Ltd,Nepal Stock House (PVT) Ltd.,450,991.1,445995.0,2025-07-20T14:38:33.673535
2025-07-20,23638,2025072004044310,TRH,Dakshinkali Investment & Securities Pvt. Ltd.,Thrive Brokerage House Pvt. Ltd,22,992.1,21826.2,2025-07-20T14:43:03.619826
2025-07-20,23637,2025072004044311,TRH,Dakshinkali Investment & Securities Pvt. Ltd.,Thrive Brokerage House Pvt. Ltd,110,992.0,109120.0,2025-07-20T14:43:03.619946
2025-07-20,23636,2025072004044312,TRH,Aryatara Investment & Securities,Thrive Brokerage House Pvt. Ltd,13,992.0,12896.0,2025-07-20T14:43:03.620001
2025-07-20,22961,2025072004044470,TRH,Aryatara Investment & Securities,Aakashbhairab Securities Ltd.,150,992.0,148800.0,2025-07-20T14:43:44.640665
2025-07-20,22357,2025072004044654,TRH,Aryatara Investment & Securities,Online Securities Pvt. Ltd.,16,992.0,15872.0,2025-07-20T14:44:21.351058
2025-07-20,22356,2025072004044655,TRH,Kohinoor Investment & Securities Pvt. Ltd.,Online Securities Pvt. Ltd.,192,992.0,190464.0,2025-07-20T14:44:21.351334
2025-07-20,20994,2025072004044957,TRH,Dynamic Money Managers Securities Pvt. Ltd.,Asian Securities Private Ltd.,100,992.1,99210.0,2025-07-20T14:45:37.577744
2025-07-20,17593,2025072004045944,TRH,Kohinoor Investment & Securities Pvt. Ltd.,Asian Securities Private Ltd.,300,992.0,297600.0,2025-07-20T14:48:31.86555
2025-07-20,16304,2025072004046218,TRH,Kohinoor Investment & Securities Pvt. Ltd.,Naasa Securities Co. Ltd.,470,992.0,466240.0,2025-07-20T14:49:31.877723
2025-07-20,16053,2025072004046286,TRH,Kohinoor Investment & Securities Pvt. Ltd.,Naasa Securities Co. Ltd.,38,992.0,37696.0,2025-07-20T14:49:45.170907
2025-07-20,16052,2025072004046287,TRH,Miyo Securities Pvt Ltd,Naasa Securities Co. Ltd.,50,991.1,49555.0,2025-07-20T14:49:45.170952
2025-07-20,16051,2025072004046288,TRH,Online Securities Pvt. Ltd.,Naasa Securities Co. Ltd.,50,991.0,49550.0,2025-07-20T14:49:45.170979
2025-07-20,16050,2025072004046289,TRH,Oxford Securities Pvt. Ltd.,Naasa Securities Co. Ltd.,20,991.0,19820.0,2025-07-20T14:49:45.171003
2025-07-20,16049,2025072004046290,TRH,Dynamic Money Managers Securities Pvt. Ltd.,Naasa Securities Co. Ltd.,42,990.7,41609.4,2025-07-20T14:49:45.17103
2025-07-20,14015,2025072004046906,TRH,Dynamic Money Managers Securities Pvt. Ltd.,Sani Securities Company Ltd.,58,990.7,57460.6,2025-07-20T14:51:21.871741
2025-07-20,14014,2025072004046907,TRH,Vision Securities Pvt. Ltd,Sani Securities Company Ltd.,50,990.5,49525.0,2025-07-20T14:51:21.871875
2025-07-20,14013,2025072004046908,TRH,Malla & Malla Stock Broking Company Pvt. Limited,Sani Securities Company Ltd.,10,990.0,9900.0,2025-07-20T14:51:21.871931
2025-07-20,14012,2025072004046909,TRH,Linch Stock Market Ltd.,Sani Securities Company Ltd.,50,990.0,49500.0,2025-07-20T14:51:21.871998
2025-07-20,14011,2025072004046910,TRH,Agrawal Securities (PVT) Ltd.,Sani Securities Company Ltd.,32,990.0,31680.0,2025-07-20T14:51:21.872046
2025-07-20,13949,2025072004046930,TRH,Agrawal Securities (PVT) Ltd.,Naasa Securities Co. Ltd.,14,990.0,13860.0,2025-07-20T14:51:24.437977
2025-07-20,12847,2025072004047231,TRH,Agrawal Securities (PVT) Ltd.,Thrive Brokerage House Pvt. Ltd,14,990.0,13860.0,2025-07-20T14:52:14.105367
2025-07-20,12846,2025072004047232,TRH,Naasa Securities Co. Ltd.,Thrive Brokerage House Pvt. Ltd,36,990.0,35640.0,2025-07-20T14:52:14.105504
2025-07-20,10849,2025072004047741,TRH,Naasa Securities Co. Ltd.,Deevyaa Securities & Stock House Pvt. Ltd,74,990.0,73260.0,2025-07-20T14:53:44.283756
2025-07-20,10848,2025072004047742,TRH,Naasa Securities Co. Ltd.,Deevyaa Securities & Stock House Pvt. Ltd,26,990.0,25740.0,2025-07-20T14:53:44.283889
2025-07-20,9197,2025072004048192,TRH,Naasa Securities Co. Ltd.,Primo Securities (PVT) Ltd.,84,990.0,83160.0,2025-07-20T14:54:59.953214
2025-07-20,9196,2025072004048193,TRH,Linch Stock Market Ltd.,Primo Securities (PVT) Ltd.,50,985.0,49250.0,2025-07-20T14:54:59.953262
2025-07-20,9195,2025072004048194,TRH,Agrawal Securities (PVT) Ltd.,Primo Securities (PVT) Ltd.,416,985.0,409760.0,2025-07-20T14:54:59.953296
2025-07-20,2539,2025072004050123,TRH,Agrawal Securities (PVT) Ltd.,Bhrikuti Stock Broking Co. Pvt. Ltd.,84,985.0,82740.0,2025-07-20T14:59:08.4301
2025-07-20,2538,2025072004050124,TRH,Dakshinkali Investment & Securities Pvt. Ltd.,Bhrikuti Stock Broking Co. Pvt. Ltd.,100,982.3,98230.0,2025-07-20T14:59:08.430168
2025-07-20,2537,2025072004050125,TRH,Online Securities Pvt. Ltd.,Bhrikuti Stock Broking Co. Pvt. Ltd.,10,981.1,9811.0,2025-07-20T14:59:08.430217
2025-07-20,2536,2025072004050126,TRH,Midas Stock Broking Company Private Limited,Bhrikuti Stock Broking Co. Pvt. Ltd.,76,981.0,74556.0,2025-07-20T14:59:08.430246
2025-07-20,945,2025072004050554,TRH,Aakashbhairab Securities Ltd.,Thrive Brokerage House Pvt. Ltd,41,988.0,40508.0,2025-07-20T14:59:43.238679
