Date,S.N.,contract_id,symbol,buyer_broker,seller_broker,volume,price,amount,transaction_time
2025-08-27,72344,2025082705000081,CHDC,Kohinoor Investment & Securities Pvt. Ltd.,Capital Max Securities Ltd,10,2600.0,26000.0,2025-08-27T11:01:49.375857
2025-08-27,71515,2025082705000564,CHDC,Nepal Stock House (PVT) Ltd.,Secured Securities Ltd.,15,2555.0,38325.0,2025-08-27T11:08:33.102005
2025-08-27,70762,2025082705000955,CHDC,Asian Securities Private Ltd.,J.F. Securites (PVT) Ltd.,2,2555.0,5110.0,2025-08-27T11:12:47.62728
2025-08-27,70369,2025082705001128,CHDC,Asian Securities Private Ltd.,ABC Securities Private Limited,1,2503.9,2503.9,2025-08-27T11:15:13.355035
2025-08-27,69594,2025082705001565,CHDC,Asian Securities Private Ltd.,Vision Securities Pvt. Ltd,1,2551.0,2551.0,2025-08-27T11:19:38.746914
2025-08-27,69429,2025082705001684,CHDC,Asian Securities Private Ltd.,Secured Securities Ltd.,1,2540.1,2540.1,2025-08-27T11:20:19.923581
2025-08-27,68741,2025082705002146,CHDC,Sharepro Securities Private Limited,Aryatara Investment & Securities,2,2580.0,5160.0,2025-08-27T11:23:12.354559
2025-08-27,68701,2025082705002162,CHDC,Sanima Securities Limited,Pragyan Securities (PVT) Ltd.,12,2558.0,30696.0,2025-08-27T11:23:28.798168
2025-08-27,68033,2025082705002473,CHDC,Miyo Securities Pvt Ltd,Himalayan Brokerage Company Limited,40,2576.0,103040.0,2025-08-27T11:26:24.586277
2025-08-27,67866,2025082705002571,CHDC,Trisul Securities & Invt. Ltd.,Himalayan Brokerage Company Limited,10,2576.0,25760.0,2025-08-27T11:26:57.677483
2025-08-27,66338,2025082705003215,CHDC,Sanima Securities Limited,Aryatara Investment & Securities,1,2551.0,2551.0,2025-08-27T11:33:14.800713
2025-08-27,66288,2025082705003246,CHDC,Premier Securities Company Ltd.,Arun Securities (PVT) Ltd.,25,2575.0,64375.0,2025-08-27T11:33:27.541149
2025-08-27,66287,2025082705003247,CHDC,Premier Securities Company Ltd.,Himalayan Brokerage Company Limited,20,2576.0,51520.0,2025-08-27T11:33:27.541438
2025-08-27,66286,2025082705003248,CHDC,Premier Securities Company Ltd.,Naasa Securities Co. Ltd.,12,2576.0,30912.0,2025-08-27T11:33:27.541616
2025-08-27,66285,2025082705003249,CHDC,Premier Securities Company Ltd.,K.B.L. Securities Limited ,500,2576.0,1288000.0,2025-08-27T11:33:27.541839
2025-08-27,66284,2025082705003250,CHDC,Premier Securities Company Ltd.,Shree Krishna Securities Ltd.,500,2577.0,1288500.0,2025-08-27T11:33:27.54206
2025-08-27,66001,2025082705003378,CHDC,Kohinoor Investment & Securities Pvt. Ltd.,Secured Securities Ltd.,14,2580.0,36120.0,2025-08-27T11:34:16.728031
2025-08-27,65693,2025082705003525,CHDC,Kohinoor Investment & Securities Pvt. Ltd.,Vision Securities Pvt. Ltd,10,2582.9,25829.0,2025-08-27T11:35:12.006234
2025-08-27,65173,2025082705003789,CHDC,K.B.L. Securities Limited ,ABC Securities Private Limited,10,2575.0,25750.0,2025-08-27T11:36:40.709899
2025-08-27,64324,2025082705004184,CHDC,Asian Securities Private Ltd.,Kumari Securities Private Limited,1,2530.0,2530.0,2025-08-27T11:40:14.933269
2025-08-27,63960,2025082705004329,CHDC,Premier Securities Company Ltd.,ABC Securities Private Limited,90,2575.0,231750.0,2025-08-27T11:41:41.134085
2025-08-27,63959,2025082705004330,CHDC,Premier Securities Company Ltd.,ABC Securities Private Limited,100,2578.0,257800.0,2025-08-27T11:41:41.134272
2025-08-27,63958,2025082705004331,CHDC,Premier Securities Company Ltd.,ABC Securities Private Limited,100,2580.0,258000.0,2025-08-27T11:41:41.134342
2025-08-27,63957,2025082705004332,CHDC,Premier Securities Company Ltd.,K.B.L. Securities Limited ,100,2580.0,258000.0,2025-08-27T11:41:41.134398
2025-08-27,63781,2025082705004419,CHDC,Premier Securities Company Ltd.,Capital Max Securities Ltd,10,2580.0,25800.0,2025-08-27T11:42:17.976635
2025-08-27,63741,2025082705004436,CHDC,Asian Securities Private Ltd.,Elite Stock House Limited,12,2570.0,30840.0,2025-08-27T11:42:27.262492
2025-08-27,63663,2025082705004467,CHDC,Premier Securities Company Ltd.,Capital Max Securities Ltd,43,2580.0,110940.0,2025-08-27T11:42:45.470574
2025-08-27,63125,2025082705004718,CHDC,Sharepro Securities Private Limited,Secured Securities Ltd.,6,2580.0,15480.0,2025-08-27T11:45:10.378492
2025-08-27,63070,2025082705004741,CHDC,Sharepro Securities Private Limited,Nepal Investment And Securities Trading Private Limited,2,2575.0,5150.0,2025-08-27T11:45:26.458571
2025-08-27,62982,2025082705004782,CHDC,Sharepro Securities Private Limited,Dipshikha Dhitopatra Karobar Co. Pvt Ltd.,1,2580.0,2580.0,2025-08-27T11:45:42.514536
2025-08-27,62656,2025082705004917,CHDC,Asian Securities Private Ltd.,Capital Max Securities Ltd,37,2570.0,95090.0,2025-08-27T11:47:12.421751
2025-08-27,62555,2025082705004968,CHDC,Nepal Stock House (PVT) Ltd.,Imperial Securities Company Pvt. Ltd.,10,2579.0,25790.0,2025-08-27T11:47:30.587465
2025-08-27,61787,2025082705005280,CHDC,Sharepro Securities Private Limited,Bhrikuti Stock Broking Co. Pvt. Ltd.,1,2580.0,2580.0,2025-08-27T11:50:37.257646
2025-08-27,61761,2025082705005294,CHDC,Sundhara Securities Limited,Trishakti Securities Public Limited,10,2567.0,25670.0,2025-08-27T11:50:42.871444
2025-08-27,61252,2025082705005483,CHDC,Naasa Securities Co. Ltd.,Sani Securities Company Ltd.,10,2569.0,25690.0,2025-08-27T11:52:39.251697
2025-08-27,61188,2025082705005508,CHDC,Naasa Securities Co. Ltd.,Siprabi Securities Pvt. Ltd.,10,2569.0,25690.0,2025-08-27T11:52:53.960828
2025-08-27,60626,2025082705005728,CHDC,Naasa Securities Co. Ltd.,Miyo Securities Pvt Ltd,10,2569.0,25690.0,2025-08-27T11:55:02.049971
2025-08-27,60625,2025082705005729,CHDC,Sundhara Securities Limited,Miyo Securities Pvt Ltd,10,2567.0,25670.0,2025-08-27T11:55:02.050137
2025-08-27,60624,2025082705005730,CHDC,Premier Securities Company Ltd.,Miyo Securities Pvt Ltd,50,2566.1,128305.0,2025-08-27T11:55:02.050205
2025-08-27,60623,2025082705005731,CHDC,J.F. Securites (PVT) Ltd.,Miyo Securities Pvt Ltd,10,2566.0,25660.0,2025-08-27T11:55:02.050297
2025-08-27,60622,2025082705005732,CHDC,Neev Securities Pvt. Ltd.,Miyo Securities Pvt Ltd,10,2566.0,25660.0,2025-08-27T11:55:02.050367
2025-08-27,60621,2025082705005733,CHDC,Linch Stock Market Ltd.,Miyo Securities Pvt Ltd,60,2565.2,153912.0,2025-08-27T11:55:02.050428
2025-08-27,60241,2025082705005881,CHDC,INDEX SECURITIES LIMITED,Market Securities & Exchange (PVT) Ltd.,100,2577.0,257700.0,2025-08-27T11:56:36.875678
2025-08-27,60240,2025082705005882,CHDC,INDEX SECURITIES LIMITED,ABC Securities Private Limited,100,2579.0,257900.0,2025-08-27T11:56:36.875716
2025-08-27,60239,2025082705005883,CHDC,INDEX SECURITIES LIMITED,Trisul Securities & Invt. Ltd.,20,2580.0,51600.0,2025-08-27T11:56:36.875745
2025-08-27,60238,2025082705005884,CHDC,INDEX SECURITIES LIMITED,ABC Securities Private Limited,100,2580.0,258000.0,2025-08-27T11:56:36.87577
2025-08-27,60237,2025082705005885,CHDC,INDEX SECURITIES LIMITED,Aryatara Investment & Securities,12,2580.0,30960.0,2025-08-27T11:56:36.875803
2025-08-27,60236,2025082705005886,CHDC,INDEX SECURITIES LIMITED,Sharepro Securities Private Limited,200,2580.0,516000.0,2025-08-27T11:56:36.875839
2025-08-27,60235,2025082705005887,CHDC,INDEX SECURITIES LIMITED,Sunrise Securities Limited,100,2581.0,258100.0,2025-08-27T11:56:36.875866
2025-08-27,60234,2025082705005888,CHDC,INDEX SECURITIES LIMITED,Vision Securities Pvt. Ltd,40,2582.9,103316.0,2025-08-27T11:56:36.875893
2025-08-27,60233,2025082705005889,CHDC,INDEX SECURITIES LIMITED,Sunrise Securities Limited,100,2584.0,258400.0,2025-08-27T11:56:36.87592
2025-08-27,60232,2025082705005890,CHDC,INDEX SECURITIES LIMITED,Cristal Kanchanjanga Securites Pvt. Ltd.,300,2585.0,775500.0,2025-08-27T11:56:36.875943
2025-08-27,60231,2025082705005891,CHDC,INDEX SECURITIES LIMITED,Linch Stock Market Ltd.,100,2585.0,258500.0,2025-08-27T11:56:36.875964
2025-08-27,60230,2025082705005892,CHDC,INDEX SECURITIES LIMITED,Sumeru Securities Pvt. Ltd.,10,2589.0,25890.0,2025-08-27T11:56:36.875989
2025-08-27,60229,2025082705005893,CHDC,INDEX SECURITIES LIMITED,ABC Securities Private Limited,200,2589.9,517980.0,2025-08-27T11:56:36.876012
2025-08-27,60228,2025082705005894,CHDC,INDEX SECURITIES LIMITED,Aakashbhairab Securities Ltd.,100,2590.0,259000.0,2025-08-27T11:56:36.876035
2025-08-27,60227,2025082705005895,CHDC,INDEX SECURITIES LIMITED,J.F. Securites (PVT) Ltd.,12,2590.0,31080.0,2025-08-27T11:56:36.876075
2025-08-27,60226,2025082705005896,CHDC,INDEX SECURITIES LIMITED,N.I.M.B. Stock Markets Limited,342,2590.0,885780.0,2025-08-27T11:56:36.876103
2025-08-27,60225,2025082705005897,CHDC,INDEX SECURITIES LIMITED,Deevyaa Securities & Stock House Pvt. Ltd,200,2591.0,518200.0,2025-08-27T11:56:36.876128
2025-08-27,60224,2025082705005898,CHDC,INDEX SECURITIES LIMITED,Naasa Securities Co. Ltd.,10,2595.0,25950.0,2025-08-27T11:56:36.876158
2025-08-27,60223,2025082705005899,CHDC,INDEX SECURITIES LIMITED,Agrawal Securities (PVT) Ltd.,12,2598.0,31176.0,2025-08-27T11:56:36.876191
2025-08-27,60222,2025082705005900,CHDC,INDEX SECURITIES LIMITED,Asian Securities Private Ltd.,20,2599.0,51980.0,2025-08-27T11:56:36.876214
2025-08-27,60221,2025082705005901,CHDC,INDEX SECURITIES LIMITED,Capital Max Securities Ltd,500,2599.0,1299500.0,2025-08-27T11:56:36.876237
2025-08-27,60220,2025082705005902,CHDC,INDEX SECURITIES LIMITED,Aakashbhairab Securities Ltd.,300,2599.0,779700.0,2025-08-27T11:56:36.876267
2025-08-27,60219,2025082705005903,CHDC,INDEX SECURITIES LIMITED,Cristal Kanchanjanga Securites Pvt. Ltd.,60,2600.0,156000.0,2025-08-27T11:56:36.876299
2025-08-27,60218,2025082705005904,CHDC,INDEX SECURITIES LIMITED,South Asian Bulls Pvt. Ltd.,10,2600.0,26000.0,2025-08-27T11:56:36.87633
2025-08-27,60217,2025082705005905,CHDC,INDEX SECURITIES LIMITED,Opal Securities Investment (PVT) Ltd.,30,2600.0,78000.0,2025-08-27T11:56:36.876349
2025-08-27,60216,2025082705005906,CHDC,INDEX SECURITIES LIMITED,Linch Stock Market Ltd.,100,2600.0,260000.0,2025-08-27T11:56:36.876383
2025-08-27,60215,2025082705005907,CHDC,INDEX SECURITIES LIMITED,Asian Securities Private Ltd.,12,2600.0,31200.0,2025-08-27T11:56:36.876408
2025-08-27,60214,2025082705005908,CHDC,INDEX SECURITIES LIMITED,Trademow Securities Private Limited,500,2600.0,1300000.0,2025-08-27T11:56:36.876435
2025-08-27,60213,2025082705005909,CHDC,INDEX SECURITIES LIMITED,Online Securities Pvt. Ltd.,12,2600.0,31200.0,2025-08-27T11:56:36.876457
2025-08-27,60212,2025082705005910,CHDC,INDEX SECURITIES LIMITED,Miyo Securities Pvt Ltd,150,2600.0,390000.0,2025-08-27T11:56:36.87648
2025-08-27,60211,2025082705005911,CHDC,INDEX SECURITIES LIMITED,Vision Securities Pvt. Ltd,248,2600.0,644800.0,2025-08-27T11:56:36.876502
2025-08-27,60046,2025082705005996,CHDC,Trishakti Securities Public Limited,Vision Securities Pvt. Ltd,372,2600.0,967200.0,2025-08-27T11:57:06.298132
2025-08-27,60045,2025082705005997,CHDC,Trishakti Securities Public Limited,Sani Securities Company Ltd.,500,2602.0,1301000.0,2025-08-27T11:57:06.298231
2025-08-27,60044,2025082705005998,CHDC,Trishakti Securities Public Limited,Sanima Securities Limited,20,2605.0,52100.0,2025-08-27T11:57:06.298304
2025-08-27,60043,2025082705005999,CHDC,Trishakti Securities Public Limited,Himalayan Brokerage Company Limited,50,2606.0,130300.0,2025-08-27T11:57:06.298394
2025-08-27,60042,2025082705006000,CHDC,Trishakti Securities Public Limited,Naasa Securities Co. Ltd.,12,2606.1,31273.2,2025-08-27T11:57:06.298458
2025-08-27,60041,2025082705006001,CHDC,Trishakti Securities Public Limited,Asian Securities Private Ltd.,20,2610.0,52200.0,2025-08-27T11:57:06.298523
2025-08-27,60040,2025082705006002,CHDC,Trishakti Securities Public Limited,Vision Securities Pvt. Ltd,26,2610.0,67860.0,2025-08-27T11:57:06.298589
2025-08-27,60000,2025082705006011,CHDC,Trishakti Securities Public Limited,Sharepro Securities Private Limited,10,2620.0,26200.0,2025-08-27T11:57:17.387016
2025-08-27,59627,2025082705006194,CHDC,Trishakti Securities Public Limited,Aryatara Investment & Securities,12,2585.0,31020.0,2025-08-27T11:58:42.863976
2025-08-27,59602,2025082705006202,CHDC,Trishakti Securities Public Limited,ABC Securities Private Limited,10,2615.0,26150.0,2025-08-27T11:58:52.077934
2025-08-27,59410,2025082705006288,CHDC,Trishakti Securities Public Limited,ABC Securities Private Limited,90,2615.0,235350.0,2025-08-27T11:59:26.293323
2025-08-27,59409,2025082705006289,CHDC,Trishakti Securities Public Limited,Thrive Brokerage House Pvt. Ltd,10,2618.0,26180.0,2025-08-27T11:59:26.293358
2025-08-27,59353,2025082705006306,CHDC,Trishakti Securities Public Limited,Investment Management Nepal Pvt. Ltd.,50,2619.0,130950.0,2025-08-27T11:59:40.38624
2025-08-27,59352,2025082705006307,CHDC,Trishakti Securities Public Limited,Sharepro Securities Private Limited,10,2620.0,26200.0,2025-08-27T11:59:40.386322
2025-08-27,59250,2025082705006338,CHDC,Nepal Stock House (PVT) Ltd.,Sunrise Securities Limited,100,2619.0,261900.0,2025-08-27T12:00:04.159876
2025-08-27,59080,2025082705006410,CHDC,Trishakti Securities Public Limited,Sumeru Securities Pvt. Ltd.,10,2618.0,26180.0,2025-08-27T12:00:39.885444
2025-08-27,59079,2025082705006411,CHDC,Trishakti Securities Public Limited,ABC Securities Private Limited,10,2619.0,26190.0,2025-08-27T12:00:39.885493
2025-08-27,58832,2025082705006509,CHDC,Magnet Securities and Investment Company Private Limited,ABC Securities Private Limited,90,2619.0,235710.0,2025-08-27T12:01:30.350158
2025-08-27,58499,2025082705006606,CHDC,Trishakti Securities Public Limited,Sharepro Securities Private Limited,10,2620.0,26200.0,2025-08-27T12:02:25.801025
2025-08-27,58273,2025082705006645,CHDC,Sunrise Securities Limited,N.I.M.B. Stock Markets Limited,10,2619.9,26199.0,2025-08-27T12:03:14.459557
2025-08-27,58272,2025082705006646,CHDC,Sunrise Securities Limited,Sharepro Securities Private Limited,170,2620.0,445400.0,2025-08-27T12:03:14.459749
2025-08-27,58271,2025082705006647,CHDC,Sunrise Securities Limited,Aakashbhairab Securities Ltd.,100,2620.0,262000.0,2025-08-27T12:03:14.459808
2025-08-27,58270,2025082705006648,CHDC,Sunrise Securities Limited,Neev Securities Pvt. Ltd.,12,2620.0,31440.0,2025-08-27T12:03:14.459861
2025-08-27,58269,2025082705006649,CHDC,Sunrise Securities Limited,Capital Max Securities Ltd,50,2620.0,131000.0,2025-08-27T12:03:14.459915
2025-08-27,58268,2025082705006650,CHDC,Sunrise Securities Limited,Online Securities Pvt. Ltd.,38,2620.0,99560.0,2025-08-27T12:03:14.459984
2025-08-27,58128,2025082705006694,CHDC,Kumari Securities Private Limited,Kohinoor Investment & Securities Pvt. Ltd.,1,2600.0,2600.0,2025-08-27T12:03:43.674459
2025-08-27,58083,2025082705006703,CHDC,Kumari Securities Private Limited,Kumari Securities Private Limited,1,2605.0,2605.0,2025-08-27T12:03:51.712528
2025-08-27,57949,2025082705006757,CHDC,Trishakti Securities Public Limited,Online Securities Pvt. Ltd.,62,2620.0,162440.0,2025-08-27T12:04:25.779004
2025-08-27,57948,2025082705006758,CHDC,Trishakti Securities Public Limited,Imperial Securities Company Pvt. Ltd.,12,2620.0,31440.0,2025-08-27T12:04:25.779072
2025-08-27,57947,2025082705006759,CHDC,Trishakti Securities Public Limited,ABC Securities Private Limited,10,2624.0,26240.0,2025-08-27T12:04:25.779095
2025-08-27,57919,2025082705006767,CHDC,Sharepro Securities Private Limited,ABC Securities Private Limited,100,2624.0,262400.0,2025-08-27T12:04:34.330481
2025-08-27,57038,2025082705007086,CHDC,Sanima Securities Limited,Swarna Laxmi Securities Pvt. Ltd.,1,2573.0,2573.0,2025-08-27T12:07:42.959996
2025-08-27,54767,2025082705007839,CHDC,Sanima Securities Limited,Sani Securities Company Ltd.,1,2572.0,2572.0,2025-08-27T12:17:18.97041
2025-08-27,54657,2025082705007872,CHDC,Midas Stock Broking Company Private Limited,Neev Securities Pvt. Ltd.,10,2591.0,25910.0,2025-08-27T12:17:57.810256
2025-08-27,54575,2025082705007905,CHDC,Trishakti Securities Public Limited,Capital Max Securities Ltd,10,2617.0,26170.0,2025-08-27T12:18:21.257779
2025-08-27,54284,2025082705007995,CHDC,Premier Securities Company Ltd.,Citizens Share Broker Limited,1,2588.0,2588.0,2025-08-27T12:19:45.524897
2025-08-27,54252,2025082705008008,CHDC,Premier Securities Company Ltd.,Aryatara Investment & Securities,1,2590.0,2590.0,2025-08-27T12:19:56.615006
2025-08-27,53945,2025082705008146,CHDC,Sundhara Securities Limited,Capital Hub P. Ltd,12,2610.0,31320.0,2025-08-27T12:21:19.987422
2025-08-27,53875,2025082705008182,CHDC,Sanima Securities Limited,Aryatara Investment & Securities,1,2560.0,2560.0,2025-08-27T12:21:38.216734
2025-08-27,53716,2025082705008230,CHDC,Imperial Securities Company Pvt. Ltd.,Arun Securities (PVT) Ltd.,10,2600.0,26000.0,2025-08-27T12:22:27.580514
2025-08-27,53658,2025082705008252,CHDC,Imperial Securities Company Pvt. Ltd.,Nepal Stock House (PVT) Ltd.,35,2600.0,91000.0,2025-08-27T12:22:45.136092
2025-08-27,53590,2025082705008273,CHDC,Trishakti Securities Public Limited,ABC Securities Private Limited,10,2614.0,26140.0,2025-08-27T12:23:05.770443
2025-08-27,53321,2025082705008377,CHDC,Premier Securities Company Ltd.,Premier Securities Company Ltd.,1,2572.0,2572.0,2025-08-27T12:24:15.889196
2025-08-27,53170,2025082705008426,CHDC,Sharepro Securities Private Limited,Online Securities Pvt. Ltd.,1,2588.0,2588.0,2025-08-27T12:24:59.511624
2025-08-27,52827,2025082705008555,CHDC,Sanima Securities Limited,Indira securities pvt. ltd,1,2572.0,2572.0,2025-08-27T12:26:33.807718
2025-08-27,52016,2025082705008857,CHDC,Premier Securities Company Ltd.,Swarna Laxmi Securities Pvt. Ltd.,1,2590.0,2590.0,2025-08-27T12:29:54.61539
2025-08-27,51550,2025082705009012,CHDC,Property Wiard Limited,ABC Securities Private Limited,20,2614.0,52280.0,2025-08-27T12:31:24.043555
2025-08-27,50594,2025082705009354,CHDC,J.F. Securites (PVT) Ltd.,ABC Securities Private Limited,60,2614.0,156840.0,2025-08-27T12:34:34.596386
2025-08-27,50593,2025082705009355,CHDC,J.F. Securites (PVT) Ltd.,Asian Securities Private Ltd.,12,2614.0,31368.0,2025-08-27T12:34:34.596567
2025-08-27,50592,2025082705009356,CHDC,J.F. Securites (PVT) Ltd.,ABC Securities Private Limited,100,2615.0,261500.0,2025-08-27T12:34:34.596672
2025-08-27,50591,2025082705009357,CHDC,J.F. Securites (PVT) Ltd.,Secured Securities Ltd.,12,2615.0,31380.0,2025-08-27T12:34:34.596741
2025-08-27,50590,2025082705009358,CHDC,J.F. Securites (PVT) Ltd.,Asian Securities Private Ltd.,100,2618.0,261800.0,2025-08-27T12:34:34.596806
2025-08-27,50589,2025082705009359,CHDC,J.F. Securites (PVT) Ltd.,ABC Securities Private Limited,100,2619.0,261900.0,2025-08-27T12:34:34.596873
2025-08-27,50588,2025082705009360,CHDC,J.F. Securites (PVT) Ltd.,Capital Max Securities Ltd,12,2620.0,31440.0,2025-08-27T12:34:34.596939
2025-08-27,50587,2025082705009361,CHDC,J.F. Securites (PVT) Ltd.,Dipshikha Dhitopatra Karobar Co. Pvt Ltd.,11,2620.0,28820.0,2025-08-27T12:34:34.597006
2025-08-27,50586,2025082705009362,CHDC,J.F. Securites (PVT) Ltd.,Dipshikha Dhitopatra Karobar Co. Pvt Ltd.,24,2620.0,62880.0,2025-08-27T12:34:34.5971
2025-08-27,50585,2025082705009363,CHDC,J.F. Securites (PVT) Ltd.,Nagarik Stock Dealer ,69,2620.0,180780.0,2025-08-27T12:34:34.597187
2025-08-27,49803,2025082705009662,CHDC,J.F. Securites (PVT) Ltd.,Nagarik Stock Dealer ,110,2620.0,288200.0,2025-08-27T12:36:43.365726
2025-08-27,49409,2025082705009793,CHDC,Pragyan Securities (PVT) Ltd.,Nagarik Stock Dealer ,10,2620.0,26200.0,2025-08-27T12:38:00.225529
2025-08-27,48470,2025082705010068,CHDC,Nepal Stock House (PVT) Ltd.,Kohinoor Investment & Securities Pvt. Ltd.,10,2615.0,26150.0,2025-08-27T12:40:57.150242
2025-08-27,48107,2025082705010174,CHDC,Trishakti Securities Public Limited,Sani Securities Company Ltd.,10,2619.5,26195.0,2025-08-27T12:41:59.473413
2025-08-27,47392,2025082705010430,CHDC,Kohinoor Investment & Securities Pvt. Ltd.,Sani Securities Company Ltd.,490,2619.5,1283555.0,2025-08-27T12:44:05.66946
2025-08-27,47391,2025082705010431,CHDC,Kohinoor Investment & Securities Pvt. Ltd.,Nagarik Stock Dealer ,811,2620.0,2124820.0,2025-08-27T12:44:05.669651
2025-08-27,47390,2025082705010432,CHDC,Kohinoor Investment & Securities Pvt. Ltd.,Siprabi Securities Pvt. Ltd.,12,2620.0,31440.0,2025-08-27T12:44:05.669759
2025-08-27,47389,2025082705010433,CHDC,Kohinoor Investment & Securities Pvt. Ltd.,ABC Securities Private Limited,187,2620.0,489940.0,2025-08-27T12:44:05.669855
2025-08-27,47053,2025082705010558,CHDC,Nepal Stock House (PVT) Ltd.,Kohinoor Investment & Securities Pvt. Ltd.,10,2620.0,26200.0,2025-08-27T12:45:15.538941
2025-08-27,46607,2025082705010714,CHDC,Kohinoor Investment & Securities Pvt. Ltd.,Sri Hari Securities Pvt. Ltd.,10,2622.0,26220.0,2025-08-27T12:46:47.715915
2025-08-27,45730,2025082705010997,CHDC,INDEX SECURITIES LIMITED,Blue Chip Securities Ltd,400,2620.5,1048200.0,2025-08-27T12:50:16.702459
2025-08-27,45729,2025082705010998,CHDC,INDEX SECURITIES LIMITED,Capital Max Securities Ltd,50,2621.0,131050.0,2025-08-27T12:50:16.702518
2025-08-27,45728,2025082705010999,CHDC,INDEX SECURITIES LIMITED,Sri Hari Securities Pvt. Ltd.,50,2622.0,131100.0,2025-08-27T12:50:16.70255
2025-08-27,45673,2025082705011017,CHDC,INDEX SECURITIES LIMITED,Sri Hari Securities Pvt. Ltd.,40,2622.0,104880.0,2025-08-27T12:50:31.742411
2025-08-27,45672,2025082705011018,CHDC,INDEX SECURITIES LIMITED,Vision Securities Pvt. Ltd,12,2623.0,31476.0,2025-08-27T12:50:31.742492
2025-08-27,45671,2025082705011019,CHDC,INDEX SECURITIES LIMITED,Sumeru Securities Pvt. Ltd.,50,2623.8,131190.0,2025-08-27T12:50:31.742532
2025-08-27,45670,2025082705011020,CHDC,INDEX SECURITIES LIMITED,Premier Securities Company Ltd.,100,2623.9,262390.0,2025-08-27T12:50:31.742561
2025-08-27,45669,2025082705011021,CHDC,INDEX SECURITIES LIMITED,Online Securities Pvt. Ltd.,98,2623.9,257142.2,2025-08-27T12:50:31.742592
2025-08-27,45634,2025082705011027,CHDC,INDEX SECURITIES LIMITED,Aryatara Investment & Securities,10,2624.0,26240.0,2025-08-27T12:50:42.776604
2025-08-27,44213,2025082705011512,CHDC,Premier Securities Company Ltd.,Naasa Securities Co. Ltd.,2,2575.0,5150.0,2025-08-27T12:56:53.351876
2025-08-27,43878,2025082705011643,CHDC,Sanima Securities Limited,Sani Securities Company Ltd.,1,2575.0,2575.0,2025-08-27T12:58:25.744191
2025-08-27,43519,2025082705011811,CHDC,Imperial Securities Company Pvt. Ltd.,Sumeru Securities Pvt. Ltd.,10,2613.0,26130.0,2025-08-27T12:59:36.76584
2025-08-27,43150,2025082705011945,CHDC,INDEX SECURITIES LIMITED,Trisul Securities & Invt. Ltd.,10,2622.2,26222.0,2025-08-27T13:00:49.338068
2025-08-27,43149,2025082705011946,CHDC,INDEX SECURITIES LIMITED,Blue Chip Securities Ltd,10,2622.3,26223.0,2025-08-27T13:00:49.33811
2025-08-27,42570,2025082705012150,CHDC,Imperial Securities Company Pvt. Ltd.,Aryatara Investment & Securities,12,2613.0,31356.0,2025-08-27T13:02:57.053901
2025-08-27,42313,2025082705012220,CHDC,Kohinoor Investment & Securities Pvt. Ltd.,Blue Chip Securities Ltd,10,2622.3,26223.0,2025-08-27T13:03:57.295196
2025-08-27,42202,2025082705012245,CHDC,KALASH STOCK MARKET PVT. LTD.,Magnet Securities and Investment Company Private Limited,10,2622.0,26220.0,2025-08-27T13:04:27.86382
2025-08-27,41587,2025082705012440,CHDC,Imperial Securities Company Pvt. Ltd.,Capital Max Securities Ltd,100,2613.0,261300.0,2025-08-27T13:06:41.46971
2025-08-27,40509,2025082705012791,CHDC,INDEX SECURITIES LIMITED,ABC Securities Private Limited,10,2620.0,26200.0,2025-08-27T13:10:44.911732
2025-08-27,40466,2025082705012798,CHDC,ABC Securities Private Limited,ABC Securities Private Limited,55,2620.0,144100.0,2025-08-27T13:10:56.428622
2025-08-27,40144,2025082705012909,CHDC,Premier Securities Company Ltd.,Capital Hub P. Ltd,1,2600.0,2600.0,2025-08-27T13:12:19.560073
2025-08-27,40143,2025082705012910,CHDC,Trishakti Securities Public Limited,Imperial Securities Company Pvt. Ltd.,12,2620.0,31440.0,2025-08-27T13:12:19.99375
2025-08-27,40142,2025082705012911,CHDC,Trishakti Securities Public Limited,Aakashbhairab Securities Ltd.,10,2622.0,26220.0,2025-08-27T13:12:19.993821
2025-08-27,39981,2025082705012974,CHDC,Thrive Brokerage House Pvt. Ltd,Aakashbhairab Securities Ltd.,90,2622.0,235980.0,2025-08-27T13:12:45.3227
2025-08-27,39980,2025082705012975,CHDC,Thrive Brokerage House Pvt. Ltd,Blue Chip Securities Ltd,110,2622.3,288453.0,2025-08-27T13:12:45.323047
2025-08-27,39930,2025082705012979,CHDC,Asian Securities Private Ltd.,Blue Chip Securities Ltd,15,2622.3,39334.5,2025-08-27T13:12:53.082801
2025-08-27,39906,2025082705012982,CHDC,Trishakti Securities Public Limited,Blue Chip Securities Ltd,10,2622.3,26223.0,2025-08-27T13:12:56.235555
2025-08-27,39389,2025082705013152,CHDC,Prabhu Stock Market Limited,Blue Chip Securities Ltd,240,2622.3,629352.0,2025-08-27T13:15:01.877752
2025-08-27,39300,2025082705013158,CHDC,Trishakti Securities Public Limited,Premier Securities Company Ltd.,10,2623.0,26230.0,2025-08-27T13:15:14.177061
2025-08-27,39156,2025082705013214,CHDC,Asian Securities Private Ltd.,Opal Securities Investment (PVT) Ltd.,2,2575.0,5150.0,2025-08-27T13:15:50.998179
2025-08-27,38444,2025082705013478,CHDC,Miyo Securities Pvt Ltd,ABC Securities Private Limited,10,2621.0,26210.0,2025-08-27T13:19:04.950958
2025-08-27,38249,2025082705013567,CHDC,SHUBHAKAMANA SECURITIES PVT. LTD,Trishakti Securities Public Limited,12,2613.0,31356.0,2025-08-27T13:19:41.157661
2025-08-27,38184,2025082705013584,CHDC,Asian Securities Private Ltd.,Primo Securities (PVT) Ltd.,1,2575.0,2575.0,2025-08-27T13:19:59.000279
2025-08-27,38148,2025082705013590,CHDC,Trishakti Securities Public Limited,ABC Securities Private Limited,10,2621.0,26210.0,2025-08-27T13:20:09.402426
2025-08-27,37860,2025082705013674,CHDC,SUN SECURITIES PVT LTD,Primo Securities (PVT) Ltd.,2,2571.0,5142.0,2025-08-27T13:21:14.436079
2025-08-27,37638,2025082705013749,CHDC,Miyo Securities Pvt Ltd,Ashutosh Brokerage & Securities (PVT) Ltd.,10,2614.0,26140.0,2025-08-27T13:21:59.811398
2025-08-27,37637,2025082705013750,CHDC,Premier Securities Company Ltd.,Ashutosh Brokerage & Securities (PVT) Ltd.,50,2614.0,130700.0,2025-08-27T13:21:59.811583
2025-08-27,37636,2025082705013751,CHDC,Naasa Securities Co. Ltd.,Ashutosh Brokerage & Securities (PVT) Ltd.,12,2614.0,31368.0,2025-08-27T13:21:59.81165
2025-08-27,37635,2025082705013752,CHDC,Imperial Securities Company Pvt. Ltd.,Ashutosh Brokerage & Securities (PVT) Ltd.,26,2613.0,67938.0,2025-08-27T13:21:59.811721
2025-08-27,37555,2025082705013768,CHDC,Trishakti Securities Public Limited,Blue Chip Securities Ltd,10,2620.5,26205.0,2025-08-27T13:22:16.088744
2025-08-27,37402,2025082705013805,CHDC,Kumari Securities Private Limited,Online Securities Pvt. Ltd.,2,2571.6,5143.2,2025-08-27T13:22:56.653326
2025-08-27,37296,2025082705013835,CHDC,Miyo Securities Pvt Ltd,Blue Chip Securities Ltd,10,2620.5,26205.0,2025-08-27T13:23:23.590374
2025-08-27,36936,2025082705013982,CHDC,Premier Securities Company Ltd.,Midas Stock Broking Company Private Limited,1,2600.0,2600.0,2025-08-27T13:24:54.832148
2025-08-27,36766,2025082705014017,CHDC,Trishakti Securities Public Limited,Blue Chip Securities Ltd,80,2620.5,209640.0,2025-08-27T13:25:23.625815
2025-08-27,36765,2025082705014018,CHDC,Trishakti Securities Public Limited,ABC Securities Private Limited,80,2621.0,209680.0,2025-08-27T13:25:23.625916
2025-08-27,36764,2025082705014019,CHDC,Trishakti Securities Public Limited,Vision Securities Pvt. Ltd,1800,2622.0,4719600.0,2025-08-27T13:25:23.625997
2025-08-27,36763,2025082705014020,CHDC,Trishakti Securities Public Limited,Premier Securities Company Ltd.,240,2623.0,629520.0,2025-08-27T13:25:23.626091
2025-08-27,36762,2025082705014021,CHDC,Trishakti Securities Public Limited,Aryatara Investment & Securities,800,2624.0,2099200.0,2025-08-27T13:25:23.626168
2025-08-27,36660,2025082705014062,CHDC,Sumeru Securities Pvt. Ltd.,Naasa Securities Co. Ltd.,10,2615.0,26150.0,2025-08-27T13:25:48.602942
2025-08-27,36636,2025082705014071,CHDC,Vision Securities Pvt. Ltd,Kohinoor Investment & Securities Pvt. Ltd.,300,2614.0,784200.0,2025-08-27T13:25:54.949564
2025-08-27,36603,2025082705014080,CHDC,Trishakti Securities Public Limited,Aryatara Investment & Securities,10,2624.0,26240.0,2025-08-27T13:26:05.034185
2025-08-27,36114,2025082705014279,CHDC,Machhapuchchhre Securities Limited,Aryatara Investment & Securities,680,2624.0,1784320.0,2025-08-27T13:27:48.657355
2025-08-27,36113,2025082705014280,CHDC,Machhapuchchhre Securities Limited,N.I.M.B. Stock Markets Limited,12,2624.0,31488.0,2025-08-27T13:27:48.657493
2025-08-27,36112,2025082705014281,CHDC,Machhapuchchhre Securities Limited,Ashutosh Brokerage & Securities (PVT) Ltd.,300,2629.0,788700.0,2025-08-27T13:27:48.657576
2025-08-27,36111,2025082705014282,CHDC,Machhapuchchhre Securities Limited,Secured Securities Ltd.,200,2630.0,526000.0,2025-08-27T13:27:48.657653
2025-08-27,36110,2025082705014283,CHDC,Machhapuchchhre Securities Limited,Secured Securities Ltd.,200,2630.0,526000.0,2025-08-27T13:27:48.657727
2025-08-27,36109,2025082705014284,CHDC,Machhapuchchhre Securities Limited,Sharepro Securities Private Limited,200,2630.0,526000.0,2025-08-27T13:27:48.657799
2025-08-27,36108,2025082705014285,CHDC,Machhapuchchhre Securities Limited,Naasa Securities Co. Ltd.,12,2630.0,31560.0,2025-08-27T13:27:48.657906
2025-08-27,36107,2025082705014286,CHDC,Machhapuchchhre Securities Limited,ABC Securities Private Limited,135,2638.0,356130.0,2025-08-27T13:27:48.657972
2025-08-27,36106,2025082705014287,CHDC,Machhapuchchhre Securities Limited,ABC Securities Private Limited,200,2638.5,527700.0,2025-08-27T13:27:48.658051
2025-08-27,36105,2025082705014288,CHDC,Machhapuchchhre Securities Limited,Asian Securities Private Ltd.,20,2639.0,52780.0,2025-08-27T13:27:48.658149
2025-08-27,36104,2025082705014289,CHDC,Machhapuchchhre Securities Limited,Hatemalo Financial Services Private Limited,41,2640.0,108240.0,2025-08-27T13:27:48.658231
2025-08-27,35366,2025082705014528,CHDC,Asian Securities Private Ltd.,Sani Securities Company Ltd.,1,2600.0,2600.0,2025-08-27T13:30:32.349028
2025-08-27,35308,2025082705014536,CHDC,Asian Securities Private Ltd.,Sundhara Securities Limited,1,2600.0,2600.0,2025-08-27T13:30:42.416853
2025-08-27,34968,2025082705014712,CHDC,South Asian Bulls Pvt. Ltd.,Secured Securities Ltd.,50,2634.0,131700.0,2025-08-27T13:31:30.404784
2025-08-27,34876,2025082705014748,CHDC,Imperial Securities Company Pvt. Ltd.,Kohinoor Investment & Securities Pvt. Ltd.,200,2620.0,524000.0,2025-08-27T13:31:44.700575
2025-08-27,34813,2025082705014772,CHDC,Trishakti Securities Public Limited,SUN SECURITIES PVT LTD,10,2635.0,26350.0,2025-08-27T13:31:57.811934
2025-08-27,34342,2025082705014943,CHDC,Naasa Securities Co. Ltd.,Secured Securities Ltd.,1,2612.1,2612.1,2025-08-27T13:33:30.184129
2025-08-27,33879,2025082705015085,CHDC,Naasa Securities Co. Ltd.,Naasa Securities Co. Ltd.,2,2614.0,5228.0,2025-08-27T13:35:11.2406
2025-08-27,30905,2025082705016271,CHDC,Asian Securities Private Ltd.,Sumeru Securities Pvt. Ltd.,30,2629.0,78870.0,2025-08-27T13:49:35.81648
2025-08-27,30371,2025082705016497,CHDC,Vision Securities Pvt. Ltd,Sumeru Securities Pvt. Ltd.,10,2618.0,26180.0,2025-08-27T13:52:13.794059
2025-08-27,30370,2025082705016498,CHDC,Opal Securities Investment (PVT) Ltd.,Sumeru Securities Pvt. Ltd.,190,2618.0,497420.0,2025-08-27T13:52:13.794456
2025-08-27,30288,2025082705016544,CHDC,Opal Securities Investment (PVT) Ltd.,Citizens Share Broker Limited,10,2618.0,26180.0,2025-08-27T13:52:34.044515
2025-08-27,30263,2025082705016549,CHDC,Trishakti Securities Public Limited,Asian Securities Private Ltd.,10,2628.0,26280.0,2025-08-27T13:52:41.950886
2025-08-27,30140,2025082705016619,CHDC,Asian Securities Private Ltd.,Imperial Securities Company Pvt. Ltd.,1,2590.0,2590.0,2025-08-27T13:53:12.707538
2025-08-27,30023,2025082705016661,CHDC,Opal Securities Investment (PVT) Ltd.,Sumeru Securities Pvt. Ltd.,500,2618.0,1309000.0,2025-08-27T13:53:34.291628
2025-08-27,29996,2025082705016670,CHDC,Opal Securities Investment (PVT) Ltd.,Cristal Kanchanjanga Securites Pvt. Ltd.,700,2618.0,1832600.0,2025-08-27T13:53:44.099779
2025-08-27,29971,2025082705016679,CHDC,Trishakti Securities Public Limited,Asian Securities Private Ltd.,10,2628.0,26280.0,2025-08-27T13:53:52.523739
2025-08-27,26345,2025082705018579,CHDC,Linch Stock Market Ltd.,Asian Securities Private Ltd.,80,2628.0,210240.0,2025-08-27T14:06:16.143919
2025-08-27,26344,2025082705018580,CHDC,Linch Stock Market Ltd.,Naasa Securities Co. Ltd.,12,2628.0,31536.0,2025-08-27T14:06:16.14417
2025-08-27,26257,2025082705018629,CHDC,Opal Securities Investment (PVT) Ltd.,Sumeru Securities Pvt. Ltd.,10,2629.0,26290.0,2025-08-27T14:06:31.715928
2025-08-27,26034,2025082705018726,CHDC,Linch Stock Market Ltd.,Sumeru Securities Pvt. Ltd.,10,2629.0,26290.0,2025-08-27T14:07:07.495579
2025-08-27,25709,2025082705018916,CHDC,Naasa Securities Co. Ltd.,Agrawal Securities (PVT) Ltd.,30,2629.1,78873.0,2025-08-27T14:07:56.73906
2025-08-27,25696,2025082705018922,CHDC,Sharepro Securities Private Limited,Elite Stock House Limited,50,2629.9,131495.0,2025-08-27T14:08:02.013726
2025-08-27,25657,2025082705018937,CHDC,Trishakti Securities Public Limited,Trishakti Securities Public Limited,10,2630.0,26300.0,2025-08-27T14:08:13.107711
2025-08-27,25528,2025082705018999,CHDC,Linch Stock Market Ltd.,Trishakti Securities Public Limited,10,2629.0,26290.0,2025-08-27T14:08:42.597173
2025-08-27,25527,2025082705019000,CHDC,Arun Securities (PVT) Ltd.,Trishakti Securities Public Limited,10,2629.0,26290.0,2025-08-27T14:08:42.597368
2025-08-27,25410,2025082705019052,CHDC,Arun Securities (PVT) Ltd.,Ashutosh Brokerage & Securities (PVT) Ltd.,15,2629.0,39435.0,2025-08-27T14:09:03.366149
2025-08-27,24965,2025082705019289,CHDC,Premier Securities Company Ltd.,Oxford Securities Pvt. Ltd.,1,2600.0,2600.0,2025-08-27T14:10:34.591902
2025-08-27,24786,2025082705019445,CHDC,Arun Securities (PVT) Ltd.,Ashutosh Brokerage & Securities (PVT) Ltd.,10,2629.0,26290.0,2025-08-27T14:10:50.495833
2025-08-27,24314,2025082705019701,CHDC,Sumeru Securities Pvt. Ltd.,Ashutosh Brokerage & Securities (PVT) Ltd.,10,2629.0,26290.0,2025-08-27T14:12:24.544203
2025-08-27,24313,2025082705019702,CHDC,Sumeru Securities Pvt. Ltd.,Siprabi Securities Pvt. Ltd.,15,2630.0,39450.0,2025-08-27T14:12:24.544454
2025-08-27,23948,2025082705019788,CHDC,Malla & Malla Stock Broking Company Pvt. Limited,Sumeru Securities Pvt. Ltd.,60,2630.0,157800.0,2025-08-27T14:12:58.488964
2025-08-27,23471,2025082705020008,CHDC,Naasa Securities Co. Ltd.,Imperial Securities Company Pvt. Ltd.,1,2613.0,2613.0,2025-08-27T14:14:27.13517
2025-08-27,23345,2025082705020066,CHDC,South Asian Bulls Pvt. Ltd.,Sumeru Securities Pvt. Ltd.,10,2629.0,26290.0,2025-08-27T14:14:51.57133
2025-08-27,23211,2025082705020109,CHDC,Naasa Securities Co. Ltd.,Sundhara Securities Limited,1,2615.0,2615.0,2025-08-27T14:15:13.539816
2025-08-27,23084,2025082705020167,CHDC,Naasa Securities Co. Ltd.,Kohinoor Investment & Securities Pvt. Ltd.,2,2615.0,5230.0,2025-08-27T14:15:39.806826
2025-08-27,23074,2025082705020169,CHDC,Asian Securities Private Ltd.,Sundhara Securities Limited,1,2600.0,2600.0,2025-08-27T14:15:42.125987
2025-08-27,22869,2025082705020266,CHDC,Asian Securities Private Ltd.,Naasa Securities Co. Ltd.,2,2600.0,5200.0,2025-08-27T14:16:22.407014
2025-08-27,22731,2025082705020322,CHDC,Naasa Securities Co. Ltd.,Sumeru Securities Pvt. Ltd.,10,2629.0,26290.0,2025-08-27T14:16:54.602814
2025-08-27,22581,2025082705020388,CHDC,Premier Securities Company Ltd.,Sumeru Securities Pvt. Ltd.,40,2630.0,105200.0,2025-08-27T14:17:18.237801
2025-08-27,22580,2025082705020389,CHDC,Premier Securities Company Ltd.,ABC Securities Private Limited,77,2630.0,202510.0,2025-08-27T14:17:18.238023
2025-08-27,22579,2025082705020390,CHDC,Premier Securities Company Ltd.,Dipshikha Dhitopatra Karobar Co. Pvt Ltd.,200,2631.0,526200.0,2025-08-27T14:17:18.238128
2025-08-27,22578,2025082705020391,CHDC,Premier Securities Company Ltd.,Online Securities Pvt. Ltd.,183,2632.0,481656.0,2025-08-27T14:17:18.238208
2025-08-27,22567,2025082705020393,CHDC,Asian Securities Private Ltd.,Premier Securities Company Ltd.,1,2590.0,2590.0,2025-08-27T14:17:19.742559
2025-08-27,22313,2025082705020519,CHDC,Naasa Securities Co. Ltd.,Sri Hari Securities Pvt. Ltd.,50,2630.0,131500.0,2025-08-27T14:18:02.977116
2025-08-27,22282,2025082705020534,CHDC,Malla & Malla Stock Broking Company Pvt. Limited,Sri Hari Securities Pvt. Ltd.,50,2630.0,131500.0,2025-08-27T14:18:09.001667
2025-08-27,21832,2025082705020705,CHDC,Malla & Malla Stock Broking Company Pvt. Limited,Sri Hari Securities Pvt. Ltd.,50,2630.0,131500.0,2025-08-27T14:19:22.625899
2025-08-27,21658,2025082705020762,CHDC,Asian Securities Private Ltd.,ABC Securities Private Limited,1,2590.0,2590.0,2025-08-27T14:19:55.544365
2025-08-27,21616,2025082705020782,CHDC,Trishakti Securities Public Limited,Online Securities Pvt. Ltd.,10,2632.0,26320.0,2025-08-27T14:20:06.515234
2025-08-27,21264,2025082705020954,CHDC,Sumeru Securities Pvt. Ltd.,Sumeru Securities Pvt. Ltd.,20,2631.9,52638.0,2025-08-27T14:21:13.15491
2025-08-27,21263,2025082705020955,CHDC,Sumeru Securities Pvt. Ltd.,Online Securities Pvt. Ltd.,30,2632.0,78960.0,2025-08-27T14:21:13.15517
2025-08-27,21209,2025082705020980,CHDC,Naasa Securities Co. Ltd.,ABC Securities Private Limited,60,2633.0,157980.0,2025-08-27T14:21:22.967671
2025-08-27,21142,2025082705021024,CHDC,Opal Securities Investment (PVT) Ltd.,Sani Securities Company Ltd.,555,2634.0,1461870.0,2025-08-27T14:21:30.322552
2025-08-27,20127,2025082705021411,CHDC,Naasa Securities Co. Ltd.,Sagarmatha Securities Private Limited,10,2630.1,26301.0,2025-08-27T14:24:24.829616
2025-08-27,20126,2025082705021412,CHDC,Sharepro Securities Private Limited,Sagarmatha Securities Private Limited,50,2630.1,131505.0,2025-08-27T14:24:24.829861
2025-08-27,20062,2025082705021439,CHDC,Arun Securities (PVT) Ltd.,Sagarmatha Securities Private Limited,25,2630.0,65750.0,2025-08-27T14:24:40.961885
2025-08-27,20061,2025082705021440,CHDC,Malla & Malla Stock Broking Company Pvt. Limited,Sagarmatha Securities Private Limited,19,2630.0,49970.0,2025-08-27T14:24:40.962082
2025-08-27,19929,2025082705021476,CHDC,Asian Securities Private Ltd.,Aryatara Investment & Securities,1,2590.0,2590.0,2025-08-27T14:25:01.844501
2025-08-27,19819,2025082705021506,CHDC,Sani Securities Company Ltd.,Ashutosh Brokerage & Securities (PVT) Ltd.,12,2630.0,31560.0,2025-08-27T14:25:21.382599
2025-08-27,19421,2025082705021696,CHDC,Premier Securities Company Ltd.,Nepal Stock House (PVT) Ltd.,1,2613.0,2613.0,2025-08-27T14:26:39.825303
2025-08-27,19002,2025082705021860,CHDC,Oxford Securities Pvt. Ltd.,Sumeru Securities Pvt. Ltd.,11,2630.0,28930.0,2025-08-27T14:27:51.161232
2025-08-27,18938,2025082705021902,CHDC,KALASH STOCK MARKET PVT. LTD.,Imperial Securities Company Pvt. Ltd.,12,2632.0,31584.0,2025-08-27T14:28:01.685539
2025-08-27,18937,2025082705021903,CHDC,KALASH STOCK MARKET PVT. LTD.,Nepal Stock House (PVT) Ltd.,100,2633.0,263300.0,2025-08-27T14:28:01.68577
2025-08-27,18936,2025082705021904,CHDC,KALASH STOCK MARKET PVT. LTD.,Sani Securities Company Ltd.,95,2633.9,250220.5,2025-08-27T14:28:01.685851
2025-08-27,18935,2025082705021905,CHDC,KALASH STOCK MARKET PVT. LTD.,Aakashbhairab Securities Ltd.,100,2634.0,263400.0,2025-08-27T14:28:01.68593
2025-08-27,18934,2025082705021906,CHDC,KALASH STOCK MARKET PVT. LTD.,SUN SECURITIES PVT LTD,190,2635.0,500650.0,2025-08-27T14:28:01.686005
2025-08-27,18933,2025082705021907,CHDC,KALASH STOCK MARKET PVT. LTD.,Nagarik Stock Dealer ,11,2635.0,28985.0,2025-08-27T14:28:01.68608
2025-08-27,18932,2025082705021908,CHDC,KALASH STOCK MARKET PVT. LTD.,Nagarik Stock Dealer ,1000,2635.0,2635000.0,2025-08-27T14:28:01.686153
2025-08-27,18931,2025082705021909,CHDC,KALASH STOCK MARKET PVT. LTD.,ABC Securities Private Limited,10,2635.0,26350.0,2025-08-27T14:28:01.686228
2025-08-27,18930,2025082705021910,CHDC,KALASH STOCK MARKET PVT. LTD.,Trishakti Securities Public Limited,92,2635.0,242420.0,2025-08-27T14:28:01.686332
2025-08-27,18929,2025082705021911,CHDC,KALASH STOCK MARKET PVT. LTD.,ABC Securities Private Limited,100,2635.0,263500.0,2025-08-27T14:28:01.686402
2025-08-27,18928,2025082705021912,CHDC,KALASH STOCK MARKET PVT. LTD.,Cristal Kanchanjanga Securites Pvt. Ltd.,290,2635.0,764150.0,2025-08-27T14:28:01.686474
2025-08-27,18830,2025082705021953,CHDC,Naasa Securities Co. Ltd.,Ashutosh Brokerage & Securities (PVT) Ltd.,10,2629.1,26291.0,2025-08-27T14:28:15.575487
2025-08-27,18578,2025082705022064,CHDC,Vision Securities Pvt. Ltd,Sumeru Securities Pvt. Ltd.,10,2631.0,26310.0,2025-08-27T14:29:03.966964
2025-08-27,18577,2025082705022065,CHDC,Vision Securities Pvt. Ltd,Cristal Kanchanjanga Securites Pvt. Ltd.,710,2635.0,1870850.0,2025-08-27T14:29:03.967278
2025-08-27,18098,2025082705022266,CHDC,Naasa Securities Co. Ltd.,Naasa Securities Co. Ltd.,12,2630.0,31560.0,2025-08-27T14:30:29.747249
2025-08-27,17672,2025082705022482,CHDC,Naasa Securities Co. Ltd.,Sumeru Securities Pvt. Ltd.,50,2630.0,131500.0,2025-08-27T14:31:38.041171
2025-08-27,17671,2025082705022483,CHDC,Sani Securities Company Ltd.,Sumeru Securities Pvt. Ltd.,40,2630.0,105200.0,2025-08-27T14:31:38.041403
2025-08-27,17670,2025082705022484,CHDC,Miyo Securities Pvt Ltd,Sumeru Securities Pvt. Ltd.,20,2630.0,52600.0,2025-08-27T14:31:38.041483
2025-08-27,17145,2025082705022704,CHDC,Vision Securities Pvt. Ltd,ABC Securities Private Limited,12,2630.2,31562.4,2025-08-27T14:32:56.016028
2025-08-27,16966,2025082705022750,CHDC,Imperial Securities Company Pvt. Ltd.,Sumeru Securities Pvt. Ltd.,100,2631.0,263100.0,2025-08-27T14:33:20.106915
2025-08-27,16601,2025082705022855,CHDC,KALASH STOCK MARKET PVT. LTD.,Sumeru Securities Pvt. Ltd.,20,2636.0,52720.0,2025-08-27T14:34:27.621951
2025-08-27,16600,2025082705022856,CHDC,KALASH STOCK MARKET PVT. LTD.,ABC Securities Private Limited,98,2636.0,258328.0,2025-08-27T14:34:27.622171
2025-08-27,16599,2025082705022857,CHDC,KALASH STOCK MARKET PVT. LTD.,Primo Securities (PVT) Ltd.,10,2637.0,26370.0,2025-08-27T14:34:27.622277
2025-08-27,16598,2025082705022858,CHDC,KALASH STOCK MARKET PVT. LTD.,ABC Securities Private Limited,80,2637.0,210960.0,2025-08-27T14:34:27.622371
2025-08-27,16597,2025082705022859,CHDC,KALASH STOCK MARKET PVT. LTD.,Ashutosh Brokerage & Securities (PVT) Ltd.,200,2639.0,527800.0,2025-08-27T14:34:27.622456
2025-08-27,16596,2025082705022860,CHDC,KALASH STOCK MARKET PVT. LTD.,Sumeru Securities Pvt. Ltd.,92,2639.0,242788.0,2025-08-27T14:34:27.622535
2025-08-27,16381,2025082705022947,CHDC,Vision Securities Pvt. Ltd,Vision Securities Pvt. Ltd,50,2632.0,131600.0,2025-08-27T14:35:11.647593
2025-08-27,15970,2025082705023123,CHDC,Sani Securities Company Ltd.,Sumeru Securities Pvt. Ltd.,79,2632.1,207935.9,2025-08-27T14:36:25.15831
2025-08-27,15641,2025082705023249,CHDC,Capital Max Securities Ltd,Imperial Securities Company Pvt. Ltd.,1,2613.0,2613.0,2025-08-27T14:37:18.012521
2025-08-27,14980,2025082705023565,CHDC,Sumeru Securities Pvt. Ltd.,SUN SECURITIES PVT LTD,50,2639.0,131950.0,2025-08-27T14:38:56.041247
2025-08-27,14200,2025082705023862,CHDC,Online Securities Pvt. Ltd.,Kohinoor Investment & Securities Pvt. Ltd.,1,2619.8,2619.8,2025-08-27T14:40:50.00434
2025-08-27,13929,2025082705023961,CHDC,Online Securities Pvt. Ltd.,Sani Securities Company Ltd.,1,2620.0,2620.0,2025-08-27T14:41:28.611665
2025-08-27,13811,2025082705023993,CHDC,Online Securities Pvt. Ltd.,ABC Securities Private Limited,5,2620.0,13100.0,2025-08-27T14:41:42.746374
2025-08-27,13318,2025082705024147,CHDC,Online Securities Pvt. Ltd.,Kohinoor Investment & Securities Pvt. Ltd.,2,2620.5,5241.0,2025-08-27T14:42:45.736083
2025-08-27,13256,2025082705024173,CHDC,Sweta Securities Private Limited,Nepal Stock House (PVT) Ltd.,12,2633.2,31598.4,2025-08-27T14:42:54.426178
2025-08-27,13094,2025082705024236,CHDC,Miyo Securities Pvt Ltd,Sewa Securities Pvt. Ltd.,10,2639.8,26398.0,2025-08-27T14:43:17.175295
2025-08-27,12866,2025082705024304,CHDC,Asian Securities Private Ltd.,Sani Securities Company Ltd.,1,2600.0,2600.0,2025-08-27T14:43:52.21634
2025-08-27,12712,2025082705024351,CHDC,Dipshikha Dhitopatra Karobar Co. Pvt Ltd.,Online Securities Pvt. Ltd.,6,2632.0,15792.0,2025-08-27T14:44:13.127029
2025-08-27,12561,2025082705024405,CHDC,Sani Securities Company Ltd.,Bhrikuti Stock Broking Co. Pvt. Ltd.,15,2633.3,39499.5,2025-08-27T14:44:35.116368
2025-08-27,12155,2025082705024579,CHDC,Sani Securities Company Ltd.,Sewa Securities Pvt. Ltd.,190,2633.3,500327.0,2025-08-27T14:45:06.312901
2025-08-27,11635,2025082705024776,CHDC,Vision Securities Pvt. Ltd,J.F. Securites (PVT) Ltd.,12,2633.4,31600.8,2025-08-27T14:45:59.370575
2025-08-27,11617,2025082705024781,CHDC,Bhrikuti Stock Broking Co. Pvt. Ltd.,Aakashbhairab Securities Ltd.,200,2634.0,526800.0,2025-08-27T14:46:02.271937
2025-08-27,11554,2025082705024810,CHDC,Bhrikuti Stock Broking Co. Pvt. Ltd.,Aryatara Investment & Securities,12,2634.0,31608.0,2025-08-27T14:46:12.220574
2025-08-27,11368,2025082705024843,CHDC,Bhrikuti Stock Broking Co. Pvt. Ltd.,Dipshikha Dhitopatra Karobar Co. Pvt Ltd.,38,2634.0,100092.0,2025-08-27T14:46:32.23999
2025-08-27,11256,2025082705024884,CHDC,Imperial Securities Company Pvt. Ltd.,Dipshikha Dhitopatra Karobar Co. Pvt Ltd.,400,2634.0,1053600.0,2025-08-27T14:46:41.928866
2025-08-27,11164,2025082705024915,CHDC,Online Securities Pvt. Ltd.,Premier Securities Company Ltd.,1,2620.0,2620.0,2025-08-27T14:46:52.8693
2025-08-27,10916,2025082705024980,CHDC,Sani Securities Company Ltd.,Dipshikha Dhitopatra Karobar Co. Pvt Ltd.,162,2634.0,426708.0,2025-08-27T14:47:18.235256
2025-08-27,10258,2025082705025200,CHDC,Opal Securities Investment (PVT) Ltd.,Investment Management Nepal Pvt. Ltd.,50,2639.0,131950.0,2025-08-27T14:48:27.223113
2025-08-27,10257,2025082705025201,CHDC,Opal Securities Investment (PVT) Ltd.,ABC Securities Private Limited,80,2639.8,211184.0,2025-08-27T14:48:27.223373
2025-08-27,10256,2025082705025202,CHDC,Opal Securities Investment (PVT) Ltd.,Aakashbhairab Securities Ltd.,100,2640.0,264000.0,2025-08-27T14:48:27.223456
2025-08-27,10255,2025082705025203,CHDC,Opal Securities Investment (PVT) Ltd.,Ashutosh Brokerage & Securities (PVT) Ltd.,300,2640.0,792000.0,2025-08-27T14:48:27.223559
2025-08-27,10254,2025082705025204,CHDC,Opal Securities Investment (PVT) Ltd.,Nabil Stock Dealer Ltd.,100,2640.0,264000.0,2025-08-27T14:48:27.223636
2025-08-27,10253,2025082705025205,CHDC,Opal Securities Investment (PVT) Ltd.,Capital Max Securities Ltd,50,2640.0,132000.0,2025-08-27T14:48:27.223709
2025-08-27,9811,2025082705025320,CHDC,Kumari Securities Private Limited,Sumeru Securities Pvt. Ltd.,200,2645.0,529000.0,2025-08-27T14:49:08.843881
2025-08-27,9684,2025082705025367,CHDC,KALASH STOCK MARKET PVT. LTD.,Sumeru Securities Pvt. Ltd.,20,2645.0,52900.0,2025-08-27T14:49:21.973942
2025-08-27,9659,2025082705025375,CHDC,Kumari Securities Private Limited,Sumeru Securities Pvt. Ltd.,80,2645.0,211600.0,2025-08-27T14:49:25.934438
2025-08-27,9658,2025082705025376,CHDC,Kumari Securities Private Limited,Sumeru Securities Pvt. Ltd.,20,2645.0,52900.0,2025-08-27T14:49:25.934822
2025-08-27,9481,2025082705025409,CHDC,Opal Securities Investment (PVT) Ltd.,Sumeru Securities Pvt. Ltd.,44,2645.0,116380.0,2025-08-27T14:49:42.640061
2025-08-27,9375,2025082705025442,CHDC,Opal Securities Investment (PVT) Ltd.,Dipshikha Dhitopatra Karobar Co. Pvt Ltd.,90,2641.0,237690.0,2025-08-27T14:49:56.250009
2025-08-27,8703,2025082705025780,CHDC,Asian Securities Private Ltd.,Investment Management Nepal Pvt. Ltd.,1,2600.0,2600.0,2025-08-27T14:50:57.597523
2025-08-27,8585,2025082705025861,CHDC,Online Securities Pvt. Ltd.,Online Securities Pvt. Ltd.,1,2620.0,2620.0,2025-08-27T14:51:05.322812
2025-08-27,8339,2025082705025950,CHDC,Online Securities Pvt. Ltd.,Aryatara Investment & Securities,1,2622.5,2622.5,2025-08-27T14:51:29.651878
2025-08-27,6232,2025082705026796,CHDC,Sweta Securities Private Limited,Cristal Kanchanjanga Securites Pvt. Ltd.,191,2644.0,505004.0,2025-08-27T14:54:25.583567
2025-08-27,5531,2025082705027056,CHDC,Sweta Securities Private Limited,Kohinoor Investment & Securities Pvt. Ltd.,100,2644.9,264490.0,2025-08-27T14:55:23.054869
2025-08-27,5530,2025082705027057,CHDC,Sweta Securities Private Limited,Sumeru Securities Pvt. Ltd.,100,2645.0,264500.0,2025-08-27T14:55:23.055076
2025-08-27,5507,2025082705027070,CHDC,Sumeru Securities Pvt. Ltd.,Sumeru Securities Pvt. Ltd.,36,2645.0,95220.0,2025-08-27T14:55:24.262987
2025-08-27,5506,2025082705027071,CHDC,Sumeru Securities Pvt. Ltd.,Aakashbhairab Securities Ltd.,100,2645.0,264500.0,2025-08-27T14:55:24.263213
2025-08-27,5505,2025082705027072,CHDC,Sumeru Securities Pvt. Ltd.,Imperial Securities Company Pvt. Ltd.,12,2645.0,31740.0,2025-08-27T14:55:24.263299
2025-08-27,5138,2025082705027184,CHDC,Sumeru Securities Pvt. Ltd.,Nabil Stock Dealer Ltd.,30,2645.0,79350.0,2025-08-27T14:55:54.425261
2025-08-27,4975,2025082705027244,CHDC,Pragyan Securities (PVT) Ltd.,Midas Stock Broking Company Private Limited,30,2648.0,79440.0,2025-08-27T14:56:07.965489
2025-08-27,4795,2025082705027335,CHDC,Kumari Securities Private Limited,Midas Stock Broking Company Private Limited,82,2648.0,217136.0,2025-08-27T14:56:18.104299
2025-08-27,4575,2025082705027442,CHDC,Sumeru Securities Pvt. Ltd.,Hatemalo Financial Services Private Limited,162,2645.0,428490.0,2025-08-27T14:56:35.097402
2025-08-27,3920,2025082705027713,CHDC,Aryatara Investment & Securities,Online Securities Pvt. Ltd.,2,2623.9,5247.8,2025-08-27T14:57:17.694032
2025-08-27,3746,2025082705027809,CHDC,Kumari Securities Private Limited,Hatemalo Financial Services Private Limited,47,2645.0,124315.0,2025-08-27T14:57:25.91918
2025-08-27,3707,2025082705027821,CHDC,Aryatara Investment & Securities,Imperial Securities Company Pvt. Ltd.,1,2623.0,2623.0,2025-08-27T14:57:29.837814
2025-08-27,3341,2025082705027915,CHDC,Kumari Securities Private Limited,Imperial Securities Company Pvt. Ltd.,12,2645.0,31740.0,2025-08-27T14:57:52.686124
2025-08-27,2949,2025082705028041,CHDC,Aryatara Investment & Securities,Dipshikha Dhitopatra Karobar Co. Pvt Ltd.,2,2624.5,5249.0,2025-08-27T14:58:14.548543
2025-08-27,2878,2025082705028052,CHDC,Sweta Securities Private Limited,Premier Securities Company Ltd.,10,2649.8,26498.0,2025-08-27T14:58:18.170766
2025-08-27,1968,2025082705028376,CHDC,Sani Securities Company Ltd.,Sri Hari Securities Pvt. Ltd.,54,2649.6,143078.4,2025-08-27T14:59:04.709578
2025-08-27,1534,2025082705028560,CHDC,South Asian Bulls Pvt. Ltd.,Sri Hari Securities Pvt. Ltd.,40,2649.6,105984.0,2025-08-27T14:59:19.211829
