Date,S.N.,contract_id,symbol,buyer_broker,seller_broker,volume,price,amount,transaction_time
2025-08-27,72160,2025082704000052,GHL,Deevyaa Securities & Stock House Pvt. Ltd,Bhrikuti Stock Broking Co. Pvt. Ltd.,100,237.0,23700.0,2025-08-27T11:03:45.215232
2025-08-27,71067,2025082704000195,GHL,Oxford Securities Pvt. Ltd.,Sri Hari Securities Pvt. Ltd.,300,234.4,70320.0,2025-08-27T11:11:10.422384
2025-08-27,71066,2025082704000196,GHL,Dynamic Money Managers Securities Pvt. Ltd.,Sri Hari Securities Pvt. Ltd.,500,234.3,117150.0,2025-08-27T11:11:10.422427
2025-08-27,71065,2025082704000197,GHL,Dynamic Money Managers Securities Pvt. Ltd.,Sri Hari Securities Pvt. Ltd.,200,234.2,46840.0,2025-08-27T11:11:10.422456
2025-08-27,71015,2025082704000210,GHL,Sumeru Securities Pvt. Ltd.,Naasa Securities Co. Ltd.,500,235.0,117500.0,2025-08-27T11:11:26.685207
2025-08-27,70967,2025082704000215,GHL,Premier Securities Company Ltd.,Naasa Securities Co. Ltd.,500,235.0,117500.0,2025-08-27T11:11:46.52575
2025-08-27,70946,2025082704000218,GHL,Dipshikha Dhitopatra Karobar Co. Pvt Ltd.,Naasa Securities Co. Ltd.,500,236.0,118000.0,2025-08-27T11:11:54.805975
2025-08-27,70937,2025082704000219,GHL,Premier Securities Company Ltd.,Naasa Securities Co. Ltd.,500,235.0,117500.0,2025-08-27T11:11:57.962549
2025-08-27,70748,2025082704000255,GHL,Premier Securities Company Ltd.,Naasa Securities Co. Ltd.,1500,235.0,352500.0,2025-08-27T11:12:50.852016
2025-08-27,70641,2025082704000271,GHL,Premier Securities Company Ltd.,Naasa Securities Co. Ltd.,500,235.0,117500.0,2025-08-27T11:13:40.758836
2025-08-27,70437,2025082704000306,GHL,Dynamic Money Managers Securities Pvt. Ltd.,Imperial Securities Company Pvt. Ltd.,300,234.2,70260.0,2025-08-27T11:14:45.720209
2025-08-27,70436,2025082704000307,GHL,Oxford Securities Pvt. Ltd.,Imperial Securities Company Pvt. Ltd.,200,234.1,46820.0,2025-08-27T11:14:45.72029
2025-08-27,70435,2025082704000308,GHL,Secured Securities Ltd.,Imperial Securities Company Pvt. Ltd.,10,234.0,2340.0,2025-08-27T11:14:45.720338
2025-08-27,70434,2025082704000309,GHL,Premier Securities Company Ltd.,Imperial Securities Company Pvt. Ltd.,490,234.0,114660.0,2025-08-27T11:14:45.720377
2025-08-27,68992,2025082704000487,GHL,Vision Securities Pvt. Ltd,Ashutosh Brokerage & Securities (PVT) Ltd.,300,234.6,70380.0,2025-08-27T11:22:09.387577
2025-08-27,68991,2025082704000488,GHL,Market Securities & Exchange (PVT) Ltd.,Ashutosh Brokerage & Securities (PVT) Ltd.,410,234.5,96145.0,2025-08-27T11:22:09.387771
2025-08-27,68960,2025082704000493,GHL,Online Securities Pvt. Ltd.,Naasa Securities Co. Ltd.,41,235.0,9635.0,2025-08-27T11:22:16.025768
2025-08-27,68805,2025082704000508,GHL,Nepal Investment And Securities Trading Private Limited,Naasa Securities Co. Ltd.,85,235.0,19975.0,2025-08-27T11:22:55.367175
2025-08-27,68682,2025082704000544,GHL,Premier Securities Company Ltd.,Sumeru Securities Pvt. Ltd.,500,235.0,117500.0,2025-08-27T11:23:38.146465
2025-08-27,68681,2025082704000545,GHL,Premier Securities Company Ltd.,Aryatara Investment & Securities,157,235.0,36895.0,2025-08-27T11:23:38.146601
2025-08-27,68680,2025082704000546,GHL,Premier Securities Company Ltd.,Beni Securities Pvt.Ltd.,20,235.0,4700.0,2025-08-27T11:23:38.146648
2025-08-27,68453,2025082704000580,GHL,Premier Securities Company Ltd.,Magnet Securities and Investment Company Private Limited,100,235.0,23500.0,2025-08-27T11:24:42.773773
2025-08-27,67666,2025082704000707,GHL,J.F. Securites (PVT) Ltd.,Malla & Malla Stock Broking Company Pvt. Limited,8,233.0,1864.0,2025-08-27T11:27:52.052098
2025-08-27,66169,2025082704000974,GHL,Nepal Stock House (PVT) Ltd.,Naasa Securities Co. Ltd.,500,236.0,118000.0,2025-08-27T11:33:48.508165
2025-08-27,66168,2025082704000975,GHL,Nepal Stock House (PVT) Ltd.,Aryatara Investment & Securities,500,236.0,118000.0,2025-08-27T11:33:48.508326
2025-08-27,64530,2025082704001212,GHL,Sagarmatha Securities Private Limited,Neev Securities Pvt. Ltd.,100,236.0,23600.0,2025-08-27T11:39:27.824952
2025-08-27,64529,2025082704001213,GHL,Sagarmatha Securities Private Limited,Naasa Securities Co. Ltd.,400,236.5,94600.0,2025-08-27T11:39:27.825092
2025-08-27,62846,2025082704001530,GHL,Sagarmatha Securities Private Limited,Sri Hari Securities Pvt. Ltd.,20,235.7,4714.0,2025-08-27T11:46:14.646233
2025-08-27,62775,2025082704001545,GHL,Sagarmatha Securities Private Limited,Trisul Securities & Invt. Ltd.,70,235.7,16499.0,2025-08-27T11:46:34.937195
2025-08-27,61866,2025082704001707,GHL,Secured Securities Ltd.,Naasa Securities Co. Ltd.,30,236.0,7080.0,2025-08-27T11:50:22.066303
2025-08-27,60833,2025082704001873,GHL,Secured Securities Ltd.,Market Securities & Exchange (PVT) Ltd.,390,236.0,92040.0,2025-08-27T11:54:16.303194
2025-08-27,60704,2025082704001902,GHL,Sweta Securities Private Limited,Market Securities & Exchange (PVT) Ltd.,300,236.0,70800.0,2025-08-27T11:54:45.912633
2025-08-27,60459,2025082704001944,GHL,Dipshikha Dhitopatra Karobar Co. Pvt Ltd.,Market Securities & Exchange (PVT) Ltd.,300,236.0,70800.0,2025-08-27T11:55:50.173161
2025-08-27,59618,2025082704002068,GHL,Sagarmatha Securities Private Limited,Cristal Kanchanjanga Securites Pvt. Ltd.,10,235.7,2357.0,2025-08-27T11:58:44.61793
2025-08-27,59617,2025082704002069,GHL,Sagarmatha Securities Private Limited,Cristal Kanchanjanga Securites Pvt. Ltd.,200,235.6,47120.0,2025-08-27T11:58:44.618239
2025-08-27,59616,2025082704002070,GHL,Secured Securities Ltd.,Cristal Kanchanjanga Securites Pvt. Ltd.,200,235.5,47100.0,2025-08-27T11:58:44.618475
2025-08-27,59457,2025082704002093,GHL,Online Securities Pvt. Ltd.,Cristal Kanchanjanga Securites Pvt. Ltd.,10,235.5,2355.0,2025-08-27T11:59:22.286128
2025-08-27,59013,2025082704002162,GHL,Trisul Securities & Invt. Ltd.,Cristal Kanchanjanga Securites Pvt. Ltd.,80,235.5,18840.0,2025-08-27T12:00:52.169734
2025-08-27,58674,2025082704002238,GHL,Sumeru Securities Pvt. Ltd.,Market Securities & Exchange (PVT) Ltd.,10,236.0,2360.0,2025-08-27T12:01:51.464578
2025-08-27,58614,2025082704002251,GHL,Trisul Securities & Invt. Ltd.,Naasa Securities Co. Ltd.,1425,236.5,337012.5,2025-08-27T12:02:06.475475
2025-08-27,57490,2025082704002564,GHL,ABC Securities Private Limited,Naasa Securities Co. Ltd.,9,235.0,2115.0,2025-08-27T12:06:09.186121
2025-08-27,57468,2025082704002569,GHL,Imperial Securities Company Pvt. Ltd.,Kohinoor Investment & Securities Pvt. Ltd.,100,236.5,23650.0,2025-08-27T12:06:14.470784
2025-08-27,57017,2025082704002670,GHL,Secured Securities Ltd.,Kohinoor Investment & Securities Pvt. Ltd.,450,236.5,106425.0,2025-08-27T12:07:47.597696
2025-08-27,56026,2025082704002921,GHL,Secured Securities Ltd.,Naasa Securities Co. Ltd.,10,236.5,2365.0,2025-08-27T12:11:28.48854
2025-08-27,55371,2025082704003080,GHL,Aryatara Investment & Securities,Bhrikuti Stock Broking Co. Pvt. Ltd.,200,237.0,47400.0,2025-08-27T12:14:26.042344
2025-08-27,55370,2025082704003081,GHL,Aryatara Investment & Securities,Naasa Securities Co. Ltd.,200,237.0,47400.0,2025-08-27T12:14:26.042618
2025-08-27,53129,2025082704003587,GHL,Aryatara Investment & Securities,Sundhara Securities Limited,500,236.9,118450.0,2025-08-27T12:25:12.317887
2025-08-27,52838,2025082704003654,GHL,Sri Hari Securities Pvt. Ltd.,Nepal Stock House (PVT) Ltd.,100,236.5,23650.0,2025-08-27T12:26:31.363636
2025-08-27,52801,2025082704003656,GHL,ABC Securities Private Limited,Agrawal Securities (PVT) Ltd.,2,236.0,472.0,2025-08-27T12:26:42.154423
2025-08-27,52782,2025082704003658,GHL,Sri Hari Securities Pvt. Ltd.,Naasa Securities Co. Ltd.,150,237.0,35550.0,2025-08-27T12:26:46.598451
2025-08-27,52191,2025082704003779,GHL,Cristal Kanchanjanga Securites Pvt. Ltd.,Naasa Securities Co. Ltd.,247,237.0,58539.0,2025-08-27T12:29:13.815937
2025-08-27,52190,2025082704003780,GHL,Cristal Kanchanjanga Securites Pvt. Ltd.,Sri Hari Securities Pvt. Ltd.,173,237.0,41001.0,2025-08-27T12:29:13.816241
2025-08-27,52033,2025082704003812,GHL,Kohinoor Investment & Securities Pvt. Ltd.,Sri Hari Securities Pvt. Ltd.,217,237.0,51429.0,2025-08-27T12:29:48.882526
2025-08-27,52032,2025082704003813,GHL,Kohinoor Investment & Securities Pvt. Ltd.,Primo Securities (PVT) Ltd.,183,237.0,43371.0,2025-08-27T12:29:48.882686
2025-08-27,51168,2025082704004001,GHL,Sri Hari Securities Pvt. Ltd.,Primo Securities (PVT) Ltd.,50,236.3,11815.0,2025-08-27T12:32:20.717476
2025-08-27,51167,2025082704004002,GHL,Premier Securities Company Ltd.,Primo Securities (PVT) Ltd.,50,236.3,11815.0,2025-08-27T12:32:20.717674
2025-08-27,50918,2025082704004067,GHL,Online Securities Pvt. Ltd.,Kohinoor Investment & Securities Pvt. Ltd.,300,236.4,70920.0,2025-08-27T12:33:30.068611
2025-08-27,50917,2025082704004068,GHL,Premier Securities Company Ltd.,Kohinoor Investment & Securities Pvt. Ltd.,45,236.3,10633.5,2025-08-27T12:33:30.068992
2025-08-27,50916,2025082704004069,GHL,Online Securities Pvt. Ltd.,Kohinoor Investment & Securities Pvt. Ltd.,655,236.2,154711.0,2025-08-27T12:33:30.069267
2025-08-27,50652,2025082704004132,GHL,Online Securities Pvt. Ltd.,Vision Securities Pvt. Ltd,55,236.2,12991.0,2025-08-27T12:34:15.107008
2025-08-27,50643,2025082704004136,GHL,Thrive Brokerage House Pvt. Ltd,Primo Securities (PVT) Ltd.,17,237.0,4029.0,2025-08-27T12:34:18.438505
2025-08-27,50642,2025082704004137,GHL,Thrive Brokerage House Pvt. Ltd,Magnet Securities and Investment Company Private Limited,50,237.0,11850.0,2025-08-27T12:34:18.43869
2025-08-27,48496,2025082704004621,GHL,Oxford Securities Pvt. Ltd.,Bhrikuti Stock Broking Co. Pvt. Ltd.,200,238.0,47600.0,2025-08-27T12:40:52.474585
2025-08-27,48235,2025082704004675,GHL,Trisul Securities & Invt. Ltd.,Bhrikuti Stock Broking Co. Pvt. Ltd.,100,238.0,23800.0,2025-08-27T12:41:35.771038
2025-08-27,48234,2025082704004676,GHL,Trisul Securities & Invt. Ltd.,ABC Securities Private Limited,895,238.0,213010.0,2025-08-27T12:41:35.77123
2025-08-27,47539,2025082704004888,GHL,South Asian Bulls Pvt. Ltd.,Naasa Securities Co. Ltd.,300,237.2,71160.0,2025-08-27T12:43:39.294195
2025-08-27,47538,2025082704004889,GHL,SHUBHAKAMANA SECURITIES PVT. LTD,Naasa Securities Co. Ltd.,220,237.1,52162.0,2025-08-27T12:43:39.294396
2025-08-27,47537,2025082704004890,GHL,Trishakti Securities Public Limited,Naasa Securities Co. Ltd.,650,237.1,154115.0,2025-08-27T12:43:39.294466
2025-08-27,47536,2025082704004891,GHL,Nepal Investment And Securities Trading Private Limited,Naasa Securities Co. Ltd.,48,237.1,11380.8,2025-08-27T12:43:39.294531
2025-08-27,47535,2025082704004892,GHL,Thrive Brokerage House Pvt. Ltd,Naasa Securities Co. Ltd.,33,237.0,7821.0,2025-08-27T12:43:39.294593
2025-08-27,47534,2025082704004893,GHL,Nepal Stock House (PVT) Ltd.,Naasa Securities Co. Ltd.,28,237.0,6636.0,2025-08-27T12:43:39.294657
2025-08-27,47533,2025082704004894,GHL,Shree Krishna Securities Ltd.,Naasa Securities Co. Ltd.,200,237.0,47400.0,2025-08-27T12:43:39.294717
2025-08-27,47532,2025082704004895,GHL,Vision Securities Pvt. Ltd,Naasa Securities Co. Ltd.,1042,237.0,246954.0,2025-08-27T12:43:39.294778
2025-08-27,47531,2025082704004896,GHL,Dipshikha Dhitopatra Karobar Co. Pvt Ltd.,Naasa Securities Co. Ltd.,137,237.0,32469.0,2025-08-27T12:43:39.294842
2025-08-27,45676,2025082704005396,GHL,Secured Securities Ltd.,ABC Securities Private Limited,105,238.0,24990.0,2025-08-27T12:50:31.432975
2025-08-27,45675,2025082704005397,GHL,Secured Securities Ltd.,Aryatara Investment & Securities,635,238.0,151130.0,2025-08-27T12:50:31.433183
2025-08-27,45423,2025082704005460,GHL,Vision Securities Pvt. Ltd,Midas Stock Broking Company Private Limited,190,238.4,45296.0,2025-08-27T12:51:38.951393
2025-08-27,45422,2025082704005461,GHL,Vision Securities Pvt. Ltd,J.F. Securites (PVT) Ltd.,140,238.5,33390.0,2025-08-27T12:51:38.951599
2025-08-27,45421,2025082704005462,GHL,Vision Securities Pvt. Ltd,Siprabi Securities Pvt. Ltd.,100,238.5,23850.0,2025-08-27T12:51:38.951679
2025-08-27,45420,2025082704005463,GHL,Vision Securities Pvt. Ltd,Investment Management Nepal Pvt. Ltd.,570,238.5,135945.0,2025-08-27T12:51:38.951748
2025-08-27,45369,2025082704005482,GHL,Sumeru Securities Pvt. Ltd.,Investment Management Nepal Pvt. Ltd.,100,238.5,23850.0,2025-08-27T12:51:49.860467
2025-08-27,45282,2025082704005505,GHL,Elite Stock House Limited,Deevyaa Securities & Stock House Pvt. Ltd,45,238.8,10746.0,2025-08-27T12:52:15.353256
2025-08-27,44328,2025082704005713,GHL,Dipshikha Dhitopatra Karobar Co. Pvt Ltd.,Nabil Stock Dealer Ltd.,200,238.6,47720.0,2025-08-27T12:56:20.073292
2025-08-27,44287,2025082704005722,GHL,Ashutosh Brokerage & Securities (PVT) Ltd.,Deevyaa Securities & Stock House Pvt. Ltd,955,238.8,228054.0,2025-08-27T12:56:30.203647
2025-08-27,44013,2025082704005769,GHL,ABC Securities Private Limited,Nepal Investment And Securities Trading Private Limited,50,238.9,11945.0,2025-08-27T12:57:48.425996
2025-08-27,43967,2025082704005777,GHL,Online Securities Pvt. Ltd.,Premier Securities Company Ltd.,250,239.0,59750.0,2025-08-27T12:58:01.747456
2025-08-27,43966,2025082704005778,GHL,Online Securities Pvt. Ltd.,Bhrikuti Stock Broking Co. Pvt. Ltd.,30,239.0,7170.0,2025-08-27T12:58:01.74763
2025-08-27,43965,2025082704005779,GHL,Online Securities Pvt. Ltd.,Premier Securities Company Ltd.,120,239.0,28680.0,2025-08-27T12:58:01.747708
2025-08-27,43869,2025082704005789,GHL,Kohinoor Investment & Securities Pvt. Ltd.,Premier Securities Company Ltd.,130,239.0,31070.0,2025-08-27T12:58:30.388392
2025-08-27,43868,2025082704005790,GHL,Kohinoor Investment & Securities Pvt. Ltd.,Dynamic Money Managers Securities Pvt. Ltd.,90,239.0,21510.0,2025-08-27T12:58:30.388587
2025-08-27,43867,2025082704005791,GHL,Kohinoor Investment & Securities Pvt. Ltd.,Investment Management Nepal Pvt. Ltd.,430,239.0,102770.0,2025-08-27T12:58:30.388656
2025-08-27,43765,2025082704005834,GHL,Dipshikha Dhitopatra Karobar Co. Pvt Ltd.,Bhrikuti Stock Broking Co. Pvt. Ltd.,10,239.5,2395.0,2025-08-27T12:58:53.96217
2025-08-27,41945,2025082704006226,GHL,Naasa Securities Co. Ltd.,Bhrikuti Stock Broking Co. Pvt. Ltd.,300,239.5,71850.0,2025-08-27T13:05:27.971172
2025-08-27,41209,2025082704006424,GHL,Elite Stock House Limited,Bhrikuti Stock Broking Co. Pvt. Ltd.,90,239.5,21555.0,2025-08-27T13:08:12.939799
2025-08-27,41208,2025082704006425,GHL,Elite Stock House Limited,Magnet Securities and Investment Company Private Limited,100,239.7,23970.0,2025-08-27T13:08:12.939989
2025-08-27,41207,2025082704006426,GHL,Elite Stock House Limited,Sweta Securities Private Limited,400,239.7,95880.0,2025-08-27T13:08:12.940079
2025-08-27,41206,2025082704006427,GHL,Elite Stock House Limited,Aryatara Investment & Securities,60,240.0,14400.0,2025-08-27T13:08:12.940145
2025-08-27,41205,2025082704006428,GHL,Elite Stock House Limited,N.I.M.B. Stock Markets Limited,150,240.0,36000.0,2025-08-27T13:08:12.940214
2025-08-27,41081,2025082704006448,GHL,Nabil Stock Dealer Ltd.,N.I.M.B. Stock Markets Limited,850,240.0,204000.0,2025-08-27T13:08:35.950304
2025-08-27,41080,2025082704006449,GHL,Nabil Stock Dealer Ltd.,Aryatara Investment & Securities,90,240.0,21600.0,2025-08-27T13:08:35.950514
2025-08-27,41079,2025082704006450,GHL,Nabil Stock Dealer Ltd.,Kalika Securities Pvt. Ltd.,60,240.0,14400.0,2025-08-27T13:08:35.950585
2025-08-27,40706,2025082704006545,GHL,KALASH STOCK MARKET PVT. LTD.,Kalika Securities Pvt. Ltd.,500,240.0,120000.0,2025-08-27T13:10:02.989968
2025-08-27,40589,2025082704006561,GHL,Naasa Securities Co. Ltd.,Kalika Securities Pvt. Ltd.,60,240.0,14400.0,2025-08-27T13:10:30.13701
2025-08-27,40476,2025082704006591,GHL,Elite Stock House Limited,Kalika Securities Pvt. Ltd.,35,240.0,8400.0,2025-08-27T13:10:50.569507
2025-08-27,40336,2025082704006612,GHL,Asian Securities Private Ltd.,Kalika Securities Pvt. Ltd.,345,240.0,82800.0,2025-08-27T13:11:32.669406
2025-08-27,40335,2025082704006613,GHL,Asian Securities Private Ltd.,Midas Stock Broking Company Private Limited,300,240.0,72000.0,2025-08-27T13:11:32.669621
2025-08-27,40334,2025082704006614,GHL,Asian Securities Private Ltd.,Primo Securities (PVT) Ltd.,355,240.0,85200.0,2025-08-27T13:11:32.669691
2025-08-27,40211,2025082704006640,GHL,Elite Stock House Limited,Primo Securities (PVT) Ltd.,645,240.0,154800.0,2025-08-27T13:12:02.817642
2025-08-27,40210,2025082704006641,GHL,Elite Stock House Limited,Stoxkarts Securities Limited,105,241.0,25305.0,2025-08-27T13:12:02.817952
2025-08-27,39975,2025082704006692,GHL,Elite Stock House Limited,Opal Securities Investment (PVT) Ltd.,40,240.0,9600.0,2025-08-27T13:12:47.980862
2025-08-27,39919,2025082704006723,GHL,Dipshikha Dhitopatra Karobar Co. Pvt Ltd.,Opal Securities Investment (PVT) Ltd.,30,240.0,7200.0,2025-08-27T13:12:55.300821
2025-08-27,39865,2025082704006742,GHL,Dipshikha Dhitopatra Karobar Co. Pvt Ltd.,Opal Securities Investment (PVT) Ltd.,130,240.0,31200.0,2025-08-27T13:13:02.38042
2025-08-27,39469,2025082704006853,GHL,Dipshikha Dhitopatra Karobar Co. Pvt Ltd.,Stoxkarts Securities Limited,365,241.0,87965.0,2025-08-27T13:14:43.188017
2025-08-27,39441,2025082704006867,GHL,KALASH STOCK MARKET PVT. LTD.,Kohinoor Investment & Securities Pvt. Ltd.,10,241.0,2410.0,2025-08-27T13:14:48.970611
2025-08-27,39440,2025082704006868,GHL,KALASH STOCK MARKET PVT. LTD.,Dipshikha Dhitopatra Karobar Co. Pvt Ltd.,40,241.0,9640.0,2025-08-27T13:14:48.970932
2025-08-27,39439,2025082704006869,GHL,KALASH STOCK MARKET PVT. LTD.,Naasa Securities Co. Ltd.,30,241.0,7230.0,2025-08-27T13:14:48.971131
2025-08-27,39438,2025082704006870,GHL,KALASH STOCK MARKET PVT. LTD.,Capital Hub P. Ltd,1500,241.5,362250.0,2025-08-27T13:14:48.971349
2025-08-27,39437,2025082704006871,GHL,KALASH STOCK MARKET PVT. LTD.,Imperial Securities Company Pvt. Ltd.,200,241.7,48340.0,2025-08-27T13:14:48.971546
2025-08-27,39436,2025082704006872,GHL,KALASH STOCK MARKET PVT. LTD.,N.M.B. SECURITIES LIMITED,220,241.7,53174.0,2025-08-27T13:14:48.971741
2025-08-27,39216,2025082704006930,GHL,Linch Stock Market Ltd.,Nepal Investment And Securities Trading Private Limited,65,240.1,15606.5,2025-08-27T13:15:33.188855
2025-08-27,38942,2025082704007003,GHL,Naasa Securities Co. Ltd.,Dynamic Money Managers Securities Pvt. Ltd.,500,241.1,120550.0,2025-08-27T13:16:37.932544
2025-08-27,37358,2025082704007448,GHL,Imperial Securities Company Pvt. Ltd.,Dynamic Money Managers Securities Pvt. Ltd.,500,241.4,120700.0,2025-08-27T13:23:03.833202
2025-08-27,37315,2025082704007461,GHL,Online Securities Pvt. Ltd.,Sumeru Securities Pvt. Ltd.,500,241.0,120500.0,2025-08-27T13:23:17.037349
2025-08-27,37295,2025082704007471,GHL,Aakashbhairab Securities Ltd.,Market Securities & Exchange (PVT) Ltd.,100,241.5,24150.0,2025-08-27T13:23:24.015349
2025-08-27,37254,2025082704007478,GHL,Himalayan Brokerage Company Limited,Linch Stock Market Ltd.,500,241.6,120800.0,2025-08-27T13:23:34.69981
2025-08-27,37253,2025082704007479,GHL,Himalayan Brokerage Company Limited,N.M.B. SECURITIES LIMITED,280,241.7,67676.0,2025-08-27T13:23:34.700167
2025-08-27,37156,2025082704007503,GHL,Himalayan Brokerage Company Limited,SUN SECURITIES PVT LTD,200,242.0,48400.0,2025-08-27T13:23:57.64003
2025-08-27,37083,2025082704007524,GHL,Himalayan Brokerage Company Limited,Imperial Securities Company Pvt. Ltd.,20,242.0,4840.0,2025-08-27T13:24:21.915741
2025-08-27,37082,2025082704007525,GHL,Online Securities Pvt. Ltd.,Imperial Securities Company Pvt. Ltd.,30,242.0,7260.0,2025-08-27T13:24:21.915935
2025-08-27,36474,2025082704007699,GHL,Naasa Securities Co. Ltd.,Sweta Securities Private Limited,20,242.0,4840.0,2025-08-27T13:26:29.173174
2025-08-27,36473,2025082704007700,GHL,Naasa Securities Co. Ltd.,Trishakti Securities Public Limited,1798,242.0,435116.0,2025-08-27T13:26:29.207362
2025-08-27,36472,2025082704007701,GHL,Online Securities Pvt. Ltd.,Trishakti Securities Public Limited,200,242.0,48400.0,2025-08-27T13:26:29.20747
2025-08-27,36471,2025082704007702,GHL,Asian Securities Private Ltd.,Trishakti Securities Public Limited,1030,241.1,248333.0,2025-08-27T13:26:29.207551
2025-08-27,36470,2025082704007703,GHL,Online Securities Pvt. Ltd.,Trishakti Securities Public Limited,9500,241.0,2289500.0,2025-08-27T13:26:29.207641
2025-08-27,36469,2025082704007704,GHL,Online Securities Pvt. Ltd.,Trishakti Securities Public Limited,2000,241.0,482000.0,2025-08-27T13:26:29.207716
2025-08-27,36468,2025082704007705,GHL,Online Securities Pvt. Ltd.,Trishakti Securities Public Limited,472,241.0,113752.0,2025-08-27T13:26:29.207797
2025-08-27,36435,2025082704007707,GHL,J.F. Securites (PVT) Ltd.,Primo Securities (PVT) Ltd.,200,242.1,48420.0,2025-08-27T13:26:32.748562
2025-08-27,36068,2025082704007791,GHL,Midas Stock Broking Company Private Limited,Primo Securities (PVT) Ltd.,400,241.0,96400.0,2025-08-27T13:27:55.047037
2025-08-27,36067,2025082704007792,GHL,Midas Stock Broking Company Private Limited,Primo Securities (PVT) Ltd.,63,241.0,15183.0,2025-08-27T13:27:55.047228
2025-08-27,36030,2025082704007802,GHL,Trisul Securities & Invt. Ltd.,Primo Securities (PVT) Ltd.,100,241.0,24100.0,2025-08-27T13:28:03.775236
2025-08-27,35726,2025082704007869,GHL,Sundhara Securities Limited,Primo Securities (PVT) Ltd.,90,240.5,21645.0,2025-08-27T13:29:11.332775
2025-08-27,35725,2025082704007870,GHL,Dynamic Money Managers Securities Pvt. Ltd.,Primo Securities (PVT) Ltd.,290,240.5,69745.0,2025-08-27T13:29:11.332985
2025-08-27,35724,2025082704007871,GHL,Kohinoor Investment & Securities Pvt. Ltd.,Primo Securities (PVT) Ltd.,350,240.3,84105.0,2025-08-27T13:29:11.333067
2025-08-27,35723,2025082704007872,GHL,Linch Stock Market Ltd.,Primo Securities (PVT) Ltd.,435,240.1,104443.5,2025-08-27T13:29:11.333138
2025-08-27,35722,2025082704007873,GHL,S.P.S.A. Securities Limited,Primo Securities (PVT) Ltd.,500,240.0,120000.0,2025-08-27T13:29:11.333207
2025-08-27,35721,2025082704007874,GHL,Premier Securities Company Ltd.,Primo Securities (PVT) Ltd.,300,240.0,72000.0,2025-08-27T13:29:11.333282
2025-08-27,35720,2025082704007875,GHL,Dynamic Money Managers Securities Pvt. Ltd.,Primo Securities (PVT) Ltd.,200,240.0,48000.0,2025-08-27T13:29:11.333369
2025-08-27,35719,2025082704007876,GHL,SUN SECURITIES PVT LTD,Primo Securities (PVT) Ltd.,173,240.0,41520.0,2025-08-27T13:29:11.333434
2025-08-27,35718,2025082704007877,GHL,Investment Management Nepal Pvt. Ltd.,Primo Securities (PVT) Ltd.,100,240.0,24000.0,2025-08-27T13:29:11.333495
2025-08-27,35376,2025082704007967,GHL,Vision Securities Pvt. Ltd,Sani Securities Company Ltd.,17,240.0,4080.0,2025-08-27T13:30:28.403291
2025-08-27,34824,2025082704008098,GHL,Vision Securities Pvt. Ltd,Trishakti Securities Public Limited,148,240.0,35520.0,2025-08-27T13:31:54.780838
2025-08-27,34823,2025082704008099,GHL,Online Securities Pvt. Ltd.,Trishakti Securities Public Limited,52,240.0,12480.0,2025-08-27T13:31:54.781138
2025-08-27,34621,2025082704008134,GHL,Online Securities Pvt. Ltd.,Trishakti Securities Public Limited,41,240.0,9840.0,2025-08-27T13:32:33.032892
2025-08-27,33873,2025082704008332,GHL,Nepal Stock House (PVT) Ltd.,Trishakti Securities Public Limited,59,240.0,14160.0,2025-08-27T13:35:15.957681
2025-08-27,33626,2025082704008388,GHL,Siprabi Securities Pvt. Ltd.,Dynamic Money Managers Securities Pvt. Ltd.,500,240.1,120050.0,2025-08-27T13:36:04.243931
2025-08-27,32993,2025082704008572,GHL,Nepal Stock House (PVT) Ltd.,Sani Securities Company Ltd.,241,240.0,57840.0,2025-08-27T13:38:33.028843
2025-08-27,32982,2025082704008575,GHL,Trishakti Securities Public Limited,Sani Securities Company Ltd.,59,240.0,14160.0,2025-08-27T13:38:36.231427
2025-08-27,32522,2025082704008679,GHL,Dipshikha Dhitopatra Karobar Co. Pvt Ltd.,Sani Securities Company Ltd.,400,240.9,96360.0,2025-08-27T13:40:35.85175
2025-08-27,32450,2025082704008698,GHL,Trishakti Securities Public Limited,Secured Securities Ltd.,100,240.1,24010.0,2025-08-27T13:40:46.609042
2025-08-27,32286,2025082704008744,GHL,Dipshikha Dhitopatra Karobar Co. Pvt Ltd.,Sani Securities Company Ltd.,40,240.9,9636.0,2025-08-27T13:41:38.284678
2025-08-27,32052,2025082704008784,GHL,Nepal Stock House (PVT) Ltd.,Sani Securities Company Ltd.,1990,241.0,479590.0,2025-08-27T13:42:48.21292
2025-08-27,32051,2025082704008785,GHL,Nepal Stock House (PVT) Ltd.,Trishakti Securities Public Limited,10,241.0,2410.0,2025-08-27T13:42:48.213285
2025-08-27,31238,2025082704008958,GHL,Sumeru Securities Pvt. Ltd.,Trishakti Securities Public Limited,200,241.0,48200.0,2025-08-27T13:47:40.98953
2025-08-27,31004,2025082704009016,GHL,Trishakti Securities Public Limited,Kumari Securities Private Limited,200,240.1,48020.0,2025-08-27T13:49:08.103205
2025-08-27,30104,2025082704009176,GHL,Capital Max Securities Ltd,Trishakti Securities Public Limited,175,241.0,42175.0,2025-08-27T13:53:19.004134
2025-08-27,30103,2025082704009177,GHL,Capital Max Securities Ltd,Swarna Laxmi Securities Pvt. Ltd.,45,241.0,10845.0,2025-08-27T13:53:19.00438
2025-08-27,30084,2025082704009185,GHL,Naasa Securities Co. Ltd.,Swarna Laxmi Securities Pvt. Ltd.,155,241.0,37355.0,2025-08-27T13:53:23.244721
2025-08-27,30083,2025082704009186,GHL,Naasa Securities Co. Ltd.,Sri Hari Securities Pvt. Ltd.,45,241.0,10845.0,2025-08-27T13:53:23.245072
2025-08-27,29578,2025082704009285,GHL,Sagarmatha Securities Private Limited,J.F. Securites (PVT) Ltd.,100,240.5,24050.0,2025-08-27T13:55:28.21379
2025-08-27,29577,2025082704009286,GHL,Nepal Investment And Securities Trading Private Limited,J.F. Securites (PVT) Ltd.,30,240.5,7215.0,2025-08-27T13:55:28.213859
2025-08-27,29576,2025082704009287,GHL,Sagarmatha Securities Private Limited,J.F. Securites (PVT) Ltd.,100,240.4,24040.0,2025-08-27T13:55:28.213892
2025-08-27,29575,2025082704009288,GHL,Sagarmatha Securities Private Limited,J.F. Securites (PVT) Ltd.,200,240.3,48060.0,2025-08-27T13:55:28.21392
2025-08-27,29574,2025082704009289,GHL,Sagarmatha Securities Private Limited,J.F. Securites (PVT) Ltd.,100,240.2,24020.0,2025-08-27T13:55:28.213946
2025-08-27,29573,2025082704009290,GHL,Trishakti Securities Public Limited,J.F. Securites (PVT) Ltd.,141,240.1,33854.1,2025-08-27T13:55:28.21397
2025-08-27,29572,2025082704009291,GHL,Premier Securities Company Ltd.,J.F. Securites (PVT) Ltd.,329,240.1,78992.9,2025-08-27T13:55:28.213998
2025-08-27,27624,2025082704009630,GHL,Linch Stock Market Ltd.,Sumeru Securities Pvt. Ltd.,100,240.3,24030.0,2025-08-27T14:02:42.005916
2025-08-27,27623,2025082704009631,GHL,Kohinoor Investment & Securities Pvt. Ltd.,Sumeru Securities Pvt. Ltd.,200,240.3,48060.0,2025-08-27T14:02:42.006344
2025-08-27,26646,2025082704009852,GHL,Linch Stock Market Ltd.,Agrawal Securities (PVT) Ltd.,100,240.3,24030.0,2025-08-27T14:05:21.389016
2025-08-27,26645,2025082704009853,GHL,Trademow Securities Private Limited,Agrawal Securities (PVT) Ltd.,21,240.3,5046.3,2025-08-27T14:05:21.389135
2025-08-27,26644,2025082704009854,GHL,Vision Securities Pvt. Ltd,Agrawal Securities (PVT) Ltd.,879,240.2,211135.8,2025-08-27T14:05:21.389166
2025-08-27,26444,2025082704009906,GHL,Dipshikha Dhitopatra Karobar Co. Pvt Ltd.,Sri Hari Securities Pvt. Ltd.,10,241.0,2410.0,2025-08-27T14:06:02.189808
2025-08-27,26262,2025082704009929,GHL,Vision Securities Pvt. Ltd,Naasa Securities Co. Ltd.,220,241.6,53152.0,2025-08-27T14:06:30.976499
2025-08-27,26261,2025082704009930,GHL,Vision Securities Pvt. Ltd,Sweta Securities Private Limited,51,241.7,12326.7,2025-08-27T14:06:30.976754
2025-08-27,25741,2025082704010039,GHL,Vision Securities Pvt. Ltd,Sweta Securities Private Limited,100,241.7,24170.0,2025-08-27T14:07:49.972451
2025-08-27,24658,2025082704010207,GHL,Kohinoor Investment & Securities Pvt. Ltd.,Imperial Securities Company Pvt. Ltd.,500,241.5,120750.0,2025-08-27T14:11:15.642417
2025-08-27,24017,2025082704010289,GHL,Dipshikha Dhitopatra Karobar Co. Pvt Ltd.,Primo Securities (PVT) Ltd.,1000,241.5,241500.0,2025-08-27T14:12:46.40358
2025-08-27,24016,2025082704010290,GHL,Thrive Brokerage House Pvt. Ltd,Primo Securities (PVT) Ltd.,1000,241.5,241500.0,2025-08-27T14:12:46.40395
2025-08-27,24015,2025082704010291,GHL,Vision Securities Pvt. Ltd,Primo Securities (PVT) Ltd.,1000,241.0,241000.0,2025-08-27T14:12:46.404208
2025-08-27,24014,2025082704010292,GHL,Vision Securities Pvt. Ltd,Primo Securities (PVT) Ltd.,1000,241.0,241000.0,2025-08-27T14:12:46.404453
2025-08-27,24013,2025082704010293,GHL,Kalika Securities Pvt. Ltd.,Primo Securities (PVT) Ltd.,180,240.5,43290.0,2025-08-27T14:12:46.404686
2025-08-27,24012,2025082704010294,GHL,Dakshinkali Investment & Securities Pvt. Ltd.,Primo Securities (PVT) Ltd.,20,240.5,4810.0,2025-08-27T14:12:46.404919
2025-08-27,24011,2025082704010295,GHL,Sweta Securities Private Limited,Primo Securities (PVT) Ltd.,30,240.4,7212.0,2025-08-27T14:12:46.405189
2025-08-27,24010,2025082704010296,GHL,Dipshikha Dhitopatra Karobar Co. Pvt Ltd.,Primo Securities (PVT) Ltd.,10,240.3,2403.0,2025-08-27T14:12:46.405437
2025-08-27,24009,2025082704010297,GHL,Linch Stock Market Ltd.,Primo Securities (PVT) Ltd.,100,240.3,24030.0,2025-08-27T14:12:46.405689
2025-08-27,24008,2025082704010298,GHL,ABC Securities Private Limited,Primo Securities (PVT) Ltd.,100,240.3,24030.0,2025-08-27T14:12:46.405927
2025-08-27,24007,2025082704010299,GHL,Trademow Securities Private Limited,Primo Securities (PVT) Ltd.,54,240.2,12970.8,2025-08-27T14:12:46.406177
2025-08-27,24006,2025082704010300,GHL,Premier Securities Company Ltd.,Primo Securities (PVT) Ltd.,171,240.1,41057.1,2025-08-27T14:12:46.406437
2025-08-27,24005,2025082704010301,GHL,Ashutosh Brokerage & Securities (PVT) Ltd.,Primo Securities (PVT) Ltd.,100,240.1,24010.0,2025-08-27T14:12:46.406711
2025-08-27,24004,2025082704010302,GHL,Dipshikha Dhitopatra Karobar Co. Pvt Ltd.,Primo Securities (PVT) Ltd.,500,240.0,120000.0,2025-08-27T14:12:46.406988
2025-08-27,24003,2025082704010303,GHL,Sumeru Securities Pvt. Ltd.,Primo Securities (PVT) Ltd.,10,240.0,2400.0,2025-08-27T14:12:46.407233
2025-08-27,24002,2025082704010304,GHL,Naasa Securities Co. Ltd.,Primo Securities (PVT) Ltd.,200,240.0,48000.0,2025-08-27T14:12:46.40748
2025-08-27,24001,2025082704010305,GHL,Kohinoor Investment & Securities Pvt. Ltd.,Primo Securities (PVT) Ltd.,800,240.0,192000.0,2025-08-27T14:12:46.407718
2025-08-27,24000,2025082704010306,GHL,Vision Securities Pvt. Ltd,Primo Securities (PVT) Ltd.,1000,240.0,240000.0,2025-08-27T14:12:46.407963
2025-08-27,23999,2025082704010307,GHL,Midas Stock Broking Company Private Limited,Primo Securities (PVT) Ltd.,300,240.0,72000.0,2025-08-27T14:12:46.408193
2025-08-27,23998,2025082704010308,GHL,Naasa Securities Co. Ltd.,Primo Securities (PVT) Ltd.,1250,240.0,300000.0,2025-08-27T14:12:46.408424
2025-08-27,23997,2025082704010309,GHL,Online Securities Pvt. Ltd.,Primo Securities (PVT) Ltd.,300,240.0,72000.0,2025-08-27T14:12:46.408673
2025-08-27,23830,2025082704010347,GHL,Naasa Securities Co. Ltd.,Primo Securities (PVT) Ltd.,2200,241.0,530200.0,2025-08-27T14:13:24.249148
2025-08-27,23406,2025082704010433,GHL,Imperial Securities Company Pvt. Ltd.,Primo Securities (PVT) Ltd.,535,241.0,128935.0,2025-08-27T14:14:42.273582
2025-08-27,23385,2025082704010434,GHL,Aryatara Investment & Securities,Primo Securities (PVT) Ltd.,200,241.0,48200.0,2025-08-27T14:14:42.806505
2025-08-27,22680,2025082704010576,GHL,Premier Securities Company Ltd.,Sweta Securities Private Limited,500,240.1,120050.0,2025-08-27T14:17:02.876085
2025-08-27,22679,2025082704010577,GHL,Sweta Securities Private Limited,Sweta Securities Private Limited,100,240.0,24000.0,2025-08-27T14:17:02.876288
2025-08-27,22678,2025082704010578,GHL,Naasa Securities Co. Ltd.,Sweta Securities Private Limited,400,240.0,96000.0,2025-08-27T14:17:02.876379
2025-08-27,22465,2025082704010641,GHL,Dakshinkali Investment & Securities Pvt. Ltd.,Sweta Securities Private Limited,250,240.0,60000.0,2025-08-27T14:17:38.899607
2025-08-27,21969,2025082704010750,GHL,Asian Securities Private Ltd.,Sweta Securities Private Limited,180,240.0,43200.0,2025-08-27T14:19:01.346841
2025-08-27,21968,2025082704010751,GHL,Asian Securities Private Ltd.,Imperial Securities Company Pvt. Ltd.,500,240.0,120000.0,2025-08-27T14:19:01.347045
2025-08-27,21763,2025082704010808,GHL,Naasa Securities Co. Ltd.,Sumeru Securities Pvt. Ltd.,100,240.0,24000.0,2025-08-27T14:19:37.622074
2025-08-27,21477,2025082704010858,GHL,Naasa Securities Co. Ltd.,Sani Securities Company Ltd.,1,240.9,240.9,2025-08-27T14:20:29.273844
2025-08-27,21248,2025082704010914,GHL,Naasa Securities Co. Ltd.,Sumeru Securities Pvt. Ltd.,100,240.0,24000.0,2025-08-27T14:21:15.167616
2025-08-27,20621,2025082704011030,GHL,Naasa Securities Co. Ltd.,Nepal Investment And Securities Trading Private Limited,100,240.1,24010.0,2025-08-27T14:23:07.818426
2025-08-27,20387,2025082704011041,GHL,Bhrikuti Stock Broking Co. Pvt. Ltd.,Nepal Investment And Securities Trading Private Limited,600,240.1,144060.0,2025-08-27T14:23:38.770239
2025-08-27,20359,2025082704011046,GHL,Naasa Securities Co. Ltd.,Dipshikha Dhitopatra Karobar Co. Pvt Ltd.,700,240.0,168000.0,2025-08-27T14:23:43.65292
2025-08-27,19865,2025082704011161,GHL,Naasa Securities Co. Ltd.,Linch Stock Market Ltd.,1100,240.0,264000.0,2025-08-27T14:25:12.7812
2025-08-27,19766,2025082704011178,GHL,Nepal Investment And Securities Trading Private Limited,Linch Stock Market Ltd.,500,240.1,120050.0,2025-08-27T14:25:29.896575
2025-08-27,19098,2025082704011290,GHL,South Asian Bulls Pvt. Ltd.,Aryatara Investment & Securities,100,240.9,24090.0,2025-08-27T14:27:33.15721
2025-08-27,18000,2025082704011558,GHL,Asian Securities Private Ltd.,Trishakti Securities Public Limited,100,240.6,24060.0,2025-08-27T14:30:51.326947
2025-08-27,17225,2025082704011720,GHL,Asian Securities Private Ltd.,Himalayan Brokerage Company Limited,200,240.6,48120.0,2025-08-27T14:32:36.06021
2025-08-27,16100,2025082704011927,GHL,Asian Securities Private Ltd.,Vision Securities Pvt. Ltd,60,240.6,14436.0,2025-08-27T14:35:59.037687
2025-08-27,15481,2025082704012061,GHL,Opal Securities Investment (PVT) Ltd.,Trisul Securities & Invt. Ltd.,200,240.7,48140.0,2025-08-27T14:37:39.495328
2025-08-27,15282,2025082704012104,GHL,Asian Securities Private Ltd.,Linch Stock Market Ltd.,140,240.6,33684.0,2025-08-27T14:38:10.623509
2025-08-27,15281,2025082704012105,GHL,Kohinoor Investment & Securities Pvt. Ltd.,Linch Stock Market Ltd.,500,240.1,120050.0,2025-08-27T14:38:10.623755
2025-08-27,15280,2025082704012106,GHL,Premier Securities Company Ltd.,Linch Stock Market Ltd.,100,240.0,24000.0,2025-08-27T14:38:10.62386
2025-08-27,15279,2025082704012107,GHL,Nepal Investment And Securities Trading Private Limited,Linch Stock Market Ltd.,500,240.0,120000.0,2025-08-27T14:38:10.623944
2025-08-27,15278,2025082704012108,GHL,Sani Securities Company Ltd.,Linch Stock Market Ltd.,1000,240.0,240000.0,2025-08-27T14:38:10.624024
2025-08-27,14893,2025082704012182,GHL,Asian Securities Private Ltd.,Linch Stock Market Ltd.,10,240.0,2400.0,2025-08-27T14:39:13.177279
2025-08-27,14892,2025082704012183,GHL,Thrive Brokerage House Pvt. Ltd,Linch Stock Market Ltd.,300,240.0,72000.0,2025-08-27T14:39:13.177527
2025-08-27,14742,2025082704012205,GHL,Nepal Investment And Securities Trading Private Limited,Linch Stock Market Ltd.,50,240.0,12000.0,2025-08-27T14:39:35.370889
2025-08-27,14741,2025082704012206,GHL,Asian Securities Private Ltd.,Linch Stock Market Ltd.,140,240.0,33600.0,2025-08-27T14:39:35.371148
2025-08-27,13108,2025082704012565,GHL,Nabil Stock Dealer Ltd.,Linch Stock Market Ltd.,60,240.0,14400.0,2025-08-27T14:43:14.365796
2025-08-27,12091,2025082704012811,GHL,Pragyan Securities (PVT) Ltd.,Imperial Securities Company Pvt. Ltd.,20,240.5,4810.0,2025-08-27T14:45:12.339847
2025-08-27,11895,2025082704012869,GHL,Nabil Stock Dealer Ltd.,Imperial Securities Company Pvt. Ltd.,500,240.0,120000.0,2025-08-27T14:45:30.781998
2025-08-27,10880,2025082704013172,GHL,Nabil Stock Dealer Ltd.,Trisul Securities & Invt. Ltd.,240,240.0,57600.0,2025-08-27T14:47:21.06251
2025-08-27,10879,2025082704013173,GHL,Creative Securities Pvt Ltd,Trisul Securities & Invt. Ltd.,60,240.0,14400.0,2025-08-27T14:47:21.062734
2025-08-27,10304,2025082704013302,GHL,Naasa Securities Co. Ltd.,Imperial Securities Company Pvt. Ltd.,200,240.5,48100.0,2025-08-27T14:48:21.891443
2025-08-27,9818,2025082704013463,GHL,Naasa Securities Co. Ltd.,Imperial Securities Company Pvt. Ltd.,200,240.5,48100.0,2025-08-27T14:49:08.214383
2025-08-27,9782,2025082704013471,GHL,Sani Securities Company Ltd.,Imperial Securities Company Pvt. Ltd.,80,240.5,19240.0,2025-08-27T14:49:13.072639
2025-08-27,9781,2025082704013472,GHL,Sani Securities Company Ltd.,Premier Securities Company Ltd.,100,240.6,24060.0,2025-08-27T14:49:13.07286
2025-08-27,9780,2025082704013473,GHL,Sani Securities Company Ltd.,Aryatara Investment & Securities,200,240.9,48180.0,2025-08-27T14:49:13.072945
2025-08-27,9779,2025082704013474,GHL,Sani Securities Company Ltd.,Oxford Securities Pvt. Ltd.,500,241.0,120500.0,2025-08-27T14:49:13.073027
2025-08-27,9778,2025082704013475,GHL,Sani Securities Company Ltd.,Sweta Securities Private Limited,50,241.0,12050.0,2025-08-27T14:49:13.073108
2025-08-27,9777,2025082704013476,GHL,Sani Securities Company Ltd.,Vision Securities Pvt. Ltd,400,241.0,96400.0,2025-08-27T14:49:13.073191
2025-08-27,9776,2025082704013477,GHL,Sani Securities Company Ltd.,Secured Securities Ltd.,100,241.0,24100.0,2025-08-27T14:49:13.073294
2025-08-27,9775,2025082704013478,GHL,Sani Securities Company Ltd.,Aryatara Investment & Securities,90,241.0,21690.0,2025-08-27T14:49:13.073386
2025-08-27,9531,2025082704013594,GHL,Sani Securities Company Ltd.,Sani Securities Company Ltd.,480,241.0,115680.0,2025-08-27T14:49:33.571293
2025-08-27,8905,2025082704013728,GHL,Oxford Securities Pvt. Ltd.,Primo Securities (PVT) Ltd.,600,240.3,144180.0,2025-08-27T14:50:33.986868
2025-08-27,8904,2025082704013729,GHL,Neev Securities Pvt. Ltd.,Primo Securities (PVT) Ltd.,500,240.1,120050.0,2025-08-27T14:50:33.987096
2025-08-27,8903,2025082704013730,GHL,Deevyaa Securities & Stock House Pvt. Ltd,Primo Securities (PVT) Ltd.,50,240.1,12005.0,2025-08-27T14:50:33.987183
2025-08-27,8902,2025082704013731,GHL,Premier Securities Company Ltd.,Primo Securities (PVT) Ltd.,320,240.1,76832.0,2025-08-27T14:50:33.987263
2025-08-27,8901,2025082704013732,GHL,Creative Securities Pvt Ltd,Primo Securities (PVT) Ltd.,940,240.0,225600.0,2025-08-27T14:50:33.98735
2025-08-27,8900,2025082704013733,GHL,Kohinoor Investment & Securities Pvt. Ltd.,Primo Securities (PVT) Ltd.,583,240.0,139920.0,2025-08-27T14:50:33.987428
2025-08-27,8899,2025082704013734,GHL,Dynamic Money Managers Securities Pvt. Ltd.,Primo Securities (PVT) Ltd.,100,240.0,24000.0,2025-08-27T14:50:33.987512
2025-08-27,8898,2025082704013735,GHL,Property Wiard Limited,Primo Securities (PVT) Ltd.,200,240.0,48000.0,2025-08-27T14:50:33.987594
2025-08-27,8897,2025082704013736,GHL,Cristal Kanchanjanga Securites Pvt. Ltd.,Primo Securities (PVT) Ltd.,300,240.0,72000.0,2025-08-27T14:50:33.987672
2025-08-27,8896,2025082704013737,GHL,Sweta Securities Private Limited,Primo Securities (PVT) Ltd.,100,240.0,24000.0,2025-08-27T14:50:33.987756
2025-08-27,8895,2025082704013738,GHL,Online Securities Pvt. Ltd.,Primo Securities (PVT) Ltd.,450,240.0,108000.0,2025-08-27T14:50:33.987836
2025-08-27,8894,2025082704013739,GHL,Oxford Securities Pvt. Ltd.,Primo Securities (PVT) Ltd.,402,240.0,96480.0,2025-08-27T14:50:33.987922
2025-08-27,8893,2025082704013740,GHL,Secured Securities Ltd.,Primo Securities (PVT) Ltd.,100,240.0,24000.0,2025-08-27T14:50:33.988003
2025-08-27,8866,2025082704013745,GHL,Midas Stock Broking Company Private Limited,Primo Securities (PVT) Ltd.,100,240.0,24000.0,2025-08-27T14:50:37.562242
2025-08-27,8824,2025082704013752,GHL,Ashutosh Brokerage & Securities (PVT) Ltd.,Primo Securities (PVT) Ltd.,140,240.0,33600.0,2025-08-27T14:50:43.504733
2025-08-27,8690,2025082704013771,GHL,Agrawal Securities (PVT) Ltd.,Primo Securities (PVT) Ltd.,50,240.0,12000.0,2025-08-27T14:51:00.087454
2025-08-27,8176,2025082704013881,GHL,Linch Stock Market Ltd.,Primo Securities (PVT) Ltd.,1000,240.0,240000.0,2025-08-27T14:51:48.11002
2025-08-27,5779,2025082704014439,GHL,ABC Securities Private Limited,Sani Securities Company Ltd.,60,239.9,14394.0,2025-08-27T14:55:06.145343
2025-08-27,5254,2025082704014561,GHL,South Asian Bulls Pvt. Ltd.,Sani Securities Company Ltd.,100,239.9,23990.0,2025-08-27T14:55:43.272508
2025-08-27,5179,2025082704014583,GHL,Nepal Stock House (PVT) Ltd.,Sani Securities Company Ltd.,330,239.9,79167.0,2025-08-27T14:55:50.062029
2025-08-27,5178,2025082704014584,GHL,Nepal Stock House (PVT) Ltd.,Primo Securities (PVT) Ltd.,420,240.0,100800.0,2025-08-27T14:55:50.062251
2025-08-27,5001,2025082704014641,GHL,Naasa Securities Co. Ltd.,Primo Securities (PVT) Ltd.,200,240.0,48000.0,2025-08-27T14:56:05.803823
2025-08-27,4716,2025082704014692,GHL,Aryatara Investment & Securities,Primo Securities (PVT) Ltd.,100,240.0,24000.0,2025-08-27T14:56:24.938513
2025-08-27,4713,2025082704014693,GHL,Imperial Securities Company Pvt. Ltd.,Primo Securities (PVT) Ltd.,20,240.0,4800.0,2025-08-27T14:56:25.371894
2025-08-27,4560,2025082704014727,GHL,Shree Krishna Securities Ltd.,Primo Securities (PVT) Ltd.,10,240.0,2400.0,2025-08-27T14:56:36.264027
2025-08-27,4419,2025082704014749,GHL,Kohinoor Investment & Securities Pvt. Ltd.,Primo Securities (PVT) Ltd.,400,240.0,96000.0,2025-08-27T14:56:44.16242
2025-08-27,4414,2025082704014751,GHL,Bhrikuti Stock Broking Co. Pvt. Ltd.,Primo Securities (PVT) Ltd.,500,240.0,120000.0,2025-08-27T14:56:44.63714
2025-08-27,4410,2025082704014752,GHL,Sweta Securities Private Limited,Primo Securities (PVT) Ltd.,100,239.9,23990.0,2025-08-27T14:56:44.960514
2025-08-27,4046,2025082704014827,GHL,Aryatara Investment & Securities,Primo Securities (PVT) Ltd.,40,240.0,9600.0,2025-08-27T14:57:08.55759
2025-08-27,3884,2025082704014853,GHL,Sipla Securities Private Limited,Primo Securities (PVT) Ltd.,100,240.0,24000.0,2025-08-27T14:57:20.383906
2025-08-27,3597,2025082704014896,GHL,Sweta Securities Private Limited,Aakashbhairab Securities Ltd.,1150,239.9,275885.0,2025-08-27T14:57:38.251185
2025-08-27,3596,2025082704014897,GHL,Nepal Stock House (PVT) Ltd.,Aakashbhairab Securities Ltd.,1300,239.8,311740.0,2025-08-27T14:57:38.25126
2025-08-27,3595,2025082704014898,GHL,Pragyan Securities (PVT) Ltd.,Aakashbhairab Securities Ltd.,20,239.6,4792.0,2025-08-27T14:57:38.25129
2025-08-27,3594,2025082704014899,GHL,Premier Securities Company Ltd.,Aakashbhairab Securities Ltd.,10,239.6,2396.0,2025-08-27T14:57:38.251368
2025-08-27,3593,2025082704014900,GHL,Trishakti Securities Public Limited,Aakashbhairab Securities Ltd.,250,239.6,59900.0,2025-08-27T14:57:38.251393
2025-08-27,3592,2025082704014901,GHL,Primo Securities (PVT) Ltd.,Aakashbhairab Securities Ltd.,100,239.5,23950.0,2025-08-27T14:57:38.251425
2025-08-27,3591,2025082704014902,GHL,Trisul Securities & Invt. Ltd.,Aakashbhairab Securities Ltd.,100,239.5,23950.0,2025-08-27T14:57:38.25146
2025-08-27,3590,2025082704014903,GHL,Secured Securities Ltd.,Aakashbhairab Securities Ltd.,65,239.5,15567.5,2025-08-27T14:57:38.251491
2025-08-27,3589,2025082704014904,GHL,J.F. Securites (PVT) Ltd.,Aakashbhairab Securities Ltd.,100,239.5,23950.0,2025-08-27T14:57:38.251521
2025-08-27,3588,2025082704014905,GHL,Sani Securities Company Ltd.,Aakashbhairab Securities Ltd.,1905,239.5,456247.5,2025-08-27T14:57:38.251551
2025-08-27,3576,2025082704014908,GHL,Dynamic Money Managers Securities Pvt. Ltd.,Primo Securities (PVT) Ltd.,1000,240.0,240000.0,2025-08-27T14:57:39.766289
2025-08-27,3447,2025082704014946,GHL,Naasa Securities Co. Ltd.,Imperial Securities Company Pvt. Ltd.,700,239.9,167930.0,2025-08-27T14:57:47.476755
2025-08-27,3446,2025082704014947,GHL,Naasa Securities Co. Ltd.,Primo Securities (PVT) Ltd.,77,240.0,18480.0,2025-08-27T14:57:47.476996
2025-08-27,3375,2025082704014988,GHL,Dipshikha Dhitopatra Karobar Co. Pvt Ltd.,Primo Securities (PVT) Ltd.,10,240.0,2400.0,2025-08-27T14:57:50.893506
2025-08-27,3344,2025082704014992,GHL,SHUBHAKAMANA SECURITIES PVT. LTD,Primo Securities (PVT) Ltd.,1000,240.0,240000.0,2025-08-27T14:57:52.194027
2025-08-27,2789,2025082704015138,GHL,Dynamic Money Managers Securities Pvt. Ltd.,Primo Securities (PVT) Ltd.,150,240.0,36000.0,2025-08-27T14:58:21.925928
2025-08-27,2755,2025082704015147,GHL,Dakshinkali Investment & Securities Pvt. Ltd.,Primo Securities (PVT) Ltd.,778,240.0,186720.0,2025-08-27T14:58:24.109864
2025-08-27,2561,2025082704015203,GHL,Dipshikha Dhitopatra Karobar Co. Pvt Ltd.,Naasa Securities Co. Ltd.,10,241.0,2410.0,2025-08-27T14:58:35.772177
2025-08-27,2249,2025082704015284,GHL,Naasa Securities Co. Ltd.,Naasa Securities Co. Ltd.,110,241.0,26510.0,2025-08-27T14:58:51.39889
2025-08-27,2248,2025082704015285,GHL,Naasa Securities Co. Ltd.,Siprabi Securities Pvt. Ltd.,50,241.0,12050.0,2025-08-27T14:58:51.399072
2025-08-27,2247,2025082704015286,GHL,Naasa Securities Co. Ltd.,Imperial Securities Company Pvt. Ltd.,300,241.2,72360.0,2025-08-27T14:58:51.399162
2025-08-27,2246,2025082704015287,GHL,Naasa Securities Co. Ltd.,Imperial Securities Company Pvt. Ltd.,500,241.5,120750.0,2025-08-27T14:58:51.399249
2025-08-27,2245,2025082704015288,GHL,Naasa Securities Co. Ltd.,Sweta Securities Private Limited,249,241.7,60183.3,2025-08-27T14:58:51.399354
2025-08-27,2244,2025082704015289,GHL,Naasa Securities Co. Ltd.,Vision Securities Pvt. Ltd,291,241.9,70392.9,2025-08-27T14:58:51.399441
2025-08-27,1806,2025082704015400,GHL,Nepal Investment And Securities Trading Private Limited,Vision Securities Pvt. Ltd,219,241.9,52976.1,2025-08-27T14:59:10.414343
2025-08-27,1805,2025082704015401,GHL,Nepal Investment And Securities Trading Private Limited,Dipshikha Dhitopatra Karobar Co. Pvt Ltd.,200,242.0,48400.0,2025-08-27T14:59:10.414709
2025-08-27,1804,2025082704015402,GHL,Nepal Investment And Securities Trading Private Limited,Naasa Securities Co. Ltd.,81,242.0,19602.0,2025-08-27T14:59:10.414952
2025-08-27,1080,2025082704015587,GHL,Aryatara Investment & Securities,Imperial Securities Company Pvt. Ltd.,200,241.4,48280.0,2025-08-27T14:59:29.941694
2025-08-27,1079,2025082704015588,GHL,Aryatara Investment & Securities,Premier Securities Company Ltd.,100,241.5,24150.0,2025-08-27T14:59:29.941908
2025-08-27,380,2025082704015783,GHL,Sumeru Securities Pvt. Ltd.,Asian Securities Private Ltd.,200,241.9,48380.0,2025-08-27T14:59:52.140384
2025-08-27,279,2025082704015812,GHL,South Asian Bulls Pvt. Ltd.,Asian Securities Private Ltd.,100,241.9,24190.0,2025-08-27T14:59:54.550118
