Date,S.N.,Contract ID,Symbol,Buyer Broker,Seller Broker,volume,rate,amount,transaction_time
2025-08-27,70636,2025082704000272,GLH,Trishakti Securities Public Limited,Naasa Securities Co. Ltd.,50,263.1,13155.0,2025-08-27T11:13:43.031613
2025-08-27,70635,2025082704000273,GLH,Opal Securities Investment (PVT) Ltd.,Naasa Securities Co. Ltd.,13,263.0,3419.0,2025-08-27T11:13:43.031784
2025-08-27,70634,2025082704000274,GLH,Himalayan Securities Limited,Naasa Securities Co. Ltd.,25,263.0,6575.0,2025-08-27T11:13:43.031895
2025-08-27,70633,2025082704000275,GLH,Sani Securities Company Ltd.,Naasa Securities Co. Ltd.,190,263.0,49970.0,2025-08-27T11:13:43.031998
2025-08-27,70632,2025082704000276,GLH,Trisul Securities & Invt. Ltd.,Naasa Securities Co. Ltd.,30,263.0,7890.0,2025-08-27T11:13:43.032191
2025-08-27,70631,2025082704000277,GLH,South Asian Bulls Pvt. Ltd.,Naasa Securities Co. Ltd.,200,262.3,52460.0,2025-08-27T11:13:43.032369
2025-08-27,70630,2025082704000278,GLH,Aryatara Investment & Securities,Naasa Securities Co. Ltd.,170,262.2,44574.0,2025-08-27T11:13:43.032479
2025-08-27,70629,2025082704000279,GLH,J.F. Securites (PVT) Ltd.,Naasa Securities Co. Ltd.,381,262.0,99822.0,2025-08-27T11:13:43.032654
2025-08-27,70628,2025082704000280,GLH,Sani Securities Company Ltd.,Naasa Securities Co. Ltd.,27,262.0,7074.0,2025-08-27T11:13:43.032845
2025-08-27,70627,2025082704000281,GLH,ABC Securities Private Limited,Naasa Securities Co. Ltd.,200,261.1,52220.0,2025-08-27T11:13:43.032984
2025-08-27,70626,2025082704000282,GLH,Premier Securities Company Ltd.,Naasa Securities Co. Ltd.,90,261.0,23490.0,2025-08-27T11:13:43.03309
2025-08-27,70625,2025082704000283,GLH,Dipshikha Dhitopatra Karobar Co. Pvt Ltd.,Naasa Securities Co. Ltd.,500,261.0,130500.0,2025-08-27T11:13:43.03324
2025-08-27,70624,2025082704000284,GLH,Investment Management Nepal Pvt. Ltd.,Naasa Securities Co. Ltd.,25,261.0,6525.0,2025-08-27T11:13:43.033333
2025-08-27,70623,2025082704000285,GLH,Linch Stock Market Ltd.,Naasa Securities Co. Ltd.,599,261.0,156339.0,2025-08-27T11:13:43.033461
2025-08-27,70517,2025082704000296,GLH,ABC Securities Private Limited,Citizens Share Broker Limited,10,263.1,2631.0,2025-08-27T11:14:14.606388
2025-08-27,70160,2025082704000333,GLH,Sani Securities Company Ltd.,Primo Securities (PVT) Ltd.,10,267.0,2670.0,2025-08-27T11:16:24.110613
2025-08-27,69366,2025082704000448,GLH,Trisul Securities & Invt. Ltd.,Secured Securities Ltd.,10,264.1,2641.0,2025-08-27T11:20:38.406345
2025-08-27,69225,2025082704000467,GLH,Trisul Securities & Invt. Ltd.,Deevyaa Securities & Stock House Pvt. Ltd,10,264.1,2641.0,2025-08-27T11:21:17.03007
2025-08-27,67383,2025082704000766,GLH,Opal Securities Investment (PVT) Ltd.,Nepal Stock House (PVT) Ltd.,200,265.1,53020.0,2025-08-27T11:29:09.735147
2025-08-27,67095,2025082704000823,GLH,Aryatara Investment & Securities,Primo Securities (PVT) Ltd.,10,267.0,2670.0,2025-08-27T11:30:19.061547
2025-08-27,66831,2025082704000878,GLH,Opal Securities Investment (PVT) Ltd.,Thrive Brokerage House Pvt. Ltd,10,265.1,2651.0,2025-08-27T11:31:28.479775
2025-08-27,63756,2025082704001365,GLH,Deevyaa Securities & Stock House Pvt. Ltd,Himalayan Brokerage Company Limited,10,264.5,2645.0,2025-08-27T11:42:24.329796
2025-08-27,63396,2025082704001423,GLH,Vision Securities Pvt. Ltd,Online Securities Pvt. Ltd.,11,265.0,2915.0,2025-08-27T11:44:00.462462
2025-08-27,63080,2025082704001479,GLH,Sri Hari Securities Pvt. Ltd.,Nepal Investment And Securities Trading Private Limited,10,266.9,2669.0,2025-08-27T11:45:23.07576
2025-08-27,62602,2025082704001580,GLH,Opal Securities Investment (PVT) Ltd.,Sani Securities Company Ltd.,10,265.0,2650.0,2025-08-27T11:47:20.538757
2025-08-27,61969,2025082704001691,GLH,Opal Securities Investment (PVT) Ltd.,Asian Securities Private Ltd.,10,265.0,2650.0,2025-08-27T11:49:51.711634
2025-08-27,61773,2025082704001717,GLH,Opal Securities Investment (PVT) Ltd.,Naasa Securities Co. Ltd.,10,265.0,2650.0,2025-08-27T11:50:39.997652
2025-08-27,59924,2025082704002028,GLH,Opal Securities Investment (PVT) Ltd.,Imperial Securities Company Pvt. Ltd.,10,265.0,2650.0,2025-08-27T11:57:39.441497
2025-08-27,59011,2025082704002163,GLH,Nepal Stock House (PVT) Ltd.,Primo Securities (PVT) Ltd.,280,267.0,74760.0,2025-08-27T12:00:53.371609
2025-08-27,59010,2025082704002164,GLH,Nepal Stock House (PVT) Ltd.,Imperial Securities Company Pvt. Ltd.,10,267.0,2670.0,2025-08-27T12:00:53.371777
2025-08-27,58907,2025082704002188,GLH,Nepal Stock House (PVT) Ltd.,Primo Securities (PVT) Ltd.,100,267.7,26770.0,2025-08-27T12:01:12.399926
2025-08-27,58875,2025082704002201,GLH,Sani Securities Company Ltd.,South Asian Bulls Pvt. Ltd.,500,267.8,133900.0,2025-08-27T12:01:23.549931
2025-08-27,58826,2025082704002215,GLH,Midas Stock Broking Company Private Limited,South Asian Bulls Pvt. Ltd.,221,267.8,59183.8,2025-08-27T12:01:31.838178
2025-08-27,56404,2025082704002825,GLH,Nepal Stock House (PVT) Ltd.,Bhrikuti Stock Broking Co. Pvt. Ltd.,300,268.0,80400.0,2025-08-27T12:10:06.993251
2025-08-27,55882,2025082704002956,GLH,Sani Securities Company Ltd.,Bhrikuti Stock Broking Co. Pvt. Ltd.,10,269.0,2690.0,2025-08-27T12:12:14.56682
2025-08-27,55221,2025082704003112,GLH,Sumeru Securities Pvt. Ltd.,Agrawal Securities (PVT) Ltd.,10,266.8,2668.0,2025-08-27T12:15:12.908791
2025-08-27,55194,2025082704003122,GLH,Sumeru Securities Pvt. Ltd.,Kalika Securities Pvt. Ltd.,10,266.8,2668.0,2025-08-27T12:15:22.113249
2025-08-27,54044,2025082704003384,GLH,Sani Securities Company Ltd.,Dipshikha Dhitopatra Karobar Co. Pvt Ltd.,10,267.0,2670.0,2025-08-27T12:20:52.835554
2025-08-27,53182,2025082704003576,GLH,Nepal Stock House (PVT) Ltd.,Capital Max Securities Ltd,15,268.0,4020.0,2025-08-27T12:24:56.270545
2025-08-27,50167,2025082704004253,GLH,Malla & Malla Stock Broking Company Pvt. Limited,Nepal Stock House (PVT) Ltd.,10,268.5,2685.0,2025-08-27T12:35:49.549105
2025-08-27,50166,2025082704004254,GLH,Malla & Malla Stock Broking Company Pvt. Limited,Bhrikuti Stock Broking Co. Pvt. Ltd.,290,269.0,78010.0,2025-08-27T12:35:49.549413
2025-08-27,50165,2025082704004255,GLH,Malla & Malla Stock Broking Company Pvt. Limited,J.F. Securites (PVT) Ltd.,10,269.0,2690.0,2025-08-27T12:35:49.549587
2025-08-27,50164,2025082704004256,GLH,Malla & Malla Stock Broking Company Pvt. Limited,Imperial Securities Company Pvt. Ltd.,10,269.0,2690.0,2025-08-27T12:35:49.549754
2025-08-27,50163,2025082704004257,GLH,Malla & Malla Stock Broking Company Pvt. Limited,Vision Securities Pvt. Ltd,680,269.0,182920.0,2025-08-27T12:35:49.549935
2025-08-27,49263,2025082704004464,GLH,Vision Securities Pvt. Ltd,Vision Securities Pvt. Ltd,180,269.0,48420.0,2025-08-27T12:38:25.11459
2025-08-27,49205,2025082704004472,GLH,Malla & Malla Stock Broking Company Pvt. Limited,Vision Securities Pvt. Ltd,140,269.0,37660.0,2025-08-27T12:38:39.677962
2025-08-27,49204,2025082704004473,GLH,Malla & Malla Stock Broking Company Pvt. Limited,Premier Securities Company Ltd.,10,269.0,2690.0,2025-08-27T12:38:39.678162
2025-08-27,48482,2025082704004624,GLH,Sani Securities Company Ltd.,Asian Securities Private Ltd.,10,269.8,2698.0,2025-08-27T12:40:56.153812
2025-08-27,48259,2025082704004672,GLH,Sani Securities Company Ltd.,Asian Securities Private Ltd.,475,269.8,128155.0,2025-08-27T12:41:32.062952
2025-08-27,48080,2025082704004713,GLH,Ashutosh Brokerage & Securities (PVT) Ltd.,Asian Securities Private Ltd.,200,269.8,53960.0,2025-08-27T12:42:05.195295
2025-08-27,48028,2025082704004725,GLH,Malla & Malla Stock Broking Company Pvt. Limited,Asian Securities Private Ltd.,65,269.8,17537.0,2025-08-27T12:42:11.789756
2025-08-27,47859,2025082704004794,GLH,Linch Stock Market Ltd.,Dipshikha Dhitopatra Karobar Co. Pvt Ltd.,500,269.9,134950.0,2025-08-27T12:42:48.325705
2025-08-27,47858,2025082704004795,GLH,Linch Stock Market Ltd.,Nepal Stock House (PVT) Ltd.,250,270.0,67500.0,2025-08-27T12:42:48.325974
2025-08-27,47857,2025082704004796,GLH,Linch Stock Market Ltd.,Siprabi Securities Pvt. Ltd.,30,270.0,8100.0,2025-08-27T12:42:48.326172
2025-08-27,47856,2025082704004797,GLH,Linch Stock Market Ltd.,Aryatara Investment & Securities,10,270.0,2700.0,2025-08-27T12:42:48.326376
2025-08-27,47855,2025082704004798,GLH,Linch Stock Market Ltd.,Linch Stock Market Ltd.,10,270.0,2700.0,2025-08-27T12:42:48.326647
2025-08-27,47854,2025082704004799,GLH,Linch Stock Market Ltd.,Trishakti Securities Public Limited,1000,270.0,270000.0,2025-08-27T12:42:48.326914
2025-08-27,47853,2025082704004800,GLH,Linch Stock Market Ltd.,South Asian Bulls Pvt. Ltd.,190,270.0,51300.0,2025-08-27T12:42:48.327175
2025-08-27,47852,2025082704004801,GLH,Linch Stock Market Ltd.,Nepal Investment And Securities Trading Private Limited,10,270.0,2700.0,2025-08-27T12:42:48.327464
2025-08-27,47851,2025082704004802,GLH,Linch Stock Market Ltd.,Nepal Investment And Securities Trading Private Limited,10,270.0,2700.0,2025-08-27T12:42:48.327738
2025-08-27,47850,2025082704004803,GLH,Linch Stock Market Ltd.,Online Securities Pvt. Ltd.,10,270.0,2700.0,2025-08-27T12:42:48.328002
2025-08-27,46868,2025082704005095,GLH,Sani Securities Company Ltd.,J.F. Securites (PVT) Ltd.,10,270.6,2706.0,2025-08-27T12:45:48.791658
2025-08-27,46812,2025082704005105,GLH,Kohinoor Investment & Securities Pvt. Ltd.,Dakshinkali Investment & Securities Pvt. Ltd.,44,270.0,11880.0,2025-08-27T12:45:58.891527
2025-08-27,46811,2025082704005106,GLH,Malla & Malla Stock Broking Company Pvt. Limited,Dakshinkali Investment & Securities Pvt. Ltd.,200,269.8,53960.0,2025-08-27T12:45:58.891698
2025-08-27,46810,2025082704005107,GLH,Sundhara Securities Limited,Dakshinkali Investment & Securities Pvt. Ltd.,200,269.5,53900.0,2025-08-27T12:45:58.891772
2025-08-27,46809,2025082704005108,GLH,Malla & Malla Stock Broking Company Pvt. Limited,Dakshinkali Investment & Securities Pvt. Ltd.,56,269.0,15064.0,2025-08-27T12:45:58.891839
2025-08-27,45908,2025082704005333,GLH,Vision Securities Pvt. Ltd,Online Securities Pvt. Ltd.,50,269.1,13455.0,2025-08-27T12:49:32.850167
2025-08-27,45907,2025082704005334,GLH,Nepal Investment And Securities Trading Private Limited,Online Securities Pvt. Ltd.,70,269.1,18837.0,2025-08-27T12:49:32.850458
2025-08-27,45624,2025082704005417,GLH,Linch Stock Market Ltd.,Oxford Securities Pvt. Ltd.,10,270.0,2700.0,2025-08-27T12:50:45.279569
2025-08-27,45623,2025082704005418,GLH,Linch Stock Market Ltd.,Trisul Securities & Invt. Ltd.,50,270.0,13500.0,2025-08-27T12:50:45.279793
2025-08-27,45622,2025082704005419,GLH,Linch Stock Market Ltd.,Dipshikha Dhitopatra Karobar Co. Pvt Ltd.,150,270.0,40500.0,2025-08-27T12:50:45.279852
2025-08-27,44759,2025082704005614,GLH,Trisul Securities & Invt. Ltd.,Naasa Securities Co. Ltd.,1100,270.0,297000.0,2025-08-27T12:54:19.510044
2025-08-27,44667,2025082704005631,GLH,Linch Stock Market Ltd.,Naasa Securities Co. Ltd.,255,270.0,68850.0,2025-08-27T12:54:47.845013
2025-08-27,44666,2025082704005632,GLH,Linch Stock Market Ltd.,Asian Securities Private Ltd.,10,270.0,2700.0,2025-08-27T12:54:47.845155
2025-08-27,44575,2025082704005642,GLH,Kohinoor Investment & Securities Pvt. Ltd.,Asian Securities Private Ltd.,371,270.0,100170.0,2025-08-27T12:55:17.281888
2025-08-27,44112,2025082704005750,GLH,Capital Max Securities Ltd,Asian Securities Private Ltd.,115,270.0,31050.0,2025-08-27T12:57:22.847565
2025-08-27,44111,2025082704005751,GLH,Capital Max Securities Ltd,Imperial Securities Company Pvt. Ltd.,10,270.0,2700.0,2025-08-27T12:57:22.847787
2025-08-27,44110,2025082704005752,GLH,Capital Max Securities Ltd,Dipshikha Dhitopatra Karobar Co. Pvt Ltd.,275,270.3,74332.5,2025-08-27T12:57:22.84786
2025-08-27,42833,2025082704006003,GLH,Kohinoor Investment & Securities Pvt. Ltd.,Primo Securities (PVT) Ltd.,10,270.3,2703.0,2025-08-27T13:02:06.601638
2025-08-27,42832,2025082704006004,GLH,Kohinoor Investment & Securities Pvt. Ltd.,Dipshikha Dhitopatra Karobar Co. Pvt Ltd.,215,270.5,58157.5,2025-08-27T13:02:06.601913
2025-08-27,42094,2025082704006185,GLH,Kohinoor Investment & Securities Pvt. Ltd.,Kohinoor Investment & Securities Pvt. Ltd.,30,270.4,8112.0,2025-08-27T13:04:50.625967
2025-08-27,41840,2025082704006239,GLH,Kohinoor Investment & Securities Pvt. Ltd.,Capital Max Securities Ltd,160,270.4,43264.0,2025-08-27T13:05:49.253249
2025-08-27,41545,2025082704006307,GLH,Siprabi Securities Pvt. Ltd.,J.F. Securites (PVT) Ltd.,65,270.4,17576.0,2025-08-27T13:06:53.227109
2025-08-27,41544,2025082704006308,GLH,Siprabi Securities Pvt. Ltd.,Dipshikha Dhitopatra Karobar Co. Pvt Ltd.,10,270.5,2705.0,2025-08-27T13:06:53.227417
2025-08-27,41543,2025082704006309,GLH,Siprabi Securities Pvt. Ltd.,Sweta Securities Private Limited,150,270.5,40575.0,2025-08-27T13:06:53.227597
2025-08-27,41542,2025082704006310,GLH,Siprabi Securities Pvt. Ltd.,Bhrikuti Stock Broking Co. Pvt. Ltd.,400,270.6,108240.0,2025-08-27T13:06:53.227763
2025-08-27,41541,2025082704006311,GLH,Siprabi Securities Pvt. Ltd.,Dipshikha Dhitopatra Karobar Co. Pvt Ltd.,375,270.6,101475.0,2025-08-27T13:06:53.227938
2025-08-27,41414,2025082704006348,GLH,Sani Securities Company Ltd.,Dipshikha Dhitopatra Karobar Co. Pvt Ltd.,370,270.6,100122.0,2025-08-27T13:07:16.862896
2025-08-27,41413,2025082704006349,GLH,Sani Securities Company Ltd.,Online Securities Pvt. Ltd.,10,271.0,2710.0,2025-08-27T13:07:16.863079
2025-08-27,41412,2025082704006350,GLH,Sani Securities Company Ltd.,Linch Stock Market Ltd.,100,271.0,27100.0,2025-08-27T13:07:16.863141
2025-08-27,41411,2025082704006351,GLH,Sani Securities Company Ltd.,Ashutosh Brokerage & Securities (PVT) Ltd.,115,271.0,31165.0,2025-08-27T13:07:16.863195
2025-08-27,41410,2025082704006352,GLH,Sani Securities Company Ltd.,Thrive Brokerage House Pvt. Ltd,10,271.0,2710.0,2025-08-27T13:07:16.863253
2025-08-27,41409,2025082704006353,GLH,Sani Securities Company Ltd.,Dakshinkali Investment & Securities Pvt. Ltd.,340,272.0,92480.0,2025-08-27T13:07:16.863332
2025-08-27,41408,2025082704006354,GLH,Sani Securities Company Ltd.,Naasa Securities Co. Ltd.,55,272.0,14960.0,2025-08-27T13:07:16.863422
2025-08-27,40276,2025082704006622,GLH,Cristal Kanchanjanga Securites Pvt. Ltd.,Pragyan Securities (PVT) Ltd.,10,271.0,2710.0,2025-08-27T13:11:44.429621
2025-08-27,40187,2025082704006647,GLH,Pragyan Securities (PVT) Ltd.,Dynamic Money Managers Securities Pvt. Ltd.,8,266.0,2128.0,2025-08-27T13:12:09.547748
2025-08-27,39225,2025082704006926,GLH,Shree Krishna Securities Ltd.,Naasa Securities Co. Ltd.,10,270.0,2700.0,2025-08-27T13:15:31.984587
2025-08-27,38974,2025082704006989,GLH,Linch Stock Market Ltd.,Oxford Securities Pvt. Ltd.,10,271.0,2710.0,2025-08-27T13:16:30.818217
2025-08-27,38973,2025082704006990,GLH,Linch Stock Market Ltd.,Online Securities Pvt. Ltd.,10,271.9,2719.0,2025-08-27T13:16:30.818404
2025-08-27,38450,2025082704007154,GLH,Naasa Securities Co. Ltd.,Naasa Securities Co. Ltd.,4,269.0,1076.0,2025-08-27T13:19:02.54595
2025-08-27,38357,2025082704007184,GLH,Kohinoor Investment & Securities Pvt. Ltd.,Naasa Securities Co. Ltd.,27,271.0,7317.0,2025-08-27T13:19:18.647372
2025-08-27,38245,2025082704007198,GLH,Kohinoor Investment & Securities Pvt. Ltd.,Capital Max Securities Ltd,273,271.0,73983.0,2025-08-27T13:19:42.290147
2025-08-27,38223,2025082704007208,GLH,Shree Krishna Securities Ltd.,Online Securities Pvt. Ltd.,40,271.7,10868.0,2025-08-27T13:19:48.794411
2025-08-27,37704,2025082704007337,GLH,Nepal Investment And Securities Trading Private Limited,Capital Max Securities Ltd,167,271.8,45390.6,2025-08-27T13:21:49.00649
2025-08-27,37357,2025082704007449,GLH,Nepal Investment And Securities Trading Private Limited,Capital Max Securities Ltd,133,271.8,36149.4,2025-08-27T13:23:04.18219
2025-08-27,36982,2025082704007542,GLH,Sumeru Securities Pvt. Ltd.,Online Securities Pvt. Ltd.,10,270.5,2705.0,2025-08-27T13:24:42.631949
2025-08-27,36314,2025082704007737,GLH,Deevyaa Securities & Stock House Pvt. Ltd,Vision Securities Pvt. Ltd,100,270.6,27060.0,2025-08-27T13:27:00.168235
2025-08-27,35850,2025082704007847,GLH,Deevyaa Securities & Stock House Pvt. Ltd,Aryatara Investment & Securities,10,270.6,2706.0,2025-08-27T13:28:38.520835
2025-08-27,35350,2025082704007970,GLH,Deevyaa Securities & Stock House Pvt. Ltd,Vision Securities Pvt. Ltd,180,270.5,48690.0,2025-08-27T13:30:34.557106
2025-08-27,35349,2025082704007971,GLH,Premier Securities Company Ltd.,Vision Securities Pvt. Ltd,320,270.3,86496.0,2025-08-27T13:30:34.557436
2025-08-27,35225,2025082704007991,GLH,Premier Securities Company Ltd.,Vision Securities Pvt. Ltd,180,270.3,48654.0,2025-08-27T13:30:44.652339
2025-08-27,35224,2025082704007992,GLH,Imperial Securities Company Pvt. Ltd.,Vision Securities Pvt. Ltd,100,270.2,27020.0,2025-08-27T13:30:44.652517
2025-08-27,35223,2025082704007993,GLH,Thrive Brokerage House Pvt. Ltd,Vision Securities Pvt. Ltd,220,270.0,59400.0,2025-08-27T13:30:44.652584
2025-08-27,35107,2025082704008018,GLH,Thrive Brokerage House Pvt. Ltd,Vision Securities Pvt. Ltd,280,270.0,75600.0,2025-08-27T13:31:09.961305
2025-08-27,34138,2025082704008231,GLH,Vision Securities Pvt. Ltd,Blue Chip Securities Ltd,100,269.6,26960.0,2025-08-27T13:34:17.196007
2025-08-27,33301,2025082704008499,GLH,Vision Securities Pvt. Ltd,Citizens Share Broker Limited,150,269.6,40440.0,2025-08-27T13:37:25.489044
2025-08-27,33280,2025082704008504,GLH,Kohinoor Investment & Securities Pvt. Ltd.,Secured Securities Ltd.,200,269.9,53980.0,2025-08-27T13:37:31.232724
2025-08-27,32912,2025082704008590,GLH,Linch Stock Market Ltd.,Swarna Laxmi Securities Pvt. Ltd.,849,269.5,228805.5,2025-08-27T13:38:51.249083
2025-08-27,31796,2025082704008843,GLH,Linch Stock Market Ltd.,Vision Securities Pvt. Ltd,52,269.5,14014.0,2025-08-27T13:44:17.153822
2025-08-27,31795,2025082704008844,GLH,Nepal Investment And Securities Trading Private Limited,Vision Securities Pvt. Ltd,30,269.1,8073.0,2025-08-27T13:44:17.154003
2025-08-27,31794,2025082704008845,GLH,K.B.L. Securities Limited ,Vision Securities Pvt. Ltd,204,269.0,54876.0,2025-08-27T13:44:17.154071
2025-08-27,31160,2025082704008987,GLH,K.B.L. Securities Limited ,Dipshikha Dhitopatra Karobar Co. Pvt Ltd.,200,269.0,53800.0,2025-08-27T13:48:07.401622
2025-08-27,30746,2025082704009061,GLH,Opal Securities Investment (PVT) Ltd.,Linch Stock Market Ltd.,10,269.5,2695.0,2025-08-27T13:50:11.885265
2025-08-27,29480,2025082704009306,GLH,Linch Stock Market Ltd.,Online Securities Pvt. Ltd.,540,269.5,145530.0,2025-08-27T13:55:52.567407
2025-08-27,29479,2025082704009307,GLH,Linch Stock Market Ltd.,Vision Securities Pvt. Ltd,10,270.0,2700.0,2025-08-27T13:55:52.567713
2025-08-27,28508,2025082704009483,GLH,K.B.L. Securities Limited ,Kohinoor Investment & Securities Pvt. Ltd.,10,269.0,2690.0,2025-08-27T13:59:25.817439
2025-08-27,28347,2025082704009528,GLH,K.B.L. Securities Limited ,Naasa Securities Co. Ltd.,10,269.0,2690.0,2025-08-27T14:00:15.591994
2025-08-27,27948,2025082704009578,GLH,Nepal Stock House (PVT) Ltd.,Sweta Securities Private Limited,150,269.9,40485.0,2025-08-27T14:01:21.247732
2025-08-27,26556,2025082704009888,GLH,Dipshikha Dhitopatra Karobar Co. Pvt Ltd.,Dipshikha Dhitopatra Karobar Co. Pvt Ltd.,90,269.9,24291.0,2025-08-27T14:05:42.028557
2025-08-27,26555,2025082704009889,GLH,Dipshikha Dhitopatra Karobar Co. Pvt Ltd.,Vision Securities Pvt. Ltd,310,270.0,83700.0,2025-08-27T14:05:42.02876
2025-08-27,26554,2025082704009890,GLH,Dipshikha Dhitopatra Karobar Co. Pvt Ltd.,Bhrikuti Stock Broking Co. Pvt. Ltd.,200,270.0,54000.0,2025-08-27T14:05:42.028833
2025-08-27,26553,2025082704009891,GLH,Dipshikha Dhitopatra Karobar Co. Pvt Ltd.,Bhrikuti Stock Broking Co. Pvt. Ltd.,400,270.0,108000.0,2025-08-27T14:05:42.02892
2025-08-27,25425,2025082704010116,GLH,South Asian Bulls Pvt. Ltd.,Sani Securities Company Ltd.,10,269.1,2691.0,2025-08-27T14:08:59.280398
2025-08-27,23886,2025082704010335,GLH,Pragyan Securities (PVT) Ltd.,Creative Securities Pvt Ltd,10,269.3,2693.0,2025-08-27T14:13:12.955014
2025-08-27,23114,2025082704010493,GLH,Secured Securities Ltd.,Bhrikuti Stock Broking Co. Pvt. Ltd.,650,270.0,175500.0,2025-08-27T14:15:32.580184
2025-08-27,22016,2025082704010732,GLH,Linch Stock Market Ltd.,Bhrikuti Stock Broking Co. Pvt. Ltd.,226,270.0,61020.0,2025-08-27T14:18:53.761274
2025-08-27,22015,2025082704010733,GLH,Linch Stock Market Ltd.,Creative Securities Pvt Ltd,10,270.0,2700.0,2025-08-27T14:18:53.761635
2025-08-27,22014,2025082704010734,GLH,Linch Stock Market Ltd.,Midas Stock Broking Company Private Limited,1000,270.0,270000.0,2025-08-27T14:18:53.761835
2025-08-27,21885,2025082704010784,GLH,Linch Stock Market Ltd.,Thrive Brokerage House Pvt. Ltd,100,270.0,27000.0,2025-08-27T14:19:14.922983
2025-08-27,21884,2025082704010785,GLH,Linch Stock Market Ltd.,Linch Stock Market Ltd.,10,271.0,2710.0,2025-08-27T14:19:14.923232
2025-08-27,21681,2025082704010823,GLH,Linch Stock Market Ltd.,Linch Stock Market Ltd.,990,271.0,268290.0,2025-08-27T14:19:51.221854
2025-08-27,21680,2025082704010824,GLH,Linch Stock Market Ltd.,Sagarmatha Securities Private Limited,10,271.0,2710.0,2025-08-27T14:19:51.222197
2025-08-27,21679,2025082704010825,GLH,Linch Stock Market Ltd.,Sri Hari Securities Pvt. Ltd.,10,271.0,2710.0,2025-08-27T14:19:51.222472
2025-08-27,21678,2025082704010826,GLH,Linch Stock Market Ltd.,Prabhu Stock Market Limited,80,271.0,21680.0,2025-08-27T14:19:51.222693
2025-08-27,21677,2025082704010827,GLH,Linch Stock Market Ltd.,Midas Stock Broking Company Private Limited,3513,271.5,953779.5,2025-08-27T14:19:51.222973
2025-08-27,21676,2025082704010828,GLH,Linch Stock Market Ltd.,South Asian Bulls Pvt. Ltd.,10,271.5,2715.0,2025-08-27T14:19:51.223196
2025-08-27,21675,2025082704010829,GLH,Linch Stock Market Ltd.,Trishakti Securities Public Limited,500,271.9,135950.0,2025-08-27T14:19:51.223411
2025-08-27,21674,2025082704010830,GLH,Linch Stock Market Ltd.,Kohinoor Investment & Securities Pvt. Ltd.,750,271.9,203925.0,2025-08-27T14:19:51.223679
2025-08-27,21673,2025082704010831,GLH,Linch Stock Market Ltd.,Naasa Securities Co. Ltd.,218,272.0,59296.0,2025-08-27T14:19:51.22394
2025-08-27,21672,2025082704010832,GLH,Linch Stock Market Ltd.,Kohinoor Investment & Securities Pvt. Ltd.,30,272.0,8160.0,2025-08-27T14:19:51.224187
2025-08-27,21671,2025082704010833,GLH,Linch Stock Market Ltd.,Neev Securities Pvt. Ltd.,889,272.0,241808.0,2025-08-27T14:19:51.224423
2025-08-27,20924,2025082704010982,GLH,Kohinoor Investment & Securities Pvt. Ltd.,Neev Securities Pvt. Ltd.,50,272.0,13600.0,2025-08-27T14:22:16.908115
2025-08-27,18672,2025082704011373,GLH,Bhrikuti Stock Broking Co. Pvt. Ltd.,Siprabi Securities Pvt. Ltd.,80,270.0,21600.0,2025-08-27T14:28:44.649018
2025-08-27,18671,2025082704011374,GLH,Siprabi Securities Pvt. Ltd.,Siprabi Securities Pvt. Ltd.,61,270.0,16470.0,2025-08-27T14:28:44.649217
2025-08-27,18073,2025082704011543,GLH,Siprabi Securities Pvt. Ltd.,Cristal Kanchanjanga Securites Pvt. Ltd.,10,270.0,2700.0,2025-08-27T14:30:34.568021
2025-08-27,18062,2025082704011544,GLH,Sani Securities Company Ltd.,Kumari Securities Private Limited,10,271.9,2719.0,2025-08-27T14:30:38.423515
2025-08-27,17813,2025082704011591,GLH,Property Wiard Limited,Kumari Securities Private Limited,2990,271.9,812981.0,2025-08-27T14:31:16.53924
2025-08-27,17812,2025082704011592,GLH,Property Wiard Limited,Neev Securities Pvt. Ltd.,161,272.0,43792.0,2025-08-27T14:31:16.53942
2025-08-27,17811,2025082704011593,GLH,Property Wiard Limited,Global IME Securities Limited,200,272.0,54400.0,2025-08-27T14:31:16.539495
2025-08-27,17810,2025082704011594,GLH,Property Wiard Limited,Linch Stock Market Ltd.,300,272.0,81600.0,2025-08-27T14:31:16.539694
2025-08-27,17809,2025082704011595,GLH,Property Wiard Limited,Sewa Securities Pvt. Ltd.,810,272.0,220320.0,2025-08-27T14:31:16.539884
2025-08-27,17808,2025082704011596,GLH,Property Wiard Limited,Imperial Securities Company Pvt. Ltd.,10,272.0,2720.0,2025-08-27T14:31:16.540075
2025-08-27,17807,2025082704011597,GLH,Property Wiard Limited,Dipshikha Dhitopatra Karobar Co. Pvt Ltd.,10,272.0,2720.0,2025-08-27T14:31:16.540262
2025-08-27,17806,2025082704011598,GLH,Property Wiard Limited,Nepal Stock House (PVT) Ltd.,10,272.0,2720.0,2025-08-27T14:31:16.540461
2025-08-27,17805,2025082704011599,GLH,Property Wiard Limited,Agrawal Securities (PVT) Ltd.,10,272.0,2720.0,2025-08-27T14:31:16.540647
2025-08-27,17804,2025082704011600,GLH,Property Wiard Limited,Imperial Securities Company Pvt. Ltd.,200,272.0,54400.0,2025-08-27T14:31:16.540827
2025-08-27,17803,2025082704011601,GLH,Property Wiard Limited,Vision Securities Pvt. Ltd,200,272.0,54400.0,2025-08-27T14:31:16.541029
2025-08-27,17802,2025082704011602,GLH,Property Wiard Limited,Online Securities Pvt. Ltd.,10,273.0,2730.0,2025-08-27T14:31:16.541214
2025-08-27,17801,2025082704011603,GLH,Property Wiard Limited,Nepal Stock House (PVT) Ltd.,89,273.0,24297.0,2025-08-27T14:31:16.541446
2025-08-27,16834,2025082704011790,GLH,Capital Max Securities Ltd,Neev Securities Pvt. Ltd.,30,272.0,8160.0,2025-08-27T14:33:48.009781
2025-08-27,15565,2025082704012043,GLH,Linch Stock Market Ltd.,Global IME Securities Limited,100,271.5,27150.0,2025-08-27T14:37:31.133082
2025-08-27,15564,2025082704012044,GLH,Linch Stock Market Ltd.,Neev Securities Pvt. Ltd.,70,272.0,19040.0,2025-08-27T14:37:31.133295
2025-08-27,15563,2025082704012045,GLH,Linch Stock Market Ltd.,Midas Stock Broking Company Private Limited,50,272.0,13600.0,2025-08-27T14:37:31.133411
2025-08-27,15562,2025082704012046,GLH,Linch Stock Market Ltd.,Midas Stock Broking Company Private Limited,100,272.8,27280.0,2025-08-27T14:37:31.133499
2025-08-27,15561,2025082704012047,GLH,Linch Stock Market Ltd.,Nagarik Stock Dealer ,10,272.9,2729.0,2025-08-27T14:37:31.133569
2025-08-27,13314,2025082704012524,GLH,Pragyan Securities (PVT) Ltd.,Nepal Stock House (PVT) Ltd.,240,270.4,64896.0,2025-08-27T14:42:45.996042
2025-08-27,12227,2025082704012749,GLH,Vision Securities Pvt. Ltd,Nepal Stock House (PVT) Ltd.,500,270.6,135300.0,2025-08-27T14:44:59.493186
2025-08-27,11807,2025082704012885,GLH,Kumari Securities Private Limited,Nepal Stock House (PVT) Ltd.,50,270.6,13530.0,2025-08-27T14:45:41.633019
2025-08-27,11806,2025082704012886,GLH,South Asian Bulls Pvt. Ltd.,Nepal Stock House (PVT) Ltd.,100,270.5,27050.0,2025-08-27T14:45:41.633372
2025-08-27,11741,2025082704012890,GLH,Sumeru Securities Pvt. Ltd.,KALASH STOCK MARKET PVT. LTD.,70,271.0,18970.0,2025-08-27T14:45:52.259778
2025-08-27,11578,2025082704012933,GLH,Agrawal Securities (PVT) Ltd.,Vision Securities Pvt. Ltd,10,270.4,2704.0,2025-08-27T14:46:08.793665
2025-08-27,11421,2025082704013002,GLH,Agrawal Securities (PVT) Ltd.,Trishakti Securities Public Limited,700,270.4,189280.0,2025-08-27T14:46:24.109592
2025-08-27,10015,2025082704013414,GLH,Oxford Securities Pvt. Ltd.,KALASH STOCK MARKET PVT. LTD.,430,271.0,116530.0,2025-08-27T14:48:47.648973
2025-08-27,10014,2025082704013415,GLH,Oxford Securities Pvt. Ltd.,Imperial Securities Company Pvt. Ltd.,120,271.0,32520.0,2025-08-27T14:48:47.649141
2025-08-27,10002,2025082704013416,GLH,Naasa Securities Co. Ltd.,Global IME Securities Limited,50,270.5,13525.0,2025-08-27T14:48:48.884386
2025-08-27,10001,2025082704013417,GLH,Siprabi Securities Pvt. Ltd.,Global IME Securities Limited,50,270.5,13525.0,2025-08-27T14:48:48.884592
2025-08-27,9437,2025082704013614,GLH,Linch Stock Market Ltd.,Imperial Securities Company Pvt. Ltd.,180,271.0,48780.0,2025-08-27T14:49:48.759589
2025-08-27,9436,2025082704013615,GLH,Linch Stock Market Ltd.,Dipshikha Dhitopatra Karobar Co. Pvt Ltd.,10,272.0,2720.0,2025-08-27T14:49:48.75993
2025-08-27,7520,2025082704014018,GLH,Primo Securities (PVT) Ltd.,Dipshikha Dhitopatra Karobar Co. Pvt Ltd.,290,272.0,78880.0,2025-08-27T14:52:45.61756
2025-08-27,7519,2025082704014019,GLH,Primo Securities (PVT) Ltd.,Imperial Securities Company Pvt. Ltd.,80,272.0,21760.0,2025-08-27T14:52:45.617959
2025-08-27,7518,2025082704014020,GLH,Primo Securities (PVT) Ltd.,Sani Securities Company Ltd.,200,272.0,54400.0,2025-08-27T14:52:45.61823
2025-08-27,7517,2025082704014021,GLH,Primo Securities (PVT) Ltd.,Kohinoor Investment & Securities Pvt. Ltd.,1000,272.0,272000.0,2025-08-27T14:52:45.61847
2025-08-27,7516,2025082704014022,GLH,Primo Securities (PVT) Ltd.,Oxford Securities Pvt. Ltd.,10,272.0,2720.0,2025-08-27T14:52:45.618731
2025-08-27,6772,2025082704014183,GLH,Sani Securities Company Ltd.,Pragyan Securities (PVT) Ltd.,10,272.0,2720.0,2025-08-27T14:53:39.332548
2025-08-27,6665,2025082704014235,GLH,Linch Stock Market Ltd.,Midas Stock Broking Company Private Limited,100,272.8,27280.0,2025-08-27T14:53:45.50155
2025-08-27,6664,2025082704014236,GLH,Linch Stock Market Ltd.,Nepal Stock House (PVT) Ltd.,10,273.0,2730.0,2025-08-27T14:53:45.501743
2025-08-27,6306,2025082704014316,GLH,Sani Securities Company Ltd.,INDEX SECURITIES LIMITED,490,272.0,133280.0,2025-08-27T14:54:15.451238
2025-08-27,6305,2025082704014317,GLH,Naasa Securities Co. Ltd.,INDEX SECURITIES LIMITED,510,272.0,138720.0,2025-08-27T14:54:15.451418
2025-08-27,5958,2025082704014392,GLH,Linch Stock Market Ltd.,Nepal Stock House (PVT) Ltd.,10,273.0,2730.0,2025-08-27T14:54:50.36374
2025-08-27,5248,2025082704014565,GLH,Naasa Securities Co. Ltd.,Kohinoor Investment & Securities Pvt. Ltd.,30,272.0,8160.0,2025-08-27T14:55:43.696935
2025-08-27,5005,2025082704014639,GLH,Linch Stock Market Ltd.,Nepal Stock House (PVT) Ltd.,10,273.0,2730.0,2025-08-27T14:56:05.279091
2025-08-27,4860,2025082704014665,GLH,Bhrikuti Stock Broking Co. Pvt. Ltd.,Deevyaa Securities & Stock House Pvt. Ltd,400,272.9,109160.0,2025-08-27T14:56:15.427333
2025-08-27,4066,2025082704014821,GLH,Naasa Securities Co. Ltd.,Primo Securities (PVT) Ltd.,100,272.0,27200.0,2025-08-27T14:57:07.080504
2025-08-27,3979,2025082704014839,GLH,Linch Stock Market Ltd.,Deevyaa Securities & Stock House Pvt. Ltd,10,272.9,2729.0,2025-08-27T14:57:14.102291
2025-08-27,3431,2025082704014962,GLH,Imperial Securities Company Pvt. Ltd.,Deevyaa Securities & Stock House Pvt. Ltd,90,272.9,24561.0,2025-08-27T14:57:47.563702
2025-08-27,3430,2025082704014963,GLH,Imperial Securities Company Pvt. Ltd.,Nepal Stock House (PVT) Ltd.,131,273.0,35763.0,2025-08-27T14:57:47.563762
2025-08-27,3429,2025082704014964,GLH,Imperial Securities Company Pvt. Ltd.,Naasa Securities Co. Ltd.,279,273.0,76167.0,2025-08-27T14:57:47.563794
2025-08-27,3272,2025082704015020,GLH,Naasa Securities Co. Ltd.,Siprabi Securities Pvt. Ltd.,360,272.0,97920.0,2025-08-27T14:57:55.857928
2025-08-27,3208,2025082704015038,GLH,Linch Stock Market Ltd.,Naasa Securities Co. Ltd.,10,273.0,2730.0,2025-08-27T14:57:59.563141
2025-08-27,2106,2025082704015321,GLH,Opal Securities Investment (PVT) Ltd.,Naasa Securities Co. Ltd.,12,273.0,3276.0,2025-08-27T14:58:58.226008
2025-08-27,2015,2025082704015355,GLH,Imperial Securities Company Pvt. Ltd.,Naasa Securities Co. Ltd.,14,273.0,3822.0,2025-08-27T14:59:02.389817
2025-08-27,2014,2025082704015356,GLH,Imperial Securities Company Pvt. Ltd.,Ashutosh Brokerage & Securities (PVT) Ltd.,10,273.0,2730.0,2025-08-27T14:59:02.390068
2025-08-27,2013,2025082704015357,GLH,Imperial Securities Company Pvt. Ltd.,Sweta Securities Private Limited,10,273.0,2730.0,2025-08-27T14:59:02.390154
2025-08-27,2012,2025082704015358,GLH,Imperial Securities Company Pvt. Ltd.,Bhrikuti Stock Broking Co. Pvt. Ltd.,116,273.0,31668.0,2025-08-27T14:59:02.390228
2025-08-27,1845,2025082704015387,GLH,Bhrikuti Stock Broking Co. Pvt. Ltd.,Bhrikuti Stock Broking Co. Pvt. Ltd.,84,273.0,22932.0,2025-08-27T14:59:08.841458
2025-08-27,1844,2025082704015388,GLH,Bhrikuti Stock Broking Co. Pvt. Ltd.,Sumeru Securities Pvt. Ltd.,916,273.0,250068.0,2025-08-27T14:59:08.841797
2025-08-27,1835,2025082704015389,GLH,Dipshikha Dhitopatra Karobar Co. Pvt Ltd.,Sumeru Securities Pvt. Ltd.,84,273.0,22932.0,2025-08-27T14:59:09.308035
2025-08-27,1834,2025082704015390,GLH,Dipshikha Dhitopatra Karobar Co. Pvt Ltd.,Trishakti Securities Public Limited,200,273.0,54600.0,2025-08-27T14:59:09.308212
2025-08-27,1037,2025082704015609,GLH,Midas Stock Broking Company Private Limited,Trisul Securities & Invt. Ltd.,20,273.9,5478.0,2025-08-27T14:59:31.075062
2025-08-27,1036,2025082704015610,GLH,Midas Stock Broking Company Private Limited,Linch Stock Market Ltd.,95,273.9,26020.5,2025-08-27T14:59:31.075218
2025-08-27,693,2025082704015675,GLH,Dipshikha Dhitopatra Karobar Co. Pvt Ltd.,Linch Stock Market Ltd.,10,274.0,2740.0,2025-08-27T14:59:42.10143
2025-08-27,692,2025082704015676,GLH,Dipshikha Dhitopatra Karobar Co. Pvt Ltd.,Roadshow securities limited,100,274.0,27400.0,2025-08-27T14:59:42.101589
2025-08-27,691,2025082704015677,GLH,Dipshikha Dhitopatra Karobar Co. Pvt Ltd.,Blue Chip Securities Ltd,106,274.0,29044.0,2025-08-27T14:59:42.101661
2025-08-27,484,2025082704015753,GLH,Primo Securities (PVT) Ltd.,Premier Securities Company Ltd.,10,274.0,2740.0,2025-08-27T14:59:48.175119
2025-08-27,483,2025082704015754,GLH,Primo Securities (PVT) Ltd.,Bhrikuti Stock Broking Co. Pvt. Ltd.,300,274.0,82200.0,2025-08-27T14:59:48.175285
2025-08-27,482,2025082704015755,GLH,Primo Securities (PVT) Ltd.,Online Securities Pvt. Ltd.,50,274.0,13700.0,2025-08-27T14:59:48.17537
2025-08-27,481,2025082704015756,GLH,Primo Securities (PVT) Ltd.,Vision Securities Pvt. Ltd,10,274.0,2740.0,2025-08-27T14:59:48.175442
2025-08-27,398,2025082704015776,GLH,Primo Securities (PVT) Ltd.,Siprabi Securities Pvt. Ltd.,450,274.0,123300.0,2025-08-27T14:59:51.671071
