Date,S.N.,contract_id,symbol,buyer_broker,seller_broker,volume,price,amount,transaction_time
2025-08-27,72525,2025082704000001,NHPC,Blue Chip Securities Ltd,Vision Securities Pvt. Ltd,10,203.0,2030.0,2025-08-27T10:46:00.010283
2025-08-27,72457,2025082704000017,NHPC,Sweta Securities Private Limited,Arun Securities (PVT) Ltd.,240,205.1,49224.0,2025-08-27T11:00:22.983978
2025-08-27,72456,2025082704000018,NHPC,Blue Chip Securities Ltd,Arun Securities (PVT) Ltd.,440,205.0,90200.0,2025-08-27T11:00:22.984052
2025-08-27,72455,2025082704000019,NHPC,Creative Securities Pvt Ltd,Arun Securities (PVT) Ltd.,1000,205.0,205000.0,2025-08-27T11:00:22.984074
2025-08-27,72454,2025082704000020,NHPC,Sumeru Securities Pvt. Ltd.,Arun Securities (PVT) Ltd.,2000,205.0,410000.0,2025-08-27T11:00:24.314466
2025-08-27,72440,2025082704000023,NHPC,Linch Stock Market Ltd.,Arun Securities (PVT) Ltd.,100,205.0,20500.0,2025-08-27T11:00:36.989705
2025-08-27,72439,2025082704000024,NHPC,ABC Securities Private Limited,Arun Securities (PVT) Ltd.,300,205.0,61500.0,2025-08-27T11:00:38.233547
2025-08-27,72437,2025082704000025,NHPC,Secured Securities Ltd.,Arun Securities (PVT) Ltd.,120,205.0,24600.0,2025-08-27T11:00:41.640492
2025-08-27,72188,2025082704000045,NHPC,Trisul Securities & Invt. Ltd.,Trisul Securities & Invt. Ltd.,10,209.1,2091.0,2025-08-27T11:03:26.921098
2025-08-27,71738,2025082704000097,NHPC,Aryatara Investment & Securities,Kohinoor Investment & Securities Pvt. Ltd.,10,212.0,2120.0,2025-08-27T11:07:03.068727
2025-08-27,71383,2025082704000148,NHPC,Neev Securities Pvt. Ltd.,Neev Securities Pvt. Ltd.,10,207.8,2078.0,2025-08-27T11:09:16.799883
2025-08-27,70965,2025082704000216,NHPC,Naasa Securities Co. Ltd.,Sumeru Securities Pvt. Ltd.,29,209.9,6087.1,2025-08-27T11:11:47.222289
2025-08-27,70391,2025082704000314,NHPC,Imperial Securities Company Pvt. Ltd.,Kohinoor Investment & Securities Pvt. Ltd.,40,208.9,8356.0,2025-08-27T11:15:00.817495
2025-08-27,69337,2025082704000456,NHPC,Opal Securities Investment (PVT) Ltd.,Sumeru Securities Pvt. Ltd.,400,209.0,83600.0,2025-08-27T11:20:49.771468
2025-08-27,68695,2025082704000539,NHPC,Online Securities Pvt. Ltd.,Secured Securities Ltd.,50,207.8,10390.0,2025-08-27T11:23:32.37304
2025-08-27,68694,2025082704000540,NHPC,Nepal Investment And Securities Trading Private Limited,Secured Securities Ltd.,10,207.8,2078.0,2025-08-27T11:23:32.373162
2025-08-27,68693,2025082704000541,NHPC,Kohinoor Investment & Securities Pvt. Ltd.,Secured Securities Ltd.,90,207.0,18630.0,2025-08-27T11:23:32.373224
2025-08-27,66741,2025082704000892,NHPC,Opal Securities Investment (PVT) Ltd.,Nepal Stock House (PVT) Ltd.,70,208.0,14560.0,2025-08-27T11:31:46.371947
2025-08-27,66448,2025082704000940,NHPC,Premier Securities Company Ltd.,Himalayan Brokerage Company Limited,200,208.9,41780.0,2025-08-27T11:32:49.394211
2025-08-27,65694,2025082704001057,NHPC,Naasa Securities Co. Ltd.,Naasa Securities Co. Ltd.,10,208.0,2080.0,2025-08-27T11:35:11.977077
2025-08-27,64896,2025082704001160,NHPC,Vision Securities Pvt. Ltd,Aryatara Investment & Securities,315,207.6,65394.0,2025-08-27T11:37:50.069669
2025-08-27,64784,2025082704001173,NHPC,South Asian Bulls Pvt. Ltd.,Naasa Securities Co. Ltd.,90,208.0,18720.0,2025-08-27T11:38:18.015973
2025-08-27,64783,2025082704001174,NHPC,South Asian Bulls Pvt. Ltd.,Naasa Securities Co. Ltd.,155,208.0,32240.0,2025-08-27T11:38:18.016148
2025-08-27,64782,2025082704001175,NHPC,South Asian Bulls Pvt. Ltd.,Neev Securities Pvt. Ltd.,5,208.0,1040.0,2025-08-27T11:38:18.01621
2025-08-27,64316,2025082704001238,NHPC,N.I.M.B. Stock Markets Limited,Nepal Stock House (PVT) Ltd.,50,207.9,10395.0,2025-08-27T11:40:16.529076
2025-08-27,63790,2025082704001361,NHPC,Capital Max Securities Ltd,Nepal Stock House (PVT) Ltd.,100,207.9,20790.0,2025-08-27T11:42:16.96932
2025-08-27,63789,2025082704001362,NHPC,Capital Max Securities Ltd,Dipshikha Dhitopatra Karobar Co. Pvt Ltd.,500,208.0,104000.0,2025-08-27T11:42:16.969513
2025-08-27,62423,2025082704001616,NHPC,Vision Securities Pvt. Ltd,Neev Securities Pvt. Ltd.,126,208.0,26208.0,2025-08-27T11:48:05.224234
2025-08-27,62422,2025082704001617,NHPC,Vision Securities Pvt. Ltd,Dipshikha Dhitopatra Karobar Co. Pvt Ltd.,59,208.0,12272.0,2025-08-27T11:48:05.224456
2025-08-27,61444,2025082704001781,NHPC,Online Securities Pvt. Ltd.,Dipshikha Dhitopatra Karobar Co. Pvt Ltd.,441,208.0,91728.0,2025-08-27T11:52:04.292109
2025-08-27,61443,2025082704001782,NHPC,Online Securities Pvt. Ltd.,Imperial Securities Company Pvt. Ltd.,97,208.0,20176.0,2025-08-27T11:52:04.292355
2025-08-27,61023,2025082704001847,NHPC,Trisul Securities & Invt. Ltd.,Imperial Securities Company Pvt. Ltd.,10,208.0,2080.0,2025-08-27T11:53:25.422497
2025-08-27,60979,2025082704001848,NHPC,Dipshikha Dhitopatra Karobar Co. Pvt Ltd.,Dipshikha Dhitopatra Karobar Co. Pvt Ltd.,500,207.9,103950.0,2025-08-27T11:53:39.071713
2025-08-27,60960,2025082704001855,NHPC,Cristal Kanchanjanga Securites Pvt. Ltd.,Imperial Securities Company Pvt. Ltd.,1000,208.0,208000.0,2025-08-27T11:53:44.326624
2025-08-27,60658,2025082704001909,NHPC,Cristal Kanchanjanga Securites Pvt. Ltd.,Imperial Securities Company Pvt. Ltd.,25,208.0,5200.0,2025-08-27T11:54:56.596872
2025-08-27,60617,2025082704001914,NHPC,Nepal Investment And Securities Trading Private Limited,Online Securities Pvt. Ltd.,20,207.8,4156.0,2025-08-27T11:55:03.49624
2025-08-27,60616,2025082704001915,NHPC,Nepal Investment And Securities Trading Private Limited,Online Securities Pvt. Ltd.,30,207.7,6231.0,2025-08-27T11:55:03.496494
2025-08-27,60528,2025082704001929,NHPC,Linch Stock Market Ltd.,Imperial Securities Company Pvt. Ltd.,10,208.0,2080.0,2025-08-27T11:55:31.345449
2025-08-27,60427,2025082704001945,NHPC,Nepal Investment And Securities Trading Private Limited,Sani Securities Company Ltd.,30,207.8,6234.0,2025-08-27T11:55:54.166881
2025-08-27,60426,2025082704001946,NHPC,Nepal Investment And Securities Trading Private Limited,Sani Securities Company Ltd.,20,207.7,4154.0,2025-08-27T11:55:54.166949
2025-08-27,60425,2025082704001947,NHPC,Capital Max Securities Ltd,Sani Securities Company Ltd.,144,207.7,29908.8,2025-08-27T11:55:54.166984
2025-08-27,60307,2025082704001962,NHPC,Capital Max Securities Ltd,Thrive Brokerage House Pvt. Ltd,50,207.7,10385.0,2025-08-27T11:56:23.384225
2025-08-27,59973,2025082704002025,NHPC,Dakshinkali Investment & Securities Pvt. Ltd.,Thrive Brokerage House Pvt. Ltd,50,207.9,10395.0,2025-08-27T11:57:28.701271
2025-08-27,59901,2025082704002031,NHPC,Sewa Securities Pvt. Ltd.,Imperial Securities Company Pvt. Ltd.,300,208.0,62400.0,2025-08-27T11:57:45.511484
2025-08-27,59206,2025082704002134,NHPC,Siprabi Securities Pvt. Ltd.,Imperial Securities Company Pvt. Ltd.,858,208.0,178464.0,2025-08-27T12:00:13.570296
2025-08-27,59205,2025082704002135,NHPC,Siprabi Securities Pvt. Ltd.,Dipshikha Dhitopatra Karobar Co. Pvt Ltd.,142,208.0,29536.0,2025-08-27T12:00:13.570734
2025-08-27,58551,2025082704002280,NHPC,Siprabi Securities Pvt. Ltd.,Dipshikha Dhitopatra Karobar Co. Pvt Ltd.,100,208.0,20800.0,2025-08-27T12:02:17.442191
2025-08-27,58324,2025082704002380,NHPC,Siprabi Securities Pvt. Ltd.,Dipshikha Dhitopatra Karobar Co. Pvt Ltd.,758,208.0,157664.0,2025-08-27T12:03:04.857885
2025-08-27,58323,2025082704002381,NHPC,Siprabi Securities Pvt. Ltd.,Thrive Brokerage House Pvt. Ltd,42,208.0,8736.0,2025-08-27T12:03:04.858296
2025-08-27,58089,2025082704002457,NHPC,Nepal Investment And Securities Trading Private Limited,Nepal Stock House (PVT) Ltd.,100,208.0,20800.0,2025-08-27T12:03:50.092124
2025-08-27,57401,2025082704002578,NHPC,Nepal Investment And Securities Trading Private Limited,Thrive Brokerage House Pvt. Ltd,20,208.0,4160.0,2025-08-27T12:06:27.143952
2025-08-27,57290,2025082704002600,NHPC,Nepal Investment And Securities Trading Private Limited,Thrive Brokerage House Pvt. Ltd,48,208.0,9984.0,2025-08-27T12:06:47.978608
2025-08-27,56619,2025082704002765,NHPC,Nepal Investment And Securities Trading Private Limited,Nepal Stock House (PVT) Ltd.,25,208.0,5200.0,2025-08-27T12:09:12.787262
2025-08-27,56456,2025082704002815,NHPC,Sweta Securities Private Limited,Nepal Stock House (PVT) Ltd.,75,208.0,15600.0,2025-08-27T12:09:53.058722
2025-08-27,56455,2025082704002816,NHPC,Sweta Securities Private Limited,Online Securities Pvt. Ltd.,125,208.0,26000.0,2025-08-27T12:09:53.059006
2025-08-27,56436,2025082704002822,NHPC,Sani Securities Company Ltd.,Online Securities Pvt. Ltd.,100,208.0,20800.0,2025-08-27T12:09:56.472654
2025-08-27,56392,2025082704002833,NHPC,Dakshinkali Investment & Securities Pvt. Ltd.,Nepal Stock House (PVT) Ltd.,150,207.9,31185.0,2025-08-27T12:10:11.953691
2025-08-27,56391,2025082704002834,NHPC,Vision Securities Pvt. Ltd,Nepal Stock House (PVT) Ltd.,100,207.9,20790.0,2025-08-27T12:10:11.953996
2025-08-27,56341,2025082704002849,NHPC,Nepal Investment And Securities Trading Private Limited,Online Securities Pvt. Ltd.,25,208.0,5200.0,2025-08-27T12:10:21.050663
2025-08-27,56125,2025082704002904,NHPC,Sani Securities Company Ltd.,Online Securities Pvt. Ltd.,381,208.0,79248.0,2025-08-27T12:11:10.044173
2025-08-27,56120,2025082704002907,NHPC,Sani Securities Company Ltd.,Nepal Stock House (PVT) Ltd.,19,208.0,3952.0,2025-08-27T12:11:12.486106
2025-08-27,55987,2025082704002927,NHPC,Sani Securities Company Ltd.,Nepal Stock House (PVT) Ltd.,181,207.9,37629.9,2025-08-27T12:11:40.214171
2025-08-27,55569,2025082704003024,NHPC,Sani Securities Company Ltd.,Nepal Stock House (PVT) Ltd.,75,208.0,15600.0,2025-08-27T12:13:26.734378
2025-08-27,55376,2025082704003079,NHPC,Aryatara Investment & Securities,Himalayan Brokerage Company Limited,200,208.9,41780.0,2025-08-27T12:14:25.032349
2025-08-27,55074,2025082704003144,NHPC,Capital Max Securities Ltd,Himalayan Brokerage Company Limited,100,208.9,20890.0,2025-08-27T12:15:58.7178
2025-08-27,55073,2025082704003145,NHPC,Capital Max Securities Ltd,Dipshikha Dhitopatra Karobar Co. Pvt Ltd.,500,208.9,104450.0,2025-08-27T12:15:58.718042
2025-08-27,55072,2025082704003146,NHPC,Capital Max Securities Ltd,Aryatara Investment & Securities,200,209.0,41800.0,2025-08-27T12:15:58.718146
2025-08-27,55071,2025082704003147,NHPC,Capital Max Securities Ltd,Bhrikuti Stock Broking Co. Pvt. Ltd.,300,209.0,62700.0,2025-08-27T12:15:58.718243
2025-08-27,55070,2025082704003148,NHPC,Capital Max Securities Ltd,Oxford Securities Pvt. Ltd.,900,209.0,188100.0,2025-08-27T12:15:58.718351
2025-08-27,53541,2025082704003496,NHPC,Aryatara Investment & Securities,Oxford Securities Pvt. Ltd.,500,209.0,104500.0,2025-08-27T12:23:17.252004
2025-08-27,53517,2025082704003506,NHPC,Aryatara Investment & Securities,Oxford Securities Pvt. Ltd.,500,209.0,104500.0,2025-08-27T12:23:24.419547
2025-08-27,53175,2025082704003578,NHPC,South Asian Bulls Pvt. Ltd.,Sani Securities Company Ltd.,11,208.2,2290.2,2025-08-27T12:24:58.5963
2025-08-27,52207,2025082704003773,NHPC,Vision Securities Pvt. Ltd,Oxford Securities Pvt. Ltd.,822,209.0,171798.0,2025-08-27T12:29:09.711048
2025-08-27,52206,2025082704003774,NHPC,Vision Securities Pvt. Ltd,Opal Securities Investment (PVT) Ltd.,300,209.0,62700.0,2025-08-27T12:29:09.711326
2025-08-27,51517,2025082704003948,NHPC,South Asian Bulls Pvt. Ltd.,Dipshikha Dhitopatra Karobar Co. Pvt Ltd.,500,209.9,104950.0,2025-08-27T12:31:28.784175
2025-08-27,51516,2025082704003949,NHPC,South Asian Bulls Pvt. Ltd.,Dipshikha Dhitopatra Karobar Co. Pvt Ltd.,1000,209.9,209900.0,2025-08-27T12:31:28.78443
2025-08-27,51397,2025082704003958,NHPC,South Asian Bulls Pvt. Ltd.,Linch Stock Market Ltd.,42,210.0,8820.0,2025-08-27T12:31:44.858201
2025-08-27,51396,2025082704003959,NHPC,South Asian Bulls Pvt. Ltd.,Trishakti Securities Public Limited,800,210.0,168000.0,2025-08-27T12:31:44.858475
2025-08-27,51395,2025082704003960,NHPC,South Asian Bulls Pvt. Ltd.,Bhrikuti Stock Broking Co. Pvt. Ltd.,300,210.0,63000.0,2025-08-27T12:31:44.85858
2025-08-27,51394,2025082704003961,NHPC,South Asian Bulls Pvt. Ltd.,Elite Stock House Limited,300,210.0,63000.0,2025-08-27T12:31:44.85868
2025-08-27,51393,2025082704003962,NHPC,South Asian Bulls Pvt. Ltd.,Vision Securities Pvt. Ltd,10,210.0,2100.0,2025-08-27T12:31:44.858786
2025-08-27,51392,2025082704003963,NHPC,South Asian Bulls Pvt. Ltd.,Midas Stock Broking Company Private Limited,1000,210.0,210000.0,2025-08-27T12:31:44.858885
2025-08-27,51391,2025082704003964,NHPC,South Asian Bulls Pvt. Ltd.,Sani Securities Company Ltd.,100,210.0,21000.0,2025-08-27T12:31:44.858982
2025-08-27,51390,2025082704003965,NHPC,South Asian Bulls Pvt. Ltd.,Capital Max Securities Ltd,500,210.0,105000.0,2025-08-27T12:31:44.859083
2025-08-27,51389,2025082704003966,NHPC,South Asian Bulls Pvt. Ltd.,Capital Max Securities Ltd,437,210.0,91770.0,2025-08-27T12:31:44.859183
2025-08-27,49798,2025082704004364,NHPC,Sani Securities Company Ltd.,Naasa Securities Co. Ltd.,10,209.9,2099.0,2025-08-27T12:36:44.363506
2025-08-27,48465,2025082704004626,NHPC,Sri Hari Securities Pvt. Ltd.,Naasa Securities Co. Ltd.,10,209.9,2099.0,2025-08-27T12:40:57.83227
2025-08-27,47119,2025082704005019,NHPC,J.F. Securites (PVT) Ltd.,Imperial Securities Company Pvt. Ltd.,80,209.8,16784.0,2025-08-27T12:44:58.377669
2025-08-27,47118,2025082704005020,NHPC,J.F. Securites (PVT) Ltd.,Naasa Securities Co. Ltd.,100,209.9,20990.0,2025-08-27T12:44:58.377942
2025-08-27,47117,2025082704005021,NHPC,J.F. Securites (PVT) Ltd.,Capital Max Securities Ltd,63,210.0,13230.0,2025-08-27T12:44:58.378078
2025-08-27,47116,2025082704005022,NHPC,J.F. Securites (PVT) Ltd.,Market Securities & Exchange (PVT) Ltd.,300,210.0,63000.0,2025-08-27T12:44:58.378195
2025-08-27,47115,2025082704005023,NHPC,J.F. Securites (PVT) Ltd.,Sani Securities Company Ltd.,1457,210.0,305970.0,2025-08-27T12:44:58.378327
2025-08-27,46368,2025082704005209,NHPC,Vision Securities Pvt. Ltd,Sani Securities Company Ltd.,500,210.0,105000.0,2025-08-27T12:47:35.781178
2025-08-27,46090,2025082704005270,NHPC,Imperial Securities Company Pvt. Ltd.,Sani Securities Company Ltd.,543,210.0,114030.0,2025-08-27T12:48:50.82859
2025-08-27,46089,2025082704005271,NHPC,Imperial Securities Company Pvt. Ltd.,Midas Stock Broking Company Private Limited,23,210.0,4830.0,2025-08-27T12:48:50.828825
2025-08-27,45982,2025082704005308,NHPC,Vision Securities Pvt. Ltd,Capital Max Securities Ltd,200,209.1,41820.0,2025-08-27T12:49:15.778405
2025-08-27,45981,2025082704005309,NHPC,Vision Securities Pvt. Ltd,Capital Max Securities Ltd,78,209.0,16302.0,2025-08-27T12:49:15.7787
2025-08-27,45980,2025082704005310,NHPC,Secured Securities Ltd.,Capital Max Securities Ltd,100,209.0,20900.0,2025-08-27T12:49:15.778857
2025-08-27,45979,2025082704005311,NHPC,Nagarik Stock Dealer ,Capital Max Securities Ltd,500,209.0,104500.0,2025-08-27T12:49:15.779004
2025-08-27,45978,2025082704005312,NHPC,Sweta Securities Private Limited,Capital Max Securities Ltd,122,209.0,25498.0,2025-08-27T12:49:15.779205
2025-08-27,45368,2025082704005483,NHPC,Sri Hari Securities Pvt. Ltd.,Sumeru Securities Pvt. Ltd.,385,210.0,80850.0,2025-08-27T12:51:49.861921
2025-08-27,44809,2025082704005605,NHPC,Imperial Securities Company Pvt. Ltd.,Sumeru Securities Pvt. Ltd.,10,210.0,2100.0,2025-08-27T12:54:08.395234
2025-08-27,43843,2025082704005797,NHPC,Creative Securities Pvt Ltd,Online Securities Pvt. Ltd.,600,209.9,125940.0,2025-08-27T12:58:36.895402
2025-08-27,43842,2025082704005798,NHPC,Creative Securities Pvt Ltd,Sumeru Securities Pvt. Ltd.,105,210.0,22050.0,2025-08-27T12:58:36.895679
2025-08-27,43841,2025082704005799,NHPC,Creative Securities Pvt Ltd,Nepal Investment And Securities Trading Private Limited,50,210.0,10500.0,2025-08-27T12:58:36.895809
2025-08-27,43840,2025082704005800,NHPC,Creative Securities Pvt Ltd,Imperial Securities Company Pvt. Ltd.,50,210.0,10500.0,2025-08-27T12:58:36.895935
2025-08-27,42704,2025082704006031,NHPC,Naasa Securities Co. Ltd.,Sumeru Securities Pvt. Ltd.,56,210.0,11760.0,2025-08-27T13:02:31.644239
2025-08-27,42703,2025082704006032,NHPC,Naasa Securities Co. Ltd.,Sumeru Securities Pvt. Ltd.,70,210.0,14700.0,2025-08-27T13:02:31.644799
2025-08-27,42702,2025082704006033,NHPC,Naasa Securities Co. Ltd.,Sumeru Securities Pvt. Ltd.,205,210.0,43050.0,2025-08-27T13:02:31.645156
2025-08-27,40937,2025082704006477,NHPC,Investment Management Nepal Pvt. Ltd.,Sewa Securities Pvt. Ltd.,350,210.9,73815.0,2025-08-27T13:09:11.535323
2025-08-27,40936,2025082704006478,NHPC,Investment Management Nepal Pvt. Ltd.,Capital Max Securities Ltd,650,211.0,137150.0,2025-08-27T13:09:11.535368
2025-08-27,40879,2025082704006492,NHPC,Linch Stock Market Ltd.,Capital Max Securities Ltd,200,211.0,42200.0,2025-08-27T13:09:30.370808
2025-08-27,40001,2025082704006686,NHPC,Asian Securities Private Ltd.,Online Securities Pvt. Ltd.,425,210.2,89335.0,2025-08-27T13:12:40.600644
2025-08-27,40000,2025082704006687,NHPC,Sani Securities Company Ltd.,Online Securities Pvt. Ltd.,90,210.1,18909.0,2025-08-27T13:12:40.600925
2025-08-27,39999,2025082704006688,NHPC,Asian Securities Private Ltd.,Online Securities Pvt. Ltd.,300,210.1,63030.0,2025-08-27T13:12:40.601047
2025-08-27,39998,2025082704006689,NHPC,Linch Stock Market Ltd.,Online Securities Pvt. Ltd.,175,210.0,36750.0,2025-08-27T13:12:40.60116
2025-08-27,39766,2025082704006770,NHPC,Linch Stock Market Ltd.,Vision Securities Pvt. Ltd,25,210.0,5250.0,2025-08-27T13:13:30.747366
2025-08-27,39765,2025082704006771,NHPC,Neev Securities Pvt. Ltd.,Vision Securities Pvt. Ltd,25,210.0,5250.0,2025-08-27T13:13:30.747805
2025-08-27,39318,2025082704006897,NHPC,Neev Securities Pvt. Ltd.,Secured Securities Ltd.,250,210.0,52500.0,2025-08-27T13:15:09.24563
2025-08-27,39219,2025082704006927,NHPC,Neev Securities Pvt. Ltd.,Vision Securities Pvt. Ltd,10,210.0,2100.0,2025-08-27T13:15:32.744645
2025-08-27,38410,2025082704007160,NHPC,Neev Securities Pvt. Ltd.,Sharepro Securities Private Limited,100,210.0,21000.0,2025-08-27T13:19:13.532277
2025-08-27,37414,2025082704007421,NHPC,Nepal Investment And Securities Trading Private Limited,Online Securities Pvt. Ltd.,10,210.9,2109.0,2025-08-27T13:22:53.340726
2025-08-27,37413,2025082704007422,NHPC,Nepal Investment And Securities Trading Private Limited,Secured Securities Ltd.,200,210.9,42180.0,2025-08-27T13:22:53.341266
2025-08-27,37412,2025082704007423,NHPC,Nepal Investment And Securities Trading Private Limited,Capital Max Securities Ltd,90,211.0,18990.0,2025-08-27T13:22:53.341775
2025-08-27,36044,2025082704007799,NHPC,Imperial Securities Company Pvt. Ltd.,Vision Securities Pvt. Ltd,134,210.6,28220.4,2025-08-27T13:27:59.805275
2025-08-27,35905,2025082704007816,NHPC,Imperial Securities Company Pvt. Ltd.,Capital Max Securities Ltd,366,210.6,77079.6,2025-08-27T13:28:29.818423
2025-08-27,35904,2025082704007817,NHPC,N.I.M.B. Stock Markets Limited,Capital Max Securities Ltd,50,210.5,10525.0,2025-08-27T13:28:29.818741
2025-08-27,35903,2025082704007818,NHPC,Neev Securities Pvt. Ltd.,Capital Max Securities Ltd,1615,210.0,339150.0,2025-08-27T13:28:29.818855
2025-08-27,35902,2025082704007819,NHPC,Trishakti Securities Public Limited,Capital Max Securities Ltd,135,210.0,28350.0,2025-08-27T13:28:29.818979
2025-08-27,35901,2025082704007820,NHPC,Siprabi Securities Pvt. Ltd.,Capital Max Securities Ltd,500,210.0,105000.0,2025-08-27T13:28:29.819094
2025-08-27,35900,2025082704007821,NHPC,Capital Max Securities Ltd,Capital Max Securities Ltd,75,210.0,15750.0,2025-08-27T13:28:29.819204
2025-08-27,35899,2025082704007822,NHPC,Dynamic Money Managers Securities Pvt. Ltd.,Capital Max Securities Ltd,95,210.0,19950.0,2025-08-27T13:28:29.819333
2025-08-27,35898,2025082704007823,NHPC,Linch Stock Market Ltd.,Capital Max Securities Ltd,10,210.0,2100.0,2025-08-27T13:28:29.819474
2025-08-27,35897,2025082704007824,NHPC,Vision Securities Pvt. Ltd,Capital Max Securities Ltd,500,210.0,105000.0,2025-08-27T13:28:29.819582
2025-08-27,35896,2025082704007825,NHPC,Vision Securities Pvt. Ltd,Capital Max Securities Ltd,500,210.0,105000.0,2025-08-27T13:28:29.819688
2025-08-27,35895,2025082704007826,NHPC,Nagarik Stock Dealer ,Capital Max Securities Ltd,100,210.0,21000.0,2025-08-27T13:28:29.819792
2025-08-27,35894,2025082704007827,NHPC,ABC Securities Private Limited,Capital Max Securities Ltd,500,210.0,105000.0,2025-08-27T13:28:29.819898
2025-08-27,35893,2025082704007828,NHPC,Midas Stock Broking Company Private Limited,Capital Max Securities Ltd,454,210.0,95340.0,2025-08-27T13:28:29.820005
2025-08-27,35137,2025082704008006,NHPC,Midas Stock Broking Company Private Limited,Sumeru Securities Pvt. Ltd.,46,210.0,9660.0,2025-08-27T13:31:05.198893
2025-08-27,35136,2025082704008007,NHPC,Naasa Securities Co. Ltd.,Sumeru Securities Pvt. Ltd.,54,210.0,11340.0,2025-08-27T13:31:05.19948
2025-08-27,35091,2025082704008023,NHPC,Naasa Securities Co. Ltd.,Sumeru Securities Pvt. Ltd.,11,210.0,2310.0,2025-08-27T13:31:13.241372
2025-08-27,35090,2025082704008024,NHPC,Aryatara Investment & Securities,Sumeru Securities Pvt. Ltd.,500,210.0,105000.0,2025-08-27T13:31:13.241857
2025-08-27,34833,2025082704008096,NHPC,Imperial Securities Company Pvt. Ltd.,Sumeru Securities Pvt. Ltd.,100,210.0,21000.0,2025-08-27T13:31:53.127571
2025-08-27,34622,2025082704008133,NHPC,Imperial Securities Company Pvt. Ltd.,Sumeru Securities Pvt. Ltd.,350,210.0,73500.0,2025-08-27T13:32:32.770891
2025-08-27,34340,2025082704008186,NHPC,Oxford Securities Pvt. Ltd.,Online Securities Pvt. Ltd.,200,210.0,42000.0,2025-08-27T13:33:30.713014
2025-08-27,33965,2025082704008302,NHPC,SHUBHAKAMANA SECURITIES PVT. LTD,Dynamic Money Managers Securities Pvt. Ltd.,500,209.8,104900.0,2025-08-27T13:34:54.547037
2025-08-27,33831,2025082704008339,NHPC,SHUBHAKAMANA SECURITIES PVT. LTD,Secured Securities Ltd.,250,209.8,52450.0,2025-08-27T13:35:20.887539
2025-08-27,32745,2025082704008635,NHPC,Naasa Securities Co. Ltd.,Cristal Kanchanjanga Securites Pvt. Ltd.,1,212.0,212.0,2025-08-27T13:39:34.272691
2025-08-27,32738,2025082704008639,NHPC,Siprabi Securities Pvt. Ltd.,Dakshinkali Investment & Securities Pvt. Ltd.,100,210.0,21000.0,2025-08-27T13:39:35.528007
2025-08-27,32003,2025082704008800,NHPC,SHUBHAKAMANA SECURITIES PVT. LTD,Sweta Securities Private Limited,200,209.8,41960.0,2025-08-27T13:43:04.193033
2025-08-27,31443,2025082704008906,NHPC,Ashutosh Brokerage & Securities (PVT) Ltd.,Dakshinkali Investment & Securities Pvt. Ltd.,15,210.0,3150.0,2025-08-27T13:46:25.594717
2025-08-27,30788,2025082704009053,NHPC,Sweta Securities Private Limited,Dakshinkali Investment & Securities Pvt. Ltd.,10,210.0,2100.0,2025-08-27T13:49:59.330127
2025-08-27,30787,2025082704009054,NHPC,Sweta Securities Private Limited,Naasa Securities Co. Ltd.,28,210.0,5880.0,2025-08-27T13:49:59.330658
2025-08-27,30786,2025082704009055,NHPC,Sweta Securities Private Limited,Bhrikuti Stock Broking Co. Pvt. Ltd.,340,210.0,71400.0,2025-08-27T13:49:59.330994
2025-08-27,29718,2025082704009263,NHPC,Pragyan Securities (PVT) Ltd.,Bhrikuti Stock Broking Co. Pvt. Ltd.,100,210.0,21000.0,2025-08-27T13:54:57.714633
2025-08-27,29127,2025082704009373,NHPC,Pragyan Securities (PVT) Ltd.,Bhrikuti Stock Broking Co. Pvt. Ltd.,63,210.0,13230.0,2025-08-27T13:56:40.130678
2025-08-27,28991,2025082704009396,NHPC,Siprabi Securities Pvt. Ltd.,Bhrikuti Stock Broking Co. Pvt. Ltd.,25,210.0,5250.0,2025-08-27T13:57:24.577761
2025-08-27,28630,2025082704009464,NHPC,SHUBHAKAMANA SECURITIES PVT. LTD,Dynamic Money Managers Securities Pvt. Ltd.,50,209.8,10490.0,2025-08-27T13:58:57.792108
2025-08-27,28629,2025082704009465,NHPC,Imperial Securities Company Pvt. Ltd.,Dynamic Money Managers Securities Pvt. Ltd.,40,209.8,8392.0,2025-08-27T13:58:57.792366
2025-08-27,28481,2025082704009496,NHPC,Sani Securities Company Ltd.,Dynamic Money Managers Securities Pvt. Ltd.,95,209.8,19931.0,2025-08-27T13:59:41.345678
2025-08-27,27835,2025082704009586,NHPC,Sundhara Securities Limited,Cristal Kanchanjanga Securites Pvt. Ltd.,140,209.5,29330.0,2025-08-27T14:01:43.495333
2025-08-27,27583,2025082704009641,NHPC,Sundhara Securities Limited,Naasa Securities Co. Ltd.,10,209.5,2095.0,2025-08-27T14:02:50.011118
2025-08-27,26612,2025082704009868,NHPC,Dakshinkali Investment & Securities Pvt. Ltd.,J.F. Securites (PVT) Ltd.,150,209.6,31440.0,2025-08-27T14:05:26.619403
2025-08-27,26383,2025082704009908,NHPC,Dakshinkali Investment & Securities Pvt. Ltd.,Bhrikuti Stock Broking Co. Pvt. Ltd.,850,209.6,178160.0,2025-08-27T14:06:08.122124
2025-08-27,26382,2025082704009909,NHPC,Sundhara Securities Limited,Bhrikuti Stock Broking Co. Pvt. Ltd.,50,209.5,10475.0,2025-08-27T14:06:08.122656
2025-08-27,26381,2025082704009910,NHPC,Premier Securities Company Ltd.,Bhrikuti Stock Broking Co. Pvt. Ltd.,1000,209.5,209500.0,2025-08-27T14:06:08.122975
2025-08-27,25544,2025082704010081,NHPC,Siprabi Securities Pvt. Ltd.,Bhrikuti Stock Broking Co. Pvt. Ltd.,572,209.2,119662.4,2025-08-27T14:08:37.835477
2025-08-27,24055,2025082704010287,NHPC,Siprabi Securities Pvt. Ltd.,Premier Securities Company Ltd.,35,209.2,7322.0,2025-08-27T14:12:40.533238
2025-08-27,22971,2025082704010527,NHPC,Kumari Securities Private Limited,Deevyaa Securities & Stock House Pvt. Ltd,200,209.5,41900.0,2025-08-27T14:16:03.99447
2025-08-27,21903,2025082704010772,NHPC,Kumari Securities Private Limited,Deevyaa Securities & Stock House Pvt. Ltd,500,210.0,105000.0,2025-08-27T14:19:12.84073
2025-08-27,21902,2025082704010773,NHPC,Kumari Securities Private Limited,Vision Securities Pvt. Ltd,300,210.0,63000.0,2025-08-27T14:19:12.84102
2025-08-27,21205,2025082704010931,NHPC,Dipshikha Dhitopatra Karobar Co. Pvt Ltd.,Naasa Securities Co. Ltd.,500,209.6,104800.0,2025-08-27T14:21:24.366228
2025-08-27,20896,2025082704010987,NHPC,S.P.S.A. Securities Limited,Naasa Securities Co. Ltd.,500,209.5,104750.0,2025-08-27T14:22:22.048487
2025-08-27,20895,2025082704010988,NHPC,Oxford Securities Pvt. Ltd.,Naasa Securities Co. Ltd.,200,209.4,41880.0,2025-08-27T14:22:22.049049
2025-08-27,20894,2025082704010989,NHPC,Sani Securities Company Ltd.,Naasa Securities Co. Ltd.,100,209.4,20940.0,2025-08-27T14:22:22.049429
2025-08-27,20599,2025082704011032,NHPC,Sani Securities Company Ltd.,Vision Securities Pvt. Ltd,200,209.3,41860.0,2025-08-27T14:23:10.014171
2025-08-27,18760,2025082704011363,NHPC,Siprabi Securities Pvt. Ltd.,Imperial Securities Company Pvt. Ltd.,100,209.2,20920.0,2025-08-27T14:28:28.862186
2025-08-27,17702,2025082704011632,NHPC,Online Securities Pvt. Ltd.,Online Securities Pvt. Ltd.,10,209.8,2098.0,2025-08-27T14:31:34.322771
2025-08-27,16462,2025082704011850,NHPC,Vision Securities Pvt. Ltd,Online Securities Pvt. Ltd.,290,209.8,60842.0,2025-08-27T14:34:55.423611
2025-08-27,16461,2025082704011851,NHPC,Vision Securities Pvt. Ltd,Naasa Securities Co. Ltd.,210,209.8,44058.0,2025-08-27T14:34:55.423904
2025-08-27,15817,2025082704011986,NHPC,Sani Securities Company Ltd.,Naasa Securities Co. Ltd.,1490,209.8,312602.0,2025-08-27T14:36:50.463325
2025-08-27,15208,2025082704012120,NHPC,Sani Securities Company Ltd.,Siprabi Securities Pvt. Ltd.,144,210.0,30240.0,2025-08-27T14:38:21.982492
2025-08-27,15207,2025082704012121,NHPC,Sani Securities Company Ltd.,Malla & Malla Stock Broking Company Pvt. Limited,1500,210.0,315000.0,2025-08-27T14:38:21.982794
2025-08-27,15206,2025082704012122,NHPC,Sani Securities Company Ltd.,Dipshikha Dhitopatra Karobar Co. Pvt Ltd.,200,210.0,42000.0,2025-08-27T14:38:21.982909
2025-08-27,15205,2025082704012123,NHPC,Sani Securities Company Ltd.,Deevyaa Securities & Stock House Pvt. Ltd,166,210.0,34860.0,2025-08-27T14:38:21.983022
2025-08-27,15009,2025082704012152,NHPC,Imperial Securities Company Pvt. Ltd.,Deevyaa Securities & Stock House Pvt. Ltd,34,210.0,7140.0,2025-08-27T14:38:48.660373
2025-08-27,15008,2025082704012153,NHPC,Imperial Securities Company Pvt. Ltd.,Vision Securities Pvt. Ltd,56,210.0,11760.0,2025-08-27T14:38:48.660891
2025-08-27,14955,2025082704012171,NHPC,Neev Securities Pvt. Ltd.,Vision Securities Pvt. Ltd,50,210.0,10500.0,2025-08-27T14:39:00.232701
2025-08-27,14517,2025082704012223,NHPC,Investment Management Nepal Pvt. Ltd.,Vision Securities Pvt. Ltd,19,210.0,3990.0,2025-08-27T14:39:57.059519
2025-08-27,14516,2025082704012224,NHPC,Investment Management Nepal Pvt. Ltd.,Online Securities Pvt. Ltd.,300,210.5,63150.0,2025-08-27T14:39:57.059824
2025-08-27,14515,2025082704012225,NHPC,Investment Management Nepal Pvt. Ltd.,Dynamic Money Managers Securities Pvt. Ltd.,356,210.8,75044.8,2025-08-27T14:39:57.05995
2025-08-27,14514,2025082704012226,NHPC,Investment Management Nepal Pvt. Ltd.,Capital Max Securities Ltd,500,210.9,105450.0,2025-08-27T14:39:57.060084
2025-08-27,14513,2025082704012227,NHPC,Investment Management Nepal Pvt. Ltd.,Capital Max Securities Ltd,60,211.0,12660.0,2025-08-27T14:39:57.060197
2025-08-27,14512,2025082704012228,NHPC,Investment Management Nepal Pvt. Ltd.,Naasa Securities Co. Ltd.,12,211.0,2532.0,2025-08-27T14:39:57.060337
2025-08-27,14511,2025082704012229,NHPC,Investment Management Nepal Pvt. Ltd.,Sharepro Securities Private Limited,100,211.0,21100.0,2025-08-27T14:39:57.06047
2025-08-27,14510,2025082704012230,NHPC,Investment Management Nepal Pvt. Ltd.,Naasa Securities Co. Ltd.,10,211.0,2110.0,2025-08-27T14:39:57.060582
2025-08-27,14274,2025082704012275,NHPC,Investment Management Nepal Pvt. Ltd.,Dynamic Money Managers Securities Pvt. Ltd.,100,211.0,21100.0,2025-08-27T14:40:34.826959
2025-08-27,14236,2025082704012282,NHPC,Online Securities Pvt. Ltd.,Bhrikuti Stock Broking Co. Pvt. Ltd.,10,211.3,2113.0,2025-08-27T14:40:41.781132
2025-08-27,14008,2025082704012340,NHPC,Investment Management Nepal Pvt. Ltd.,Sumeru Securities Pvt. Ltd.,543,211.0,114573.0,2025-08-27T14:41:19.871165
2025-08-27,13597,2025082704012470,NHPC,Investment Management Nepal Pvt. Ltd.,Bhrikuti Stock Broking Co. Pvt. Ltd.,390,211.3,82407.0,2025-08-27T14:42:05.643945
2025-08-27,13596,2025082704012471,NHPC,Investment Management Nepal Pvt. Ltd.,Capital Max Securities Ltd,1000,211.5,211500.0,2025-08-27T14:42:05.644224
2025-08-27,13409,2025082704012506,NHPC,Investment Management Nepal Pvt. Ltd.,ABC Securities Private Limited,50,211.5,10575.0,2025-08-27T14:42:29.940587
2025-08-27,12211,2025082704012750,NHPC,Investment Management Nepal Pvt. Ltd.,Aryatara Investment & Securities,500,210.0,105000.0,2025-08-27T14:45:01.426832
2025-08-27,11909,2025082704012865,NHPC,Neev Securities Pvt. Ltd.,Siprabi Securities Pvt. Ltd.,10,211.9,2119.0,2025-08-27T14:45:27.760731
2025-08-27,11718,2025082704012893,NHPC,Kohinoor Investment & Securities Pvt. Ltd.,Siprabi Securities Pvt. Ltd.,490,211.9,103831.0,2025-08-27T14:45:55.774439
2025-08-27,11717,2025082704012894,NHPC,Kohinoor Investment & Securities Pvt. Ltd.,Kohinoor Investment & Securities Pvt. Ltd.,510,211.9,108069.0,2025-08-27T14:45:55.774937
2025-08-27,11610,2025082704012929,NHPC,Himalayan Securities Limited,Kohinoor Investment & Securities Pvt. Ltd.,490,211.9,103831.0,2025-08-27T14:46:03.042955
2025-08-27,11501,2025082704012967,NHPC,Himalayan Securities Limited,Oxford Securities Pvt. Ltd.,510,212.0,108120.0,2025-08-27T14:46:19.105109
2025-08-27,11255,2025082704013056,NHPC,Bhrikuti Stock Broking Co. Pvt. Ltd.,Oxford Securities Pvt. Ltd.,490,212.0,103880.0,2025-08-27T14:46:42.067048
2025-08-27,11254,2025082704013057,NHPC,Bhrikuti Stock Broking Co. Pvt. Ltd.,Oxford Securities Pvt. Ltd.,10,212.0,2120.0,2025-08-27T14:46:42.067335
2025-08-27,10903,2025082704013162,NHPC,Investment Management Nepal Pvt. Ltd.,Trishakti Securities Public Limited,60,210.0,12600.0,2025-08-27T14:47:19.572072
2025-08-27,10902,2025082704013163,NHPC,Kumari Securities Private Limited,Trishakti Securities Public Limited,500,210.0,105000.0,2025-08-27T14:47:19.572369
2025-08-27,10688,2025082704013206,NHPC,Trishakti Securities Public Limited,Trishakti Securities Public Limited,100,210.0,21000.0,2025-08-27T14:47:37.735259
2025-08-27,10644,2025082704013216,NHPC,Sweta Securities Private Limited,Trishakti Securities Public Limited,250,210.0,52500.0,2025-08-27T14:47:44.934018
2025-08-27,10398,2025082704013278,NHPC,Neev Securities Pvt. Ltd.,Trishakti Securities Public Limited,40,210.0,8400.0,2025-08-27T14:48:13.782803
2025-08-27,10397,2025082704013279,NHPC,Neev Securities Pvt. Ltd.,Sani Securities Company Ltd.,10,210.0,2100.0,2025-08-27T14:48:13.783107
2025-08-27,9212,2025082704013668,NHPC,Midas Stock Broking Company Private Limited,Aryatara Investment & Securities,25,211.0,5275.0,2025-08-27T14:50:11.414973
2025-08-27,8999,2025082704013706,NHPC,Citizens Share Broker Limited,Naasa Securities Co. Ltd.,16,210.6,3369.6,2025-08-27T14:50:29.182837
2025-08-27,8340,2025082704013841,NHPC,Citizens Share Broker Limited,Aryatara Investment & Securities,475,210.6,100035.0,2025-08-27T14:51:29.614907
2025-08-27,8218,2025082704013870,NHPC,Sani Securities Company Ltd.,Naasa Securities Co. Ltd.,2,208.0,416.0,2025-08-27T14:51:43.701529
2025-08-27,6294,2025082704014320,NHPC,Sani Securities Company Ltd.,Aryatara Investment & Securities,2,209.0,418.0,2025-08-27T14:54:16.965008
2025-08-27,6073,2025082704014374,NHPC,Prabhu Stock Market Limited,South Asian Bulls Pvt. Ltd.,50,211.0,10550.0,2025-08-27T14:54:38.426424
2025-08-27,6072,2025082704014375,NHPC,Prabhu Stock Market Limited,Imperial Securities Company Pvt. Ltd.,50,211.8,10590.0,2025-08-27T14:54:38.42693
2025-08-27,6036,2025082704014383,NHPC,Prabhu Stock Market Limited,Sagarmatha Securities Private Limited,250,211.8,52950.0,2025-08-27T14:54:42.325753
2025-08-27,5155,2025082704014591,NHPC,Neev Securities Pvt. Ltd.,Premier Securities Company Ltd.,20,211.0,4220.0,2025-08-27T14:55:51.774938
2025-08-27,5149,2025082704014593,NHPC,Neev Securities Pvt. Ltd.,Sagarmatha Securities Private Limited,250,211.0,52750.0,2025-08-27T14:55:52.846889
2025-08-27,4796,2025082704014676,NHPC,Creative Securities Pvt Ltd,Vision Securities Pvt. Ltd,25,211.9,5297.5,2025-08-27T14:56:18.056388
2025-08-27,3811,2025082704014859,NHPC,Creative Securities Pvt Ltd,Prabhu Stock Market Limited,50,211.8,10590.0,2025-08-27T14:57:22.623846
2025-08-27,3617,2025082704014888,NHPC,Vision Securities Pvt. Ltd,Prabhu Stock Market Limited,300,211.8,63540.0,2025-08-27T14:57:36.655576
2025-08-27,3616,2025082704014889,NHPC,Vision Securities Pvt. Ltd,Linch Stock Market Ltd.,244,211.8,51679.2,2025-08-27T14:57:36.656214
2025-08-27,2747,2025082704015150,NHPC,Online Securities Pvt. Ltd.,Vision Securities Pvt. Ltd,10,211.7,2117.0,2025-08-27T14:58:24.473497
2025-08-27,2355,2025082704015248,NHPC,Primo Securities (PVT) Ltd.,Nepal Stock House (PVT) Ltd.,500,211.5,105750.0,2025-08-27T14:58:45.701547
2025-08-27,2354,2025082704015249,NHPC,Primo Securities (PVT) Ltd.,Vision Securities Pvt. Ltd,215,211.7,45515.5,2025-08-27T14:58:45.701808
2025-08-27,2353,2025082704015250,NHPC,Primo Securities (PVT) Ltd.,Linch Stock Market Ltd.,756,211.8,160120.8,2025-08-27T14:58:45.701928
2025-08-27,2352,2025082704015251,NHPC,Primo Securities (PVT) Ltd.,Online Securities Pvt. Ltd.,408,211.9,86455.2,2025-08-27T14:58:45.70204
2025-08-27,563,2025082704015723,NHPC,Roadshow securities limited,Neev Securities Pvt. Ltd.,55,211.4,11627.0,2025-08-27T14:59:45.468878
2025-08-27,508,2025082704015743,NHPC,Roadshow securities limited,Premier Securities Company Ltd.,128,211.4,27059.2,2025-08-27T14:59:47.253084
