Date,S.N.,contract_id,symbol,buyer_broker,seller_broker,volume,price,amount,transaction_time
2025-08-27,72513,2025082701000004,NICA,Sri Hari Securities Pvt. Ltd.,Naasa Securities Co. Ltd.,10,351.4,3514.0,2025-08-27T10:46:00.022375
2025-08-27,70942,2025082701000316,NICA,Thrive Brokerage House Pvt. Ltd,Oxford Securities Pvt. Ltd.,38,345.2,13117.6,2025-08-27T11:11:55.548595
2025-08-27,70198,2025082701000467,NICA,Sumeru Securities Pvt. Ltd.,Vision Securities Pvt. Ltd,450,346.0,155700.0,2025-08-27T11:16:11.770913
2025-08-27,69812,2025082701000523,NICA,Vision Securities Pvt. Ltd,Vision Securities Pvt. Ltd,550,346.0,190300.0,2025-08-27T11:18:33.649507
2025-08-27,69592,2025082701000562,NICA,Thrive Brokerage House Pvt. Ltd,Cristal Kanchanjanga Securites Pvt. Ltd.,25,345.2,8630.0,2025-08-27T11:19:39.843336
2025-08-27,68700,2025082701000641,NICA,Agrawal Securities (PVT) Ltd.,Sweta Securities Private Limited,10,346.0,3460.0,2025-08-27T11:23:29.184593
2025-08-27,68565,2025082701000675,NICA,Sani Securities Company Ltd.,Sweta Securities Private Limited,10,346.0,3460.0,2025-08-27T11:24:10.498546
2025-08-27,68482,2025082701000702,NICA,Naasa Securities Co. Ltd.,Nepal Stock House (PVT) Ltd.,43,347.0,14921.0,2025-08-27T11:24:36.198676
2025-08-27,67289,2025082701000931,NICA,Vision Securities Pvt. Ltd,Capital Max Securities Ltd,300,346.9,104070.0,2025-08-27T11:29:31.194473
2025-08-27,67082,2025082701000971,NICA,Naasa Securities Co. Ltd.,Capital Max Securities Ltd,100,346.9,34690.0,2025-08-27T11:30:24.860334
2025-08-27,67071,2025082701000973,NICA,Vision Securities Pvt. Ltd,Capital Max Securities Ltd,100,346.9,34690.0,2025-08-27T11:30:27.603507
2025-08-27,66703,2025082701001052,NICA,Sweta Securities Private Limited,Premier Securities Company Ltd.,64,346.1,22150.4,2025-08-27T11:31:54.125249
2025-08-27,66018,2025082701001203,NICA,Investment Management Nepal Pvt. Ltd.,Capital Max Securities Ltd,400,346.9,138760.0,2025-08-27T11:34:14.900414
2025-08-27,65673,2025082701001270,NICA,Naasa Securities Co. Ltd.,Nepal Stock House (PVT) Ltd.,288,347.0,99936.0,2025-08-27T11:35:17.43525
2025-08-27,65421,2025082701001317,NICA,Naasa Securities Co. Ltd.,Dynamic Money Managers Securities Pvt. Ltd.,100,346.2,34620.0,2025-08-27T11:35:56.089184
2025-08-27,64685,2025082701001457,NICA,Kohinoor Investment & Securities Pvt. Ltd.,Nepal Stock House (PVT) Ltd.,500,347.0,173500.0,2025-08-27T11:38:44.057083
2025-08-27,63752,2025082701001604,NICA,Vision Securities Pvt. Ltd,Nepal Stock House (PVT) Ltd.,10,347.0,3470.0,2025-08-27T11:42:25.547379
2025-08-27,62751,2025082701001792,NICA,Kumari Securities Private Limited,Nepal Stock House (PVT) Ltd.,71,347.0,24637.0,2025-08-27T11:46:42.818135
2025-08-27,62730,2025082701001796,NICA,Asian Securities Private Ltd.,Nepal Stock House (PVT) Ltd.,10,347.0,3470.0,2025-08-27T11:46:51.90913
2025-08-27,62705,2025082701001800,NICA,Arun Securities (PVT) Ltd.,Nepal Stock House (PVT) Ltd.,25,347.0,8675.0,2025-08-27T11:47:01.707615
2025-08-27,62520,2025082701001821,NICA,Property Wiard Limited,Asian Securities Private Ltd.,20,346.3,6926.0,2025-08-27T11:47:39.096594
2025-08-27,62386,2025082701001846,NICA,Property Wiard Limited,J.F. Securites (PVT) Ltd.,160,346.3,55408.0,2025-08-27T11:48:14.317598
2025-08-27,60925,2025082701002099,NICA,Property Wiard Limited,Naasa Securities Co. Ltd.,12,346.3,4155.6,2025-08-27T11:53:54.714268
2025-08-27,60825,2025082701002113,NICA,Dakshinkali Investment & Securities Pvt. Ltd.,Nepal Stock House (PVT) Ltd.,64,346.9,22201.6,2025-08-27T11:54:19.153807
2025-08-27,60645,2025082701002148,NICA,N.I.M.B. Stock Markets Limited,Kohinoor Investment & Securities Pvt. Ltd.,6,346.1,2076.6,2025-08-27T11:54:58.40454
2025-08-27,60371,2025082701002197,NICA,Dipshikha Dhitopatra Karobar Co. Pvt Ltd.,Nepal Stock House (PVT) Ltd.,36,346.9,12488.4,2025-08-27T11:56:09.542519
2025-08-27,60370,2025082701002198,NICA,Dipshikha Dhitopatra Karobar Co. Pvt Ltd.,Nepal Stock House (PVT) Ltd.,53,347.0,18391.0,2025-08-27T11:56:09.542737
2025-08-27,60369,2025082701002199,NICA,Dipshikha Dhitopatra Karobar Co. Pvt Ltd.,Kumari Securities Private Limited,60,347.0,20820.0,2025-08-27T11:56:09.542814
2025-08-27,60368,2025082701002200,NICA,Dipshikha Dhitopatra Karobar Co. Pvt Ltd.,Secured Securities Ltd.,151,347.0,52397.0,2025-08-27T11:56:09.542912
2025-08-27,60276,2025082701002224,NICA,J.F. Securites (PVT) Ltd.,Secured Securities Ltd.,200,347.0,69400.0,2025-08-27T11:56:28.369677
2025-08-27,60107,2025082701002239,NICA,Vision Securities Pvt. Ltd,Secured Securities Ltd.,100,347.0,34700.0,2025-08-27T11:56:52.887772
2025-08-27,59944,2025082701002259,NICA,Dynamic Money Managers Securities Pvt. Ltd.,Secured Securities Ltd.,400,347.0,138800.0,2025-08-27T11:57:35.105299
2025-08-27,59536,2025082701002334,NICA,Sweta Securities Private Limited,Aryatara Investment & Securities,136,346.5,47124.0,2025-08-27T11:59:07.105337
2025-08-27,59535,2025082701002335,NICA,Imperial Securities Company Pvt. Ltd.,Aryatara Investment & Securities,200,346.4,69280.0,2025-08-27T11:59:07.105563
2025-08-27,59534,2025082701002336,NICA,Property Wiard Limited,Aryatara Investment & Securities,153,346.3,52983.9,2025-08-27T11:59:07.105654
2025-08-27,59533,2025082701002337,NICA,Trishakti Securities Public Limited,Aryatara Investment & Securities,27,346.3,9350.1,2025-08-27T11:59:07.10573
2025-08-27,59181,2025082701002414,NICA,Trishakti Securities Public Limited,Magnet Securities and Investment Company Private Limited,73,346.3,25279.9,2025-08-27T12:00:20.138358
2025-08-27,59032,2025082701002440,NICA,Nepal Stock House (PVT) Ltd.,Magnet Securities and Investment Company Private Limited,500,346.2,173100.0,2025-08-27T12:00:49.21736
2025-08-27,58894,2025082701002461,NICA,Trishakti Securities Public Limited,Magnet Securities and Investment Company Private Limited,195,346.2,67509.0,2025-08-27T12:01:17.114299
2025-08-27,58689,2025082701002523,NICA,Aryatara Investment & Securities,Magnet Securities and Investment Company Private Limited,10,346.0,3460.0,2025-08-27T12:01:47.388822
2025-08-27,58688,2025082701002524,NICA,Thrive Brokerage House Pvt. Ltd,Magnet Securities and Investment Company Private Limited,106,346.0,36676.0,2025-08-27T12:01:47.389063
2025-08-27,58687,2025082701002525,NICA,Naasa Securities Co. Ltd.,Magnet Securities and Investment Company Private Limited,380,346.0,131480.0,2025-08-27T12:01:47.389138
2025-08-27,58686,2025082701002526,NICA,Linch Stock Market Ltd.,Magnet Securities and Investment Company Private Limited,100,346.0,34600.0,2025-08-27T12:01:47.389212
2025-08-27,58685,2025082701002527,NICA,Oxford Securities Pvt. Ltd.,Magnet Securities and Investment Company Private Limited,300,346.0,103800.0,2025-08-27T12:01:47.389283
2025-08-27,58684,2025082701002528,NICA,Online Securities Pvt. Ltd.,Magnet Securities and Investment Company Private Limited,100,346.0,34600.0,2025-08-27T12:01:47.389353
2025-08-27,58582,2025082701002557,NICA,Linch Stock Market Ltd.,Magnet Securities and Investment Company Private Limited,30,345.6,10368.0,2025-08-27T12:02:14.45735
2025-08-27,58581,2025082701002558,NICA,ABC Securities Private Limited,Magnet Securities and Investment Company Private Limited,50,345.5,17275.0,2025-08-27T12:02:14.457558
2025-08-27,58580,2025082701002559,NICA,Thrive Brokerage House Pvt. Ltd,Magnet Securities and Investment Company Private Limited,156,345.2,53851.2,2025-08-27T12:02:14.457638
2025-08-27,57814,2025082701002700,NICA,ABC Securities Private Limited,Secured Securities Ltd.,10,347.0,3470.0,2025-08-27T12:05:00.317385
2025-08-27,57543,2025082701002771,NICA,Naasa Securities Co. Ltd.,Secured Securities Ltd.,30,347.0,10410.0,2025-08-27T12:05:56.475545
2025-08-27,57054,2025082701002839,NICA,Vision Securities Pvt. Ltd,Secured Securities Ltd.,109,347.0,37823.0,2025-08-27T12:07:39.987258
2025-08-27,57053,2025082701002840,NICA,Vision Securities Pvt. Ltd,Shree Krishna Securities Ltd.,391,347.0,135677.0,2025-08-27T12:07:39.987452
2025-08-27,56264,2025082701003014,NICA,Thrive Brokerage House Pvt. Ltd,Shree Krishna Securities Ltd.,209,347.0,72523.0,2025-08-27T12:10:32.971603
2025-08-27,56263,2025082701003015,NICA,Thrive Brokerage House Pvt. Ltd,Dipshikha Dhitopatra Karobar Co. Pvt Ltd.,161,347.0,55867.0,2025-08-27T12:10:32.971801
2025-08-27,56262,2025082701003016,NICA,Thrive Brokerage House Pvt. Ltd,Sani Securities Company Ltd.,630,347.0,218610.0,2025-08-27T12:10:32.971883
2025-08-27,56052,2025082701003044,NICA,Vision Securities Pvt. Ltd,Midas Stock Broking Company Private Limited,181,346.0,62626.0,2025-08-27T12:11:23.395755
2025-08-27,55988,2025082701003049,NICA,Naasa Securities Co. Ltd.,Sani Securities Company Ltd.,10,347.0,3470.0,2025-08-27T12:11:39.858996
2025-08-27,55902,2025082701003072,NICA,Imperial Securities Company Pvt. Ltd.,Sani Securities Company Ltd.,50,347.0,17350.0,2025-08-27T12:12:09.624412
2025-08-27,55863,2025082701003078,NICA,Naasa Securities Co. Ltd.,Sani Securities Company Ltd.,20,347.0,6940.0,2025-08-27T12:12:20.099476
2025-08-27,55856,2025082701003079,NICA,Vision Securities Pvt. Ltd,Imperial Securities Company Pvt. Ltd.,344,346.0,119024.0,2025-08-27T12:12:21.784308
2025-08-27,55855,2025082701003080,NICA,Aryatara Investment & Securities,Imperial Securities Company Pvt. Ltd.,300,346.0,103800.0,2025-08-27T12:12:21.78456
2025-08-27,55854,2025082701003081,NICA,Naasa Securities Co. Ltd.,Imperial Securities Company Pvt. Ltd.,300,346.0,103800.0,2025-08-27T12:12:21.784664
2025-08-27,55853,2025082701003082,NICA,Naasa Securities Co. Ltd.,Imperial Securities Company Pvt. Ltd.,1445,346.0,499970.0,2025-08-27T12:12:21.784752
2025-08-27,55852,2025082701003083,NICA,Thrive Brokerage House Pvt. Ltd,Imperial Securities Company Pvt. Ltd.,1000,346.0,346000.0,2025-08-27T12:12:21.784832
2025-08-27,55851,2025082701003084,NICA,Thrive Brokerage House Pvt. Ltd,Imperial Securities Company Pvt. Ltd.,100,346.0,34600.0,2025-08-27T12:12:21.784914
2025-08-27,55821,2025082701003093,NICA,Naasa Securities Co. Ltd.,Imperial Securities Company Pvt. Ltd.,11,346.0,3806.0,2025-08-27T12:12:30.463951
2025-08-27,55283,2025082701003192,NICA,Sundhara Securities Limited,Sani Securities Company Ltd.,476,347.0,165172.0,2025-08-27T12:14:51.020582
2025-08-27,55282,2025082701003193,NICA,Sundhara Securities Limited,Bhrikuti Stock Broking Co. Pvt. Ltd.,400,347.0,138800.0,2025-08-27T12:14:51.020774
2025-08-27,54565,2025082701003354,NICA,Sundhara Securities Limited,Bhrikuti Stock Broking Co. Pvt. Ltd.,12,347.0,4164.0,2025-08-27T12:18:27.176446
2025-08-27,53554,2025082701003567,NICA,Sundhara Securities Limited,Asian Securities Private Ltd.,80,347.0,27760.0,2025-08-27T12:23:10.920442
2025-08-27,52550,2025082701003770,NICA,Sundhara Securities Limited,Online Securities Pvt. Ltd.,32,347.0,11104.0,2025-08-27T12:27:55.987745
2025-08-27,52549,2025082701003771,NICA,Malla & Malla Stock Broking Company Pvt. Limited,Online Securities Pvt. Ltd.,23,347.0,7981.0,2025-08-27T12:27:55.988187
2025-08-27,52224,2025082701003843,NICA,Malla & Malla Stock Broking Company Pvt. Limited,ABC Securities Private Limited,70,347.0,24290.0,2025-08-27T12:29:05.654548
2025-08-27,51197,2025082701004104,NICA,Agrawal Securities (PVT) Ltd.,Naasa Securities Co. Ltd.,20,347.5,6950.0,2025-08-27T12:32:14.494049
2025-08-27,51196,2025082701004105,NICA,Agrawal Securities (PVT) Ltd.,Neev Securities Pvt. Ltd.,40,347.5,13900.0,2025-08-27T12:32:14.494314
2025-08-27,51195,2025082701004106,NICA,Agrawal Securities (PVT) Ltd.,Dakshinkali Investment & Securities Pvt. Ltd.,40,347.9,13916.0,2025-08-27T12:32:14.494427
2025-08-27,51159,2025082701004114,NICA,Online Securities Pvt. Ltd.,Dakshinkali Investment & Securities Pvt. Ltd.,10,347.9,3479.0,2025-08-27T12:32:22.61459
2025-08-27,50824,2025082701004169,NICA,Aryatara Investment & Securities,Dakshinkali Investment & Securities Pvt. Ltd.,30,347.9,10437.0,2025-08-27T12:33:48.280138
2025-08-27,49623,2025082701004349,NICA,Creative Securities Pvt Ltd,Dakshinkali Investment & Securities Pvt. Ltd.,20,347.9,6958.0,2025-08-27T12:37:16.236312
2025-08-27,49622,2025082701004350,NICA,Creative Securities Pvt Ltd,Siprabi Securities Pvt. Ltd.,500,347.9,173950.0,2025-08-27T12:37:16.236579
2025-08-27,49621,2025082701004351,NICA,Creative Securities Pvt Ltd,Imperial Securities Company Pvt. Ltd.,500,348.0,174000.0,2025-08-27T12:37:16.236675
2025-08-27,49620,2025082701004352,NICA,Creative Securities Pvt Ltd,Sewa Securities Pvt. Ltd.,58,348.0,20184.0,2025-08-27T12:37:16.236785
2025-08-27,49619,2025082701004353,NICA,Creative Securities Pvt Ltd,Nepal Stock House (PVT) Ltd.,20,348.0,6960.0,2025-08-27T12:37:16.236893
2025-08-27,49618,2025082701004354,NICA,Creative Securities Pvt Ltd,Miyo Securities Pvt Ltd,20,348.0,6960.0,2025-08-27T12:37:16.23702
2025-08-27,49617,2025082701004355,NICA,Creative Securities Pvt Ltd,Online Securities Pvt. Ltd.,100,348.0,34800.0,2025-08-27T12:37:16.237126
2025-08-27,49616,2025082701004356,NICA,Creative Securities Pvt Ltd,Kumari Securities Private Limited,64,348.0,22272.0,2025-08-27T12:37:16.237217
2025-08-27,49615,2025082701004357,NICA,Creative Securities Pvt Ltd,Online Securities Pvt. Ltd.,18,348.0,6264.0,2025-08-27T12:37:16.23732
2025-08-27,49614,2025082701004358,NICA,Creative Securities Pvt Ltd,Bhrikuti Stock Broking Co. Pvt. Ltd.,432,348.0,150336.0,2025-08-27T12:37:16.237413
2025-08-27,49613,2025082701004359,NICA,Creative Securities Pvt Ltd,J.F. Securites (PVT) Ltd.,140,348.0,48720.0,2025-08-27T12:37:16.237505
2025-08-27,49612,2025082701004360,NICA,Creative Securities Pvt Ltd,Sundhara Securities Limited,30,348.0,10440.0,2025-08-27T12:37:16.237601
2025-08-27,49611,2025082701004361,NICA,Creative Securities Pvt Ltd,Malla & Malla Stock Broking Company Pvt. Limited,100,348.0,34800.0,2025-08-27T12:37:16.237704
2025-08-27,49610,2025082701004362,NICA,Creative Securities Pvt Ltd,Aryatara Investment & Securities,435,348.8,151728.0,2025-08-27T12:37:16.237809
2025-08-27,49609,2025082701004363,NICA,Creative Securities Pvt Ltd,Aryatara Investment & Securities,145,348.9,50590.5,2025-08-27T12:37:16.237895
2025-08-27,49608,2025082701004364,NICA,Creative Securities Pvt Ltd,Kumari Securities Private Limited,500,348.9,174450.0,2025-08-27T12:37:16.237981
2025-08-27,49607,2025082701004365,NICA,Creative Securities Pvt Ltd,Midas Stock Broking Company Private Limited,251,349.0,87599.0,2025-08-27T12:37:16.238073
2025-08-27,49606,2025082701004366,NICA,Creative Securities Pvt Ltd,Secured Securities Ltd.,10,349.0,3490.0,2025-08-27T12:37:16.238161
2025-08-27,49605,2025082701004367,NICA,Creative Securities Pvt Ltd,Oxford Securities Pvt. Ltd.,500,349.0,174500.0,2025-08-27T12:37:16.238244
2025-08-27,49604,2025082701004368,NICA,Creative Securities Pvt Ltd,Malla & Malla Stock Broking Company Pvt. Limited,50,349.0,17450.0,2025-08-27T12:37:16.238336
2025-08-27,49603,2025082701004369,NICA,Creative Securities Pvt Ltd,Linch Stock Market Ltd.,21,349.0,7329.0,2025-08-27T12:37:16.238526
2025-08-27,49602,2025082701004370,NICA,Creative Securities Pvt Ltd,Dynamic Money Managers Securities Pvt. Ltd.,189,349.0,65961.0,2025-08-27T12:37:16.238631
2025-08-27,49601,2025082701004371,NICA,Creative Securities Pvt Ltd,Cristal Kanchanjanga Securites Pvt. Ltd.,300,349.0,104700.0,2025-08-27T12:37:16.238751
2025-08-27,49402,2025082701004424,NICA,Creative Securities Pvt Ltd,Naasa Securities Co. Ltd.,90,349.8,31482.0,2025-08-27T12:38:00.537301
2025-08-27,49401,2025082701004425,NICA,Creative Securities Pvt Ltd,Aryatara Investment & Securities,575,349.9,201192.5,2025-08-27T12:38:00.53755
2025-08-27,49400,2025082701004426,NICA,Creative Securities Pvt Ltd,Nepal Stock House (PVT) Ltd.,1000,349.9,349900.0,2025-08-27T12:38:00.537637
2025-08-27,49399,2025082701004427,NICA,Creative Securities Pvt Ltd,Himalayan Brokerage Company Limited,300,350.0,105000.0,2025-08-27T12:38:00.537721
2025-08-27,49398,2025082701004428,NICA,Creative Securities Pvt Ltd,Midas Stock Broking Company Private Limited,400,350.0,140000.0,2025-08-27T12:38:00.537804
2025-08-27,49397,2025082701004429,NICA,Creative Securities Pvt Ltd,Aryatara Investment & Securities,50,350.0,17500.0,2025-08-27T12:38:00.537886
2025-08-27,49396,2025082701004430,NICA,Creative Securities Pvt Ltd,Sipla Securities Private Limited,500,350.0,175000.0,2025-08-27T12:38:00.537967
2025-08-27,49395,2025082701004431,NICA,Creative Securities Pvt Ltd,Naasa Securities Co. Ltd.,85,350.0,29750.0,2025-08-27T12:38:00.538084
2025-08-27,49394,2025082701004432,NICA,Creative Securities Pvt Ltd,Sumeru Securities Pvt. Ltd.,100,350.0,35000.0,2025-08-27T12:38:00.538162
2025-08-27,49393,2025082701004433,NICA,Creative Securities Pvt Ltd,Naasa Securities Co. Ltd.,45,350.0,15750.0,2025-08-27T12:38:00.538245
2025-08-27,49392,2025082701004434,NICA,Creative Securities Pvt Ltd,Global IME Securities Limited,103,350.0,36050.0,2025-08-27T12:38:00.538323
2025-08-27,49391,2025082701004435,NICA,Creative Securities Pvt Ltd,South Asian Bulls Pvt. Ltd.,2000,350.0,700000.0,2025-08-27T12:38:00.538406
2025-08-27,49390,2025082701004436,NICA,Creative Securities Pvt Ltd,Trishakti Securities Public Limited,1000,350.0,350000.0,2025-08-27T12:38:00.538488
2025-08-27,49389,2025082701004437,NICA,Creative Securities Pvt Ltd,Sundhara Securities Limited,70,350.0,24500.0,2025-08-27T12:38:00.538565
2025-08-27,49388,2025082701004438,NICA,Creative Securities Pvt Ltd,Siprabi Securities Pvt. Ltd.,500,350.0,175000.0,2025-08-27T12:38:00.538644
2025-08-27,49387,2025082701004439,NICA,Creative Securities Pvt Ltd,Dynamic Money Managers Securities Pvt. Ltd.,400,350.0,140000.0,2025-08-27T12:38:00.538726
2025-08-27,49386,2025082701004440,NICA,Creative Securities Pvt Ltd,Imperial Securities Company Pvt. Ltd.,161,350.0,56350.0,2025-08-27T12:38:00.538804
2025-08-27,49385,2025082701004441,NICA,Creative Securities Pvt Ltd,Sani Securities Company Ltd.,30,350.0,10500.0,2025-08-27T12:38:00.538881
2025-08-27,49384,2025082701004442,NICA,Creative Securities Pvt Ltd,Malla & Malla Stock Broking Company Pvt. Limited,20,350.0,7000.0,2025-08-27T12:38:00.538958
2025-08-27,49383,2025082701004443,NICA,Creative Securities Pvt Ltd,Linch Stock Market Ltd.,2571,350.0,899850.0,2025-08-27T12:38:00.53904
2025-08-27,49231,2025082701004483,NICA,Creative Securities Pvt Ltd,Linch Stock Market Ltd.,260,350.0,91000.0,2025-08-27T12:38:30.740692
2025-08-27,48220,2025082701004709,NICA,Sani Securities Company Ltd.,Sri Hari Securities Pvt. Ltd.,26,348.0,9048.0,2025-08-27T12:41:38.260739
2025-08-27,47781,2025082701004782,NICA,Kohinoor Investment & Securities Pvt. Ltd.,Sani Securities Company Ltd.,100,348.5,34850.0,2025-08-27T12:42:56.92167
2025-08-27,46571,2025082701004968,NICA,Dynamic Money Managers Securities Pvt. Ltd.,Dakshinkali Investment & Securities Pvt. Ltd.,50,349.5,17475.0,2025-08-27T12:46:56.326055
2025-08-27,46570,2025082701004969,NICA,Dynamic Money Managers Securities Pvt. Ltd.,Secured Securities Ltd.,200,349.5,69900.0,2025-08-27T12:46:56.326474
2025-08-27,46488,2025082701004989,NICA,Siprabi Securities Pvt. Ltd.,Deevyaa Securities & Stock House Pvt. Ltd,100,349.8,34980.0,2025-08-27T12:47:14.725031
2025-08-27,46309,2025082701005016,NICA,Kohinoor Investment & Securities Pvt. Ltd.,Nepal Stock House (PVT) Ltd.,50,349.9,17495.0,2025-08-27T12:47:51.390133
2025-08-27,46123,2025082701005064,NICA,Naasa Securities Co. Ltd.,Nepal Stock House (PVT) Ltd.,50,349.9,17495.0,2025-08-27T12:48:43.767313
2025-08-27,45553,2025082701005195,NICA,Aryatara Investment & Securities,Opal Securities Investment (PVT) Ltd.,4,347.0,1388.0,2025-08-27T12:51:08.153897
2025-08-27,45486,2025082701005201,NICA,Aryatara Investment & Securities,Midas Stock Broking Company Private Limited,1,347.0,347.0,2025-08-27T12:51:21.362738
2025-08-27,44967,2025082701005282,NICA,Deevyaa Securities & Stock House Pvt. Ltd,Naasa Securities Co. Ltd.,50,349.8,17490.0,2025-08-27T12:53:31.013367
2025-08-27,44341,2025082701005409,NICA,Sani Securities Company Ltd.,Bhrikuti Stock Broking Co. Pvt. Ltd.,36,349.9,12596.4,2025-08-27T12:56:16.939364
2025-08-27,44091,2025082701005474,NICA,ABC Securities Private Limited,Naasa Securities Co. Ltd.,7,343.0,2401.0,2025-08-27T12:57:26.297442
2025-08-27,43900,2025082701005510,NICA,ABC Securities Private Limited,Naasa Securities Co. Ltd.,1,343.2,343.2,2025-08-27T12:58:22.812198
2025-08-27,43871,2025082701005516,NICA,Himalayan Securities Limited,Bhrikuti Stock Broking Co. Pvt. Ltd.,519,349.9,181598.1,2025-08-27T12:58:29.84912
2025-08-27,43870,2025082701005517,NICA,Himalayan Securities Limited,Secured Securities Ltd.,481,349.9,168301.9,2025-08-27T12:58:29.849339
2025-08-27,43183,2025082701005653,NICA,Siprabi Securities Pvt. Ltd.,Secured Securities Ltd.,19,349.9,6648.1,2025-08-27T13:00:40.345697
2025-08-27,43172,2025082701005657,NICA,Bhrikuti Stock Broking Co. Pvt. Ltd.,Blue Chip Securities Ltd,200,350.0,70000.0,2025-08-27T13:00:44.643956
2025-08-27,43171,2025082701005658,NICA,Bhrikuti Stock Broking Co. Pvt. Ltd.,Naasa Securities Co. Ltd.,50,350.0,17500.0,2025-08-27T13:00:44.644377
2025-08-27,43080,2025082701005673,NICA,Cristal Kanchanjanga Securites Pvt. Ltd.,Naasa Securities Co. Ltd.,150,350.0,52500.0,2025-08-27T13:01:11.697622
2025-08-27,43079,2025082701005674,NICA,Cristal Kanchanjanga Securites Pvt. Ltd.,Dynamic Money Managers Securities Pvt. Ltd.,10,350.0,3500.0,2025-08-27T13:01:11.697874
2025-08-27,43078,2025082701005675,NICA,Cristal Kanchanjanga Securites Pvt. Ltd.,Malla & Malla Stock Broking Company Pvt. Limited,40,350.0,14000.0,2025-08-27T13:01:11.697982
2025-08-27,42936,2025082701005691,NICA,ABC Securities Private Limited,Kohinoor Investment & Securities Pvt. Ltd.,2,343.1,686.2,2025-08-27T13:01:41.471789
2025-08-27,42530,2025082701005771,NICA,Sani Securities Company Ltd.,Dakshinkali Investment & Securities Pvt. Ltd.,36,349.6,12585.6,2025-08-27T13:03:08.115908
2025-08-27,42367,2025082701005817,NICA,Sani Securities Company Ltd.,Imperial Securities Company Pvt. Ltd.,43,349.6,15032.8,2025-08-27T13:03:43.488662
2025-08-27,41752,2025082701005939,NICA,Market Securities & Exchange (PVT) Ltd.,Premier Securities Company Ltd.,70,349.5,24465.0,2025-08-27T13:06:08.699432
2025-08-27,41751,2025082701005940,NICA,Nepal Stock House (PVT) Ltd.,Premier Securities Company Ltd.,30,349.1,10473.0,2025-08-27T13:06:08.699705
2025-08-27,41566,2025082701005991,NICA,Nepal Stock House (PVT) Ltd.,Secured Securities Ltd.,100,349.1,34910.0,2025-08-27T13:06:47.172589
2025-08-27,41565,2025082701005992,NICA,KALASH STOCK MARKET PVT. LTD.,Secured Securities Ltd.,500,349.0,174500.0,2025-08-27T13:06:47.173011
2025-08-27,41564,2025082701005993,NICA,Aryatara Investment & Securities,Secured Securities Ltd.,400,349.0,139600.0,2025-08-27T13:06:47.173285
2025-08-27,41140,2025082701006085,NICA,Aryatara Investment & Securities,Sharepro Securities Private Limited,27,349.0,9423.0,2025-08-27T13:08:25.234546
2025-08-27,40801,2025082701006138,NICA,Aryatara Investment & Securities,Sharepro Securities Private Limited,50,349.0,17450.0,2025-08-27T13:09:39.517284
2025-08-27,40653,2025082701006175,NICA,Aryatara Investment & Securities,Sumeru Securities Pvt. Ltd.,12,349.0,4188.0,2025-08-27T13:10:12.892624
2025-08-27,40126,2025082701006271,NICA,Aryatara Investment & Securities,Nepal Stock House (PVT) Ltd.,211,349.0,73639.0,2025-08-27T13:12:25.609409
2025-08-27,40125,2025082701006272,NICA,ABC Securities Private Limited,Nepal Stock House (PVT) Ltd.,120,349.0,41880.0,2025-08-27T13:12:25.609891
2025-08-27,39866,2025082701006327,NICA,Aryatara Investment & Securities,Nepal Stock House (PVT) Ltd.,20,349.0,6980.0,2025-08-27T13:13:02.078508
2025-08-27,39408,2025082701006417,NICA,Capital Max Securities Ltd,Dynamic Money Managers Securities Pvt. Ltd.,28,348.0,9744.0,2025-08-27T13:14:55.28013
2025-08-27,39407,2025082701006418,NICA,Naasa Securities Co. Ltd.,Dynamic Money Managers Securities Pvt. Ltd.,22,348.0,7656.0,2025-08-27T13:14:55.280378
2025-08-27,38780,2025082701006511,NICA,Naasa Securities Co. Ltd.,ABC Securities Private Limited,28,348.0,9744.0,2025-08-27T13:17:29.183859
2025-08-27,38779,2025082701006512,NICA,Malla & Malla Stock Broking Company Pvt. Limited,ABC Securities Private Limited,12,348.0,4176.0,2025-08-27T13:17:29.184114
2025-08-27,38778,2025082701006513,NICA,SUN SECURITIES PVT LTD,ABC Securities Private Limited,10,348.0,3480.0,2025-08-27T13:17:29.184213
2025-08-27,38777,2025082701006514,NICA,Nepal Stock House (PVT) Ltd.,ABC Securities Private Limited,53,347.6,18422.8,2025-08-27T13:17:29.18431
2025-08-27,38708,2025082701006528,NICA,Nepal Stock House (PVT) Ltd.,Online Securities Pvt. Ltd.,447,347.6,155377.2,2025-08-27T13:17:51.957255
2025-08-27,38707,2025082701006529,NICA,Sani Securities Company Ltd.,Online Securities Pvt. Ltd.,53,347.5,18417.5,2025-08-27T13:17:51.957483
2025-08-27,38244,2025082701006614,NICA,Sani Securities Company Ltd.,Naasa Securities Co. Ltd.,10,347.5,3475.0,2025-08-27T13:19:42.456058
2025-08-27,38045,2025082701006660,NICA,Sani Securities Company Ltd.,Online Securities Pvt. Ltd.,937,347.5,325607.5,2025-08-27T13:20:35.461983
2025-08-27,37984,2025082701006674,NICA,Aryatara Investment & Securities,Online Securities Pvt. Ltd.,63,347.0,21861.0,2025-08-27T13:20:47.579913
2025-08-27,37728,2025082701006750,NICA,Aryatara Investment & Securities,Nepal Stock House (PVT) Ltd.,20,349.0,6980.0,2025-08-27T13:21:42.079374
2025-08-27,35521,2025082701007194,NICA,Aryatara Investment & Securities,Global IME Securities Limited,10,348.0,3480.0,2025-08-27T13:29:55.149461
2025-08-27,35477,2025082701007199,NICA,Aryatara Investment & Securities,Dynamic Money Managers Securities Pvt. Ltd.,50,348.0,17400.0,2025-08-27T13:30:04.714979
2025-08-27,34669,2025082701007318,NICA,ABC Securities Private Limited,Kohinoor Investment & Securities Pvt. Ltd.,1,341.1,341.1,2025-08-27T13:32:26.925005
2025-08-27,34434,2025082701007354,NICA,Online Securities Pvt. Ltd.,Bhrikuti Stock Broking Co. Pvt. Ltd.,680,348.2,236776.0,2025-08-27T13:33:02.646007
2025-08-27,34400,2025082701007359,NICA,Aryatara Investment & Securities,Midas Stock Broking Company Private Limited,83,348.0,28884.0,2025-08-27T13:33:12.288934
2025-08-27,34399,2025082701007360,NICA,Shree Krishna Securities Ltd.,Midas Stock Broking Company Private Limited,147,348.0,51156.0,2025-08-27T13:33:12.289452
2025-08-27,34067,2025082701007424,NICA,Dipshikha Dhitopatra Karobar Co. Pvt Ltd.,Naasa Securities Co. Ltd.,121,348.4,42156.4,2025-08-27T13:34:33.562411
2025-08-27,33467,2025082701007507,NICA,Naasa Securities Co. Ltd.,Naasa Securities Co. Ltd.,265,348.4,92326.0,2025-08-27T13:36:42.210077
2025-08-27,33459,2025082701007508,NICA,Himalayan Securities Limited,Naasa Securities Co. Ltd.,10,348.4,3484.0,2025-08-27T13:36:44.17448
2025-08-27,32586,2025082701007642,NICA,Shree Krishna Securities Ltd.,Sweta Securities Private Limited,20,348.0,6960.0,2025-08-27T13:40:10.321034
2025-08-27,32304,2025082701007697,NICA,Online Securities Pvt. Ltd.,Naasa Securities Co. Ltd.,75,348.4,26130.0,2025-08-27T13:41:31.009756
2025-08-27,31947,2025082701007773,NICA,Shree Krishna Securities Ltd.,Naasa Securities Co. Ltd.,70,348.0,24360.0,2025-08-27T13:43:20.601393
2025-08-27,31896,2025082701007776,NICA,Imperial Securities Company Pvt. Ltd.,Kalika Securities Pvt. Ltd.,116,348.4,40414.4,2025-08-27T13:43:37.207882
2025-08-27,31663,2025082701007822,NICA,Imperial Securities Company Pvt. Ltd.,Cristal Kanchanjanga Securites Pvt. Ltd.,70,348.4,24388.0,2025-08-27T13:44:59.271615
2025-08-27,30644,2025082701007995,NICA,Aryatara Investment & Securities,Nepal Stock House (PVT) Ltd.,50,349.0,17450.0,2025-08-27T13:50:47.450802
2025-08-27,30475,2025082701008019,NICA,Sewa Securities Pvt. Ltd.,Nepal Stock House (PVT) Ltd.,150,349.0,52350.0,2025-08-27T13:51:35.562111
2025-08-27,30436,2025082701008026,NICA,Sundhara Securities Limited,Nepal Stock House (PVT) Ltd.,74,349.0,25826.0,2025-08-27T13:51:54.060437
2025-08-27,30435,2025082701008027,NICA,Sundhara Securities Limited,Naasa Securities Co. Ltd.,12,349.0,4188.0,2025-08-27T13:51:54.060956
2025-08-27,30434,2025082701008028,NICA,Sundhara Securities Limited,Trishakti Securities Public Limited,19,349.0,6631.0,2025-08-27T13:51:54.061572
2025-08-27,30433,2025082701008029,NICA,Sundhara Securities Limited,Cristal Kanchanjanga Securites Pvt. Ltd.,495,349.0,172755.0,2025-08-27T13:51:54.062107
2025-08-27,30151,2025082701008089,NICA,Online Securities Pvt. Ltd.,Cristal Kanchanjanga Securites Pvt. Ltd.,435,349.0,151815.0,2025-08-27T13:53:07.749515
2025-08-27,30041,2025082701008102,NICA,Online Securities Pvt. Ltd.,Trisul Securities & Invt. Ltd.,10,349.0,3490.0,2025-08-27T13:53:30.474059
2025-08-27,28339,2025082701008313,NICA,Nepal Stock House (PVT) Ltd.,Naasa Securities Co. Ltd.,10,349.0,3490.0,2025-08-27T14:00:16.378514
2025-08-27,27270,2025082701008451,NICA,Primo Securities (PVT) Ltd.,Market Securities & Exchange (PVT) Ltd.,10,348.3,3483.0,2025-08-27T14:03:40.194207
2025-08-27,26368,2025082701008551,NICA,Primo Securities (PVT) Ltd.,J.F. Securites (PVT) Ltd.,25,349.0,8725.0,2025-08-27T14:06:09.722949
2025-08-27,26367,2025082701008552,NICA,Primo Securities (PVT) Ltd.,Sundhara Securities Limited,100,349.0,34900.0,2025-08-27T14:06:09.72327
2025-08-27,26063,2025082701008590,NICA,Primo Securities (PVT) Ltd.,Aryatara Investment & Securities,355,349.0,123895.0,2025-08-27T14:06:59.505716
2025-08-27,26062,2025082701008591,NICA,Online Securities Pvt. Ltd.,Aryatara Investment & Securities,45,349.0,15705.0,2025-08-27T14:06:59.505957
2025-08-27,24504,2025082701008838,NICA,Naasa Securities Co. Ltd.,Cristal Kanchanjanga Securites Pvt. Ltd.,100,349.1,34910.0,2025-08-27T14:11:43.790417
2025-08-27,23513,2025082701008963,NICA,Online Securities Pvt. Ltd.,Oxford Securities Pvt. Ltd.,150,349.2,52380.0,2025-08-27T14:14:18.944139
2025-08-27,23185,2025082701009038,NICA,Linch Stock Market Ltd.,Naasa Securities Co. Ltd.,150,349.8,52470.0,2025-08-27T14:15:19.787577
2025-08-27,23178,2025082701009041,NICA,Midas Stock Broking Company Private Limited,Oxford Securities Pvt. Ltd.,25,349.9,8747.5,2025-08-27T14:15:21.978437
2025-08-27,23177,2025082701009042,NICA,Midas Stock Broking Company Private Limited,Naasa Securities Co. Ltd.,10,349.9,3499.0,2025-08-27T14:15:21.978711
2025-08-27,23176,2025082701009043,NICA,Midas Stock Broking Company Private Limited,Malla & Malla Stock Broking Company Pvt. Limited,10,350.0,3500.0,2025-08-27T14:15:21.97883
2025-08-27,23175,2025082701009044,NICA,Midas Stock Broking Company Private Limited,Imperial Securities Company Pvt. Ltd.,955,350.0,334250.0,2025-08-27T14:15:21.978962
2025-08-27,22843,2025082701009088,NICA,Online Securities Pvt. Ltd.,Imperial Securities Company Pvt. Ltd.,50,349.2,17460.0,2025-08-27T14:16:30.734228
2025-08-27,22842,2025082701009089,NICA,Sweta Securities Private Limited,Imperial Securities Company Pvt. Ltd.,50,349.2,17460.0,2025-08-27T14:16:30.734526
2025-08-27,22199,2025082701009203,NICA,Sweta Securities Private Limited,Naasa Securities Co. Ltd.,10,349.2,3492.0,2025-08-27T14:18:22.453093
2025-08-27,21644,2025082701009293,NICA,Sweta Securities Private Limited,Magnet Securities and Investment Company Private Limited,40,349.2,13968.0,2025-08-27T14:19:59.261014
2025-08-27,21643,2025082701009294,NICA,Online Securities Pvt. Ltd.,Magnet Securities and Investment Company Private Limited,10,349.2,3492.0,2025-08-27T14:19:59.26133
2025-08-27,20333,2025082701009503,NICA,Online Securities Pvt. Ltd.,Bhrikuti Stock Broking Co. Pvt. Ltd.,190,349.2,66348.0,2025-08-27T14:23:47.827409
2025-08-27,20332,2025082701009504,NICA,Secured Securities Ltd.,Bhrikuti Stock Broking Co. Pvt. Ltd.,200,349.2,69840.0,2025-08-27T14:23:47.827906
2025-08-27,20218,2025082701009530,NICA,Bhrikuti Stock Broking Co. Pvt. Ltd.,Bhrikuti Stock Broking Co. Pvt. Ltd.,765,349.9,267673.5,2025-08-27T14:24:14.983417
2025-08-27,20217,2025082701009531,NICA,Bhrikuti Stock Broking Co. Pvt. Ltd.,Imperial Securities Company Pvt. Ltd.,45,350.0,15750.0,2025-08-27T14:24:14.983685
2025-08-27,20216,2025082701009532,NICA,Bhrikuti Stock Broking Co. Pvt. Ltd.,Trisul Securities & Invt. Ltd.,30,350.0,10500.0,2025-08-27T14:24:14.983797
2025-08-27,20215,2025082701009533,NICA,Bhrikuti Stock Broking Co. Pvt. Ltd.,Naasa Securities Co. Ltd.,20,350.0,7000.0,2025-08-27T14:24:14.983903
2025-08-27,20214,2025082701009534,NICA,Bhrikuti Stock Broking Co. Pvt. Ltd.,Sani Securities Company Ltd.,200,350.0,70000.0,2025-08-27T14:24:14.98401
2025-08-27,20213,2025082701009535,NICA,Bhrikuti Stock Broking Co. Pvt. Ltd.,Naasa Securities Co. Ltd.,103,350.0,36050.0,2025-08-27T14:24:14.984161
2025-08-27,20212,2025082701009536,NICA,Bhrikuti Stock Broking Co. Pvt. Ltd.,Sani Securities Company Ltd.,200,350.0,70000.0,2025-08-27T14:24:14.984265
2025-08-27,20211,2025082701009537,NICA,Bhrikuti Stock Broking Co. Pvt. Ltd.,Sani Securities Company Ltd.,20,350.0,7000.0,2025-08-27T14:24:14.984387
2025-08-27,20142,2025082701009542,NICA,Online Securities Pvt. Ltd.,Sani Securities Company Ltd.,80,349.0,27920.0,2025-08-27T14:24:23.248713
2025-08-27,20141,2025082701009543,NICA,Shree Krishna Securities Ltd.,Sani Securities Company Ltd.,140,349.0,48860.0,2025-08-27T14:24:23.248975
2025-08-27,20140,2025082701009544,NICA,Vision Securities Pvt. Ltd,Sani Securities Company Ltd.,100,349.0,34900.0,2025-08-27T14:24:23.249091
2025-08-27,20139,2025082701009545,NICA,ABC Securities Private Limited,Sani Securities Company Ltd.,35,349.0,12215.0,2025-08-27T14:24:23.2492
2025-08-27,20138,2025082701009546,NICA,MILKY WAY SHARE BROKER COMPANY LTD ,Sani Securities Company Ltd.,145,349.0,50605.0,2025-08-27T14:24:23.249303
2025-08-27,19719,2025082701009643,NICA,MILKY WAY SHARE BROKER COMPANY LTD ,Dipshikha Dhitopatra Karobar Co. Pvt Ltd.,355,349.0,123895.0,2025-08-27T14:25:39.884313
2025-08-27,19718,2025082701009644,NICA,Imperial Securities Company Pvt. Ltd.,Dipshikha Dhitopatra Karobar Co. Pvt Ltd.,145,349.0,50605.0,2025-08-27T14:25:39.884666
2025-08-27,19420,2025082701009695,NICA,Bhrikuti Stock Broking Co. Pvt. Ltd.,Oxford Securities Pvt. Ltd.,17,349.0,5933.0,2025-08-27T14:26:39.878114
2025-08-27,18037,2025082701009925,NICA,Naasa Securities Co. Ltd.,Oxford Securities Pvt. Ltd.,98,348.5,34153.0,2025-08-27T14:30:44.275971
2025-08-27,18036,2025082701009926,NICA,Kohinoor Investment & Securities Pvt. Ltd.,Oxford Securities Pvt. Ltd.,300,348.5,104550.0,2025-08-27T14:30:44.276302
2025-08-27,18035,2025082701009927,NICA,Sewa Securities Pvt. Ltd.,Oxford Securities Pvt. Ltd.,100,348.4,34840.0,2025-08-27T14:30:44.276447
2025-08-27,17798,2025082701009958,NICA,Online Securities Pvt. Ltd.,Imperial Securities Company Pvt. Ltd.,30,348.4,10452.0,2025-08-27T14:31:17.121988
2025-08-27,17797,2025082701009959,NICA,Secured Securities Ltd.,Imperial Securities Company Pvt. Ltd.,70,348.3,24381.0,2025-08-27T14:31:17.122254
2025-08-27,17264,2025082701010056,NICA,Secured Securities Ltd.,Dynamic Money Managers Securities Pvt. Ltd.,138,348.3,48065.4,2025-08-27T14:32:31.84383
2025-08-27,17044,2025082701010146,NICA,Naasa Securities Co. Ltd.,Oxford Securities Pvt. Ltd.,10,349.0,3490.0,2025-08-27T14:33:05.409147
2025-08-27,16721,2025082701010199,NICA,Naasa Securities Co. Ltd.,Oxford Securities Pvt. Ltd.,40,349.0,13960.0,2025-08-27T14:34:10.762487
2025-08-27,16682,2025082701010208,NICA,Aryatara Investment & Securities,Oxford Securities Pvt. Ltd.,70,348.4,24388.0,2025-08-27T14:34:17.64804
2025-08-27,16681,2025082701010209,NICA,Secured Securities Ltd.,Oxford Securities Pvt. Ltd.,92,348.3,32043.6,2025-08-27T14:34:17.648294
2025-08-27,16680,2025082701010210,NICA,Linch Stock Market Ltd.,Oxford Securities Pvt. Ltd.,66,348.3,22987.8,2025-08-27T14:34:17.648406
2025-08-27,16616,2025082701010246,NICA,Siprabi Securities Pvt. Ltd.,Oxford Securities Pvt. Ltd.,20,349.0,6980.0,2025-08-27T14:34:25.60629
2025-08-27,16577,2025082701010257,NICA,Linch Stock Market Ltd.,Sumeru Securities Pvt. Ltd.,12,348.3,4179.6,2025-08-27T14:34:30.536154
2025-08-27,16458,2025082701010272,NICA,Sri Hari Securities Pvt. Ltd.,Oxford Securities Pvt. Ltd.,300,349.0,104700.0,2025-08-27T14:34:55.712603
2025-08-27,16393,2025082701010277,NICA,Midas Stock Broking Company Private Limited,Oxford Securities Pvt. Ltd.,20,349.0,6980.0,2025-08-27T14:35:07.228576
2025-08-27,16114,2025082701010308,NICA,Trisul Securities & Invt. Ltd.,Oxford Securities Pvt. Ltd.,93,349.0,32457.0,2025-08-27T14:35:58.328549
2025-08-27,16113,2025082701010309,NICA,Trisul Securities & Invt. Ltd.,Asian Securities Private Ltd.,407,349.0,142043.0,2025-08-27T14:35:58.329099
2025-08-27,15982,2025082701010323,NICA,ABC Securities Private Limited,Asian Securities Private Ltd.,393,349.0,137157.0,2025-08-27T14:36:23.305845
2025-08-27,15981,2025082701010324,NICA,ABC Securities Private Limited,Imperial Securities Company Pvt. Ltd.,170,349.0,59330.0,2025-08-27T14:36:23.306155
2025-08-27,15980,2025082701010325,NICA,ABC Securities Private Limited,Imperial Securities Company Pvt. Ltd.,200,349.0,69800.0,2025-08-27T14:36:23.306288
2025-08-27,15945,2025082701010334,NICA,Online Securities Pvt. Ltd.,Property Wiard Limited,500,349.9,174950.0,2025-08-27T14:36:30.167309
2025-08-27,15944,2025082701010335,NICA,Online Securities Pvt. Ltd.,Secured Securities Ltd.,500,350.0,175000.0,2025-08-27T14:36:30.167579
2025-08-27,15943,2025082701010336,NICA,Online Securities Pvt. Ltd.,Secured Securities Ltd.,500,350.0,175000.0,2025-08-27T14:36:30.167698
2025-08-27,15942,2025082701010337,NICA,Online Securities Pvt. Ltd.,Oxford Securities Pvt. Ltd.,96,350.0,33600.0,2025-08-27T14:36:30.167803
2025-08-27,15941,2025082701010338,NICA,Online Securities Pvt. Ltd.,Premier Securities Company Ltd.,50,350.0,17500.0,2025-08-27T14:36:30.167934
2025-08-27,15940,2025082701010339,NICA,Online Securities Pvt. Ltd.,Vision Securities Pvt. Ltd,50,350.0,17500.0,2025-08-27T14:36:30.168076
2025-08-27,15939,2025082701010340,NICA,Online Securities Pvt. Ltd.,Linch Stock Market Ltd.,500,350.0,175000.0,2025-08-27T14:36:30.1682
2025-08-27,15938,2025082701010341,NICA,Online Securities Pvt. Ltd.,Naasa Securities Co. Ltd.,50,350.0,17500.0,2025-08-27T14:36:30.168341
2025-08-27,15937,2025082701010342,NICA,Online Securities Pvt. Ltd.,Kumari Securities Private Limited,2000,350.0,700000.0,2025-08-27T14:36:30.168517
2025-08-27,15936,2025082701010343,NICA,Online Securities Pvt. Ltd.,Imperial Securities Company Pvt. Ltd.,754,350.0,263900.0,2025-08-27T14:36:30.168656
2025-08-27,15729,2025082701010389,NICA,Investment Management Nepal Pvt. Ltd.,Imperial Securities Company Pvt. Ltd.,246,350.0,86100.0,2025-08-27T14:37:05.334738
2025-08-27,15728,2025082701010390,NICA,Investment Management Nepal Pvt. Ltd.,Aryatara Investment & Securities,254,350.9,89128.6,2025-08-27T14:37:05.334829
2025-08-27,15174,2025082701010438,NICA,ABC Securities Private Limited,Aryatara Investment & Securities,30,350.7,10521.0,2025-08-27T14:38:30.522803
2025-08-27,14089,2025082701010609,NICA,Naasa Securities Co. Ltd.,Imperial Securities Company Pvt. Ltd.,29,350.8,10173.2,2025-08-27T14:41:09.07767
2025-08-27,14061,2025082701010613,NICA,Dipshikha Dhitopatra Karobar Co. Pvt Ltd.,Sundhara Securities Limited,500,350.0,175000.0,2025-08-27T14:41:11.500628
2025-08-27,14060,2025082701010614,NICA,Dipshikha Dhitopatra Karobar Co. Pvt Ltd.,Sundhara Securities Limited,20,350.0,7000.0,2025-08-27T14:41:11.501165
2025-08-27,14059,2025082701010615,NICA,Nepal Investment And Securities Trading Private Limited,Sundhara Securities Limited,10,350.0,3500.0,2025-08-27T14:41:11.50149
2025-08-27,13592,2025082701010747,NICA,Aryatara Investment & Securities,Imperial Securities Company Pvt. Ltd.,71,350.8,24906.8,2025-08-27T14:42:06.113037
2025-08-27,13200,2025082701010839,NICA,Aryatara Investment & Securities,Himalayan Brokerage Company Limited,14,350.8,4911.2,2025-08-27T14:43:04.941271
2025-08-27,12808,2025082701010953,NICA,Premier Securities Company Ltd.,Naasa Securities Co. Ltd.,30,350.5,10515.0,2025-08-27T14:44:00.362222
2025-08-27,12708,2025082701010973,NICA,Naasa Securities Co. Ltd.,Naasa Securities Co. Ltd.,650,350.5,227825.0,2025-08-27T14:44:14.214534
2025-08-27,12672,2025082701010983,NICA,Online Securities Pvt. Ltd.,Himalayan Brokerage Company Limited,186,350.1,65118.6,2025-08-27T14:44:22.800816
2025-08-27,12506,2025082701011012,NICA,Creative Securities Pvt Ltd,Naasa Securities Co. Ltd.,220,350.5,77110.0,2025-08-27T14:44:36.3936
2025-08-27,12505,2025082701011013,NICA,Creative Securities Pvt Ltd,Linch Stock Market Ltd.,2169,350.7,760668.3,2025-08-27T14:44:36.393927
2025-08-27,12504,2025082701011014,NICA,Creative Securities Pvt Ltd,South Asian Bulls Pvt. Ltd.,70,350.9,24563.0,2025-08-27T14:44:36.394075
2025-08-27,12503,2025082701011015,NICA,Creative Securities Pvt Ltd,Aryatara Investment & Securities,216,350.9,75794.4,2025-08-27T14:44:36.394207
2025-08-27,12502,2025082701011016,NICA,Creative Securities Pvt Ltd,Dynamic Money Managers Securities Pvt. Ltd.,137,350.9,48073.3,2025-08-27T14:44:36.394342
2025-08-27,12501,2025082701011017,NICA,Creative Securities Pvt Ltd,Imperial Securities Company Pvt. Ltd.,500,351.0,175500.0,2025-08-27T14:44:36.394466
2025-08-27,12500,2025082701011018,NICA,Creative Securities Pvt Ltd,Nepal Investment And Securities Trading Private Limited,20,351.0,7020.0,2025-08-27T14:44:36.394594
2025-08-27,12499,2025082701011019,NICA,Creative Securities Pvt Ltd,Malla & Malla Stock Broking Company Pvt. Limited,50,351.0,17550.0,2025-08-27T14:44:36.394723
2025-08-27,12498,2025082701011020,NICA,Creative Securities Pvt Ltd,Arun Securities (PVT) Ltd.,10,351.0,3510.0,2025-08-27T14:44:36.394844
2025-08-27,12497,2025082701011021,NICA,Creative Securities Pvt Ltd,Sani Securities Company Ltd.,200,351.0,70200.0,2025-08-27T14:44:36.39496
2025-08-27,12496,2025082701011022,NICA,Creative Securities Pvt Ltd,Asian Securities Private Ltd.,100,351.0,35100.0,2025-08-27T14:44:36.395084
2025-08-27,12495,2025082701011023,NICA,Creative Securities Pvt Ltd,Bhrikuti Stock Broking Co. Pvt. Ltd.,10,351.0,3510.0,2025-08-27T14:44:36.395204
2025-08-27,12494,2025082701011024,NICA,Creative Securities Pvt Ltd,Trisul Securities & Invt. Ltd.,430,351.0,150930.0,2025-08-27T14:44:36.39537
2025-08-27,12493,2025082701011025,NICA,Creative Securities Pvt Ltd,Trishakti Securities Public Limited,43,351.0,15093.0,2025-08-27T14:44:36.395491
2025-08-27,12492,2025082701011026,NICA,Creative Securities Pvt Ltd,Naasa Securities Co. Ltd.,100,351.0,35100.0,2025-08-27T14:44:36.395602
2025-08-27,12491,2025082701011027,NICA,Creative Securities Pvt Ltd,Dynamic Money Managers Securities Pvt. Ltd.,150,351.0,52650.0,2025-08-27T14:44:36.395706
2025-08-27,12490,2025082701011028,NICA,Creative Securities Pvt Ltd,Midas Stock Broking Company Private Limited,575,351.0,201825.0,2025-08-27T14:44:36.395825
2025-08-27,12094,2025082701011082,NICA,Online Securities Pvt. Ltd.,Dynamic Money Managers Securities Pvt. Ltd.,10,350.1,3501.0,2025-08-27T14:45:11.724074
2025-08-27,11345,2025082701011195,NICA,South Asian Bulls Pvt. Ltd.,Sundhara Securities Limited,12,350.7,4208.4,2025-08-27T14:46:33.872167
2025-08-27,11344,2025082701011196,NICA,South Asian Bulls Pvt. Ltd.,Midas Stock Broking Company Private Limited,425,351.0,149175.0,2025-08-27T14:46:33.872418
2025-08-27,11343,2025082701011197,NICA,South Asian Bulls Pvt. Ltd.,Secured Securities Ltd.,200,351.0,70200.0,2025-08-27T14:46:33.872535
2025-08-27,11342,2025082701011198,NICA,South Asian Bulls Pvt. Ltd.,South Asian Bulls Pvt. Ltd.,1363,351.0,478413.0,2025-08-27T14:46:33.872668
2025-08-27,11313,2025082701011202,NICA,KALASH STOCK MARKET PVT. LTD.,South Asian Bulls Pvt. Ltd.,73,351.0,25623.0,2025-08-27T14:46:38.363057
2025-08-27,11312,2025082701011203,NICA,KALASH STOCK MARKET PVT. LTD.,ABC Securities Private Limited,30,351.0,10530.0,2025-08-27T14:46:38.363354
2025-08-27,10878,2025082701011268,NICA,KALASH STOCK MARKET PVT. LTD.,Imperial Securities Company Pvt. Ltd.,20,351.0,7020.0,2025-08-27T14:47:21.529324
2025-08-27,10840,2025082701011280,NICA,Agrawal Securities (PVT) Ltd.,Naasa Securities Co. Ltd.,100,351.2,35120.0,2025-08-27T14:47:23.921351
2025-08-27,10786,2025082701011285,NICA,Agrawal Securities (PVT) Ltd.,Naasa Securities Co. Ltd.,150,351.2,52680.0,2025-08-27T14:47:28.968333
2025-08-27,10671,2025082701011315,NICA,Siprabi Securities Pvt. Ltd.,Nepal Stock House (PVT) Ltd.,100,351.3,35130.0,2025-08-27T14:47:40.937274
2025-08-27,9965,2025082701011456,NICA,Kohinoor Investment & Securities Pvt. Ltd.,Nepal Stock House (PVT) Ltd.,200,351.3,70260.0,2025-08-27T14:48:54.17355
2025-08-27,9731,2025082701011497,NICA,Naasa Securities Co. Ltd.,Nepal Stock House (PVT) Ltd.,20,351.3,7026.0,2025-08-27T14:49:18.661116
2025-08-27,9730,2025082701011498,NICA,KALASH STOCK MARKET PVT. LTD.,Dipshikha Dhitopatra Karobar Co. Pvt Ltd.,44,351.0,15444.0,2025-08-27T14:49:18.679985
2025-08-27,9497,2025082701011536,NICA,KALASH STOCK MARKET PVT. LTD.,Vision Securities Pvt. Ltd,123,351.0,43173.0,2025-08-27T14:49:40.66662
2025-08-27,9473,2025082701011540,NICA,Sri Hari Securities Pvt. Ltd.,Nepal Stock House (PVT) Ltd.,180,351.3,63234.0,2025-08-27T14:49:44.359438
2025-08-27,9472,2025082701011541,NICA,Sri Hari Securities Pvt. Ltd.,Naasa Securities Co. Ltd.,20,351.3,7026.0,2025-08-27T14:49:44.359701
2025-08-27,8801,2025082701011639,NICA,Sri Hari Securities Pvt. Ltd.,Ashutosh Brokerage & Securities (PVT) Ltd.,100,351.3,35130.0,2025-08-27T14:50:46.543225
2025-08-27,8389,2025082701011692,NICA,KALASH STOCK MARKET PVT. LTD.,Bhrikuti Stock Broking Co. Pvt. Ltd.,210,351.0,73710.0,2025-08-27T14:51:24.067139
2025-08-27,8388,2025082701011693,NICA,Dynamic Money Managers Securities Pvt. Ltd.,Bhrikuti Stock Broking Co. Pvt. Ltd.,10,351.0,3510.0,2025-08-27T14:51:24.067411
2025-08-27,8387,2025082701011694,NICA,Deevyaa Securities & Stock House Pvt. Ltd,Bhrikuti Stock Broking Co. Pvt. Ltd.,390,351.0,136890.0,2025-08-27T14:51:24.067527
2025-08-27,8310,2025082701011705,NICA,Deevyaa Securities & Stock House Pvt. Ltd,Ashutosh Brokerage & Securities (PVT) Ltd.,165,351.0,57915.0,2025-08-27T14:51:32.86268
2025-08-27,8209,2025082701011723,NICA,Sani Securities Company Ltd.,Ashutosh Brokerage & Securities (PVT) Ltd.,35,351.0,12285.0,2025-08-27T14:51:44.715977
2025-08-27,8012,2025082701011747,NICA,Capital Max Securities Ltd,Neev Securities Pvt. Ltd.,100,351.5,35150.0,2025-08-27T14:52:03.302365
2025-08-27,8011,2025082701011748,NICA,Capital Max Securities Ltd,Secured Securities Ltd.,500,351.5,175750.0,2025-08-27T14:52:03.302402
2025-08-27,8010,2025082701011749,NICA,Capital Max Securities Ltd,Dipshikha Dhitopatra Karobar Co. Pvt Ltd.,120,351.5,42180.0,2025-08-27T14:52:03.302425
2025-08-27,8009,2025082701011750,NICA,Capital Max Securities Ltd,Sani Securities Company Ltd.,500,352.0,176000.0,2025-08-27T14:52:03.302449
2025-08-27,8008,2025082701011751,NICA,Capital Max Securities Ltd,ABC Securities Private Limited,50,352.0,17600.0,2025-08-27T14:52:03.302474
2025-08-27,8007,2025082701011752,NICA,Capital Max Securities Ltd,Property Wiard Limited,500,352.0,176000.0,2025-08-27T14:52:03.302504
2025-08-27,8006,2025082701011753,NICA,Capital Max Securities Ltd,Imperial Securities Company Pvt. Ltd.,153,352.0,53856.0,2025-08-27T14:52:03.302526
2025-08-27,8005,2025082701011754,NICA,Capital Max Securities Ltd,Vision Securities Pvt. Ltd,10,352.0,3520.0,2025-08-27T14:52:03.302549
2025-08-27,8004,2025082701011755,NICA,Capital Max Securities Ltd,Capital Max Securities Ltd,1067,352.0,375584.0,2025-08-27T14:52:03.30257
2025-08-27,7566,2025082701011841,NICA,Sani Securities Company Ltd.,Capital Max Securities Ltd,25,352.0,8800.0,2025-08-27T14:52:39.548818
2025-08-27,7515,2025082701011846,NICA,Agrawal Securities (PVT) Ltd.,South Asian Bulls Pvt. Ltd.,50,351.0,17550.0,2025-08-27T14:52:45.619313
2025-08-27,7078,2025082701011906,NICA,Capital Max Securities Ltd,South Asian Bulls Pvt. Ltd.,50,351.0,17550.0,2025-08-27T14:53:17.765306
2025-08-27,7077,2025082701011907,NICA,Capital Max Securities Ltd,Linch Stock Market Ltd.,557,351.3,195674.1,2025-08-27T14:53:17.765373
2025-08-27,7076,2025082701011908,NICA,Capital Max Securities Ltd,Capital Max Securities Ltd,908,352.0,319616.0,2025-08-27T14:53:17.765398
2025-08-27,7075,2025082701011909,NICA,Capital Max Securities Ltd,Oxford Securities Pvt. Ltd.,100,352.0,35200.0,2025-08-27T14:53:17.765424
2025-08-27,7074,2025082701011910,NICA,Capital Max Securities Ltd,Imperial Securities Company Pvt. Ltd.,189,352.0,66528.0,2025-08-27T14:53:17.765474
2025-08-27,7073,2025082701011911,NICA,Capital Max Securities Ltd,Arun Securities (PVT) Ltd.,10,352.0,3520.0,2025-08-27T14:53:17.7655
2025-08-27,7072,2025082701011912,NICA,Capital Max Securities Ltd,Aryatara Investment & Securities,50,352.0,17600.0,2025-08-27T14:53:17.765526
2025-08-27,7071,2025082701011913,NICA,Capital Max Securities Ltd,Sweta Securities Private Limited,119,352.0,41888.0,2025-08-27T14:53:17.765548
2025-08-27,7070,2025082701011914,NICA,Capital Max Securities Ltd,Nepal Stock House (PVT) Ltd.,17,352.9,5999.3,2025-08-27T14:53:17.765574
2025-08-27,6902,2025082701011953,NICA,Online Securities Pvt. Ltd.,Dipshikha Dhitopatra Karobar Co. Pvt Ltd.,1,353.9,353.9,2025-08-27T14:53:29.017348
2025-08-27,6192,2025082701012045,NICA,Creative Securities Pvt Ltd,Midas Stock Broking Company Private Limited,100,352.0,35200.0,2025-08-27T14:54:28.349681
2025-08-27,6037,2025082701012081,NICA,KALASH STOCK MARKET PVT. LTD.,Midas Stock Broking Company Private Limited,50,351.0,17550.0,2025-08-27T14:54:42.246919
2025-08-27,5246,2025082701012230,NICA,KALASH STOCK MARKET PVT. LTD.,Vision Securities Pvt. Ltd,285,351.0,100035.0,2025-08-27T14:55:43.889794
2025-08-27,5040,2025082701012266,NICA,Kohinoor Investment & Securities Pvt. Ltd.,Dipshikha Dhitopatra Karobar Co. Pvt Ltd.,100,352.0,35200.0,2025-08-27T14:56:01.840472
2025-08-27,4712,2025082701012315,NICA,KALASH STOCK MARKET PVT. LTD.,Dynamic Money Managers Securities Pvt. Ltd.,50,351.0,17550.0,2025-08-27T14:56:25.41468
2025-08-27,4387,2025082701012357,NICA,Naasa Securities Co. Ltd.,Dipshikha Dhitopatra Karobar Co. Pvt Ltd.,100,352.0,35200.0,2025-08-27T14:56:48.33969
2025-08-27,4386,2025082701012358,NICA,Naasa Securities Co. Ltd.,Naasa Securities Co. Ltd.,20,352.0,7040.0,2025-08-27T14:56:48.33994
2025-08-27,4385,2025082701012359,NICA,Naasa Securities Co. Ltd.,Secured Securities Ltd.,369,352.0,129888.0,2025-08-27T14:56:48.340058
2025-08-27,4323,2025082701012384,NICA,Nepal Stock House (PVT) Ltd.,Secured Securities Ltd.,131,352.0,46112.0,2025-08-27T14:56:51.831424
2025-08-27,4322,2025082701012385,NICA,Nepal Stock House (PVT) Ltd.,Pragyan Securities (PVT) Ltd.,500,352.0,176000.0,2025-08-27T14:56:51.831663
2025-08-27,4321,2025082701012386,NICA,Nepal Stock House (PVT) Ltd.,Nepal Stock House (PVT) Ltd.,100,352.0,35200.0,2025-08-27T14:56:51.83183
2025-08-27,4205,2025082701012414,NICA,Nepal Stock House (PVT) Ltd.,Vision Securities Pvt. Ltd,69,352.0,24288.0,2025-08-27T14:56:58.436456
2025-08-27,3745,2025082701012489,NICA,ABC Securities Private Limited,Naasa Securities Co. Ltd.,6,345.0,2070.0,2025-08-27T14:57:25.931516
2025-08-27,3508,2025082701012541,NICA,ABC Securities Private Limited,Aryatara Investment & Securities,1,345.0,345.0,2025-08-27T14:57:45.135077
2025-08-27,3401,2025082701012559,NICA,Himalayan Brokerage Company Limited,Vision Securities Pvt. Ltd,18,352.0,6336.0,2025-08-27T14:57:48.663632
2025-08-27,2823,2025082701012661,NICA,ABC Securities Private Limited,Agrawal Securities (PVT) Ltd.,9,345.0,3105.0,2025-08-27T14:58:21.491658
2025-08-27,2591,2025082701012687,NICA,Sewa Securities Pvt. Ltd.,South Asian Bulls Pvt. Ltd.,340,352.5,119850.0,2025-08-27T14:58:33.707507
2025-08-27,2547,2025082701012701,NICA,Dipshikha Dhitopatra Karobar Co. Pvt Ltd.,Nepal Stock House (PVT) Ltd.,125,352.1,44012.5,2025-08-27T14:58:37.368165
2025-08-27,2437,2025082701012736,NICA,Dipshikha Dhitopatra Karobar Co. Pvt Ltd.,Vision Securities Pvt. Ltd,77,352.1,27111.7,2025-08-27T14:58:42.094782
2025-08-27,1356,2025082701012901,NICA,Dipshikha Dhitopatra Karobar Co. Pvt Ltd.,Midas Stock Broking Company Private Limited,798,352.2,281055.6,2025-08-27T14:59:23.772225
2025-08-27,1355,2025082701012902,NICA,Dipshikha Dhitopatra Karobar Co. Pvt Ltd.,Midas Stock Broking Company Private Limited,1100,352.2,387420.0,2025-08-27T14:59:23.772504
2025-08-27,1354,2025082701012903,NICA,Himalayan Brokerage Company Limited,Midas Stock Broking Company Private Limited,1402,352.0,493504.0,2025-08-27T14:59:23.772618
2025-08-27,1353,2025082701012904,NICA,Ashutosh Brokerage & Securities (PVT) Ltd.,Midas Stock Broking Company Private Limited,30,351.2,10536.0,2025-08-27T14:59:23.772725
2025-08-27,1352,2025082701012905,NICA,Kumari Securities Private Limited,Midas Stock Broking Company Private Limited,800,351.1,280880.0,2025-08-27T14:59:23.772833
2025-08-27,1351,2025082701012906,NICA,KALASH STOCK MARKET PVT. LTD.,Midas Stock Broking Company Private Limited,115,351.0,40365.0,2025-08-27T14:59:23.772936
2025-08-27,1350,2025082701012907,NICA,Bhrikuti Stock Broking Co. Pvt. Ltd.,Midas Stock Broking Company Private Limited,50,351.0,17550.0,2025-08-27T14:59:23.773054
2025-08-27,1349,2025082701012908,NICA,Agrawal Securities (PVT) Ltd.,Midas Stock Broking Company Private Limited,200,351.0,70200.0,2025-08-27T14:59:23.773155
2025-08-27,1348,2025082701012909,NICA,Imperial Securities Company Pvt. Ltd.,Midas Stock Broking Company Private Limited,360,350.4,126144.0,2025-08-27T14:59:23.773254
2025-08-27,1347,2025082701012910,NICA,Naasa Securities Co. Ltd.,Midas Stock Broking Company Private Limited,100,350.3,35030.0,2025-08-27T14:59:23.77336
2025-08-27,1346,2025082701012911,NICA,Online Securities Pvt. Ltd.,Midas Stock Broking Company Private Limited,54,350.1,18905.4,2025-08-27T14:59:23.77347
2025-08-27,1345,2025082701012912,NICA,Siprabi Securities Pvt. Ltd.,Midas Stock Broking Company Private Limited,200,350.1,70020.0,2025-08-27T14:59:23.773574
2025-08-27,1344,2025082701012913,NICA,Trishakti Securities Public Limited,Midas Stock Broking Company Private Limited,500,350.1,175050.0,2025-08-27T14:59:23.773677
2025-08-27,1343,2025082701012914,NICA,Nepal Investment And Securities Trading Private Limited,Midas Stock Broking Company Private Limited,100,350.0,35000.0,2025-08-27T14:59:23.773782
2025-08-27,1342,2025082701012915,NICA,Imperial Securities Company Pvt. Ltd.,Midas Stock Broking Company Private Limited,100,350.0,35000.0,2025-08-27T14:59:23.773896
2025-08-27,1341,2025082701012916,NICA,Agrawal Securities (PVT) Ltd.,Midas Stock Broking Company Private Limited,150,350.0,52500.0,2025-08-27T14:59:23.774
2025-08-27,1340,2025082701012917,NICA,J.F. Securites (PVT) Ltd.,Midas Stock Broking Company Private Limited,42,350.0,14700.0,2025-08-27T14:59:23.774111
2025-08-27,1339,2025082701012918,NICA,Thrive Brokerage House Pvt. Ltd,Midas Stock Broking Company Private Limited,30,350.0,10500.0,2025-08-27T14:59:23.774211
2025-08-27,1338,2025082701012919,NICA,Secured Securities Ltd.,Midas Stock Broking Company Private Limited,800,350.0,280000.0,2025-08-27T14:59:23.77431
2025-08-27,1337,2025082701012920,NICA,Nepal Stock House (PVT) Ltd.,Midas Stock Broking Company Private Limited,50,350.0,17500.0,2025-08-27T14:59:23.774405
2025-08-27,1336,2025082701012921,NICA,Opal Securities Investment (PVT) Ltd.,Midas Stock Broking Company Private Limited,519,350.0,181650.0,2025-08-27T14:59:23.774506
2025-08-27,1291,2025082701012933,NICA,Dakshinkali Investment & Securities Pvt. Ltd.,South Asian Bulls Pvt. Ltd.,250,352.5,88125.0,2025-08-27T14:59:24.789751
2025-08-27,1236,2025082701012936,NICA,Kumari Securities Private Limited,South Asian Bulls Pvt. Ltd.,280,352.5,98700.0,2025-08-27T14:59:25.06779
2025-08-27,719,2025082701013021,NICA,Investment Management Nepal Pvt. Ltd.,South Asian Bulls Pvt. Ltd.,130,352.5,45825.0,2025-08-27T14:59:41.011676
