Date,S.N.,Contract ID,Symbol,Buyer Broker,Seller Broker,volume,rate,amount,transaction_time
2025-08-27,72497,2025082701000011,PRVU,Sri Hari Securities Pvt. Ltd.,Bhrikuti Stock Broking Co. Pvt. Ltd.,10,214.8,2148.0,2025-08-27T10:46:00.050596
2025-08-27,72049,2025082701000105,PRVU,Thrive Brokerage House Pvt. Ltd,Deevyaa Securities & Stock House Pvt. Ltd,25,211.9,5297.5,2025-08-27T11:04:41.975447
2025-08-27,71974,2025082701000119,PRVU,Thrive Brokerage House Pvt. Ltd,Trisul Securities & Invt. Ltd.,75,211.9,15892.5,2025-08-27T11:05:14.426407
2025-08-27,71969,2025082701000122,PRVU,Online Securities Pvt. Ltd.,Himalayan Brokerage Company Limited,59,210.7,12431.3,2025-08-27T11:05:16.600151
2025-08-27,71906,2025082701000135,PRVU,Online Securities Pvt. Ltd.,Siprabi Securities Pvt. Ltd.,41,210.7,8638.7,2025-08-27T11:05:45.679876
2025-08-27,71905,2025082701000136,PRVU,Sajilo Broker Limited,Siprabi Securities Pvt. Ltd.,123,210.6,25903.8,2025-08-27T11:05:45.679946
2025-08-27,71866,2025082701000141,PRVU,Sajilo Broker Limited,Linch Stock Market Ltd.,200,210.6,42120.0,2025-08-27T11:06:08.194475
2025-08-27,71659,2025082701000179,PRVU,Secured Securities Ltd.,Trisul Securities & Invt. Ltd.,15,211.9,3178.5,2025-08-27T11:07:41.156059
2025-08-27,71531,2025082701000202,PRVU,Sani Securities Company Ltd.,Naasa Securities Co. Ltd.,25,211.0,5275.0,2025-08-27T11:08:29.501542
2025-08-27,71393,2025082701000233,PRVU,Sani Securities Company Ltd.,Vision Securities Pvt. Ltd,75,211.0,15825.0,2025-08-27T11:09:14.024999
2025-08-27,71071,2025082701000293,PRVU,Siprabi Securities Pvt. Ltd.,Vision Securities Pvt. Ltd,60,211.0,12660.0,2025-08-27T11:11:09.232853
2025-08-27,70964,2025082701000311,PRVU,Sajilo Broker Limited,Market Securities & Exchange (PVT) Ltd.,15,210.6,3159.0,2025-08-27T11:11:48.479444
2025-08-27,70953,2025082701000313,PRVU,Sajilo Broker Limited,Sri Hari Securities Pvt. Ltd.,152,210.6,32011.2,2025-08-27T11:11:50.738034
2025-08-27,70692,2025082701000363,PRVU,Sajilo Broker Limited,Dipshikha Dhitopatra Karobar Co. Pvt Ltd.,18,210.6,3790.8,2025-08-27T11:13:16.459819
2025-08-27,70607,2025082701000377,PRVU,Trisul Securities & Invt. Ltd.,Vision Securities Pvt. Ltd,10,211.0,2110.0,2025-08-27T11:13:50.409317
2025-08-27,69957,2025082701000502,PRVU,Opal Securities Investment (PVT) Ltd.,Vision Securities Pvt. Ltd,100,211.0,21100.0,2025-08-27T11:17:38.366503
2025-08-27,69891,2025082701000512,PRVU,Malla & Malla Stock Broking Company Pvt. Limited,Vision Securities Pvt. Ltd,250,211.0,52750.0,2025-08-27T11:18:02.882208
2025-08-27,69333,2025082701000591,PRVU,Naasa Securities Co. Ltd.,Sweta Securities Private Limited,7,211.0,1477.0,2025-08-27T11:20:50.334683
2025-08-27,68655,2025082701000649,PRVU,Online Securities Pvt. Ltd.,Vision Securities Pvt. Ltd,37,211.0,7807.0,2025-08-27T11:23:42.536957
2025-08-27,68654,2025082701000650,PRVU,Online Securities Pvt. Ltd.,Linch Stock Market Ltd.,39,211.0,8229.0,2025-08-27T11:23:42.537252
2025-08-27,68102,2025082701000792,PRVU,Sumeru Securities Pvt. Ltd.,Trisul Securities & Invt. Ltd.,10,211.9,2119.0,2025-08-27T11:26:09.337763
2025-08-27,68101,2025082701000793,PRVU,Sumeru Securities Pvt. Ltd.,Thrive Brokerage House Pvt. Ltd,100,211.9,21190.0,2025-08-27T11:26:09.337903
2025-08-27,68100,2025082701000794,PRVU,Sumeru Securities Pvt. Ltd.,Bhrikuti Stock Broking Co. Pvt. Ltd.,265,212.0,56180.0,2025-08-27T11:26:09.337961
2025-08-27,68028,2025082701000807,PRVU,Vision Securities Pvt. Ltd,Bhrikuti Stock Broking Co. Pvt. Ltd.,250,212.0,53000.0,2025-08-27T11:26:26.010682
2025-08-27,68023,2025082701000808,PRVU,Cristal Kanchanjanga Securites Pvt. Ltd.,Bhrikuti Stock Broking Co. Pvt. Ltd.,75,212.0,15900.0,2025-08-27T11:26:26.419848
2025-08-27,68022,2025082701000809,PRVU,Cristal Kanchanjanga Securites Pvt. Ltd.,Naasa Securities Co. Ltd.,25,212.0,5300.0,2025-08-27T11:26:26.420001
2025-08-27,67807,2025082701000841,PRVU,Premier Securities Company Ltd.,Naasa Securities Co. Ltd.,100,212.0,21200.0,2025-08-27T11:27:17.197601
2025-08-27,67281,2025082701000933,PRVU,Ashutosh Brokerage & Securities (PVT) Ltd.,Naasa Securities Co. Ltd.,75,212.0,15900.0,2025-08-27T11:29:35.295352
2025-08-27,67280,2025082701000934,PRVU,Ashutosh Brokerage & Securities (PVT) Ltd.,Naasa Securities Co. Ltd.,10,212.0,2120.0,2025-08-27T11:29:35.295422
2025-08-27,67279,2025082701000935,PRVU,Ashutosh Brokerage & Securities (PVT) Ltd.,Nepal Investment And Securities Trading Private Limited,51,212.0,10812.0,2025-08-27T11:29:35.295445
2025-08-27,67278,2025082701000936,PRVU,Ashutosh Brokerage & Securities (PVT) Ltd.,Vision Securities Pvt. Ltd,64,212.9,13625.6,2025-08-27T11:29:35.295468
2025-08-27,67119,2025082701000967,PRVU,Naasa Securities Co. Ltd.,Vision Securities Pvt. Ltd,10,212.9,2129.0,2025-08-27T11:30:11.587134
2025-08-27,66340,2025082701001144,PRVU,Sani Securities Company Ltd.,Thrive Brokerage House Pvt. Ltd,50,212.8,10640.0,2025-08-27T11:33:14.212123
2025-08-27,65468,2025082701001308,PRVU,Midas Stock Broking Company Private Limited,South Asian Bulls Pvt. Ltd.,10,212.1,2121.0,2025-08-27T11:35:49.197108
2025-08-27,65357,2025082701001328,PRVU,Cristal Kanchanjanga Securites Pvt. Ltd.,Thrive Brokerage House Pvt. Ltd,50,212.8,10640.0,2025-08-27T11:36:07.766701
2025-08-27,65251,2025082701001350,PRVU,Midas Stock Broking Company Private Limited,Kohinoor Investment & Securities Pvt. Ltd.,490,212.1,103929.0,2025-08-27T11:36:25.343859
2025-08-27,65122,2025082701001373,PRVU,Sani Securities Company Ltd.,Kohinoor Investment & Securities Pvt. Ltd.,100,212.0,21200.0,2025-08-27T11:36:51.495478
2025-08-27,65121,2025082701001374,PRVU,Sani Securities Company Ltd.,Kohinoor Investment & Securities Pvt. Ltd.,20,212.0,4240.0,2025-08-27T11:36:51.495568
2025-08-27,65120,2025082701001375,PRVU,Secured Securities Ltd.,Kohinoor Investment & Securities Pvt. Ltd.,10,212.0,2120.0,2025-08-27T11:36:51.495596
2025-08-27,65010,2025082701001398,PRVU,Opal Securities Investment (PVT) Ltd.,Agrawal Securities (PVT) Ltd.,100,212.0,21200.0,2025-08-27T11:37:18.57604
2025-08-27,65008,2025082701001399,PRVU,J.F. Securites (PVT) Ltd.,Agrawal Securities (PVT) Ltd.,10,212.0,2120.0,2025-08-27T11:37:18.642114
2025-08-27,64993,2025082701001400,PRVU,Online Securities Pvt. Ltd.,Kohinoor Investment & Securities Pvt. Ltd.,25,211.8,5295.0,2025-08-27T11:37:22.630012
2025-08-27,64992,2025082701001401,PRVU,Naasa Securities Co. Ltd.,Kohinoor Investment & Securities Pvt. Ltd.,600,211.1,126660.0,2025-08-27T11:37:22.630148
2025-08-27,64991,2025082701001402,PRVU,Online Securities Pvt. Ltd.,Kohinoor Investment & Securities Pvt. Ltd.,24,211.0,5064.0,2025-08-27T11:37:22.630235
2025-08-27,64990,2025082701001403,PRVU,Prabhu Stock Market Limited,Kohinoor Investment & Securities Pvt. Ltd.,1000,211.0,211000.0,2025-08-27T11:37:22.630315
2025-08-27,64989,2025082701001404,PRVU,Trisul Securities & Invt. Ltd.,Kohinoor Investment & Securities Pvt. Ltd.,500,211.0,105500.0,2025-08-27T11:37:22.630369
2025-08-27,64988,2025082701001405,PRVU,Kohinoor Investment & Securities Pvt. Ltd.,Kohinoor Investment & Securities Pvt. Ltd.,251,211.0,52961.0,2025-08-27T11:37:22.630465
2025-08-27,64846,2025082701001434,PRVU,Kohinoor Investment & Securities Pvt. Ltd.,Kohinoor Investment & Securities Pvt. Ltd.,49,211.0,10339.0,2025-08-27T11:38:02.916407
2025-08-27,64845,2025082701001435,PRVU,Vision Securities Pvt. Ltd,Kohinoor Investment & Securities Pvt. Ltd.,451,210.7,95025.7,2025-08-27T11:38:02.916486
2025-08-27,64749,2025082701001449,PRVU,J.F. Securites (PVT) Ltd.,Nepal Stock House (PVT) Ltd.,3,207.0,621.0,2025-08-27T11:38:28.977276
2025-08-27,64576,2025082701001473,PRVU,J.F. Securites (PVT) Ltd.,Bhrikuti Stock Broking Co. Pvt. Ltd.,1,206.8,206.8,2025-08-27T11:39:15.175044
2025-08-27,64069,2025082701001559,PRVU,J.F. Securites (PVT) Ltd.,Siprabi Securities Pvt. Ltd.,1,206.5,206.5,2025-08-27T11:41:15.766335
2025-08-27,63435,2025082701001666,PRVU,Capital Hub P. Ltd,Agrawal Securities (PVT) Ltd.,224,212.0,47488.0,2025-08-27T11:43:46.788285
2025-08-27,63434,2025082701001667,PRVU,Capital Hub P. Ltd,Kohinoor Investment & Securities Pvt. Ltd.,776,212.0,164512.0,2025-08-27T11:43:46.78863
2025-08-27,63187,2025082701001712,PRVU,Agrawal Securities (PVT) Ltd.,Kohinoor Investment & Securities Pvt. Ltd.,224,212.0,47488.0,2025-08-27T11:44:49.885227
2025-08-27,63186,2025082701001713,PRVU,Agrawal Securities (PVT) Ltd.,Online Securities Pvt. Ltd.,275,212.0,58300.0,2025-08-27T11:44:49.885544
2025-08-27,63146,2025082701001719,PRVU,Sumeru Securities Pvt. Ltd.,Swarna Laxmi Securities Pvt. Ltd.,2,207.8,415.6,2025-08-27T11:45:06.805887
2025-08-27,63026,2025082701001740,PRVU,Naasa Securities Co. Ltd.,Siprabi Securities Pvt. Ltd.,209,211.2,44140.8,2025-08-27T11:45:31.2957
2025-08-27,62512,2025082701001825,PRVU,Imperial Securities Company Pvt. Ltd.,Nepal Investment And Securities Trading Private Limited,60,211.3,12678.0,2025-08-27T11:47:41.128738
2025-08-27,62511,2025082701001826,PRVU,Naasa Securities Co. Ltd.,Nepal Investment And Securities Trading Private Limited,791,211.2,167059.2,2025-08-27T11:47:41.128949
2025-08-27,62510,2025082701001827,PRVU,Nepal Stock House (PVT) Ltd.,Nepal Investment And Securities Trading Private Limited,105,211.2,22176.0,2025-08-27T11:47:41.129041
2025-08-27,62509,2025082701001828,PRVU,Midas Stock Broking Company Private Limited,Nepal Investment And Securities Trading Private Limited,880,211.1,185768.0,2025-08-27T11:47:41.129119
2025-08-27,62508,2025082701001829,PRVU,SUN SECURITIES PVT LTD,Nepal Investment And Securities Trading Private Limited,1364,211.0,287804.0,2025-08-27T11:47:41.129195
2025-08-27,62446,2025082701001837,PRVU,Nepal Investment And Securities Trading Private Limited,Aryatara Investment & Securities,32,211.5,6768.0,2025-08-27T11:47:58.238588
2025-08-27,62404,2025082701001845,PRVU,Nepal Investment And Securities Trading Private Limited,Sundhara Securities Limited,17,211.5,3595.5,2025-08-27T11:48:13.009944
2025-08-27,62262,2025082701001856,PRVU,Naasa Securities Co. Ltd.,Nepal Investment And Securities Trading Private Limited,10,212.0,2120.0,2025-08-27T11:48:45.585133
2025-08-27,62025,2025082701001912,PRVU,Sani Securities Company Ltd.,Dipshikha Dhitopatra Karobar Co. Pvt Ltd.,5,210.9,1054.5,2025-08-27T11:49:38.092017
2025-08-27,62021,2025082701001913,PRVU,Naasa Securities Co. Ltd.,Thrive Brokerage House Pvt. Ltd,10,212.8,2128.0,2025-08-27T11:49:38.986276
2025-08-27,61876,2025082701001943,PRVU,Agrawal Securities (PVT) Ltd.,Dipshikha Dhitopatra Karobar Co. Pvt Ltd.,1,212.0,212.0,2025-08-27T11:50:19.452807
2025-08-27,61784,2025082701001959,PRVU,SUN SECURITIES PVT LTD,Kohinoor Investment & Securities Pvt. Ltd.,1000,211.0,211000.0,2025-08-27T11:50:38.212319
2025-08-27,61618,2025082701001983,PRVU,SUN SECURITIES PVT LTD,Neev Securities Pvt. Ltd.,11,211.0,2321.0,2025-08-27T11:51:21.420508
2025-08-27,60914,2025082701002100,PRVU,Machhapuchchhre Securities Limited,Siprabi Securities Pvt. Ltd.,10,212.7,2127.0,2025-08-27T11:53:58.103486
2025-08-27,59893,2025082701002269,PRVU,Kohinoor Investment & Securities Pvt. Ltd.,Vision Securities Pvt. Ltd,176,212.6,37417.6,2025-08-27T11:57:48.152769
2025-08-27,59892,2025082701002270,PRVU,Kohinoor Investment & Securities Pvt. Ltd.,Siprabi Securities Pvt. Ltd.,1314,212.7,279487.8,2025-08-27T11:57:48.152961
2025-08-27,58665,2025082701002533,PRVU,Kohinoor Investment & Securities Pvt. Ltd.,Capital Hub P. Ltd,1000,212.6,212600.0,2025-08-27T12:01:54.295661
2025-08-27,57659,2025082701002741,PRVU,Kohinoor Investment & Securities Pvt. Ltd.,SUN SECURITIES PVT LTD,200,212.6,42520.0,2025-08-27T12:05:34.431629
2025-08-27,57020,2025082701002846,PRVU,Sundhara Securities Limited,South Asian Bulls Pvt. Ltd.,32,212.0,6784.0,2025-08-27T12:07:45.763329
2025-08-27,57003,2025082701002848,PRVU,Bhrikuti Stock Broking Co. Pvt. Ltd.,Siprabi Securities Pvt. Ltd.,30,212.6,6378.0,2025-08-27T12:07:50.055954
2025-08-27,56553,2025082701002952,PRVU,Kohinoor Investment & Securities Pvt. Ltd.,Linch Stock Market Ltd.,19,212.5,4037.5,2025-08-27T12:09:33.276116
2025-08-27,56452,2025082701002962,PRVU,Kohinoor Investment & Securities Pvt. Ltd.,Siprabi Securities Pvt. Ltd.,100,212.5,21250.0,2025-08-27T12:09:53.901787
2025-08-27,56260,2025082701003017,PRVU,Kohinoor Investment & Securities Pvt. Ltd.,Dakshinkali Investment & Securities Pvt. Ltd.,200,212.5,42500.0,2025-08-27T12:10:34.278935
2025-08-27,56145,2025082701003025,PRVU,Kohinoor Investment & Securities Pvt. Ltd.,Opal Securities Investment (PVT) Ltd.,89,212.5,18912.5,2025-08-27T12:11:04.336092
2025-08-27,55613,2025082701003125,PRVU,Kohinoor Investment & Securities Pvt. Ltd.,Siprabi Securities Pvt. Ltd.,22,212.5,4675.0,2025-08-27T12:13:15.741792
2025-08-27,55526,2025082701003143,PRVU,Naasa Securities Co. Ltd.,Siprabi Securities Pvt. Ltd.,176,212.2,37347.2,2025-08-27T12:13:38.912334
2025-08-27,55455,2025082701003151,PRVU,Naasa Securities Co. Ltd.,Siprabi Securities Pvt. Ltd.,228,212.2,48381.6,2025-08-27T12:14:01.05307
2025-08-27,55208,2025082701003207,PRVU,Creative Securities Pvt Ltd,Dakshinkali Investment & Securities Pvt. Ltd.,250,212.4,53100.0,2025-08-27T12:15:15.636371
2025-08-27,54907,2025082701003284,PRVU,Creative Securities Pvt Ltd,Siprabi Securities Pvt. Ltd.,100,212.4,21240.0,2025-08-27T12:16:42.555349
2025-08-27,52826,2025082701003716,PRVU,Naasa Securities Co. Ltd.,ABC Securities Private Limited,96,212.2,20371.2,2025-08-27T12:26:34.097127
2025-08-27,52825,2025082701003717,PRVU,Sundhara Securities Limited,ABC Securities Private Limited,368,212.0,78016.0,2025-08-27T12:26:34.097636
2025-08-27,52824,2025082701003718,PRVU,Online Securities Pvt. Ltd.,ABC Securities Private Limited,899,212.0,190588.0,2025-08-27T12:26:34.098091
2025-08-27,52127,2025082701003858,PRVU,Naasa Securities Co. Ltd.,K.B.L. Securities Limited ,100,212.5,21250.0,2025-08-27T12:29:26.870474
2025-08-27,52126,2025082701003859,PRVU,Naasa Securities Co. Ltd.,Naasa Securities Co. Ltd.,60,212.5,12750.0,2025-08-27T12:29:26.870729
2025-08-27,52125,2025082701003860,PRVU,Naasa Securities Co. Ltd.,Naasa Securities Co. Ltd.,179,212.5,38037.5,2025-08-27T12:29:26.870835
2025-08-27,52031,2025082701003884,PRVU,Himalayan Securities Limited,Siprabi Securities Pvt. Ltd.,50,212.6,10630.0,2025-08-27T12:29:49.118629
2025-08-27,51426,2025082701004028,PRVU,Sumeru Securities Pvt. Ltd.,Siprabi Securities Pvt. Ltd.,20,212.6,4252.0,2025-08-27T12:31:40.906146
2025-08-27,51425,2025082701004029,PRVU,Sumeru Securities Pvt. Ltd.,Thrive Brokerage House Pvt. Ltd,20,212.8,4256.0,2025-08-27T12:31:40.906372
2025-08-27,51143,2025082701004117,PRVU,Naasa Securities Co. Ltd.,Thrive Brokerage House Pvt. Ltd,70,212.8,14896.0,2025-08-27T12:32:27.133743
2025-08-27,51142,2025082701004118,PRVU,Naasa Securities Co. Ltd.,Thrive Brokerage House Pvt. Ltd,30,212.8,6384.0,2025-08-27T12:32:27.134037
2025-08-27,51095,2025082701004124,PRVU,Naasa Securities Co. Ltd.,Vision Securities Pvt. Ltd,131,212.5,27837.5,2025-08-27T12:32:39.427922
2025-08-27,51002,2025082701004141,PRVU,Online Securities Pvt. Ltd.,Imperial Securities Company Pvt. Ltd.,101,212.0,21412.0,2025-08-27T12:33:03.003903
2025-08-27,51001,2025082701004142,PRVU,Nabil Stock Dealer Ltd.,Imperial Securities Company Pvt. Ltd.,48,212.0,10176.0,2025-08-27T12:33:03.004172
2025-08-27,51000,2025082701004143,PRVU,J.F. Securites (PVT) Ltd.,Imperial Securities Company Pvt. Ltd.,374,212.0,79288.0,2025-08-27T12:33:03.00428
2025-08-27,50656,2025082701004189,PRVU,Kohinoor Investment & Securities Pvt. Ltd.,Vision Securities Pvt. Ltd,200,212.5,42500.0,2025-08-27T12:34:14.308952
2025-08-27,49920,2025082701004291,PRVU,Online Securities Pvt. Ltd.,Vision Securities Pvt. Ltd,100,212.5,21250.0,2025-08-27T12:36:18.874137
2025-08-27,49761,2025082701004322,PRVU,Vision Securities Pvt. Ltd,Vision Securities Pvt. Ltd,50,212.5,10625.0,2025-08-27T12:36:53.444373
2025-08-27,49590,2025082701004372,PRVU,Trishakti Securities Public Limited,Vision Securities Pvt. Ltd,500,212.5,106250.0,2025-08-27T12:37:18.102351
2025-08-27,48875,2025082701004545,PRVU,Creative Securities Pvt Ltd,Vision Securities Pvt. Ltd,128,212.5,27200.0,2025-08-27T12:39:55.468921
2025-08-27,48874,2025082701004546,PRVU,Creative Securities Pvt Ltd,Sundhara Securities Limited,100,212.5,21250.0,2025-08-27T12:39:55.469215
2025-08-27,48873,2025082701004547,PRVU,Creative Securities Pvt Ltd,Thrive Brokerage House Pvt. Ltd,70,212.8,14896.0,2025-08-27T12:39:55.469329
2025-08-27,48872,2025082701004548,PRVU,Creative Securities Pvt Ltd,Dipshikha Dhitopatra Karobar Co. Pvt Ltd.,100,212.9,21290.0,2025-08-27T12:39:55.469442
2025-08-27,48871,2025082701004549,PRVU,Creative Securities Pvt Ltd,Sri Hari Securities Pvt. Ltd.,20,212.9,4258.0,2025-08-27T12:39:55.469548
2025-08-27,48870,2025082701004550,PRVU,Creative Securities Pvt Ltd,ABC Securities Private Limited,100,212.9,21290.0,2025-08-27T12:39:55.469654
2025-08-27,48869,2025082701004551,PRVU,Creative Securities Pvt Ltd,Bhrikuti Stock Broking Co. Pvt. Ltd.,600,213.0,127800.0,2025-08-27T12:39:55.469762
2025-08-27,48868,2025082701004552,PRVU,Creative Securities Pvt Ltd,Premier Securities Company Ltd.,150,213.0,31950.0,2025-08-27T12:39:55.46989
2025-08-27,48867,2025082701004553,PRVU,Creative Securities Pvt Ltd,Sagarmatha Securities Private Limited,1000,213.0,213000.0,2025-08-27T12:39:55.469996
2025-08-27,48866,2025082701004554,PRVU,Creative Securities Pvt Ltd,Asian Securities Private Ltd.,95,213.0,20235.0,2025-08-27T12:39:55.470119
2025-08-27,48865,2025082701004555,PRVU,Creative Securities Pvt Ltd,Oxford Securities Pvt. Ltd.,10,213.0,2130.0,2025-08-27T12:39:55.470222
2025-08-27,48864,2025082701004556,PRVU,Creative Securities Pvt Ltd,Secured Securities Ltd.,627,213.0,133551.0,2025-08-27T12:39:55.47033
2025-08-27,48300,2025082701004686,PRVU,Online Securities Pvt. Ltd.,ABC Securities Private Limited,100,212.5,21250.0,2025-08-27T12:41:21.45975
2025-08-27,48248,2025082701004699,PRVU,Oxford Securities Pvt. Ltd.,ABC Securities Private Limited,100,212.5,21250.0,2025-08-27T12:41:35.739898
2025-08-27,48246,2025082701004700,PRVU,Oxford Securities Pvt. Ltd.,Secured Securities Ltd.,373,213.0,79449.0,2025-08-27T12:41:35.740528
2025-08-27,48245,2025082701004701,PRVU,Oxford Securities Pvt. Ltd.,Deevyaa Securities & Stock House Pvt. Ltd,50,213.0,10650.0,2025-08-27T12:41:35.740935
2025-08-27,48244,2025082701004702,PRVU,Oxford Securities Pvt. Ltd.,Sundhara Securities Limited,125,213.0,26625.0,2025-08-27T12:41:35.741319
2025-08-27,48242,2025082701004703,PRVU,Oxford Securities Pvt. Ltd.,K.B.L. Securities Limited ,100,213.0,21300.0,2025-08-27T12:41:35.741704
2025-08-27,48241,2025082701004704,PRVU,Oxford Securities Pvt. Ltd.,N.I.M.B. Stock Markets Limited,252,213.0,53676.0,2025-08-27T12:41:35.74208
2025-08-27,48239,2025082701004705,PRVU,Oxford Securities Pvt. Ltd.,Sagarmatha Securities Private Limited,460,213.0,97980.0,2025-08-27T12:41:35.742488
2025-08-27,48238,2025082701004706,PRVU,Oxford Securities Pvt. Ltd.,Naasa Securities Co. Ltd.,62,213.0,13206.0,2025-08-27T12:41:35.742865
2025-08-27,48237,2025082701004707,PRVU,Oxford Securities Pvt. Ltd.,Siprabi Securities Pvt. Ltd.,153,213.0,32589.0,2025-08-27T12:41:35.74323
2025-08-27,48236,2025082701004708,PRVU,Oxford Securities Pvt. Ltd.,Dynamic Money Managers Securities Pvt. Ltd.,500,213.0,106500.0,2025-08-27T12:41:35.743563
2025-08-27,48110,2025082701004737,PRVU,Oxford Securities Pvt. Ltd.,Thrive Brokerage House Pvt. Ltd,500,213.0,106500.0,2025-08-27T12:41:58.846334
2025-08-27,47407,2025082701004835,PRVU,Naasa Securities Co. Ltd.,Vision Securities Pvt. Ltd,10,213.5,2135.0,2025-08-27T12:44:01.438177
2025-08-27,46557,2025082701004975,PRVU,Oxford Securities Pvt. Ltd.,Linch Stock Market Ltd.,50,213.0,10650.0,2025-08-27T12:47:02.994822
2025-08-27,46320,2025082701005008,PRVU,Nepal Investment And Securities Trading Private Limited,Sani Securities Company Ltd.,500,213.1,106550.0,2025-08-27T12:47:49.081427
2025-08-27,46319,2025082701005009,PRVU,Sweta Securities Private Limited,Sani Securities Company Ltd.,500,213.1,106550.0,2025-08-27T12:47:49.081966
2025-08-27,46318,2025082701005010,PRVU,Oxford Securities Pvt. Ltd.,Sani Securities Company Ltd.,2275,213.0,484575.0,2025-08-27T12:47:49.082403
2025-08-27,46317,2025082701005011,PRVU,Cristal Kanchanjanga Securites Pvt. Ltd.,Sani Securities Company Ltd.,1100,213.0,234300.0,2025-08-27T12:47:49.082761
2025-08-27,46316,2025082701005012,PRVU,Agrawal Securities (PVT) Ltd.,Sani Securities Company Ltd.,1000,213.0,213000.0,2025-08-27T12:47:49.083135
2025-08-27,46315,2025082701005013,PRVU,Imperial Securities Company Pvt. Ltd.,Sani Securities Company Ltd.,147,213.0,31311.0,2025-08-27T12:47:49.083447
2025-08-27,46314,2025082701005014,PRVU,Premier Securities Company Ltd.,Sani Securities Company Ltd.,878,213.0,187014.0,2025-08-27T12:47:49.083837
2025-08-27,45964,2025082701005099,PRVU,Machhapuchchhre Securities Limited,Vision Securities Pvt. Ltd,10,213.8,2138.0,2025-08-27T12:49:19.449329
2025-08-27,45891,2025082701005112,PRVU,Dakshinkali Investment & Securities Pvt. Ltd.,Vision Securities Pvt. Ltd,200,213.8,42760.0,2025-08-27T12:49:35.477564
2025-08-27,45175,2025082701005243,PRVU,Sani Securities Company Ltd.,Malla & Malla Stock Broking Company Pvt. Limited,15,213.6,3204.0,2025-08-27T12:52:40.898785
2025-08-27,45174,2025082701005244,PRVU,Sani Securities Company Ltd.,Kohinoor Investment & Securities Pvt. Ltd.,29,213.7,6197.3,2025-08-27T12:52:40.899342
2025-08-27,43671,2025082701005557,PRVU,Sri Hari Securities Pvt. Ltd.,Vision Securities Pvt. Ltd,164,213.8,35063.2,2025-08-27T12:59:03.595222
2025-08-27,43257,2025082701005646,PRVU,Naasa Securities Co. Ltd.,Vision Securities Pvt. Ltd,77,213.8,16462.6,2025-08-27T13:00:24.932699
2025-08-27,43256,2025082701005647,PRVU,Naasa Securities Co. Ltd.,Kalika Securities Pvt. Ltd.,323,213.8,69057.4,2025-08-27T13:00:24.932964
2025-08-27,43254,2025082701005648,PRVU,Malla & Malla Stock Broking Company Pvt. Limited,Kalika Securities Pvt. Ltd.,177,213.8,37842.6,2025-08-27T13:00:26.337255
2025-08-27,43173,2025082701005656,PRVU,Malla & Malla Stock Broking Company Pvt. Limited,Kohinoor Investment & Securities Pvt. Ltd.,1800,213.8,384840.0,2025-08-27T13:00:44.149978
2025-08-27,43095,2025082701005670,PRVU,Malla & Malla Stock Broking Company Pvt. Limited,Sani Securities Company Ltd.,23,213.8,4917.4,2025-08-27T13:01:05.782425
2025-08-27,43094,2025082701005671,PRVU,Nepal Stock House (PVT) Ltd.,Sani Securities Company Ltd.,417,213.8,89154.6,2025-08-27T13:01:05.782717
2025-08-27,42897,2025082701005700,PRVU,Imperial Securities Company Pvt. Ltd.,Sewa Securities Pvt. Ltd.,10,213.8,2138.0,2025-08-27T13:01:48.196806
2025-08-27,42802,2025082701005719,PRVU,Dakshinkali Investment & Securities Pvt. Ltd.,Sewa Securities Pvt. Ltd.,300,213.7,64110.0,2025-08-27T13:02:11.325764
2025-08-27,42801,2025082701005720,PRVU,Asian Securities Private Ltd.,Sewa Securities Pvt. Ltd.,300,213.7,64110.0,2025-08-27T13:02:11.326043
2025-08-27,42708,2025082701005748,PRVU,Dipshikha Dhitopatra Karobar Co. Pvt Ltd.,Nagarik Stock Dealer ,10,213.5,2135.0,2025-08-27T13:02:30.91087
2025-08-27,42707,2025082701005749,PRVU,Nepal Stock House (PVT) Ltd.,Nagarik Stock Dealer ,90,213.1,19179.0,2025-08-27T13:02:30.911164
2025-08-27,41949,2025082701005893,PRVU,Deevyaa Securities & Stock House Pvt. Ltd,Secured Securities Ltd.,20,213.5,4270.0,2025-08-27T13:05:27.3874
2025-08-27,41347,2025082701006028,PRVU,Sani Securities Company Ltd.,Sewa Securities Pvt. Ltd.,390,213.8,83382.0,2025-08-27T13:07:40.157762
2025-08-27,41346,2025082701006029,PRVU,Sani Securities Company Ltd.,Asian Securities Private Ltd.,100,213.8,21380.0,2025-08-27T13:07:40.158337
2025-08-27,41218,2025082701006039,PRVU,Sani Securities Company Ltd.,Sani Securities Company Ltd.,1210,213.8,258698.0,2025-08-27T13:08:11.443622
2025-08-27,40050,2025082701006307,PRVU,Thrive Brokerage House Pvt. Ltd,Secured Securities Ltd.,30,213.5,6405.0,2025-08-27T13:12:36.496249
2025-08-27,39735,2025082701006350,PRVU,Thrive Brokerage House Pvt. Ltd,Vision Securities Pvt. Ltd,59,213.5,12596.5,2025-08-27T13:13:37.807535
2025-08-27,39449,2025082701006407,PRVU,Thrive Brokerage House Pvt. Ltd,Trishakti Securities Public Limited,11,213.5,2348.5,2025-08-27T13:14:47.01809
2025-08-27,39448,2025082701006408,PRVU,Sundhara Securities Limited,Trishakti Securities Public Limited,489,213.4,104352.6,2025-08-27T13:14:47.018378
2025-08-27,39396,2025082701006420,PRVU,Sundhara Securities Limited,Kohinoor Investment & Securities Pvt. Ltd.,211,213.4,45027.4,2025-08-27T13:14:59.353388
2025-08-27,39395,2025082701006421,PRVU,Online Securities Pvt. Ltd.,Kohinoor Investment & Securities Pvt. Ltd.,789,213.3,168293.7,2025-08-27T13:14:59.353499
2025-08-27,39247,2025082701006460,PRVU,R.B.B. Securities Company Ltd,Trisul Securities & Invt. Ltd.,100,213.9,21390.0,2025-08-27T13:15:25.170696
2025-08-27,39246,2025082701006461,PRVU,R.B.B. Securities Company Ltd,Secured Securities Ltd.,500,213.9,106950.0,2025-08-27T13:15:25.170796
2025-08-27,39071,2025082701006485,PRVU,Oxford Securities Pvt. Ltd.,ABC Securities Private Limited,2,210.0,420.0,2025-08-27T13:16:06.951045
2025-08-27,38240,2025082701006616,PRVU,Cristal Kanchanjanga Securites Pvt. Ltd.,Investment Management Nepal Pvt. Ltd.,73,213.8,15607.4,2025-08-27T13:19:44.083905
2025-08-27,37779,2025082701006728,PRVU,Linch Stock Market Ltd.,Investment Management Nepal Pvt. Ltd.,100,213.8,21380.0,2025-08-27T13:21:32.539017
2025-08-27,37326,2025082701006829,PRVU,Malla & Malla Stock Broking Company Pvt. Limited,Investment Management Nepal Pvt. Ltd.,100,213.8,21380.0,2025-08-27T13:23:11.15428
2025-08-27,37079,2025082701006859,PRVU,Online Securities Pvt. Ltd.,Trishakti Securities Public Limited,62,213.3,13224.6,2025-08-27T13:24:22.9154
2025-08-27,37051,2025082701006862,PRVU,Online Securities Pvt. Ltd.,Sweta Securities Private Limited,555,213.3,118381.5,2025-08-27T13:24:29.307197
2025-08-27,36999,2025082701006868,PRVU,Opal Securities Investment (PVT) Ltd.,Investment Management Nepal Pvt. Ltd.,500,213.8,106900.0,2025-08-27T13:24:38.496416
2025-08-27,36643,2025082701006936,PRVU,Online Securities Pvt. Ltd.,South Asian Bulls Pvt. Ltd.,10,213.3,2133.0,2025-08-27T13:25:54.519661
2025-08-27,36504,2025082701006962,PRVU,Online Securities Pvt. Ltd.,Sani Securities Company Ltd.,84,213.3,17917.2,2025-08-27T13:26:22.561364
2025-08-27,36503,2025082701006963,PRVU,Premier Securities Company Ltd.,Sani Securities Company Ltd.,40,213.3,8532.0,2025-08-27T13:26:22.561659
2025-08-27,36502,2025082701006964,PRVU,Sundhara Securities Limited,Sani Securities Company Ltd.,996,213.3,212446.8,2025-08-27T13:26:22.561789
2025-08-27,36190,2025082701007041,PRVU,J.F. Securites (PVT) Ltd.,Imperial Securities Company Pvt. Ltd.,2,209.5,419.0,2025-08-27T13:27:29.507686
2025-08-27,36092,2025082701007058,PRVU,J.F. Securites (PVT) Ltd.,Sweta Securities Private Limited,4,209.6,838.4,2025-08-27T13:27:50.61038
2025-08-27,36019,2025082701007073,PRVU,Secured Securities Ltd.,Siprabi Securities Pvt. Ltd.,100,213.6,21360.0,2025-08-27T13:28:08.833494
2025-08-27,36018,2025082701007074,PRVU,Secured Securities Ltd.,Ashutosh Brokerage & Securities (PVT) Ltd.,194,213.7,41457.8,2025-08-27T13:28:08.833803
2025-08-27,35557,2025082701007188,PRVU,Sharepro Securities Private Limited,Dakshinkali Investment & Securities Pvt. Ltd.,46,213.5,9821.0,2025-08-27T13:29:49.335357
2025-08-27,35313,2025082701007219,PRVU,Sharepro Securities Private Limited,Dakshinkali Investment & Securities Pvt. Ltd.,46,213.5,9821.0,2025-08-27T13:30:41.641309
2025-08-27,34899,2025082701007280,PRVU,Sundhara Securities Limited,Investment Management Nepal Pvt. Ltd.,14,213.3,2986.2,2025-08-27T13:31:39.162521
2025-08-27,34874,2025082701007288,PRVU,Sani Securities Company Ltd.,Investment Management Nepal Pvt. Ltd.,70,213.2,14924.0,2025-08-27T13:31:45.440348
2025-08-27,34717,2025082701007310,PRVU,Dipshikha Dhitopatra Karobar Co. Pvt Ltd.,Investment Management Nepal Pvt. Ltd.,643,213.1,137023.3,2025-08-27T13:32:14.48518
2025-08-27,34598,2025082701007326,PRVU,Dipshikha Dhitopatra Karobar Co. Pvt Ltd.,Sani Securities Company Ltd.,357,213.1,76076.7,2025-08-27T13:32:38.020941
2025-08-27,34597,2025082701007327,PRVU,Nepal Investment And Securities Trading Private Limited,Sani Securities Company Ltd.,500,213.1,106550.0,2025-08-27T13:32:38.021268
2025-08-27,34596,2025082701007328,PRVU,Premier Securities Company Ltd.,Sani Securities Company Ltd.,22,213.0,4686.0,2025-08-27T13:32:38.021451
2025-08-27,34595,2025082701007329,PRVU,Vision Securities Pvt. Ltd,Sani Securities Company Ltd.,500,213.0,106500.0,2025-08-27T13:32:38.021581
2025-08-27,34594,2025082701007330,PRVU,Sani Securities Company Ltd.,Sani Securities Company Ltd.,500,213.0,106500.0,2025-08-27T13:32:38.02171
2025-08-27,34593,2025082701007331,PRVU,Sri Hari Securities Pvt. Ltd.,Sani Securities Company Ltd.,464,213.0,98832.0,2025-08-27T13:32:38.021873
2025-08-27,34592,2025082701007332,PRVU,Naasa Securities Co. Ltd.,Sani Securities Company Ltd.,57,213.0,12141.0,2025-08-27T13:32:38.022
2025-08-27,34467,2025082701007343,PRVU,R.B.B. Securities Company Ltd,Dakshinkali Investment & Securities Pvt. Ltd.,146,213.5,31171.0,2025-08-27T13:32:57.757898
2025-08-27,34466,2025082701007344,PRVU,R.B.B. Securities Company Ltd,Ashutosh Brokerage & Securities (PVT) Ltd.,96,213.7,20515.2,2025-08-27T13:32:57.757936
2025-08-27,34465,2025082701007345,PRVU,R.B.B. Securities Company Ltd,Trishakti Securities Public Limited,10,213.7,2137.0,2025-08-27T13:32:57.75796
2025-08-27,34464,2025082701007346,PRVU,R.B.B. Securities Company Ltd,Midas Stock Broking Company Private Limited,1251,213.8,267463.8,2025-08-27T13:32:57.757985
2025-08-27,34264,2025082701007398,PRVU,Naasa Securities Co. Ltd.,Naasa Securities Co. Ltd.,48,213.0,10224.0,2025-08-27T13:33:49.488576
2025-08-27,33660,2025082701007484,PRVU,Online Securities Pvt. Ltd.,Machhapuchchhre Securities Limited,90,212.5,19125.0,2025-08-27T13:35:52.853338
2025-08-27,33016,2025082701007568,PRVU,Machhapuchchhre Securities Limited,Naasa Securities Co. Ltd.,10,213.0,2130.0,2025-08-27T13:38:30.670194
2025-08-27,32929,2025082701007579,PRVU,Secured Securities Ltd.,Naasa Securities Co. Ltd.,46,213.0,9798.0,2025-08-27T13:38:47.788453
2025-08-27,32928,2025082701007580,PRVU,Secured Securities Ltd.,South Asian Bulls Pvt. Ltd.,14,213.0,2982.0,2025-08-27T13:38:47.789016
2025-08-27,31846,2025082701007794,PRVU,Nepal Stock House (PVT) Ltd.,South Asian Bulls Pvt. Ltd.,86,213.0,18318.0,2025-08-27T13:43:59.249352
2025-08-27,31845,2025082701007795,PRVU,Nepal Stock House (PVT) Ltd.,Opal Securities Investment (PVT) Ltd.,28,213.0,5964.0,2025-08-27T13:43:59.249688
2025-08-27,31805,2025082701007801,PRVU,Machhapuchchhre Securities Limited,Online Securities Pvt. Ltd.,10,213.6,2136.0,2025-08-27T13:44:13.529515
2025-08-27,31664,2025082701007821,PRVU,Aryatara Investment & Securities,Online Securities Pvt. Ltd.,10,213.6,2136.0,2025-08-27T13:44:58.887365
2025-08-27,31596,2025082701007828,PRVU,Nepal Stock House (PVT) Ltd.,Capital Hub P. Ltd,186,213.0,39618.0,2025-08-27T13:45:22.478426
2025-08-27,31595,2025082701007829,PRVU,Imperial Securities Company Pvt. Ltd.,Capital Hub P. Ltd,50,213.0,10650.0,2025-08-27T13:45:22.479008
2025-08-27,31504,2025082701007832,PRVU,Agrawal Securities (PVT) Ltd.,Capital Hub P. Ltd,250,213.0,53250.0,2025-08-27T13:45:54.681477
2025-08-27,31496,2025082701007834,PRVU,Sani Securities Company Ltd.,Capital Hub P. Ltd,14,213.0,2982.0,2025-08-27T13:45:58.138458
2025-08-27,31437,2025082701007845,PRVU,Sani Securities Company Ltd.,Sani Securities Company Ltd.,880,213.0,187440.0,2025-08-27T13:46:27.471674
2025-08-27,31130,2025082701007897,PRVU,Imperial Securities Company Pvt. Ltd.,Dipshikha Dhitopatra Karobar Co. Pvt Ltd.,200,212.9,42580.0,2025-08-27T13:48:24.418751
2025-08-27,30671,2025082701007992,PRVU,Sani Securities Company Ltd.,Kumari Securities Private Limited,1000,213.0,213000.0,2025-08-27T13:50:39.487329
2025-08-27,29552,2025082701008168,PRVU,Sani Securities Company Ltd.,Thrive Brokerage House Pvt. Ltd,50,213.0,10650.0,2025-08-27T13:55:34.653501
2025-08-27,29551,2025082701008169,PRVU,Sani Securities Company Ltd.,Asian Securities Private Ltd.,333,213.0,70929.0,2025-08-27T13:55:34.653844
2025-08-27,29532,2025082701008171,PRVU,Sani Securities Company Ltd.,Pragyan Securities (PVT) Ltd.,32,213.0,6816.0,2025-08-27T13:55:39.61673
2025-08-27,28771,2025082701008243,PRVU,Sani Securities Company Ltd.,J.F. Securites (PVT) Ltd.,55,213.0,11715.0,2025-08-27T13:58:18.130974
2025-08-27,28449,2025082701008296,PRVU,Market Securities & Exchange (PVT) Ltd.,Siprabi Securities Pvt. Ltd.,1000,213.0,213000.0,2025-08-27T13:59:44.853958
2025-08-27,28421,2025082701008298,PRVU,Naasa Securities Co. Ltd.,Online Securities Pvt. Ltd.,155,213.4,33077.0,2025-08-27T13:59:53.552129
2025-08-27,28231,2025082701008342,PRVU,Naasa Securities Co. Ltd.,Online Securities Pvt. Ltd.,10,213.4,2134.0,2025-08-27T14:00:39.453243
2025-08-27,27649,2025082701008402,PRVU,Aryatara Investment & Securities,Online Securities Pvt. Ltd.,50,213.4,10670.0,2025-08-27T14:02:36.495495
2025-08-27,27609,2025082701008405,PRVU,Market Securities & Exchange (PVT) Ltd.,Naasa Securities Co. Ltd.,20,213.0,4260.0,2025-08-27T14:02:44.830756
2025-08-27,26606,2025082701008512,PRVU,Market Securities & Exchange (PVT) Ltd.,Sani Securities Company Ltd.,530,213.0,112890.0,2025-08-27T14:05:26.867956
2025-08-27,26605,2025082701008513,PRVU,Sani Securities Company Ltd.,Sani Securities Company Ltd.,150,213.0,31950.0,2025-08-27T14:05:26.868292
2025-08-27,26604,2025082701008514,PRVU,Dipshikha Dhitopatra Karobar Co. Pvt Ltd.,Sani Securities Company Ltd.,87,213.0,18531.0,2025-08-27T14:05:26.868472
2025-08-27,26265,2025082701008573,PRVU,Dipshikha Dhitopatra Karobar Co. Pvt Ltd.,Kumari Securities Private Limited,420,213.0,89460.0,2025-08-27T14:06:29.08241
2025-08-27,25371,2025082701008702,PRVU,Primo Securities (PVT) Ltd.,Kumari Securities Private Limited,100,213.0,21300.0,2025-08-27T14:09:06.503631
2025-08-27,25251,2025082701008728,PRVU,Aryatara Investment & Securities,Kumari Securities Private Limited,892,213.0,189996.0,2025-08-27T14:09:30.23821
2025-08-27,25246,2025082701008729,PRVU,Aryatara Investment & Securities,ABC Securities Private Limited,108,213.0,23004.0,2025-08-27T14:09:30.973606
2025-08-27,25245,2025082701008730,PRVU,Sani Securities Company Ltd.,ABC Securities Private Limited,34,212.9,7238.6,2025-08-27T14:09:30.973931
2025-08-27,25244,2025082701008731,PRVU,Oxford Securities Pvt. Ltd.,ABC Securities Private Limited,49,212.6,10417.4,2025-08-27T14:09:30.974076
2025-08-27,25243,2025082701008732,PRVU,Vision Securities Pvt. Ltd,ABC Securities Private Limited,45,212.6,9567.0,2025-08-27T14:09:30.974237
2025-08-27,23968,2025082701008909,PRVU,Thrive Brokerage House Pvt. Ltd,Online Securities Pvt. Ltd.,1,210.2,210.2,2025-08-27T14:12:53.667517
2025-08-27,23692,2025082701008939,PRVU,Vision Securities Pvt. Ltd,Naasa Securities Co. Ltd.,10,212.6,2126.0,2025-08-27T14:13:46.72897
2025-08-27,23691,2025082701008940,PRVU,Nepal Investment And Securities Trading Private Limited,Naasa Securities Co. Ltd.,133,212.6,28275.8,2025-08-27T14:13:46.729353
2025-08-27,23526,2025082701008958,PRVU,Sani Securities Company Ltd.,Online Securities Pvt. Ltd.,10,213.1,2131.0,2025-08-27T14:14:15.094749
2025-08-27,22885,2025082701009082,PRVU,Sani Securities Company Ltd.,Online Securities Pvt. Ltd.,10,213.1,2131.0,2025-08-27T14:16:15.91437
2025-08-27,22792,2025082701009097,PRVU,Kohinoor Investment & Securities Pvt. Ltd.,Online Securities Pvt. Ltd.,245,213.1,52209.5,2025-08-27T14:16:43.677802
2025-08-27,22791,2025082701009098,PRVU,Kohinoor Investment & Securities Pvt. Ltd.,Thrive Brokerage House Pvt. Ltd,100,213.1,21310.0,2025-08-27T14:16:43.678401
2025-08-27,22290,2025082701009172,PRVU,Nepal Investment And Securities Trading Private Limited,Siprabi Securities Pvt. Ltd.,15,213.0,3195.0,2025-08-27T14:18:07.547971
2025-08-27,21959,2025082701009236,PRVU,Nepal Investment And Securities Trading Private Limited,Dakshinkali Investment & Securities Pvt. Ltd.,200,213.0,42600.0,2025-08-27T14:19:03.622301
2025-08-27,21926,2025082701009242,PRVU,Vision Securities Pvt. Ltd,Imperial Securities Company Pvt. Ltd.,200,213.2,42640.0,2025-08-27T14:19:09.712413
2025-08-27,21897,2025082701009244,PRVU,Thrive Brokerage House Pvt. Ltd,Midas Stock Broking Company Private Limited,3,210.5,631.5,2025-08-27T14:19:13.572138
2025-08-27,21274,2025082701009338,PRVU,Sani Securities Company Ltd.,ABC Securities Private Limited,6,213.0,1278.0,2025-08-27T14:21:11.249589
2025-08-27,20965,2025082701009388,PRVU,Sumeru Securities Pvt. Ltd.,Asian Securities Private Ltd.,4,211.0,844.0,2025-08-27T14:22:06.451046
2025-08-27,20929,2025082701009395,PRVU,Sumeru Securities Pvt. Ltd.,Kohinoor Investment & Securities Pvt. Ltd.,1,211.0,211.0,2025-08-27T14:22:16.502104
2025-08-27,20916,2025082701009398,PRVU,J.F. Securites (PVT) Ltd.,Imperial Securities Company Pvt. Ltd.,80,213.2,17056.0,2025-08-27T14:22:17.865129
2025-08-27,20915,2025082701009399,PRVU,J.F. Securites (PVT) Ltd.,Thrive Brokerage House Pvt. Ltd,10,213.4,2134.0,2025-08-27T14:22:17.86578
2025-08-27,20815,2025082701009411,PRVU,Sumeru Securities Pvt. Ltd.,Agrawal Securities (PVT) Ltd.,6,211.5,1269.0,2025-08-27T14:22:36.581017
2025-08-27,20785,2025082701009420,PRVU,Vision Securities Pvt. Ltd,Vision Securities Pvt. Ltd,9,209.2,1882.8,2025-08-27T14:22:40.722892
2025-08-27,20708,2025082701009427,PRVU,Secured Securities Ltd.,Thrive Brokerage House Pvt. Ltd,90,213.4,19206.0,2025-08-27T14:22:53.108375
2025-08-27,20360,2025082701009492,PRVU,Secured Securities Ltd.,Midas Stock Broking Company Private Limited,168,213.5,35868.0,2025-08-27T14:23:43.514088
2025-08-27,20328,2025082701009506,PRVU,Secured Securities Ltd.,Creative Securities Pvt Ltd,20,213.5,4270.0,2025-08-27T14:23:48.565312
2025-08-27,20251,2025082701009525,PRVU,Sani Securities Company Ltd.,Cristal Kanchanjanga Securites Pvt. Ltd.,232,213.7,49578.4,2025-08-27T14:24:09.11033
2025-08-27,20080,2025082701009561,PRVU,Sumeru Securities Pvt. Ltd.,MILKY WAY SHARE BROKER COMPANY LTD ,4,211.0,844.0,2025-08-27T14:24:36.223832
2025-08-27,19805,2025082701009627,PRVU,Secured Securities Ltd.,Agrawal Securities (PVT) Ltd.,100,213.5,21350.0,2025-08-27T14:25:22.862147
2025-08-27,19706,2025082701009646,PRVU,Sumeru Securities Pvt. Ltd.,Kohinoor Investment & Securities Pvt. Ltd.,7,212.0,1484.0,2025-08-27T14:25:42.534362
2025-08-27,19453,2025082701009688,PRVU,Investment Management Nepal Pvt. Ltd.,Cristal Kanchanjanga Securites Pvt. Ltd.,225,213.7,48082.5,2025-08-27T14:26:34.704926
2025-08-27,18727,2025082701009805,PRVU,Secured Securities Ltd.,Sani Securities Company Ltd.,120,213.5,25620.0,2025-08-27T14:28:34.709215
2025-08-27,18396,2025082701009871,PRVU,Vision Securities Pvt. Ltd,Sani Securities Company Ltd.,14,213.1,2983.4,2025-08-27T14:29:39.546103
2025-08-27,18395,2025082701009872,PRVU,Nepal Investment And Securities Trading Private Limited,Sani Securities Company Ltd.,285,213.0,60705.0,2025-08-27T14:29:39.54643
2025-08-27,18394,2025082701009873,PRVU,Kumari Securities Private Limited,Sani Securities Company Ltd.,1800,213.0,383400.0,2025-08-27T14:29:39.54657
2025-08-27,18393,2025082701009874,PRVU,Kalika Securities Pvt. Ltd.,Sani Securities Company Ltd.,100,213.0,21300.0,2025-08-27T14:29:39.546707
2025-08-27,18392,2025082701009875,PRVU,Imperial Securities Company Pvt. Ltd.,Sani Securities Company Ltd.,159,213.0,33867.0,2025-08-27T14:29:39.546843
2025-08-27,18391,2025082701009876,PRVU,Midas Stock Broking Company Private Limited,Sani Securities Company Ltd.,30,213.0,6390.0,2025-08-27T14:29:39.546977
2025-08-27,18390,2025082701009877,PRVU,Online Securities Pvt. Ltd.,Sani Securities Company Ltd.,92,213.0,19596.0,2025-08-27T14:29:39.547118
2025-08-27,17912,2025082701009942,PRVU,Kohinoor Investment & Securities Pvt. Ltd.,Sani Securities Company Ltd.,500,213.0,106500.0,2025-08-27T14:31:02.759947
2025-08-27,17911,2025082701009943,PRVU,Aryatara Investment & Securities,Sani Securities Company Ltd.,1000,213.0,213000.0,2025-08-27T14:31:02.760586
2025-08-27,16798,2025082701010186,PRVU,Agrawal Securities (PVT) Ltd.,ABC Securities Private Limited,10,213.5,2135.0,2025-08-27T14:33:53.248932
2025-08-27,16606,2025082701010253,PRVU,Sharepro Securities Private Limited,Ashutosh Brokerage & Securities (PVT) Ltd.,10,213.3,2133.0,2025-08-27T14:34:26.490931
2025-08-27,16185,2025082701010305,PRVU,Kohinoor Investment & Securities Pvt. Ltd.,Ashutosh Brokerage & Securities (PVT) Ltd.,875,213.0,186375.0,2025-08-27T14:35:51.05592
2025-08-27,16028,2025082701010319,PRVU,Sani Securities Company Ltd.,Sundhara Securities Limited,12,213.2,2558.4,2025-08-27T14:36:15.044126
2025-08-27,15995,2025082701010321,PRVU,Sani Securities Company Ltd.,Sani Securities Company Ltd.,843,213.3,179811.9,2025-08-27T14:36:21.09743
2025-08-27,15994,2025082701010322,PRVU,Investment Management Nepal Pvt. Ltd.,Sani Securities Company Ltd.,1157,213.1,246556.7,2025-08-27T14:36:21.097876
2025-08-27,15378,2025082701010414,PRVU,Sumeru Securities Pvt. Ltd.,Trishakti Securities Public Limited,7,210.0,1470.0,2025-08-27T14:37:54.739369
2025-08-27,15177,2025082701010436,PRVU,Sumeru Securities Pvt. Ltd.,ABC Securities Private Limited,1,210.0,210.0,2025-08-27T14:38:28.915108
2025-08-27,14952,2025082701010465,PRVU,Investment Management Nepal Pvt. Ltd.,Imperial Securities Company Pvt. Ltd.,97,213.1,20670.7,2025-08-27T14:39:01.883551
2025-08-27,14755,2025082701010508,PRVU,Dynamic Money Managers Securities Pvt. Ltd.,Sundhara Securities Limited,50,213.4,10670.0,2025-08-27T14:39:33.511507
2025-08-27,14550,2025082701010536,PRVU,Creative Securities Pvt Ltd,Online Securities Pvt. Ltd.,500,213.2,106600.0,2025-08-27T14:39:52.978863
2025-08-27,14549,2025082701010537,PRVU,Trishakti Securities Public Limited,Online Securities Pvt. Ltd.,366,213.2,78031.2,2025-08-27T14:39:52.979223
2025-08-27,14486,2025082701010545,PRVU,Trishakti Securities Public Limited,Online Securities Pvt. Ltd.,934,213.2,199128.8,2025-08-27T14:40:03.123294
2025-08-27,14485,2025082701010546,PRVU,Investment Management Nepal Pvt. Ltd.,Online Securities Pvt. Ltd.,746,213.1,158972.6,2025-08-27T14:40:03.123657
2025-08-27,14484,2025082701010547,PRVU,Dynamic Money Managers Securities Pvt. Ltd.,Online Securities Pvt. Ltd.,320,213.1,68192.0,2025-08-27T14:40:03.123802
2025-08-27,14430,2025082701010553,PRVU,Dynamic Money Managers Securities Pvt. Ltd.,Online Securities Pvt. Ltd.,180,213.1,38358.0,2025-08-27T14:40:10.188315
2025-08-27,14429,2025082701010554,PRVU,Kohinoor Investment & Securities Pvt. Ltd.,Online Securities Pvt. Ltd.,1820,213.0,387660.0,2025-08-27T14:40:10.188655
2025-08-27,14288,2025082701010571,PRVU,Kohinoor Investment & Securities Pvt. Ltd.,Sani Securities Company Ltd.,305,213.0,64965.0,2025-08-27T14:40:33.042973
2025-08-27,14287,2025082701010572,PRVU,BHOLE GANESH SECURITIES LTD,Sani Securities Company Ltd.,500,213.0,106500.0,2025-08-27T14:40:33.043642
2025-08-27,14286,2025082701010573,PRVU,ABC Securities Private Limited,Sani Securities Company Ltd.,26,213.0,5538.0,2025-08-27T14:40:33.044059
2025-08-27,14285,2025082701010574,PRVU,Agrawal Securities (PVT) Ltd.,Sani Securities Company Ltd.,39,213.0,8307.0,2025-08-27T14:40:33.044482
2025-08-27,14284,2025082701010575,PRVU,Agrawal Securities (PVT) Ltd.,Kohinoor Investment & Securities Pvt. Ltd.,6,213.0,1278.0,2025-08-27T14:40:33.044877
2025-08-27,14256,2025082701010578,PRVU,Secured Securities Ltd.,ABC Securities Private Limited,2,213.5,427.0,2025-08-27T14:40:38.760823
2025-08-27,14241,2025082701010582,PRVU,Aryatara Investment & Securities,Online Securities Pvt. Ltd.,100,212.9,21290.0,2025-08-27T14:40:41.776951
2025-08-27,14240,2025082701010583,PRVU,Naasa Securities Co. Ltd.,Online Securities Pvt. Ltd.,100,212.8,21280.0,2025-08-27T14:40:41.777294
2025-08-27,14239,2025082701010584,PRVU,Aryatara Investment & Securities,Online Securities Pvt. Ltd.,1000,212.7,212700.0,2025-08-27T14:40:41.777449
2025-08-27,14238,2025082701010585,PRVU,Siprabi Securities Pvt. Ltd.,Online Securities Pvt. Ltd.,300,212.7,63810.0,2025-08-27T14:40:41.777587
2025-08-27,14237,2025082701010586,PRVU,SUN SECURITIES PVT LTD,Online Securities Pvt. Ltd.,500,212.7,106350.0,2025-08-27T14:40:41.777718
2025-08-27,13948,2025082701010628,PRVU,Deevyaa Securities & Stock House Pvt. Ltd,Online Securities Pvt. Ltd.,119,213.0,25347.0,2025-08-27T14:41:24.783367
2025-08-27,13947,2025082701010629,PRVU,Deevyaa Securities & Stock House Pvt. Ltd,Sundhara Securities Limited,100,213.0,21300.0,2025-08-27T14:41:24.783969
2025-08-27,13946,2025082701010630,PRVU,Deevyaa Securities & Stock House Pvt. Ltd,Sundhara Securities Limited,50,213.4,10670.0,2025-08-27T14:41:24.784424
2025-08-27,13945,2025082701010631,PRVU,Deevyaa Securities & Stock House Pvt. Ltd,Shree Krishna Securities Ltd.,500,213.4,106700.0,2025-08-27T14:41:24.784872
2025-08-27,13944,2025082701010632,PRVU,Deevyaa Securities & Stock House Pvt. Ltd,Thrive Brokerage House Pvt. Ltd,100,213.4,21340.0,2025-08-27T14:41:24.78529
2025-08-27,13943,2025082701010633,PRVU,Deevyaa Securities & Stock House Pvt. Ltd,ABC Securities Private Limited,48,213.5,10248.0,2025-08-27T14:41:24.78567
2025-08-27,13942,2025082701010634,PRVU,Deevyaa Securities & Stock House Pvt. Ltd,Dynamic Money Managers Securities Pvt. Ltd.,200,213.5,42700.0,2025-08-27T14:41:24.786086
2025-08-27,13941,2025082701010635,PRVU,Deevyaa Securities & Stock House Pvt. Ltd,Sumeru Securities Pvt. Ltd.,78,213.5,16653.0,2025-08-27T14:41:24.786481
2025-08-27,13940,2025082701010636,PRVU,Deevyaa Securities & Stock House Pvt. Ltd,Siprabi Securities Pvt. Ltd.,1305,213.5,278617.5,2025-08-27T14:41:24.786872
2025-08-27,13156,2025082701010851,PRVU,Sweta Securities Private Limited,Siprabi Securities Pvt. Ltd.,20,213.5,4270.0,2025-08-27T14:43:09.519553
2025-08-27,13071,2025082701010870,PRVU,Nepal Stock House (PVT) Ltd.,Siprabi Securities Pvt. Ltd.,500,213.5,106750.0,2025-08-27T14:43:21.842827
2025-08-27,13012,2025082701010880,PRVU,Aryatara Investment & Securities,Siprabi Securities Pvt. Ltd.,50,213.5,10675.0,2025-08-27T14:43:30.284838
2025-08-27,12871,2025082701010924,PRVU,Naasa Securities Co. Ltd.,Linch Stock Market Ltd.,500,213.1,106550.0,2025-08-27T14:43:50.628081
2025-08-27,12722,2025082701010967,PRVU,Trishakti Securities Public Limited,Dakshinkali Investment & Securities Pvt. Ltd.,1000,213.2,213200.0,2025-08-27T14:44:12.086297
2025-08-27,12721,2025082701010968,PRVU,Naasa Securities Co. Ltd.,Dakshinkali Investment & Securities Pvt. Ltd.,500,213.1,106550.0,2025-08-27T14:44:12.086591
2025-08-27,12720,2025082701010969,PRVU,Sundhara Securities Limited,Dakshinkali Investment & Securities Pvt. Ltd.,100,213.0,21300.0,2025-08-27T14:44:12.08675
2025-08-27,12719,2025082701010970,PRVU,Dipshikha Dhitopatra Karobar Co. Pvt Ltd.,Dakshinkali Investment & Securities Pvt. Ltd.,470,213.0,100110.0,2025-08-27T14:44:12.086959
2025-08-27,12679,2025082701010979,PRVU,Naasa Securities Co. Ltd.,Dakshinkali Investment & Securities Pvt. Ltd.,270,213.0,57510.0,2025-08-27T14:44:21.809745
2025-08-27,12555,2025082701011011,PRVU,Aryatara Investment & Securities,Dakshinkali Investment & Securities Pvt. Ltd.,400,213.0,85200.0,2025-08-27T14:44:36.068524
2025-08-27,12066,2025082701011088,PRVU,Kumari Securities Private Limited,Nabil Stock Dealer Ltd.,200,212.8,42560.0,2025-08-27T14:45:13.586029
2025-08-27,12065,2025082701011089,PRVU,Agrawal Securities (PVT) Ltd.,Nabil Stock Dealer Ltd.,200,212.8,42560.0,2025-08-27T14:45:13.586333
2025-08-27,12064,2025082701011090,PRVU,SUN SECURITIES PVT LTD,Nabil Stock Dealer Ltd.,1200,212.7,255240.0,2025-08-27T14:45:13.586485
2025-08-27,12063,2025082701011091,PRVU,Deevyaa Securities & Stock House Pvt. Ltd,Nabil Stock Dealer Ltd.,2300,212.7,489210.0,2025-08-27T14:45:13.586623
2025-08-27,12062,2025082701011092,PRVU,Deevyaa Securities & Stock House Pvt. Ltd,Nabil Stock Dealer Ltd.,1100,212.7,233970.0,2025-08-27T14:45:13.586764
2025-08-27,11938,2025082701011109,PRVU,ABC Securities Private Limited,Dakshinkali Investment & Securities Pvt. Ltd.,500,213.0,106500.0,2025-08-27T14:45:23.870309
2025-08-27,11893,2025082701011120,PRVU,Kohinoor Investment & Securities Pvt. Ltd.,Dakshinkali Investment & Securities Pvt. Ltd.,470,213.0,100110.0,2025-08-27T14:45:31.619194
2025-08-27,11752,2025082701011146,PRVU,Cristal Kanchanjanga Securites Pvt. Ltd.,Dakshinkali Investment & Securities Pvt. Ltd.,100,213.0,21300.0,2025-08-27T14:45:49.600402
2025-08-27,11384,2025082701011189,PRVU,Sumeru Securities Pvt. Ltd.,ABC Securities Private Limited,1,210.0,210.0,2025-08-27T14:46:30.450832
2025-08-27,11311,2025082701011204,PRVU,Opal Securities Investment (PVT) Ltd.,Dakshinkali Investment & Securities Pvt. Ltd.,190,213.0,40470.0,2025-08-27T14:46:38.553575
2025-08-27,11310,2025082701011205,PRVU,Opal Securities Investment (PVT) Ltd.,SUN SECURITIES PVT LTD,500,213.0,106500.0,2025-08-27T14:46:38.553899
2025-08-27,11309,2025082701011206,PRVU,Opal Securities Investment (PVT) Ltd.,Sani Securities Company Ltd.,10,213.0,2130.0,2025-08-27T14:46:38.554046
2025-08-27,11233,2025082701011214,PRVU,Vision Securities Pvt. Ltd,Sani Securities Company Ltd.,20,213.0,4260.0,2025-08-27T14:46:45.223427
2025-08-27,10953,2025082701011260,PRVU,Online Securities Pvt. Ltd.,Sani Securities Company Ltd.,55,213.0,11715.0,2025-08-27T14:47:14.067741
2025-08-27,10744,2025082701011303,PRVU,Dynamic Money Managers Securities Pvt. Ltd.,Sani Securities Company Ltd.,15,213.0,3195.0,2025-08-27T14:47:32.3992
2025-08-27,10743,2025082701011304,PRVU,Dynamic Money Managers Securities Pvt. Ltd.,Siprabi Securities Pvt. Ltd.,125,213.5,26687.5,2025-08-27T14:47:32.399492
2025-08-27,10742,2025082701011305,PRVU,Dynamic Money Managers Securities Pvt. Ltd.,Aryatara Investment & Securities,477,213.6,101887.2,2025-08-27T14:47:32.399634
2025-08-27,10741,2025082701011306,PRVU,Dynamic Money Managers Securities Pvt. Ltd.,Sundhara Securities Limited,188,213.6,40156.8,2025-08-27T14:47:32.399772
2025-08-27,10740,2025082701011307,PRVU,Dynamic Money Managers Securities Pvt. Ltd.,Cristal Kanchanjanga Securites Pvt. Ltd.,155,213.7,33123.5,2025-08-27T14:47:32.399919
2025-08-27,10739,2025082701011308,PRVU,Dynamic Money Managers Securities Pvt. Ltd.,Sundhara Securities Limited,40,213.7,8548.0,2025-08-27T14:47:32.400063
2025-08-27,9853,2025082701011478,PRVU,Vision Securities Pvt. Ltd,Sundhara Securities Limited,60,213.7,12822.0,2025-08-27T14:49:04.314311
2025-08-27,9852,2025082701011479,PRVU,Vision Securities Pvt. Ltd,Vision Securities Pvt. Ltd,240,213.7,51288.0,2025-08-27T14:49:04.314896
2025-08-27,9851,2025082701011480,PRVU,Vision Securities Pvt. Ltd,Deevyaa Securities & Stock House Pvt. Ltd,500,213.7,106850.0,2025-08-27T14:49:04.315317
2025-08-27,9850,2025082701011481,PRVU,Vision Securities Pvt. Ltd,N.M.B. SECURITIES LIMITED,200,213.7,42740.0,2025-08-27T14:49:04.315691
2025-08-27,9819,2025082701011485,PRVU,Himalayan Securities Limited,N.M.B. SECURITIES LIMITED,300,213.7,64110.0,2025-08-27T14:49:07.660947
2025-08-27,9701,2025082701011501,PRVU,Himalayan Securities Limited,Midas Stock Broking Company Private Limited,700,213.8,149660.0,2025-08-27T14:49:20.687591
2025-08-27,9411,2025082701011559,PRVU,Deevyaa Securities & Stock House Pvt. Ltd,Sani Securities Company Ltd.,1500,213.7,320550.0,2025-08-27T14:49:51.923264
2025-08-27,9044,2025082701011608,PRVU,Kumari Securities Private Limited,Midas Stock Broking Company Private Limited,49,213.8,10476.2,2025-08-27T14:50:25.738678
2025-08-27,9043,2025082701011609,PRVU,Kumari Securities Private Limited,Online Securities Pvt. Ltd.,18,213.8,3848.4,2025-08-27T14:50:25.739011
2025-08-27,9042,2025082701011610,PRVU,Kumari Securities Private Limited,Sani Securities Company Ltd.,220,213.8,47036.0,2025-08-27T14:50:25.739159
2025-08-27,8765,2025082701011642,PRVU,Kumari Securities Private Limited,Sani Securities Company Ltd.,13,213.8,2779.4,2025-08-27T14:50:47.900135
2025-08-27,8617,2025082701011653,PRVU,ABC Securities Private Limited,Sani Securities Company Ltd.,500,213.8,106900.0,2025-08-27T14:51:03.071967
2025-08-27,8572,2025082701011655,PRVU,Sumeru Securities Pvt. Ltd.,Cristal Kanchanjanga Securites Pvt. Ltd.,1,212.0,212.0,2025-08-27T14:51:07.170628
2025-08-27,8373,2025082701011695,PRVU,Deevyaa Securities & Stock House Pvt. Ltd,Sani Securities Company Ltd.,1400,213.8,299320.0,2025-08-27T14:51:25.733535
2025-08-27,8292,2025082701011714,PRVU,South Asian Bulls Pvt. Ltd.,Sani Securities Company Ltd.,87,213.8,18600.6,2025-08-27T14:51:34.707817
2025-08-27,8201,2025082701011724,PRVU,Siprabi Securities Pvt. Ltd.,Sundhara Securities Limited,100,213.9,21390.0,2025-08-27T14:51:46.002662
2025-08-27,8001,2025082701011756,PRVU,ABC Securities Private Limited,Naasa Securities Co. Ltd.,500,213.9,106950.0,2025-08-27T14:52:03.752516
2025-08-27,7764,2025082701011790,PRVU,Neev Securities Pvt. Ltd.,Sani Securities Company Ltd.,50,213.9,10695.0,2025-08-27T14:52:21.460385
2025-08-27,7751,2025082701011799,PRVU,Linch Stock Market Ltd.,Sani Securities Company Ltd.,10,213.9,2139.0,2025-08-27T14:52:22.425841
2025-08-27,7715,2025082701011808,PRVU,ABC Securities Private Limited,Sani Securities Company Ltd.,240,213.9,51336.0,2025-08-27T14:52:27.012754
2025-08-27,7399,2025082701011869,PRVU,ABC Securities Private Limited,Sani Securities Company Ltd.,260,213.9,55614.0,2025-08-27T14:52:53.740334
2025-08-27,7082,2025082701011903,PRVU,Trishakti Securities Public Limited,Kalika Securities Pvt. Ltd.,10,214.0,2140.0,2025-08-27T14:53:17.497889
2025-08-27,7081,2025082701011904,PRVU,Trishakti Securities Public Limited,Sundhara Securities Limited,100,214.0,21400.0,2025-08-27T14:53:17.49817
2025-08-27,7080,2025082701011905,PRVU,Trishakti Securities Public Limited,Dipshikha Dhitopatra Karobar Co. Pvt Ltd.,890,214.0,190460.0,2025-08-27T14:53:17.498302
2025-08-27,6917,2025082701011939,PRVU,Deevyaa Securities & Stock House Pvt. Ltd,Secured Securities Ltd.,200,213.9,42780.0,2025-08-27T14:53:28.810322
2025-08-27,6916,2025082701011940,PRVU,Deevyaa Securities & Stock House Pvt. Ltd,Dipshikha Dhitopatra Karobar Co. Pvt Ltd.,30,214.0,6420.0,2025-08-27T14:53:28.810606
2025-08-27,6915,2025082701011941,PRVU,Deevyaa Securities & Stock House Pvt. Ltd,Capital Hub P. Ltd,1000,214.0,214000.0,2025-08-27T14:53:28.810764
2025-08-27,6914,2025082701011942,PRVU,Deevyaa Securities & Stock House Pvt. Ltd,Malla & Malla Stock Broking Company Pvt. Limited,100,214.0,21400.0,2025-08-27T14:53:28.810906
2025-08-27,6913,2025082701011943,PRVU,Deevyaa Securities & Stock House Pvt. Ltd,ABC Securities Private Limited,66,214.0,14124.0,2025-08-27T14:53:28.811054
2025-08-27,6912,2025082701011944,PRVU,Deevyaa Securities & Stock House Pvt. Ltd,Sagarmatha Securities Private Limited,1000,214.0,214000.0,2025-08-27T14:53:28.8112
2025-08-27,6911,2025082701011945,PRVU,Deevyaa Securities & Stock House Pvt. Ltd,Vision Securities Pvt. Ltd,350,214.0,74900.0,2025-08-27T14:53:28.811353
2025-08-27,6910,2025082701011946,PRVU,Deevyaa Securities & Stock House Pvt. Ltd,Cristal Kanchanjanga Securites Pvt. Ltd.,119,214.0,25466.0,2025-08-27T14:53:28.811494
2025-08-27,6909,2025082701011947,PRVU,Deevyaa Securities & Stock House Pvt. Ltd,Dipshikha Dhitopatra Karobar Co. Pvt Ltd.,47,214.0,10058.0,2025-08-27T14:53:28.811623
2025-08-27,6908,2025082701011948,PRVU,Deevyaa Securities & Stock House Pvt. Ltd,Oxford Securities Pvt. Ltd.,110,214.0,23540.0,2025-08-27T14:53:28.811758
2025-08-27,6907,2025082701011949,PRVU,Deevyaa Securities & Stock House Pvt. Ltd,Sani Securities Company Ltd.,200,214.0,42800.0,2025-08-27T14:53:28.81189
2025-08-27,6906,2025082701011950,PRVU,Deevyaa Securities & Stock House Pvt. Ltd,Online Securities Pvt. Ltd.,300,214.0,64200.0,2025-08-27T14:53:28.812039
2025-08-27,6905,2025082701011951,PRVU,Deevyaa Securities & Stock House Pvt. Ltd,N.M.B. SECURITIES LIMITED,478,214.0,102292.0,2025-08-27T14:53:28.812171
2025-08-27,6610,2025082701011986,PRVU,South Asian Bulls Pvt. Ltd.,Aryatara Investment & Securities,200,213.8,42760.0,2025-08-27T14:53:49.738216
2025-08-27,6524,2025082701011995,PRVU,Trishakti Securities Public Limited,N.M.B. SECURITIES LIMITED,22,214.0,4708.0,2025-08-27T14:53:55.981045
2025-08-27,6523,2025082701011996,PRVU,Trishakti Securities Public Limited,Sani Securities Company Ltd.,978,214.0,209292.0,2025-08-27T14:53:55.981336
2025-08-27,6293,2025082701012031,PRVU,Thrive Brokerage House Pvt. Ltd,Sani Securities Company Ltd.,422,214.0,90308.0,2025-08-27T14:54:17.255803
2025-08-27,6090,2025082701012062,PRVU,Sumeru Securities Pvt. Ltd.,Linch Stock Market Ltd.,1,212.2,212.2,2025-08-27T14:54:37.025087
2025-08-27,5814,2025082701012124,PRVU,Thrive Brokerage House Pvt. Ltd,Naasa Securities Co. Ltd.,25,214.0,5350.0,2025-08-27T14:55:03.266908
2025-08-27,5609,2025082701012168,PRVU,Thrive Brokerage House Pvt. Ltd,Vision Securities Pvt. Ltd,553,214.0,118342.0,2025-08-27T14:55:18.186581
2025-08-27,5608,2025082701012169,PRVU,South Asian Bulls Pvt. Ltd.,Vision Securities Pvt. Ltd,447,214.0,95658.0,2025-08-27T14:55:18.186624
2025-08-27,5603,2025082701012170,PRVU,Naasa Securities Co. Ltd.,Sani Securities Company Ltd.,80,214.6,17168.0,2025-08-27T14:55:18.562096
2025-08-27,5539,2025082701012178,PRVU,Secured Securities Ltd.,Sani Securities Company Ltd.,200,214.6,42920.0,2025-08-27T14:55:21.676117
2025-08-27,5369,2025082701012203,PRVU,Trishakti Securities Public Limited,Linch Stock Market Ltd.,59,214.1,12631.9,2025-08-27T14:55:33.938641
2025-08-27,5259,2025082701012229,PRVU,Sumeru Securities Pvt. Ltd.,Aryatara Investment & Securities,5,213.0,1065.0,2025-08-27T14:55:42.399938
2025-08-27,5109,2025082701012255,PRVU,Trishakti Securities Public Limited,Sani Securities Company Ltd.,1940,214.1,415354.0,2025-08-27T14:55:57.817168
2025-08-27,5077,2025082701012260,PRVU,Sumeru Securities Pvt. Ltd.,Linch Stock Market Ltd.,4,213.0,852.0,2025-08-27T14:55:59.503242
2025-08-27,4952,2025082701012280,PRVU,South Asian Bulls Pvt. Ltd.,Agrawal Securities (PVT) Ltd.,233,214.0,49862.0,2025-08-27T14:56:09.321306
2025-08-27,4794,2025082701012297,PRVU,Secured Securities Ltd.,Vision Securities Pvt. Ltd,534,214.5,114543.0,2025-08-27T14:56:18.136474
2025-08-27,4788,2025082701012298,PRVU,Secured Securities Ltd.,Sundhara Securities Limited,466,214.5,99957.0,2025-08-27T14:56:18.789328
2025-08-27,4496,2025082701012330,PRVU,Sumeru Securities Pvt. Ltd.,Dipshikha Dhitopatra Karobar Co. Pvt Ltd.,7,213.0,1491.0,2025-08-27T14:56:37.724853
2025-08-27,4130,2025082701012426,PRVU,South Asian Bulls Pvt. Ltd.,Sani Securities Company Ltd.,320,214.0,68480.0,2025-08-27T14:57:03.253231
2025-08-27,3875,2025082701012470,PRVU,Linch Stock Market Ltd.,Neev Securities Pvt. Ltd.,10,214.4,2144.0,2025-08-27T14:57:21.166
2025-08-27,3872,2025082701012471,PRVU,Sharepro Securities Private Limited,Sani Securities Company Ltd.,1000,214.0,214000.0,2025-08-27T14:57:21.595999
2025-08-27,3871,2025082701012472,PRVU,Naasa Securities Co. Ltd.,Sani Securities Company Ltd.,100,214.0,21400.0,2025-08-27T14:57:21.596333
2025-08-27,3870,2025082701012473,PRVU,Imperial Securities Company Pvt. Ltd.,Sani Securities Company Ltd.,50,214.0,10700.0,2025-08-27T14:57:21.596538
2025-08-27,3544,2025082701012534,PRVU,Naasa Securities Co. Ltd.,Sani Securities Company Ltd.,80,214.0,17120.0,2025-08-27T14:57:41.953963
2025-08-27,3219,2025082701012580,PRVU,South Asian Bulls Pvt. Ltd.,Neev Securities Pvt. Ltd.,90,213.8,19242.0,2025-08-27T14:57:58.58403
2025-08-27,3157,2025082701012590,PRVU,Nepal Stock House (PVT) Ltd.,Sani Securities Company Ltd.,770,214.0,164780.0,2025-08-27T14:58:03.178991
2025-08-27,3156,2025082701012591,PRVU,Nepal Stock House (PVT) Ltd.,N.M.B. SECURITIES LIMITED,1000,214.0,214000.0,2025-08-27T14:58:03.179048
2025-08-27,3155,2025082701012592,PRVU,Nepal Stock House (PVT) Ltd.,Secured Securities Ltd.,500,214.4,107200.0,2025-08-27T14:58:03.179085
2025-08-27,3154,2025082701012593,PRVU,Nepal Stock House (PVT) Ltd.,Sundhara Securities Limited,534,214.5,114543.0,2025-08-27T14:58:03.179114
2025-08-27,3153,2025082701012594,PRVU,Nepal Stock House (PVT) Ltd.,Bhrikuti Stock Broking Co. Pvt. Ltd.,500,214.5,107250.0,2025-08-27T14:58:03.179155
2025-08-27,3152,2025082701012595,PRVU,Nepal Stock House (PVT) Ltd.,Trishakti Securities Public Limited,100,214.7,21470.0,2025-08-27T14:58:03.179186
2025-08-27,3151,2025082701012596,PRVU,Nepal Stock House (PVT) Ltd.,Asian Securities Private Ltd.,100,214.7,21470.0,2025-08-27T14:58:03.179217
2025-08-27,3150,2025082701012597,PRVU,Nepal Stock House (PVT) Ltd.,J.F. Securites (PVT) Ltd.,10,214.8,2148.0,2025-08-27T14:58:03.179245
2025-08-27,3149,2025082701012598,PRVU,Nepal Stock House (PVT) Ltd.,Bhrikuti Stock Broking Co. Pvt. Ltd.,486,214.8,104392.8,2025-08-27T14:58:03.179273
2025-08-27,2712,2025082701012671,PRVU,Sweta Securities Private Limited,Nepal Stock House (PVT) Ltd.,200,214.0,42800.0,2025-08-27T14:58:26.678888
2025-08-27,2529,2025082701012703,PRVU,Siprabi Securities Pvt. Ltd.,Nepal Stock House (PVT) Ltd.,76,214.0,16264.0,2025-08-27T14:58:38.541189
2025-08-27,2179,2025082701012770,PRVU,Siprabi Securities Pvt. Ltd.,Sumeru Securities Pvt. Ltd.,624,214.0,133536.0,2025-08-27T14:58:55.717582
2025-08-27,2178,2025082701012771,PRVU,Dipshikha Dhitopatra Karobar Co. Pvt Ltd.,Sumeru Securities Pvt. Ltd.,100,213.9,21390.0,2025-08-27T14:58:55.717869
2025-08-27,2177,2025082701012772,PRVU,Imperial Securities Company Pvt. Ltd.,Sumeru Securities Pvt. Ltd.,50,213.9,10695.0,2025-08-27T14:58:55.718029
2025-08-27,2176,2025082701012773,PRVU,South Asian Bulls Pvt. Ltd.,Sumeru Securities Pvt. Ltd.,1123,213.8,240097.4,2025-08-27T14:58:55.718195
2025-08-27,2175,2025082701012774,PRVU,Creative Securities Pvt Ltd,Sumeru Securities Pvt. Ltd.,500,213.2,106600.0,2025-08-27T14:58:55.71834
2025-08-27,2174,2025082701012775,PRVU,Dipshikha Dhitopatra Karobar Co. Pvt Ltd.,Sumeru Securities Pvt. Ltd.,500,213.1,106550.0,2025-08-27T14:58:55.718509
2025-08-27,2173,2025082701012776,PRVU,ABC Securities Private Limited,Sumeru Securities Pvt. Ltd.,25,213.1,5327.5,2025-08-27T14:58:55.718652
2025-08-27,2172,2025082701012777,PRVU,Vision Securities Pvt. Ltd,Sumeru Securities Pvt. Ltd.,1128,213.1,240376.8,2025-08-27T14:58:55.718803
2025-08-27,2160,2025082701012778,PRVU,Opal Securities Investment (PVT) Ltd.,Bhrikuti Stock Broking Co. Pvt. Ltd.,314,214.8,67447.2,2025-08-27T14:58:56.194315
2025-08-27,2159,2025082701012779,PRVU,Opal Securities Investment (PVT) Ltd.,SUN SECURITIES PVT LTD,27,214.8,5799.6,2025-08-27T14:58:56.194598
2025-08-27,2158,2025082701012780,PRVU,Opal Securities Investment (PVT) Ltd.,Asian Securities Private Ltd.,24,214.8,5155.2,2025-08-27T14:58:56.194855
2025-08-27,2054,2025082701012795,PRVU,Sumeru Securities Pvt. Ltd.,Midas Stock Broking Company Private Limited,7,213.0,1491.0,2025-08-27T14:59:00.757041
2025-08-27,1770,2025082701012828,PRVU,Vision Securities Pvt. Ltd,Asian Securities Private Ltd.,76,214.8,16324.8,2025-08-27T14:59:12.756485
2025-08-27,1769,2025082701012829,PRVU,Vision Securities Pvt. Ltd,Sani Securities Company Ltd.,924,214.8,198475.2,2025-08-27T14:59:12.756785
2025-08-27,1519,2025082701012859,PRVU,Aryatara Investment & Securities,Asian Securities Private Ltd.,48,214.0,10272.0,2025-08-27T14:59:19.771509
2025-08-27,1423,2025082701012885,PRVU,Kalika Securities Pvt. Ltd.,Sweta Securities Private Limited,100,214.7,21470.0,2025-08-27T14:59:22.007413
2025-08-27,1041,2025082701012982,PRVU,Aryatara Investment & Securities,Primo Securities (PVT) Ltd.,52,214.0,11128.0,2025-08-27T14:59:31.007491
2025-08-27,381,2025082701013059,PRVU,Sani Securities Company Ltd.,Primo Securities (PVT) Ltd.,50,214.0,10700.0,2025-08-27T14:59:52.139606
2025-08-27,301,2025082701013077,PRVU,Siprabi Securities Pvt. Ltd.,Primo Securities (PVT) Ltd.,48,214.0,10272.0,2025-08-27T14:59:53.704835
2025-08-27,300,2025082701013078,PRVU,Siprabi Securities Pvt. Ltd.,Sani Securities Company Ltd.,552,214.8,118569.6,2025-08-27T14:59:53.704902
