Date,S.N.,Contract ID,Symbol,Buyer Broker,Seller Broker,volume,rate,amount,transaction_time
2025-08-27,72342,2025082704000035,RHPL,Thrive Brokerage House Pvt. Ltd,Sundhara Securities Limited,200,307.0,61400.0,2025-08-27T11:01:50.40674
2025-08-27,72149,2025082704000054,RHPL,SHUBHAKAMANA SECURITIES PVT. LTD,Sani Securities Company Ltd.,10,310.0,3100.0,2025-08-27T11:03:52.493149
2025-08-27,71719,2025082704000102,RHPL,Arun Securities (PVT) Ltd.,Neev Securities Pvt. Ltd.,70,306.0,21420.0,2025-08-27T11:07:14.215907
2025-08-27,71235,2025082704000173,RHPL,Arun Securities (PVT) Ltd.,Sundhara Securities Limited,30,306.0,9180.0,2025-08-27T11:10:19.563849
2025-08-27,71234,2025082704000174,RHPL,Sundhara Securities Limited,Sundhara Securities Limited,50,306.0,15300.0,2025-08-27T11:10:19.564016
2025-08-27,70931,2025082704000220,RHPL,Sundhara Securities Limited,Sundhara Securities Limited,50,306.0,15300.0,2025-08-27T11:12:01.035846
2025-08-27,70328,2025082704000321,RHPL,Midas Stock Broking Company Private Limited,Sundhara Securities Limited,200,306.0,61200.0,2025-08-27T11:15:24.566498
2025-08-27,70062,2025082704000353,RHPL,Kohinoor Investment & Securities Pvt. Ltd.,Capital Max Securities Ltd,260,305.1,79326.0,2025-08-27T11:17:07.444505
2025-08-27,70061,2025082704000354,RHPL,Malla & Malla Stock Broking Company Pvt. Limited,Capital Max Securities Ltd,200,305.0,61000.0,2025-08-27T11:17:07.444611
2025-08-27,70060,2025082704000355,RHPL,Aryatara Investment & Securities,Capital Max Securities Ltd,110,305.0,33550.0,2025-08-27T11:17:07.444661
2025-08-27,69878,2025082704000379,RHPL,J.F. Securites (PVT) Ltd.,Secured Securities Ltd.,10,308.0,3080.0,2025-08-27T11:18:10.537393
2025-08-27,68788,2025082704000511,RHPL,Arun Securities (PVT) Ltd.,Deevyaa Securities & Stock House Pvt. Ltd,10,305.1,3051.0,2025-08-27T11:23:01.474818
2025-08-27,68284,2025082704000620,RHPL,Premier Securities Company Ltd.,Trishakti Securities Public Limited,300,305.2,91560.0,2025-08-27T11:25:31.137551
2025-08-27,68210,2025082704000630,RHPL,Arun Securities (PVT) Ltd.,Trishakti Securities Public Limited,290,305.1,88479.0,2025-08-27T11:25:48.244116
2025-08-27,68209,2025082704000631,RHPL,Cristal Kanchanjanga Securites Pvt. Ltd.,Trishakti Securities Public Limited,1000,305.1,305100.0,2025-08-27T11:25:48.244239
2025-08-27,68208,2025082704000632,RHPL,Sani Securities Company Ltd.,Trishakti Securities Public Limited,50,305.1,15255.0,2025-08-27T11:25:48.244338
2025-08-27,68207,2025082704000633,RHPL,Naasa Securities Co. Ltd.,Trishakti Securities Public Limited,20,305.1,6102.0,2025-08-27T11:25:48.244399
2025-08-27,68005,2025082704000652,RHPL,Aryatara Investment & Securities,Trishakti Securities Public Limited,140,305.0,42700.0,2025-08-27T11:26:32.441026
2025-08-27,68004,2025082704000653,RHPL,Sri Hari Securities Pvt. Ltd.,Trishakti Securities Public Limited,200,305.0,61000.0,2025-08-27T11:26:32.441294
2025-08-27,67229,2025082704000791,RHPL,Imperial Securities Company Pvt. Ltd.,Ashutosh Brokerage & Securities (PVT) Ltd.,10,308.0,3080.0,2025-08-27T11:29:44.956375
2025-08-27,67077,2025082704000825,RHPL,Imperial Securities Company Pvt. Ltd.,Nepal Stock House (PVT) Ltd.,90,308.0,27720.0,2025-08-27T11:30:26.497677
2025-08-27,65996,2025082704001006,RHPL,Kumari Securities Private Limited,Capital Max Securities Ltd,300,307.0,92100.0,2025-08-27T11:34:17.664751
2025-08-27,65995,2025082704001007,RHPL,Linch Stock Market Ltd.,Capital Max Securities Ltd,30,306.0,9180.0,2025-08-27T11:34:17.664808
2025-08-27,65994,2025082704001008,RHPL,Primo Securities (PVT) Ltd.,Capital Max Securities Ltd,295,305.5,90122.5,2025-08-27T11:34:17.664849
2025-08-27,65379,2025082704001092,RHPL,Linch Stock Market Ltd.,Primo Securities (PVT) Ltd.,30,305.6,9168.0,2025-08-27T11:36:02.616592
2025-08-27,64409,2025082704001230,RHPL,Kumari Securities Private Limited,Sundhara Securities Limited,200,306.0,61200.0,2025-08-27T11:39:59.189504
2025-08-27,63905,2025082704001334,RHPL,Agrawal Securities (PVT) Ltd.,Sumeru Securities Pvt. Ltd.,1000,305.6,305600.0,2025-08-27T11:41:56.799807
2025-08-27,63904,2025082704001335,RHPL,Sundhara Securities Limited,Sumeru Securities Pvt. Ltd.,20,305.6,6112.0,2025-08-27T11:41:56.799971
2025-08-27,63903,2025082704001336,RHPL,Primo Securities (PVT) Ltd.,Sumeru Securities Pvt. Ltd.,205,305.5,62627.5,2025-08-27T11:41:56.800061
2025-08-27,63666,2025082704001382,RHPL,K.B.L. Securities Limited ,Midas Stock Broking Company Private Limited,500,305.4,152700.0,2025-08-27T11:42:45.090444
2025-08-27,63529,2025082704001408,RHPL,K.B.L. Securities Limited ,Vision Securities Pvt. Ltd,10,305.4,3054.0,2025-08-27T11:43:21.432422
2025-08-27,63510,2025082704001409,RHPL,Sewa Securities Pvt. Ltd.,Sumeru Securities Pvt. Ltd.,55,305.5,16802.5,2025-08-27T11:43:27.480951
2025-08-27,63422,2025082704001421,RHPL,Sewa Securities Pvt. Ltd.,Sumeru Securities Pvt. Ltd.,10,305.5,3055.0,2025-08-27T11:43:48.590501
2025-08-27,63360,2025082704001424,RHPL,Sewa Securities Pvt. Ltd.,Sumeru Securities Pvt. Ltd.,10,305.5,3055.0,2025-08-27T11:44:08.721944
2025-08-27,63256,2025082704001441,RHPL,K.B.L. Securities Limited ,Trishakti Securities Public Limited,490,305.4,149646.0,2025-08-27T11:44:33.335135
2025-08-27,63029,2025082704001494,RHPL,Primo Securities (PVT) Ltd.,Trishakti Securities Public Limited,300,305.4,91620.0,2025-08-27T11:45:30.726438
2025-08-27,62964,2025082704001506,RHPL,Sweta Securities Private Limited,Sani Securities Company Ltd.,40,305.3,12212.0,2025-08-27T11:45:44.757541
2025-08-27,62805,2025082704001536,RHPL,Online Securities Pvt. Ltd.,Trishakti Securities Public Limited,100,305.4,30540.0,2025-08-27T11:46:24.65031
2025-08-27,62679,2025082704001558,RHPL,Sweta Securities Private Limited,Trishakti Securities Public Limited,20,305.3,6106.0,2025-08-27T11:47:09.575474
2025-08-27,62678,2025082704001559,RHPL,Online Securities Pvt. Ltd.,Trishakti Securities Public Limited,100,305.2,30520.0,2025-08-27T11:47:09.575637
2025-08-27,62677,2025082704001560,RHPL,Sundhara Securities Limited,Trishakti Securities Public Limited,25,305.2,7630.0,2025-08-27T11:47:09.575752
2025-08-27,62676,2025082704001561,RHPL,Nabil Stock Dealer Ltd.,Trishakti Securities Public Limited,100,305.1,30510.0,2025-08-27T11:47:09.575823
2025-08-27,62675,2025082704001562,RHPL,Kumari Securities Private Limited,Trishakti Securities Public Limited,100,305.1,30510.0,2025-08-27T11:47:09.575892
2025-08-27,62674,2025082704001563,RHPL,Sri Hari Securities Pvt. Ltd.,Trishakti Securities Public Limited,800,305.0,244000.0,2025-08-27T11:47:09.575962
2025-08-27,62673,2025082704001564,RHPL,Sundhara Securities Limited,Trishakti Securities Public Limited,50,305.0,15250.0,2025-08-27T11:47:09.57603
2025-08-27,62672,2025082704001565,RHPL,Naasa Securities Co. Ltd.,Trishakti Securities Public Limited,20,305.0,6100.0,2025-08-27T11:47:09.576096
2025-08-27,62671,2025082704001566,RHPL,Nepal Stock House (PVT) Ltd.,Trishakti Securities Public Limited,100,305.0,30500.0,2025-08-27T11:47:09.576164
2025-08-27,62670,2025082704001567,RHPL,Sundhara Securities Limited,Trishakti Securities Public Limited,50,305.0,15250.0,2025-08-27T11:47:09.576231
2025-08-27,62669,2025082704001568,RHPL,Online Securities Pvt. Ltd.,Trishakti Securities Public Limited,200,305.0,61000.0,2025-08-27T11:47:09.576306
2025-08-27,62668,2025082704001569,RHPL,Online Securities Pvt. Ltd.,Trishakti Securities Public Limited,100,305.0,30500.0,2025-08-27T11:47:09.57639
2025-08-27,62667,2025082704001570,RHPL,Aryatara Investment & Securities,Trishakti Securities Public Limited,200,305.0,61000.0,2025-08-27T11:47:09.576464
2025-08-27,62666,2025082704001571,RHPL,Secured Securities Ltd.,Trishakti Securities Public Limited,50,305.0,15250.0,2025-08-27T11:47:09.576571
2025-08-27,62665,2025082704001572,RHPL,Naasa Securities Co. Ltd.,Trishakti Securities Public Limited,20,305.0,6100.0,2025-08-27T11:47:09.576641
2025-08-27,62664,2025082704001573,RHPL,Vision Securities Pvt. Ltd,Trishakti Securities Public Limited,175,305.0,53375.0,2025-08-27T11:47:09.576716
2025-08-27,62111,2025082704001657,RHPL,Sani Securities Company Ltd.,Sumeru Securities Pvt. Ltd.,50,305.5,15275.0,2025-08-27T11:49:18.556017
2025-08-27,62031,2025082704001671,RHPL,Vision Securities Pvt. Ltd,Sumeru Securities Pvt. Ltd.,300,305.5,91650.0,2025-08-27T11:49:34.795455
2025-08-27,61505,2025082704001762,RHPL,Agrawal Securities (PVT) Ltd.,Aryatara Investment & Securities,10,305.1,3051.0,2025-08-27T11:51:55.291213
2025-08-27,61504,2025082704001763,RHPL,Sewa Securities Pvt. Ltd.,Aryatara Investment & Securities,40,305.1,12204.0,2025-08-27T11:51:55.291575
2025-08-27,61236,2025082704001813,RHPL,Vision Securities Pvt. Ltd,Sumeru Securities Pvt. Ltd.,100,305.5,30550.0,2025-08-27T11:52:41.995713
2025-08-27,60835,2025082704001871,RHPL,Agrawal Securities (PVT) Ltd.,Naasa Securities Co. Ltd.,15,305.2,4578.0,2025-08-27T11:54:16.208042
2025-08-27,60834,2025082704001872,RHPL,Sewa Securities Pvt. Ltd.,Naasa Securities Co. Ltd.,15,305.1,4576.5,2025-08-27T11:54:16.208085
2025-08-27,60570,2025082704001922,RHPL,Vision Securities Pvt. Ltd,Naasa Securities Co. Ltd.,20,305.4,6108.0,2025-08-27T11:55:17.176916
2025-08-27,60569,2025082704001923,RHPL,Vision Securities Pvt. Ltd,Sumeru Securities Pvt. Ltd.,180,305.5,54990.0,2025-08-27T11:55:17.177305
2025-08-27,60352,2025082704001953,RHPL,Vision Securities Pvt. Ltd,Sumeru Securities Pvt. Ltd.,70,305.5,21385.0,2025-08-27T11:56:12.56218
2025-08-27,59204,2025082704002136,RHPL,Sani Securities Company Ltd.,Asian Securities Private Ltd.,40,307.9,12316.0,2025-08-27T12:00:13.927185
2025-08-27,58286,2025082704002400,RHPL,Dakshinkali Investment & Securities Pvt. Ltd.,Neev Securities Pvt. Ltd.,50,305.3,15265.0,2025-08-27T12:03:13.151373
2025-08-27,57585,2025082704002547,RHPL,Dakshinkali Investment & Securities Pvt. Ltd.,Asian Securities Private Ltd.,150,306.9,46035.0,2025-08-27T12:05:50.128376
2025-08-27,57260,2025082704002606,RHPL,Sani Securities Company Ltd.,Sani Securities Company Ltd.,50,305.5,15275.0,2025-08-27T12:06:54.839425
2025-08-27,57259,2025082704002607,RHPL,Naasa Securities Co. Ltd.,Sani Securities Company Ltd.,30,305.4,9162.0,2025-08-27T12:06:54.83964
2025-08-27,57184,2025082704002625,RHPL,Naasa Securities Co. Ltd.,Dipshikha Dhitopatra Karobar Co. Pvt Ltd.,70,305.4,21378.0,2025-08-27T12:07:09.483582
2025-08-27,56704,2025082704002738,RHPL,Naasa Securities Co. Ltd.,Swarna Laxmi Securities Pvt. Ltd.,70,305.4,21378.0,2025-08-27T12:08:57.631824
2025-08-27,55818,2025082704002977,RHPL,Naasa Securities Co. Ltd.,Naasa Securities Co. Ltd.,50,305.5,15275.0,2025-08-27T12:12:32.079526
2025-08-27,55817,2025082704002978,RHPL,Naasa Securities Co. Ltd.,Naasa Securities Co. Ltd.,30,305.4,9162.0,2025-08-27T12:12:32.079757
2025-08-27,55816,2025082704002979,RHPL,Naasa Securities Co. Ltd.,Naasa Securities Co. Ltd.,120,305.3,36636.0,2025-08-27T12:12:32.07984
2025-08-27,55447,2025082704003059,RHPL,Trisul Securities & Invt. Ltd.,Sweta Securities Private Limited,20,305.5,6110.0,2025-08-27T12:14:02.428523
2025-08-27,55196,2025082704003121,RHPL,Kalika Securities Pvt. Ltd.,Asian Securities Private Ltd.,30,305.9,9177.0,2025-08-27T12:15:21.216887
2025-08-27,55188,2025082704003124,RHPL,Midas Stock Broking Company Private Limited,Asian Securities Private Ltd.,30,305.9,9177.0,2025-08-27T12:15:25.312267
2025-08-27,55116,2025082704003131,RHPL,Dynamic Money Managers Securities Pvt. Ltd.,Aryatara Investment & Securities,80,306.0,24480.0,2025-08-27T12:15:48.447559
2025-08-27,54863,2025082704003181,RHPL,SHUBHAKAMANA SECURITIES PVT. LTD,Nepal Investment And Securities Trading Private Limited,20,308.0,6160.0,2025-08-27T12:16:55.202794
2025-08-27,54862,2025082704003182,RHPL,SHUBHAKAMANA SECURITIES PVT. LTD,Linch Stock Market Ltd.,10,308.1,3081.0,2025-08-27T12:16:55.202891
2025-08-27,54170,2025082704003367,RHPL,Naasa Securities Co. Ltd.,Sundhara Securities Limited,30,308.0,9240.0,2025-08-27T12:20:22.77984
2025-08-27,54038,2025082704003387,RHPL,Dynamic Money Managers Securities Pvt. Ltd.,Sweta Securities Private Limited,20,306.0,6120.0,2025-08-27T12:20:54.012626
2025-08-27,53619,2025082704003457,RHPL,Agrawal Securities (PVT) Ltd.,Market Securities & Exchange (PVT) Ltd.,100,306.2,30620.0,2025-08-27T12:22:58.642263
2025-08-27,53618,2025082704003458,RHPL,Aryatara Investment & Securities,Market Securities & Exchange (PVT) Ltd.,100,306.1,30610.0,2025-08-27T12:22:58.642499
2025-08-27,53617,2025082704003459,RHPL,Dynamic Money Managers Securities Pvt. Ltd.,Market Securities & Exchange (PVT) Ltd.,100,306.0,30600.0,2025-08-27T12:22:58.6426
2025-08-27,53616,2025082704003460,RHPL,Nepal Stock House (PVT) Ltd.,Market Securities & Exchange (PVT) Ltd.,100,306.0,30600.0,2025-08-27T12:22:58.642682
2025-08-27,53615,2025082704003461,RHPL,Investment Management Nepal Pvt. Ltd.,Market Securities & Exchange (PVT) Ltd.,100,306.0,30600.0,2025-08-27T12:22:58.642762
2025-08-27,53598,2025082704003468,RHPL,Agrawal Securities (PVT) Ltd.,Linch Stock Market Ltd.,10,308.1,3081.0,2025-08-27T12:23:04.013874
2025-08-27,53525,2025082704003501,RHPL,Agrawal Securities (PVT) Ltd.,Nepal Investment And Securities Trading Private Limited,50,308.8,15440.0,2025-08-27T12:23:21.130398
2025-08-27,53516,2025082704003507,RHPL,Agrawal Securities (PVT) Ltd.,Imperial Securities Company Pvt. Ltd.,10,309.0,3090.0,2025-08-27T12:23:26.182286
2025-08-27,53394,2025082704003534,RHPL,Neev Securities Pvt. Ltd.,Imperial Securities Company Pvt. Ltd.,10,309.0,3090.0,2025-08-27T12:24:00.284898
2025-08-27,53136,2025082704003584,RHPL,Sri Hari Securities Pvt. Ltd.,Sweta Securities Private Limited,70,306.1,21427.0,2025-08-27T12:25:08.50796
2025-08-27,52324,2025082704003756,RHPL,Sri Hari Securities Pvt. Ltd.,South Asian Bulls Pvt. Ltd.,1000,306.5,306500.0,2025-08-27T12:28:44.65216
2025-08-27,52231,2025082704003768,RHPL,Online Securities Pvt. Ltd.,Vision Securities Pvt. Ltd,100,306.3,30630.0,2025-08-27T12:29:04.67592
2025-08-27,51602,2025082704003928,RHPL,Vision Securities Pvt. Ltd,Naasa Securities Co. Ltd.,450,306.5,137925.0,2025-08-27T12:31:16.692743
2025-08-27,50644,2025082704004135,RHPL,Sani Securities Company Ltd.,Sewa Securities Pvt. Ltd.,40,306.7,12268.0,2025-08-27T12:34:18.400586
2025-08-27,49200,2025082704004474,RHPL,Thrive Brokerage House Pvt. Ltd,Imperial Securities Company Pvt. Ltd.,100,309.0,30900.0,2025-08-27T12:38:40.725623
2025-08-27,48338,2025082704004655,RHPL,Sri Hari Securities Pvt. Ltd.,Imperial Securities Company Pvt. Ltd.,880,309.0,271920.0,2025-08-27T12:41:12.99252
2025-08-27,48337,2025082704004656,RHPL,Sri Hari Securities Pvt. Ltd.,J.F. Securites (PVT) Ltd.,10,309.0,3090.0,2025-08-27T12:41:12.992971
2025-08-27,48336,2025082704004657,RHPL,Sri Hari Securities Pvt. Ltd.,Kohinoor Investment & Securities Pvt. Ltd.,70,309.0,21630.0,2025-08-27T12:41:12.993389
2025-08-27,48335,2025082704004658,RHPL,Sri Hari Securities Pvt. Ltd.,Naasa Securities Co. Ltd.,40,309.0,12360.0,2025-08-27T12:41:12.99376
2025-08-27,48287,2025082704004665,RHPL,Sri Hari Securities Pvt. Ltd.,Naasa Securities Co. Ltd.,960,309.0,296640.0,2025-08-27T12:41:24.093068
2025-08-27,48101,2025082704004709,RHPL,Naasa Securities Co. Ltd.,Sri Hari Securities Pvt. Ltd.,3,303.8,911.4,2025-08-27T12:42:00.757711
2025-08-27,47992,2025082704004738,RHPL,Secured Securities Ltd.,Asian Securities Private Ltd.,75,308.9,23167.5,2025-08-27T12:42:20.609251
2025-08-27,47991,2025082704004739,RHPL,Secured Securities Ltd.,Miyo Securities Pvt Ltd,225,309.0,69525.0,2025-08-27T12:42:20.609527
2025-08-27,46752,2025082704005125,RHPL,Primo Securities (PVT) Ltd.,Trishakti Securities Public Limited,200,307.3,61460.0,2025-08-27T12:46:11.180396
2025-08-27,46751,2025082704005126,RHPL,Trishakti Securities Public Limited,Trishakti Securities Public Limited,270,307.3,82971.0,2025-08-27T12:46:11.180601
2025-08-27,45718,2025082704005386,RHPL,Roadshow securities limited,Miyo Securities Pvt Ltd,225,309.0,69525.0,2025-08-27T12:50:19.938445
2025-08-27,45717,2025082704005387,RHPL,Roadshow securities limited,Naasa Securities Co. Ltd.,75,309.0,23175.0,2025-08-27T12:50:19.938655
2025-08-27,45628,2025082704005416,RHPL,Roadshow securities limited,Naasa Securities Co. Ltd.,300,309.0,92700.0,2025-08-27T12:50:43.995364
2025-08-27,45587,2025082704005425,RHPL,SUN SECURITIES PVT LTD,SUN SECURITIES PVT LTD,100,307.2,30720.0,2025-08-27T12:50:57.260297
2025-08-27,44905,2025082704005596,RHPL,Midas Stock Broking Company Private Limited,Trishakti Securities Public Limited,500,307.5,153750.0,2025-08-27T12:53:46.381077
2025-08-27,44674,2025082704005629,RHPL,Kumari Securities Private Limited,Vision Securities Pvt. Ltd,40,307.5,12300.0,2025-08-27T12:54:45.685083
2025-08-27,43799,2025082704005820,RHPL,Kumari Securities Private Limited,Naasa Securities Co. Ltd.,10,307.5,3075.0,2025-08-27T12:58:44.205741
2025-08-27,43798,2025082704005821,RHPL,Online Securities Pvt. Ltd.,Naasa Securities Co. Ltd.,30,307.4,9222.0,2025-08-27T12:58:44.205967
2025-08-27,42811,2025082704006010,RHPL,Online Securities Pvt. Ltd.,Trishakti Securities Public Limited,170,307.4,52258.0,2025-08-27T13:02:10.516384
2025-08-27,42810,2025082704006011,RHPL,Dynamic Money Managers Securities Pvt. Ltd.,Trishakti Securities Public Limited,500,307.3,153650.0,2025-08-27T13:02:10.516444
2025-08-27,42809,2025082704006012,RHPL,Aryatara Investment & Securities,Trishakti Securities Public Limited,330,307.3,101409.0,2025-08-27T13:02:10.516468
2025-08-27,42282,2025082704006137,RHPL,Imperial Securities Company Pvt. Ltd.,Sewa Securities Pvt. Ltd.,80,308.0,24640.0,2025-08-27T13:04:08.797402
2025-08-27,40870,2025082704006496,RHPL,Cristal Kanchanjanga Securites Pvt. Ltd.,Naasa Securities Co. Ltd.,125,309.0,38625.0,2025-08-27T13:09:30.995883
2025-08-27,40869,2025082704006497,RHPL,Cristal Kanchanjanga Securites Pvt. Ltd.,Ashutosh Brokerage & Securities (PVT) Ltd.,10,309.0,3090.0,2025-08-27T13:09:30.996171
2025-08-27,40868,2025082704006498,RHPL,Cristal Kanchanjanga Securites Pvt. Ltd.,Imperial Securities Company Pvt. Ltd.,200,309.0,61800.0,2025-08-27T13:09:30.996263
2025-08-27,40867,2025082704006499,RHPL,Cristal Kanchanjanga Securites Pvt. Ltd.,Asian Securities Private Ltd.,165,309.0,50985.0,2025-08-27T13:09:30.996377
2025-08-27,40592,2025082704006560,RHPL,Aryatara Investment & Securities,Asian Securities Private Ltd.,490,309.0,151410.0,2025-08-27T13:10:29.565829
2025-08-27,40297,2025082704006617,RHPL,Naasa Securities Co. Ltd.,Asian Securities Private Ltd.,100,309.0,30900.0,2025-08-27T13:11:38.95674
2025-08-27,39782,2025082704006765,RHPL,Imperial Securities Company Pvt. Ltd.,Nepal Stock House (PVT) Ltd.,20,308.0,6160.0,2025-08-27T13:13:26.359021
2025-08-27,39781,2025082704006766,RHPL,Nepal Investment And Securities Trading Private Limited,Nepal Stock House (PVT) Ltd.,90,308.0,27720.0,2025-08-27T13:13:26.359268
2025-08-27,39745,2025082704006781,RHPL,Nepal Investment And Securities Trading Private Limited,Sundhara Securities Limited,10,308.0,3080.0,2025-08-27T13:13:35.52187
2025-08-27,39744,2025082704006782,RHPL,Oxford Securities Pvt. Ltd.,Sundhara Securities Limited,19,308.0,5852.0,2025-08-27T13:13:35.522092
2025-08-27,39500,2025082704006842,RHPL,Naasa Securities Co. Ltd.,SUN SECURITIES PVT LTD,11,307.4,3381.4,2025-08-27T13:14:40.620512
2025-08-27,39499,2025082704006843,RHPL,SUN SECURITIES PVT LTD,SUN SECURITIES PVT LTD,400,307.2,122880.0,2025-08-27T13:14:40.620957
2025-08-27,39498,2025082704006844,RHPL,Magnet Securities and Investment Company Private Limited,SUN SECURITIES PVT LTD,200,307.1,61420.0,2025-08-27T13:14:40.621227
2025-08-27,39497,2025082704006845,RHPL,Sani Securities Company Ltd.,SUN SECURITIES PVT LTD,389,307.0,119423.0,2025-08-27T13:14:40.621505
2025-08-27,39054,2025082704006974,RHPL,Sani Securities Company Ltd.,Oxford Securities Pvt. Ltd.,10,307.0,3070.0,2025-08-27T13:16:10.970122
2025-08-27,38564,2025082704007109,RHPL,Sani Securities Company Ltd.,Trishakti Securities Public Limited,101,307.0,31007.0,2025-08-27T13:18:30.391167
2025-08-27,38563,2025082704007110,RHPL,Sani Securities Company Ltd.,Trishakti Securities Public Limited,300,307.0,92100.0,2025-08-27T13:18:30.39145
2025-08-27,38562,2025082704007111,RHPL,Vision Securities Pvt. Ltd,Trishakti Securities Public Limited,285,307.0,87495.0,2025-08-27T13:18:30.391564
2025-08-27,38205,2025082704007218,RHPL,Sani Securities Company Ltd.,Neev Securities Pvt. Ltd.,160,306.7,49072.0,2025-08-27T13:19:53.746862
2025-08-27,38204,2025082704007219,RHPL,Thrive Brokerage House Pvt. Ltd,Neev Securities Pvt. Ltd.,50,306.6,15330.0,2025-08-27T13:19:53.746969
2025-08-27,38203,2025082704007220,RHPL,Ashutosh Brokerage & Securities (PVT) Ltd.,Neev Securities Pvt. Ltd.,1000,306.5,306500.0,2025-08-27T13:19:53.747043
2025-08-27,38202,2025082704007221,RHPL,Aryatara Investment & Securities,Neev Securities Pvt. Ltd.,200,306.5,61300.0,2025-08-27T13:19:53.74711
2025-08-27,38201,2025082704007222,RHPL,Investment Management Nepal Pvt. Ltd.,Neev Securities Pvt. Ltd.,90,306.0,27540.0,2025-08-27T13:19:53.747178
2025-08-27,37361,2025082704007446,RHPL,Kohinoor Investment & Securities Pvt. Ltd.,Asian Securities Private Ltd.,10,309.0,3090.0,2025-08-27T13:23:02.88411
2025-08-27,37224,2025082704007488,RHPL,Thrive Brokerage House Pvt. Ltd,Imperial Securities Company Pvt. Ltd.,100,308.0,30800.0,2025-08-27T13:23:43.296733
2025-08-27,37183,2025082704007498,RHPL,Naasa Securities Co. Ltd.,J.F. Securites (PVT) Ltd.,10,306.4,3064.0,2025-08-27T13:23:52.398161
2025-08-27,37001,2025082704007530,RHPL,Naasa Securities Co. Ltd.,Trishakti Securities Public Limited,29,306.4,8885.6,2025-08-27T13:24:38.038075
2025-08-27,37000,2025082704007531,RHPL,Linch Stock Market Ltd.,Trishakti Securities Public Limited,11,306.4,3370.4,2025-08-27T13:24:38.038348
2025-08-27,35921,2025082704007814,RHPL,Thrive Brokerage House Pvt. Ltd,Kumari Securities Private Limited,50,306.5,15325.0,2025-08-27T13:28:27.189155
2025-08-27,35217,2025082704007994,RHPL,Agrawal Securities (PVT) Ltd.,Online Securities Pvt. Ltd.,70,307.0,21490.0,2025-08-27T13:30:45.064348
2025-08-27,34687,2025082704008112,RHPL,Agrawal Securities (PVT) Ltd.,Naasa Securities Co. Ltd.,10,306.6,3066.0,2025-08-27T13:32:23.063258
2025-08-27,33600,2025082704008406,RHPL,Sani Securities Company Ltd.,Swarna Laxmi Securities Pvt. Ltd.,70,307.0,21490.0,2025-08-27T13:36:10.024396
2025-08-27,33447,2025082704008454,RHPL,Sani Securities Company Ltd.,Cristal Kanchanjanga Securites Pvt. Ltd.,300,307.0,92100.0,2025-08-27T13:36:47.522472
2025-08-27,33398,2025082704008464,RHPL,Sani Securities Company Ltd.,Trishakti Securities Public Limited,375,307.0,115125.0,2025-08-27T13:36:59.409864
2025-08-27,33397,2025082704008465,RHPL,Thrive Brokerage House Pvt. Ltd,Trishakti Securities Public Limited,50,307.0,15350.0,2025-08-27T13:36:59.410087
2025-08-27,33206,2025082704008508,RHPL,Nepal Investment And Securities Trading Private Limited,Agrawal Securities (PVT) Ltd.,10,306.7,3067.0,2025-08-27T13:37:41.096626
2025-08-27,32048,2025082704008786,RHPL,Imperial Securities Company Pvt. Ltd.,Aryatara Investment & Securities,50,307.0,15350.0,2025-08-27T13:42:49.70686
2025-08-27,31819,2025082704008832,RHPL,Premier Securities Company Ltd.,Ashutosh Brokerage & Securities (PVT) Ltd.,30,308.0,9240.0,2025-08-27T13:44:05.395511
2025-08-27,31818,2025082704008833,RHPL,Premier Securities Company Ltd.,Imperial Securities Company Pvt. Ltd.,400,308.0,123200.0,2025-08-27T13:44:05.395746
2025-08-27,31817,2025082704008834,RHPL,Premier Securities Company Ltd.,Trishakti Securities Public Limited,10,308.0,3080.0,2025-08-27T13:44:05.395853
2025-08-27,31509,2025082704008897,RHPL,Sani Securities Company Ltd.,Dynamic Money Managers Securities Pvt. Ltd.,10,308.8,3088.0,2025-08-27T13:45:53.086308
2025-08-27,31508,2025082704008898,RHPL,Sani Securities Company Ltd.,Capital Max Securities Ltd,100,308.8,30880.0,2025-08-27T13:45:53.086593
2025-08-27,31257,2025082704008952,RHPL,Premier Securities Company Ltd.,Miyo Securities Pvt Ltd,60,308.0,18480.0,2025-08-27T13:47:30.933727
2025-08-27,31256,2025082704008953,RHPL,Imperial Securities Company Pvt. Ltd.,Miyo Securities Pvt Ltd,150,307.0,46050.0,2025-08-27T13:47:30.934294
2025-08-27,31255,2025082704008954,RHPL,Dynamic Money Managers Securities Pvt. Ltd.,Miyo Securities Pvt Ltd,100,306.8,30680.0,2025-08-27T13:47:30.934612
2025-08-27,31229,2025082704008959,RHPL,Sani Securities Company Ltd.,Miyo Securities Pvt Ltd,100,306.8,30680.0,2025-08-27T13:47:42.989828
2025-08-27,31183,2025082704008983,RHPL,Imperial Securities Company Pvt. Ltd.,Miyo Securities Pvt Ltd,50,306.7,15335.0,2025-08-27T13:48:00.068363
2025-08-27,31157,2025082704008988,RHPL,Imperial Securities Company Pvt. Ltd.,Miyo Securities Pvt Ltd,20,306.7,6134.0,2025-08-27T13:48:09.108157
2025-08-27,31134,2025082704008991,RHPL,Imperial Securities Company Pvt. Ltd.,Miyo Securities Pvt Ltd,20,306.7,6134.0,2025-08-27T13:48:22.164405
2025-08-27,30696,2025082704009068,RHPL,Kalika Securities Pvt. Ltd.,Indira securities pvt. ltd,70,306.8,21476.0,2025-08-27T13:50:28.284123
2025-08-27,30695,2025082704009069,RHPL,Kalika Securities Pvt. Ltd.,Nepal Stock House (PVT) Ltd.,10,306.8,3068.0,2025-08-27T13:50:28.75036
2025-08-27,30382,2025082704009140,RHPL,Kalika Securities Pvt. Ltd.,Nepal Stock House (PVT) Ltd.,40,307.0,12280.0,2025-08-27T13:52:09.130989
2025-08-27,29186,2025082704009356,RHPL,Kalika Securities Pvt. Ltd.,Naasa Securities Co. Ltd.,160,307.0,49120.0,2025-08-27T13:56:28.432186
2025-08-27,28830,2025082704009423,RHPL,Premier Securities Company Ltd.,Naasa Securities Co. Ltd.,140,307.0,42980.0,2025-08-27T13:58:04.30828
2025-08-27,28409,2025082704009516,RHPL,Premier Securities Company Ltd.,Sewa Securities Pvt. Ltd.,268,308.0,82544.0,2025-08-27T13:59:56.932101
2025-08-27,28408,2025082704009517,RHPL,Premier Securities Company Ltd.,Dynamic Money Managers Securities Pvt. Ltd.,92,308.0,28336.0,2025-08-27T13:59:56.932412
2025-08-27,27749,2025082704009602,RHPL,Kalika Securities Pvt. Ltd.,Trishakti Securities Public Limited,100,307.0,30700.0,2025-08-27T14:02:12.264561
2025-08-27,27748,2025082704009603,RHPL,Trishakti Securities Public Limited,Trishakti Securities Public Limited,100,307.0,30700.0,2025-08-27T14:02:12.264862
2025-08-27,23788,2025082704010357,RHPL,Kalika Securities Pvt. Ltd.,Dynamic Money Managers Securities Pvt. Ltd.,93,308.0,28644.0,2025-08-27T14:13:31.95595
2025-08-27,23787,2025082704010358,RHPL,Kalika Securities Pvt. Ltd.,Midas Stock Broking Company Private Limited,27,308.0,8316.0,2025-08-27T14:13:31.956469
2025-08-27,23191,2025082704010477,RHPL,Market Securities & Exchange (PVT) Ltd.,Midas Stock Broking Company Private Limited,43,308.0,13244.0,2025-08-27T14:15:18.14281
2025-08-27,23190,2025082704010478,RHPL,Market Securities & Exchange (PVT) Ltd.,Naasa Securities Co. Ltd.,30,308.0,9240.0,2025-08-27T14:15:18.14334
2025-08-27,23189,2025082704010479,RHPL,Market Securities & Exchange (PVT) Ltd.,Online Securities Pvt. Ltd.,100,308.0,30800.0,2025-08-27T14:15:18.143713
2025-08-27,23188,2025082704010480,RHPL,Market Securities & Exchange (PVT) Ltd.,Naasa Securities Co. Ltd.,827,308.4,255046.8,2025-08-27T14:15:18.144115
2025-08-27,22894,2025082704010533,RHPL,Kumari Securities Private Limited,Naasa Securities Co. Ltd.,50,308.4,15420.0,2025-08-27T14:16:15.321414
2025-08-27,22844,2025082704010544,RHPL,Naasa Securities Co. Ltd.,Naasa Securities Co. Ltd.,68,308.4,20971.2,2025-08-27T14:16:30.583898
2025-08-27,22029,2025082704010727,RHPL,Trisul Securities & Invt. Ltd.,Naasa Securities Co. Ltd.,50,308.0,15400.0,2025-08-27T14:18:48.518885
2025-08-27,21309,2025082704010892,RHPL,Secured Securities Ltd.,Trishakti Securities Public Limited,200,307.5,61500.0,2025-08-27T14:21:03.908363
2025-08-27,21308,2025082704010893,RHPL,Neev Securities Pvt. Ltd.,Trishakti Securities Public Limited,200,307.5,61500.0,2025-08-27T14:21:03.908619
2025-08-27,21295,2025082704010900,RHPL,Sani Securities Company Ltd.,Secured Securities Ltd.,16,307.5,4920.0,2025-08-27T14:21:07.877762
2025-08-27,21101,2025082704010942,RHPL,Online Securities Pvt. Ltd.,Secured Securities Ltd.,64,307.4,19673.6,2025-08-27T14:21:39.223803
2025-08-27,20931,2025082704010980,RHPL,Oxford Securities Pvt. Ltd.,Naasa Securities Co. Ltd.,40,307.5,12300.0,2025-08-27T14:22:15.716147
2025-08-27,20722,2025082704011017,RHPL,Oxford Securities Pvt. Ltd.,Trishakti Securities Public Limited,100,307.5,30750.0,2025-08-27T14:22:49.501863
2025-08-27,20372,2025082704011043,RHPL,Premier Securities Company Ltd.,Naasa Securities Co. Ltd.,200,308.4,61680.0,2025-08-27T14:23:40.108429
2025-08-27,19176,2025082704011280,RHPL,Linch Stock Market Ltd.,Secured Securities Ltd.,80,307.6,24608.0,2025-08-27T14:27:21.566653
2025-08-27,19139,2025082704011282,RHPL,Shree Krishna Securities Ltd.,Naasa Securities Co. Ltd.,55,308.4,16962.0,2025-08-27T14:27:26.614576
2025-08-27,19138,2025082704011283,RHPL,Shree Krishna Securities Ltd.,Dynamic Money Managers Securities Pvt. Ltd.,20,308.6,6172.0,2025-08-27T14:27:26.615094
2025-08-27,19137,2025082704011284,RHPL,Shree Krishna Securities Ltd.,Trishakti Securities Public Limited,30,308.6,9258.0,2025-08-27T14:27:26.615411
2025-08-27,19136,2025082704011285,RHPL,Shree Krishna Securities Ltd.,Naasa Securities Co. Ltd.,45,308.7,13891.5,2025-08-27T14:27:26.615719
2025-08-27,18798,2025082704011355,RHPL,Sani Securities Company Ltd.,Creative Securities Pvt Ltd,70,308.6,21602.0,2025-08-27T14:28:22.587385
2025-08-27,18364,2025082704011450,RHPL,Sani Securities Company Ltd.,Sundhara Securities Limited,130,308.6,40118.0,2025-08-27T14:29:43.008343
2025-08-27,17267,2025082704011711,RHPL,Sumeru Securities Pvt. Ltd.,Naasa Securities Co. Ltd.,65,308.7,20065.5,2025-08-27T14:32:31.518857
2025-08-27,17266,2025082704011712,RHPL,Sumeru Securities Pvt. Ltd.,Online Securities Pvt. Ltd.,75,308.7,23152.5,2025-08-27T14:32:31.519398
2025-08-27,16243,2025082704011894,RHPL,Sri Hari Securities Pvt. Ltd.,Online Securities Pvt. Ltd.,25,308.7,7717.5,2025-08-27T14:35:36.195797
2025-08-27,16242,2025082704011895,RHPL,Sri Hari Securities Pvt. Ltd.,Kohinoor Investment & Securities Pvt. Ltd.,475,308.7,146632.5,2025-08-27T14:35:36.196281
2025-08-27,15912,2025082704011959,RHPL,Dynamic Money Managers Securities Pvt. Ltd.,Secured Securities Ltd.,1,305.0,305.0,2025-08-27T14:36:32.23833
2025-08-27,15826,2025082704011985,RHPL,Dynamic Money Managers Securities Pvt. Ltd.,Prabhu Stock Market Limited,1,306.0,306.0,2025-08-27T14:36:47.867345
2025-08-27,14567,2025082704012219,RHPL,Online Securities Pvt. Ltd.,Kohinoor Investment & Securities Pvt. Ltd.,1000,308.7,308700.0,2025-08-27T14:39:50.955732
2025-08-27,13998,2025082704012341,RHPL,Midas Stock Broking Company Private Limited,Kohinoor Investment & Securities Pvt. Ltd.,100,308.7,30870.0,2025-08-27T14:41:21.253973
2025-08-27,13711,2025082704012416,RHPL,Naasa Securities Co. Ltd.,Trishakti Securities Public Limited,1000,308.0,308000.0,2025-08-27T14:41:52.097716
2025-08-27,13213,2025082704012541,RHPL,Dipshikha Dhitopatra Karobar Co. Pvt Ltd.,Trishakti Securities Public Limited,100,308.1,30810.0,2025-08-27T14:43:04.072551
2025-08-27,13204,2025082704012543,RHPL,Dynamic Money Managers Securities Pvt. Ltd.,Oxford Securities Pvt. Ltd.,10,307.7,3077.0,2025-08-27T14:43:04.891564
2025-08-27,13203,2025082704012544,RHPL,Dynamic Money Managers Securities Pvt. Ltd.,Oxford Securities Pvt. Ltd.,10,307.6,3076.0,2025-08-27T14:43:04.891628
2025-08-27,13202,2025082704012545,RHPL,Oxford Securities Pvt. Ltd.,Oxford Securities Pvt. Ltd.,24,307.5,7380.0,2025-08-27T14:43:04.891658
2025-08-27,13201,2025082704012546,RHPL,Dynamic Money Managers Securities Pvt. Ltd.,Oxford Securities Pvt. Ltd.,36,307.5,11070.0,2025-08-27T14:43:04.89169
2025-08-27,13088,2025082704012567,RHPL,Dynamic Money Managers Securities Pvt. Ltd.,Trishakti Securities Public Limited,1000,307.5,307500.0,2025-08-27T14:43:18.170821
2025-08-27,13011,2025082704012579,RHPL,Dynamic Money Managers Securities Pvt. Ltd.,Trishakti Securities Public Limited,964,307.5,296430.0,2025-08-27T14:43:30.334877
2025-08-27,13010,2025082704012580,RHPL,Online Securities Pvt. Ltd.,Trishakti Securities Public Limited,86,307.4,26436.4,2025-08-27T14:43:30.334988
2025-08-27,13009,2025082704012581,RHPL,Vision Securities Pvt. Ltd,Trishakti Securities Public Limited,50,307.3,15365.0,2025-08-27T14:43:30.335025
2025-08-27,12457,2025082704012686,RHPL,Naasa Securities Co. Ltd.,Trishakti Securities Public Limited,500,307.4,153700.0,2025-08-27T14:44:40.078433
2025-08-27,12143,2025082704012776,RHPL,ABC Securities Private Limited,S.P.S.A. Securities Limited,100,308.1,30810.0,2025-08-27T14:45:07.683154
2025-08-27,11811,2025082704012884,RHPL,Bhrikuti Stock Broking Co. Pvt. Ltd.,Capital Max Securities Ltd,100,308.0,30800.0,2025-08-27T14:45:41.007802
2025-08-27,11667,2025082704012898,RHPL,Kumari Securities Private Limited,Kohinoor Investment & Securities Pvt. Ltd.,180,307.2,55296.0,2025-08-27T14:45:57.786481
2025-08-27,11666,2025082704012899,RHPL,Sani Securities Company Ltd.,Kohinoor Investment & Securities Pvt. Ltd.,20,307.2,6144.0,2025-08-27T14:45:57.786955
2025-08-27,11665,2025082704012900,RHPL,Arun Securities (PVT) Ltd.,Kohinoor Investment & Securities Pvt. Ltd.,100,307.2,30720.0,2025-08-27T14:45:57.787258
2025-08-27,11664,2025082704012901,RHPL,Vision Securities Pvt. Ltd,Kohinoor Investment & Securities Pvt. Ltd.,105,307.2,32256.0,2025-08-27T14:45:57.787574
2025-08-27,11663,2025082704012902,RHPL,Naasa Securities Co. Ltd.,Kohinoor Investment & Securities Pvt. Ltd.,1500,307.0,460500.0,2025-08-27T14:45:57.787885
2025-08-27,11662,2025082704012903,RHPL,Vision Securities Pvt. Ltd,Kohinoor Investment & Securities Pvt. Ltd.,200,307.0,61400.0,2025-08-27T14:45:57.788178
2025-08-27,11661,2025082704012904,RHPL,Oxford Securities Pvt. Ltd.,Kohinoor Investment & Securities Pvt. Ltd.,25,307.0,7675.0,2025-08-27T14:45:57.788483
2025-08-27,11660,2025082704012905,RHPL,Naasa Securities Co. Ltd.,Kohinoor Investment & Securities Pvt. Ltd.,10,307.0,3070.0,2025-08-27T14:45:57.788781
2025-08-27,11659,2025082704012906,RHPL,Sewa Securities Pvt. Ltd.,Kohinoor Investment & Securities Pvt. Ltd.,100,307.0,30700.0,2025-08-27T14:45:57.789096
2025-08-27,11658,2025082704012907,RHPL,Naasa Securities Co. Ltd.,Kohinoor Investment & Securities Pvt. Ltd.,17,307.0,5219.0,2025-08-27T14:45:57.789421
2025-08-27,11657,2025082704012908,RHPL,SUN SECURITIES PVT LTD,Kohinoor Investment & Securities Pvt. Ltd.,10,307.0,3070.0,2025-08-27T14:45:57.789742
2025-08-27,11571,2025082704012935,RHPL,Trisul Securities & Invt. Ltd.,Kohinoor Investment & Securities Pvt. Ltd.,30,307.0,9210.0,2025-08-27T14:46:10.617229
2025-08-27,11458,2025082704012999,RHPL,Trisul Securities & Invt. Ltd.,Kohinoor Investment & Securities Pvt. Ltd.,30,307.0,9210.0,2025-08-27T14:46:21.675969
2025-08-27,11358,2025082704013026,RHPL,Trisul Securities & Invt. Ltd.,Kohinoor Investment & Securities Pvt. Ltd.,30,307.0,9210.0,2025-08-27T14:46:32.769514
2025-08-27,11334,2025082704013029,RHPL,Imperial Securities Company Pvt. Ltd.,Sani Securities Company Ltd.,40,306.7,12268.0,2025-08-27T14:46:34.561603
2025-08-27,11327,2025082704013030,RHPL,Imperial Securities Company Pvt. Ltd.,Capital Max Securities Ltd,370,306.7,113479.0,2025-08-27T14:46:35.299097
2025-08-27,11326,2025082704013031,RHPL,Nepal Investment And Securities Trading Private Limited,Capital Max Securities Ltd,30,306.7,9201.0,2025-08-27T14:46:35.299381
2025-08-27,10996,2025082704013130,RHPL,Premier Securities Company Ltd.,S.P.S.A. Securities Limited,100,306.8,30680.0,2025-08-27T14:47:11.596594
2025-08-27,10752,2025082704013198,RHPL,Nepal Investment And Securities Trading Private Limited,S.P.S.A. Securities Limited,20,306.7,6134.0,2025-08-27T14:47:31.062364
2025-08-27,10380,2025082704013293,RHPL,Premier Securities Company Ltd.,Kohinoor Investment & Securities Pvt. Ltd.,18,307.0,5526.0,2025-08-27T14:48:15.283914
2025-08-27,10379,2025082704013294,RHPL,Premier Securities Company Ltd.,Secured Securities Ltd.,30,307.0,9210.0,2025-08-27T14:48:15.284157
2025-08-27,9663,2025082704013518,RHPL,Bhrikuti Stock Broking Co. Pvt. Ltd.,N.I.M.B. Stock Markets Limited,25,308.0,7700.0,2025-08-27T14:49:25.257597
2025-08-27,9662,2025082704013519,RHPL,Bhrikuti Stock Broking Co. Pvt. Ltd.,Asian Securities Private Ltd.,235,308.0,72380.0,2025-08-27T14:49:25.257869
2025-08-27,9502,2025082704013600,RHPL,Bhrikuti Stock Broking Co. Pvt. Ltd.,Midas Stock Broking Company Private Limited,30,308.0,9240.0,2025-08-27T14:49:39.243725
2025-08-27,9488,2025082704013603,RHPL,Bhrikuti Stock Broking Co. Pvt. Ltd.,Trishakti Securities Public Limited,210,308.0,64680.0,2025-08-27T14:49:42.297836
2025-08-27,9470,2025082704013609,RHPL,Bhrikuti Stock Broking Co. Pvt. Ltd.,Trishakti Securities Public Limited,30,308.0,9240.0,2025-08-27T14:49:44.431044
2025-08-27,9469,2025082704013610,RHPL,Bhrikuti Stock Broking Co. Pvt. Ltd.,Trishakti Securities Public Limited,70,308.5,21595.0,2025-08-27T14:49:44.43128
2025-08-27,9379,2025082704013628,RHPL,Dakshinkali Investment & Securities Pvt. Ltd.,Trishakti Securities Public Limited,430,308.5,132655.0,2025-08-27T14:49:55.728794
2025-08-27,9378,2025082704013629,RHPL,Dakshinkali Investment & Securities Pvt. Ltd.,Trishakti Securities Public Limited,20,308.7,6174.0,2025-08-27T14:49:55.729068
2025-08-27,9377,2025082704013630,RHPL,Dakshinkali Investment & Securities Pvt. Ltd.,Trishakti Securities Public Limited,30,308.7,9261.0,2025-08-27T14:49:55.729172
2025-08-27,9376,2025082704013631,RHPL,Dakshinkali Investment & Securities Pvt. Ltd.,Capital Max Securities Ltd,20,308.8,6176.0,2025-08-27T14:49:55.729271
2025-08-27,9356,2025082704013632,RHPL,Bhrikuti Stock Broking Co. Pvt. Ltd.,Capital Max Securities Ltd,275,308.8,84920.0,2025-08-27T14:49:58.535924
2025-08-27,9355,2025082704013633,RHPL,Bhrikuti Stock Broking Co. Pvt. Ltd.,Naasa Securities Co. Ltd.,325,308.8,100360.0,2025-08-27T14:49:58.536164
2025-08-27,8884,2025082704013743,RHPL,Sanima Securities Limited,Trishakti Securities Public Limited,200,308.0,61600.0,2025-08-27T14:50:35.014522
2025-08-27,8580,2025082704013784,RHPL,Citizens Share Broker Limited,Trishakti Securities Public Limited,500,308.6,154300.0,2025-08-27T14:51:05.813647
2025-08-27,8412,2025082704013832,RHPL,Hatemalo Financial Services Private Limited,Sani Securities Company Ltd.,10,308.0,3080.0,2025-08-27T14:51:23.291678
2025-08-27,8184,2025082704013878,RHPL,Sumeru Securities Pvt. Ltd.,Trishakti Securities Public Limited,485,308.6,149671.0,2025-08-27T14:51:47.422425
2025-08-27,7690,2025082704013988,RHPL,Midas Stock Broking Company Private Limited,Trishakti Securities Public Limited,15,308.6,4629.0,2025-08-27T14:52:29.231069
2025-08-27,7092,2025082704014107,RHPL,Hatemalo Financial Services Private Limited,Citizens Share Broker Limited,250,308.0,77000.0,2025-08-27T14:53:16.345797
2025-08-27,6921,2025082704014159,RHPL,Aryatara Investment & Securities,Trishakti Securities Public Limited,50,308.6,15430.0,2025-08-27T14:53:28.366125
2025-08-27,6290,2025082704014321,RHPL,Premier Securities Company Ltd.,Imperial Securities Company Pvt. Ltd.,50,308.1,15405.0,2025-08-27T14:54:18.131641
2025-08-27,6289,2025082704014322,RHPL,Hatemalo Financial Services Private Limited,Imperial Securities Company Pvt. Ltd.,600,308.0,184800.0,2025-08-27T14:54:18.132143
2025-08-27,6272,2025082704014326,RHPL,Investment Management Nepal Pvt. Ltd.,Linch Stock Market Ltd.,70,308.5,21595.0,2025-08-27T14:54:20.679036
2025-08-27,6271,2025082704014327,RHPL,Investment Management Nepal Pvt. Ltd.,Trishakti Securities Public Limited,230,308.6,70978.0,2025-08-27T14:54:20.679298
2025-08-27,6024,2025082704014388,RHPL,Online Securities Pvt. Ltd.,Thrive Brokerage House Pvt. Ltd,500,308.5,154250.0,2025-08-27T14:54:44.138487
2025-08-27,5862,2025082704014429,RHPL,Online Securities Pvt. Ltd.,Thrive Brokerage House Pvt. Ltd,300,308.5,92550.0,2025-08-27T14:54:58.340943
2025-08-27,5726,2025082704014451,RHPL,Hatemalo Financial Services Private Limited,Sundhara Securities Limited,10,308.0,3080.0,2025-08-27T14:55:11.419178
2025-08-27,5388,2025082704014527,RHPL,Online Securities Pvt. Ltd.,Shree Krishna Securities Ltd.,100,308.1,30810.0,2025-08-27T14:55:32.887075
2025-08-27,5387,2025082704014528,RHPL,Hatemalo Financial Services Private Limited,Shree Krishna Securities Ltd.,130,308.0,40040.0,2025-08-27T14:55:32.887146
2025-08-27,5386,2025082704014529,RHPL,Sani Securities Company Ltd.,Shree Krishna Securities Ltd.,30,308.0,9240.0,2025-08-27T14:55:32.887172
2025-08-27,5385,2025082704014530,RHPL,Naasa Securities Co. Ltd.,Shree Krishna Securities Ltd.,20,307.5,6150.0,2025-08-27T14:55:32.887216
2025-08-27,5384,2025082704014531,RHPL,Midas Stock Broking Company Private Limited,Shree Krishna Securities Ltd.,50,307.4,15370.0,2025-08-27T14:55:32.887246
2025-08-27,5383,2025082704014532,RHPL,Asian Securities Private Ltd.,Shree Krishna Securities Ltd.,500,307.3,153650.0,2025-08-27T14:55:32.887306
2025-08-27,5382,2025082704014533,RHPL,Oxford Securities Pvt. Ltd.,Shree Krishna Securities Ltd.,163,307.3,50089.9,2025-08-27T14:55:32.887382
2025-08-27,5381,2025082704014534,RHPL,South Asian Bulls Pvt. Ltd.,Shree Krishna Securities Ltd.,200,307.2,61440.0,2025-08-27T14:55:32.887404
2025-08-27,5380,2025082704014535,RHPL,Dynamic Money Managers Securities Pvt. Ltd.,Shree Krishna Securities Ltd.,10,307.2,3072.0,2025-08-27T14:55:32.887439
2025-08-27,5379,2025082704014536,RHPL,South Asian Bulls Pvt. Ltd.,Shree Krishna Securities Ltd.,197,307.1,60498.7,2025-08-27T14:55:32.887463
2025-08-27,5139,2025082704014598,RHPL,Online Securities Pvt. Ltd.,Trishakti Securities Public Limited,200,308.1,61620.0,2025-08-27T14:55:54.307264
2025-08-27,4869,2025082704014664,RHPL,Sagarmatha Securities Private Limited,Trishakti Securities Public Limited,70,308.0,21560.0,2025-08-27T14:56:14.489425
2025-08-27,4018,2025082704014835,RHPL,Naasa Securities Co. Ltd.,Trishakti Securities Public Limited,29,308.1,8934.9,2025-08-27T14:57:11.370815
2025-08-27,3614,2025082704014890,RHPL,Sweta Securities Private Limited,Cristal Kanchanjanga Securites Pvt. Ltd.,60,308.2,18492.0,2025-08-27T14:57:37.032811
2025-08-27,3613,2025082704014891,RHPL,pahiinvestment,Cristal Kanchanjanga Securites Pvt. Ltd.,140,308.2,43148.0,2025-08-27T14:57:37.033057
2025-08-27,3346,2025082704014991,RHPL,Cristal Kanchanjanga Securites Pvt. Ltd.,Naasa Securities Co. Ltd.,1075,308.8,331960.0,2025-08-27T14:57:52.138948
2025-08-27,3218,2025082704015031,RHPL,Oxford Securities Pvt. Ltd.,Sundhara Securities Limited,393,308.3,121161.9,2025-08-27T14:57:58.746359
2025-08-27,2831,2025082704015115,RHPL,Cristal Kanchanjanga Securites Pvt. Ltd.,N.I.M.B. Stock Markets Limited,15,309.0,4635.0,2025-08-27T14:58:21.329867
2025-08-27,2830,2025082704015116,RHPL,Cristal Kanchanjanga Securites Pvt. Ltd.,K.B.L. Securities Limited ,10,309.0,3090.0,2025-08-27T14:58:21.33011
2025-08-27,1257,2025082704015540,RHPL,Imperial Securities Company Pvt. Ltd.,K.B.L. Securities Limited ,120,309.0,37080.0,2025-08-27T14:59:24.995012
2025-08-27,1256,2025082704015541,RHPL,Imperial Securities Company Pvt. Ltd.,Dipshikha Dhitopatra Karobar Co. Pvt Ltd.,70,309.0,21630.0,2025-08-27T14:59:24.995251
2025-08-27,1255,2025082704015542,RHPL,Imperial Securities Company Pvt. Ltd.,Sani Securities Company Ltd.,40,309.0,12360.0,2025-08-27T14:59:24.995379
2025-08-27,1254,2025082704015543,RHPL,Imperial Securities Company Pvt. Ltd.,Asian Securities Private Ltd.,70,309.0,21630.0,2025-08-27T14:59:24.995492
2025-08-27,1253,2025082704015544,RHPL,Imperial Securities Company Pvt. Ltd.,Investment Management Nepal Pvt. Ltd.,50,309.0,15450.0,2025-08-27T14:59:24.995606
2025-08-27,1252,2025082704015545,RHPL,Imperial Securities Company Pvt. Ltd.,J.F. Securites (PVT) Ltd.,20,309.0,6180.0,2025-08-27T14:59:24.995711
2025-08-27,1251,2025082704015546,RHPL,Imperial Securities Company Pvt. Ltd.,Imperial Securities Company Pvt. Ltd.,200,309.0,61800.0,2025-08-27T14:59:24.995822
2025-08-27,1250,2025082704015547,RHPL,Imperial Securities Company Pvt. Ltd.,Sani Securities Company Ltd.,60,309.1,18546.0,2025-08-27T14:59:24.995934
2025-08-27,1249,2025082704015548,RHPL,Imperial Securities Company Pvt. Ltd.,Naasa Securities Co. Ltd.,1400,309.2,432880.0,2025-08-27T14:59:24.996047
2025-08-27,1248,2025082704015549,RHPL,Imperial Securities Company Pvt. Ltd.,Asian Securities Private Ltd.,10,310.0,3100.0,2025-08-27T14:59:24.996177
2025-08-27,1247,2025082704015550,RHPL,Imperial Securities Company Pvt. Ltd.,Sharepro Securities Private Limited,260,310.0,80600.0,2025-08-27T14:59:24.996289
2025-08-27,1246,2025082704015551,RHPL,Imperial Securities Company Pvt. Ltd.,Kalika Securities Pvt. Ltd.,50,310.0,15500.0,2025-08-27T14:59:24.996412
2025-08-27,1245,2025082704015552,RHPL,Imperial Securities Company Pvt. Ltd.,Dakshinkali Investment & Securities Pvt. Ltd.,50,310.0,15500.0,2025-08-27T14:59:24.996523
2025-08-27,1244,2025082704015553,RHPL,Imperial Securities Company Pvt. Ltd.,Imperial Securities Company Pvt. Ltd.,70,310.0,21700.0,2025-08-27T14:59:24.996643
2025-08-27,1243,2025082704015554,RHPL,Imperial Securities Company Pvt. Ltd.,Sharepro Securities Private Limited,80,310.0,24800.0,2025-08-27T14:59:24.996755
2025-08-27,1242,2025082704015555,RHPL,Imperial Securities Company Pvt. Ltd.,Naasa Securities Co. Ltd.,820,310.0,254200.0,2025-08-27T14:59:24.996869
2025-08-27,1241,2025082704015556,RHPL,Imperial Securities Company Pvt. Ltd.,Imperial Securities Company Pvt. Ltd.,80,310.0,24800.0,2025-08-27T14:59:24.996997
2025-08-27,1240,2025082704015557,RHPL,Imperial Securities Company Pvt. Ltd.,Sweta Securities Private Limited,70,310.0,21700.0,2025-08-27T14:59:24.997113
2025-08-27,1239,2025082704015558,RHPL,Imperial Securities Company Pvt. Ltd.,Nagarik Stock Dealer ,200,310.0,62000.0,2025-08-27T14:59:24.997229
2025-08-27,1238,2025082704015559,RHPL,Imperial Securities Company Pvt. Ltd.,Primo Securities (PVT) Ltd.,280,310.0,86800.0,2025-08-27T14:59:24.99734
