Date,S.N.,Contract ID,Symbol,Buyer Broker,Seller Broker,volume,rate,amount,transaction_time
2025-08-27,71538,2025082703000114,SAPDBL,Sewa Securities Pvt. Ltd.,Aryatara Investment & Securities,30,834.0,25020.0,2025-08-27T11:08:28.706437
2025-08-27,71537,2025082703000115,SAPDBL,KALASH STOCK MARKET PVT. LTD.,Aryatara Investment & Securities,200,830.1,166020.0,2025-08-27T11:08:28.706569
2025-08-27,71536,2025082703000116,SAPDBL,Online Securities Pvt. Ltd.,Aryatara Investment & Securities,50,830.0,41500.0,2025-08-27T11:08:28.706611
2025-08-27,71535,2025082703000117,SAPDBL,Vision Securities Pvt. Ltd,Aryatara Investment & Securities,270,830.0,224100.0,2025-08-27T11:08:28.706649
2025-08-27,71246,2025082703000161,SAPDBL,Vision Securities Pvt. Ltd,Aryatara Investment & Securities,200,830.0,166000.0,2025-08-27T11:10:09.65593
2025-08-27,71070,2025082703000184,SAPDBL,Vision Securities Pvt. Ltd,Aryatara Investment & Securities,30,830.0,24900.0,2025-08-27T11:11:09.317631
2025-08-27,71069,2025082703000185,SAPDBL,K.B.L. Securities Limited ,Aryatara Investment & Securities,489,830.0,405870.0,2025-08-27T11:11:09.317805
2025-08-27,70885,2025082703000204,SAPDBL,K.B.L. Securities Limited ,Naasa Securities Co. Ltd.,111,830.0,92130.0,2025-08-27T11:12:17.793684
2025-08-27,70884,2025082703000205,SAPDBL,Kohinoor Investment & Securities Pvt. Ltd.,Naasa Securities Co. Ltd.,100,829.0,82900.0,2025-08-27T11:12:17.793734
2025-08-27,70883,2025082703000206,SAPDBL,Trishakti Securities Public Limited,Naasa Securities Co. Ltd.,89,829.0,73781.0,2025-08-27T11:12:17.793776
2025-08-27,70552,2025082703000255,SAPDBL,Trishakti Securities Public Limited,Ashutosh Brokerage & Securities (PVT) Ltd.,30,829.0,24870.0,2025-08-27T11:14:03.124715
2025-08-27,70520,2025082703000258,SAPDBL,Trishakti Securities Public Limited,Naasa Securities Co. Ltd.,154,829.0,127666.0,2025-08-27T11:14:10.498058
2025-08-27,69967,2025082703000332,SAPDBL,Sani Securities Company Ltd.,Nepal Stock House (PVT) Ltd.,10,830.0,8300.0,2025-08-27T11:17:35.337393
2025-08-27,68797,2025082703000468,SAPDBL,Kohinoor Investment & Securities Pvt. Ltd.,Naasa Securities Co. Ltd.,70,831.0,58170.0,2025-08-27T11:22:57.66598
2025-08-27,68739,2025082703000482,SAPDBL,Sani Securities Company Ltd.,Shree Krishna Securities Ltd.,500,836.7,418350.0,2025-08-27T11:23:14.158891
2025-08-27,68382,2025082703000534,SAPDBL,Kohinoor Investment & Securities Pvt. Ltd.,Shree Krishna Securities Ltd.,10,831.0,8310.0,2025-08-27T11:25:09.396505
2025-08-27,67725,2025082703000621,SAPDBL,Kohinoor Investment & Securities Pvt. Ltd.,Linch Stock Market Ltd.,10,831.0,8310.0,2025-08-27T11:27:34.365506
2025-08-27,67340,2025082703000700,SAPDBL,Kohinoor Investment & Securities Pvt. Ltd.,Sundhara Securities Limited,30,831.0,24930.0,2025-08-27T11:29:22.667413
2025-08-27,67339,2025082703000701,SAPDBL,Sani Securities Company Ltd.,Sundhara Securities Limited,30,830.0,24900.0,2025-08-27T11:29:22.66764
2025-08-27,67338,2025082703000702,SAPDBL,Vision Securities Pvt. Ltd,Sundhara Securities Limited,40,830.0,33200.0,2025-08-27T11:29:22.66779
2025-08-27,67337,2025082703000703,SAPDBL,Linch Stock Market Ltd.,Sundhara Securities Limited,50,830.0,41500.0,2025-08-27T11:29:22.667939
2025-08-27,67203,2025082703000717,SAPDBL,Kohinoor Investment & Securities Pvt. Ltd.,Sundhara Securities Limited,50,830.0,41500.0,2025-08-27T11:29:51.812605
2025-08-27,67090,2025082703000740,SAPDBL,Swarna Laxmi Securities Pvt. Ltd.,Asian Securities Private Ltd.,50,831.0,41550.0,2025-08-27T11:30:21.429456
2025-08-27,66587,2025082703000835,SAPDBL,Swarna Laxmi Securities Pvt. Ltd.,Sumeru Securities Pvt. Ltd.,100,831.0,83100.0,2025-08-27T11:32:21.663468
2025-08-27,66209,2025082703000898,SAPDBL,Trisul Securities & Invt. Ltd.,Thrive Brokerage House Pvt. Ltd,70,834.9,58443.0,2025-08-27T11:33:42.670542
2025-08-27,65924,2025082703000949,SAPDBL,South Asian Bulls Pvt. Ltd.,Thrive Brokerage House Pvt. Ltd,100,834.9,83490.0,2025-08-27T11:34:30.772653
2025-08-27,65295,2025082703001062,SAPDBL,Dipshikha Dhitopatra Karobar Co. Pvt Ltd.,Thrive Brokerage House Pvt. Ltd,100,832.3,83230.0,2025-08-27T11:36:18.933928
2025-08-27,64322,2025082703001278,SAPDBL,ABC Securities Private Limited,Kumari Securities Private Limited,150,832.3,124845.0,2025-08-27T11:40:15.944861
2025-08-27,64321,2025082703001279,SAPDBL,Nepal Investment And Securities Trading Private Limited,Kumari Securities Private Limited,10,832.1,8321.0,2025-08-27T11:40:15.945136
2025-08-27,64320,2025082703001280,SAPDBL,Swarna Laxmi Securities Pvt. Ltd.,Kumari Securities Private Limited,20,832.0,16640.0,2025-08-27T11:40:15.945303
2025-08-27,64246,2025082703001287,SAPDBL,Dynamic Money Managers Securities Pvt. Ltd.,Thrive Brokerage House Pvt. Ltd,100,831.1,83110.0,2025-08-27T11:40:33.240453
2025-08-27,64197,2025082703001294,SAPDBL,Dynamic Money Managers Securities Pvt. Ltd.,Thrive Brokerage House Pvt. Ltd,100,831.1,83110.0,2025-08-27T11:40:45.162368
2025-08-27,64177,2025082703001298,SAPDBL,Asian Securities Private Ltd.,Kumari Securities Private Limited,20,832.0,16640.0,2025-08-27T11:40:51.344871
2025-08-27,64176,2025082703001299,SAPDBL,Asian Securities Private Ltd.,Asian Securities Private Ltd.,80,834.3,66744.0,2025-08-27T11:40:51.344997
2025-08-27,63809,2025082703001365,SAPDBL,Aryatara Investment & Securities,Asian Securities Private Ltd.,20,834.3,16686.0,2025-08-27T11:42:13.026502
2025-08-27,63808,2025082703001366,SAPDBL,Aryatara Investment & Securities,Sundhara Securities Limited,50,834.4,41720.0,2025-08-27T11:42:13.026779
2025-08-27,63160,2025082703001497,SAPDBL,Sani Securities Company Ltd.,Himalayan Brokerage Company Limited,10,835.0,8350.0,2025-08-27T11:45:03.307844
2025-08-27,62741,2025082703001559,SAPDBL,Sani Securities Company Ltd.,Capital Max Securities Ltd,70,834.0,58380.0,2025-08-27T11:46:49.268435
2025-08-27,62740,2025082703001560,SAPDBL,Aryatara Investment & Securities,Capital Max Securities Ltd,100,833.5,83350.0,2025-08-27T11:46:49.268587
2025-08-27,62739,2025082703001561,SAPDBL,Shree Krishna Securities Ltd.,Capital Max Securities Ltd,407,833.5,339234.5,2025-08-27T11:46:49.268652
2025-08-27,62228,2025082703001686,SAPDBL,Sani Securities Company Ltd.,ABC Securities Private Limited,39,836.0,32604.0,2025-08-27T11:48:59.458468
2025-08-27,62227,2025082703001687,SAPDBL,Sani Securities Company Ltd.,Infinity Securities Limited,50,836.1,41805.0,2025-08-27T11:48:59.458755
2025-08-27,62226,2025082703001688,SAPDBL,Sani Securities Company Ltd.,Dipshikha Dhitopatra Karobar Co. Pvt Ltd.,10,836.3,8363.0,2025-08-27T11:48:59.458928
2025-08-27,62225,2025082703001689,SAPDBL,Sani Securities Company Ltd.,Dipshikha Dhitopatra Karobar Co. Pvt Ltd.,10,836.4,8364.0,2025-08-27T11:48:59.459109
2025-08-27,62110,2025082703001725,SAPDBL,Sani Securities Company Ltd.,Pragyan Securities (PVT) Ltd.,10,837.0,8370.0,2025-08-27T11:49:18.628437
2025-08-27,62004,2025082703001747,SAPDBL,Aryatara Investment & Securities,Agrawal Securities (PVT) Ltd.,53,838.0,44414.0,2025-08-27T11:49:43.285754
2025-08-27,61209,2025082703001973,SAPDBL,Shree Krishna Securities Ltd.,Linch Stock Market Ltd.,11,841.0,9251.0,2025-08-27T11:52:49.753883
2025-08-27,60789,2025082703002074,SAPDBL,Asian Securities Private Ltd.,Bhrikuti Stock Broking Co. Pvt. Ltd.,100,841.0,84100.0,2025-08-27T11:54:26.203407
2025-08-27,59318,2025082703002404,SAPDBL,Aryatara Investment & Securities,Thrive Brokerage House Pvt. Ltd,80,837.0,66960.0,2025-08-27T11:59:49.549536
2025-08-27,59183,2025082703002429,SAPDBL,Vision Securities Pvt. Ltd,Thrive Brokerage House Pvt. Ltd,100,837.1,83710.0,2025-08-27T12:00:19.675187
2025-08-27,58532,2025082703002547,SAPDBL,Imperial Securities Company Pvt. Ltd.,SHUBHAKAMANA SECURITIES PVT. LTD,10,837.2,8372.0,2025-08-27T12:02:21.765101
2025-08-27,58294,2025082703002594,SAPDBL,Aryatara Investment & Securities,S.P.S.A. Securities Limited,100,837.2,83720.0,2025-08-27T12:03:10.778256
2025-08-27,57789,2025082703002699,SAPDBL,Trishakti Securities Public Limited,Linch Stock Market Ltd.,4,835.0,3340.0,2025-08-27T12:05:07.078787
2025-08-27,57348,2025082703002810,SAPDBL,Nepal Stock House (PVT) Ltd.,S.P.S.A. Securities Limited,20,838.0,16760.0,2025-08-27T12:06:36.825598
2025-08-27,57121,2025082703002867,SAPDBL,Hatemalo Financial Services Private Limited,Thrive Brokerage House Pvt. Ltd,100,838.8,83880.0,2025-08-27T12:07:26.633652
2025-08-27,57120,2025082703002868,SAPDBL,Hatemalo Financial Services Private Limited,Neev Securities Pvt. Ltd.,100,838.9,83890.0,2025-08-27T12:07:26.633856
2025-08-27,57019,2025082703002901,SAPDBL,Opal Securities Investment (PVT) Ltd.,Neev Securities Pvt. Ltd.,10,838.9,8389.0,2025-08-27T12:07:46.469186
2025-08-27,56481,2025082703003046,SAPDBL,Kumari Securities Private Limited,Neev Securities Pvt. Ltd.,240,838.9,201336.0,2025-08-27T12:09:43.867386
2025-08-27,56363,2025082703003070,SAPDBL,Naasa Securities Co. Ltd.,Naasa Securities Co. Ltd.,10,838.0,8380.0,2025-08-27T12:10:16.026151
2025-08-27,56345,2025082703003072,SAPDBL,Nepal Stock House (PVT) Ltd.,Aryatara Investment & Securities,100,839.0,83900.0,2025-08-27T12:10:19.869265
2025-08-27,56344,2025082703003073,SAPDBL,Nepal Stock House (PVT) Ltd.,Online Securities Pvt. Ltd.,20,839.0,16780.0,2025-08-27T12:10:19.86944
2025-08-27,55743,2025082703003182,SAPDBL,Sri Hari Securities Pvt. Ltd.,Imperial Securities Company Pvt. Ltd.,100,840.7,84070.0,2025-08-27T12:12:49.287856
2025-08-27,55742,2025082703003183,SAPDBL,Sri Hari Securities Pvt. Ltd.,Dipshikha Dhitopatra Karobar Co. Pvt Ltd.,10,840.7,8407.0,2025-08-27T12:12:49.288001
2025-08-27,55741,2025082703003184,SAPDBL,Sri Hari Securities Pvt. Ltd.,Sri Hari Securities Pvt. Ltd.,50,841.0,42050.0,2025-08-27T12:12:49.288087
2025-08-27,55740,2025082703003185,SAPDBL,Sri Hari Securities Pvt. Ltd.,Aryatara Investment & Securities,10,842.0,8420.0,2025-08-27T12:12:49.288148
2025-08-27,55739,2025082703003186,SAPDBL,Sri Hari Securities Pvt. Ltd.,Dipshikha Dhitopatra Karobar Co. Pvt Ltd.,20,842.0,16840.0,2025-08-27T12:12:49.288211
2025-08-27,55602,2025082703003234,SAPDBL,Dipshikha Dhitopatra Karobar Co. Pvt Ltd.,South Asian Bulls Pvt. Ltd.,100,844.0,84400.0,2025-08-27T12:13:17.838572
2025-08-27,55437,2025082703003277,SAPDBL,Naasa Securities Co. Ltd.,Hatemalo Financial Services Private Limited,10,844.0,8440.0,2025-08-27T12:14:06.79173
2025-08-27,55406,2025082703003293,SAPDBL,Nagarik Stock Dealer ,Aryatara Investment & Securities,50,840.0,42000.0,2025-08-27T12:14:13.033229
2025-08-27,55309,2025082703003303,SAPDBL,Sri Hari Securities Pvt. Ltd.,Aryatara Investment & Securities,150,840.0,126000.0,2025-08-27T12:14:45.298726
2025-08-27,55235,2025082703003313,SAPDBL,Vision Securities Pvt. Ltd,Siprabi Securities Pvt. Ltd.,500,842.0,421000.0,2025-08-27T12:15:06.489853
2025-08-27,55154,2025082703003330,SAPDBL,Midas Stock Broking Company Private Limited,Dipshikha Dhitopatra Karobar Co. Pvt Ltd.,10,844.0,8440.0,2025-08-27T12:15:38.376599
2025-08-27,55153,2025082703003331,SAPDBL,Midas Stock Broking Company Private Limited,Sundhara Securities Limited,100,844.0,84400.0,2025-08-27T12:15:38.376786
2025-08-27,55152,2025082703003332,SAPDBL,Midas Stock Broking Company Private Limited,Aryatara Investment & Securities,48,844.9,40555.2,2025-08-27T12:15:38.376871
2025-08-27,55151,2025082703003333,SAPDBL,Midas Stock Broking Company Private Limited,N.I.M.B. Stock Markets Limited,100,845.0,84500.0,2025-08-27T12:15:38.376936
2025-08-27,55150,2025082703003334,SAPDBL,Midas Stock Broking Company Private Limited,South Asian Bulls Pvt. Ltd.,250,845.0,211250.0,2025-08-27T12:15:38.376997
2025-08-27,55149,2025082703003335,SAPDBL,Midas Stock Broking Company Private Limited,Linch Stock Market Ltd.,30,845.0,25350.0,2025-08-27T12:15:38.377067
2025-08-27,55148,2025082703003336,SAPDBL,Midas Stock Broking Company Private Limited,Trisul Securities & Invt. Ltd.,100,845.9,84590.0,2025-08-27T12:15:38.37714
2025-08-27,55147,2025082703003337,SAPDBL,Midas Stock Broking Company Private Limited,Dipshikha Dhitopatra Karobar Co. Pvt Ltd.,10,846.0,8460.0,2025-08-27T12:15:38.377213
2025-08-27,55146,2025082703003338,SAPDBL,Midas Stock Broking Company Private Limited,Hatemalo Financial Services Private Limited,5352,846.0,4527792.0,2025-08-27T12:15:38.377271
2025-08-27,54874,2025082703003381,SAPDBL,Vision Securities Pvt. Ltd,Siprabi Securities Pvt. Ltd.,448,845.0,378560.0,2025-08-27T12:16:51.180425
2025-08-27,54819,2025082703003391,SAPDBL,Sweta Securities Private Limited,Nepal Stock House (PVT) Ltd.,64,847.0,54208.0,2025-08-27T12:17:07.736691
2025-08-27,54818,2025082703003392,SAPDBL,Sweta Securities Private Limited,Imperial Securities Company Pvt. Ltd.,10,847.0,8470.0,2025-08-27T12:17:07.736858
2025-08-27,54746,2025082703003404,SAPDBL,Sweta Securities Private Limited,Siprabi Securities Pvt. Ltd.,37,847.2,31346.4,2025-08-27T12:17:27.828767
2025-08-27,54661,2025082703003424,SAPDBL,Sweta Securities Private Limited,Thrive Brokerage House Pvt. Ltd,89,847.2,75400.8,2025-08-27T12:17:54.662492
2025-08-27,54638,2025082703003427,SAPDBL,Vision Securities Pvt. Ltd,Linch Stock Market Ltd.,52,847.5,44070.0,2025-08-27T12:18:02.692759
2025-08-27,54549,2025082703003447,SAPDBL,Aryatara Investment & Securities,Aryatara Investment & Securities,50,845.0,42250.0,2025-08-27T12:18:33.889781
2025-08-27,54432,2025082703003466,SAPDBL,Cristal Kanchanjanga Securites Pvt. Ltd.,Siprabi Securities Pvt. Ltd.,500,840.0,420000.0,2025-08-27T12:19:07.918829
2025-08-27,53725,2025082703003602,SAPDBL,N.I.M.B. Stock Markets Limited,Aryatara Investment & Securities,100,840.1,84010.0,2025-08-27T12:22:21.746235
2025-08-27,53724,2025082703003603,SAPDBL,Sani Securities Company Ltd.,Aryatara Investment & Securities,100,840.0,84000.0,2025-08-27T12:22:21.746546
2025-08-27,53374,2025082703003670,SAPDBL,Aryatara Investment & Securities,Imperial Securities Company Pvt. Ltd.,100,840.5,84050.0,2025-08-27T12:24:04.026767
2025-08-27,53373,2025082703003671,SAPDBL,Cristal Kanchanjanga Securites Pvt. Ltd.,Imperial Securities Company Pvt. Ltd.,110,840.2,92422.0,2025-08-27T12:24:04.026956
2025-08-27,53139,2025082703003721,SAPDBL,Sharepro Securities Private Limited,N.I.M.B. Stock Markets Limited,20,843.0,16860.0,2025-08-27T12:25:07.953332
2025-08-27,53138,2025082703003722,SAPDBL,Sharepro Securities Private Limited,Nepal Investment And Securities Trading Private Limited,30,844.0,25320.0,2025-08-27T12:25:07.953403
2025-08-27,52738,2025082703003796,SAPDBL,Sweta Securities Private Limited,Nepal Investment And Securities Trading Private Limited,20,844.0,16880.0,2025-08-27T12:27:01.187201
2025-08-27,52737,2025082703003797,SAPDBL,Sweta Securities Private Limited,Arun Securities (PVT) Ltd.,30,844.0,25320.0,2025-08-27T12:27:01.187529
2025-08-27,52687,2025082703003804,SAPDBL,Sweta Securities Private Limited,Aryatara Investment & Securities,50,845.0,42250.0,2025-08-27T12:27:15.319364
2025-08-27,52505,2025082703003852,SAPDBL,Dipshikha Dhitopatra Karobar Co. Pvt Ltd.,Hatemalo Financial Services Private Limited,10,840.6,8406.0,2025-08-27T12:28:04.623508
2025-08-27,51524,2025082703004037,SAPDBL,Kohinoor Investment & Securities Pvt. Ltd.,Linch Stock Market Ltd.,11,847.5,9322.5,2025-08-27T12:31:27.462786
2025-08-27,51372,2025082703004051,SAPDBL,N.I.M.B. Stock Markets Limited,Hatemalo Financial Services Private Limited,10,841.3,8413.0,2025-08-27T12:31:46.1618
2025-08-27,51239,2025082703004096,SAPDBL,Sumeru Securities Pvt. Ltd.,Linch Stock Market Ltd.,50,847.5,42375.0,2025-08-27T12:32:04.991596
2025-08-27,51052,2025082703004138,SAPDBL,Miyo Securities Pvt Ltd,Shree Krishna Securities Ltd.,10,842.0,8420.0,2025-08-27T12:32:55.300939
2025-08-27,50829,2025082703004174,SAPDBL,Sri Hari Securities Pvt. Ltd.,Trishakti Securities Public Limited,40,846.0,33840.0,2025-08-27T12:33:47.701316
2025-08-27,50828,2025082703004175,SAPDBL,Sri Hari Securities Pvt. Ltd.,Bhrikuti Stock Broking Co. Pvt. Ltd.,50,847.5,42375.0,2025-08-27T12:33:47.701539
2025-08-27,50827,2025082703004176,SAPDBL,Sri Hari Securities Pvt. Ltd.,N.I.M.B. Stock Markets Limited,100,847.9,84790.0,2025-08-27T12:33:47.701614
2025-08-27,50826,2025082703004177,SAPDBL,Sri Hari Securities Pvt. Ltd.,Linch Stock Market Ltd.,10,848.0,8480.0,2025-08-27T12:33:47.701687
2025-08-27,50573,2025082703004235,SAPDBL,Miyo Securities Pvt Ltd,Linch Stock Market Ltd.,20,848.0,16960.0,2025-08-27T12:34:36.33763
2025-08-27,50482,2025082703004262,SAPDBL,Dipshikha Dhitopatra Karobar Co. Pvt Ltd.,Arun Securities (PVT) Ltd.,50,849.0,42450.0,2025-08-27T12:34:54.712932
2025-08-27,50481,2025082703004263,SAPDBL,Dipshikha Dhitopatra Karobar Co. Pvt Ltd.,ABC Securities Private Limited,40,850.0,34000.0,2025-08-27T12:34:54.713299
2025-08-27,50375,2025082703004282,SAPDBL,Dipshikha Dhitopatra Karobar Co. Pvt Ltd.,Dipshikha Dhitopatra Karobar Co. Pvt Ltd.,100,851.0,85100.0,2025-08-27T12:35:16.893862
2025-08-27,50341,2025082703004288,SAPDBL,Dipshikha Dhitopatra Karobar Co. Pvt Ltd.,Siprabi Securities Pvt. Ltd.,10,850.0,8500.0,2025-08-27T12:35:24.022088
2025-08-27,50340,2025082703004289,SAPDBL,Sri Hari Securities Pvt. Ltd.,Siprabi Securities Pvt. Ltd.,40,850.0,34000.0,2025-08-27T12:35:24.022421
2025-08-27,50085,2025082703004340,SAPDBL,Naasa Securities Co. Ltd.,Trisul Securities & Invt. Ltd.,60,852.0,51120.0,2025-08-27T12:36:00.623771
2025-08-27,49828,2025082703004385,SAPDBL,Sri Hari Securities Pvt. Ltd.,Aryatara Investment & Securities,60,850.0,51000.0,2025-08-27T12:36:37.841238
2025-08-27,49827,2025082703004386,SAPDBL,Online Securities Pvt. Ltd.,Aryatara Investment & Securities,40,850.0,34000.0,2025-08-27T12:36:37.841575
2025-08-27,49579,2025082703004430,SAPDBL,Shree Krishna Securities Ltd.,Trisul Securities & Invt. Ltd.,10,852.0,8520.0,2025-08-27T12:37:21.471258
2025-08-27,49571,2025082703004431,SAPDBL,Trishakti Securities Public Limited,Naasa Securities Co. Ltd.,3,845.0,2535.0,2025-08-27T12:37:24.14156
2025-08-27,49552,2025082703004432,SAPDBL,Naasa Securities Co. Ltd.,Trisul Securities & Invt. Ltd.,30,852.0,25560.0,2025-08-27T12:37:28.268685
2025-08-27,49489,2025082703004443,SAPDBL,Shree Krishna Securities Ltd.,Linch Stock Market Ltd.,10,853.0,8530.0,2025-08-27T12:37:41.544341
2025-08-27,49470,2025082703004450,SAPDBL,Dipshikha Dhitopatra Karobar Co. Pvt Ltd.,Linch Stock Market Ltd.,20,853.0,17060.0,2025-08-27T12:37:46.112114
2025-08-27,49469,2025082703004451,SAPDBL,Dipshikha Dhitopatra Karobar Co. Pvt Ltd.,Citizens Share Broker Limited,40,853.0,34120.0,2025-08-27T12:37:46.112318
2025-08-27,49373,2025082703004472,SAPDBL,Dipshikha Dhitopatra Karobar Co. Pvt Ltd.,Premier Securities Company Ltd.,10,853.0,8530.0,2025-08-27T12:38:05.391266
2025-08-27,49349,2025082703004474,SAPDBL,Shree Krishna Securities Ltd.,Premier Securities Company Ltd.,10,853.0,8530.0,2025-08-27T12:38:09.707724
2025-08-27,49288,2025082703004496,SAPDBL,Shree Krishna Securities Ltd.,Capital Max Securities Ltd,10,854.7,8547.0,2025-08-27T12:38:20.748547
2025-08-27,49213,2025082703004520,SAPDBL,Online Securities Pvt. Ltd.,Arun Securities (PVT) Ltd.,50,853.5,42675.0,2025-08-27T12:38:37.041284
2025-08-27,49212,2025082703004521,SAPDBL,Online Securities Pvt. Ltd.,Capital Max Securities Ltd,90,854.7,76923.0,2025-08-27T12:38:37.041478
2025-08-27,49211,2025082703004522,SAPDBL,Online Securities Pvt. Ltd.,Imperial Securities Company Pvt. Ltd.,20,854.7,17094.0,2025-08-27T12:38:37.041548
2025-08-27,49210,2025082703004523,SAPDBL,Dipshikha Dhitopatra Karobar Co. Pvt Ltd.,Imperial Securities Company Pvt. Ltd.,62,854.7,52991.4,2025-08-27T12:38:37.449076
2025-08-27,49164,2025082703004539,SAPDBL,Nagarik Stock Dealer ,Siprabi Securities Pvt. Ltd.,100,853.0,85300.0,2025-08-27T12:38:49.59231
2025-08-27,49163,2025082703004540,SAPDBL,Naasa Securities Co. Ltd.,Siprabi Securities Pvt. Ltd.,70,853.0,59710.0,2025-08-27T12:38:49.592614
2025-08-27,49162,2025082703004541,SAPDBL,Kalika Securities Pvt. Ltd.,Siprabi Securities Pvt. Ltd.,25,853.0,21325.0,2025-08-27T12:38:49.592722
2025-08-27,49075,2025082703004564,SAPDBL,Miyo Securities Pvt Ltd,Siprabi Securities Pvt. Ltd.,28,852.9,23881.2,2025-08-27T12:39:18.447627
2025-08-27,49032,2025082703004569,SAPDBL,Online Securities Pvt. Ltd.,Dipshikha Dhitopatra Karobar Co. Pvt Ltd.,100,851.0,85100.0,2025-08-27T12:39:24.745095
2025-08-27,48893,2025082703004621,SAPDBL,Neev Securities Pvt. Ltd.,Siprabi Securities Pvt. Ltd.,12,854.6,10255.2,2025-08-27T12:39:51.313519
2025-08-27,48892,2025082703004622,SAPDBL,Neev Securities Pvt. Ltd.,Imperial Securities Company Pvt. Ltd.,18,854.7,15384.6,2025-08-27T12:39:51.313692
2025-08-27,48845,2025082703004634,SAPDBL,Sweta Securities Private Limited,Investment Management Nepal Pvt. Ltd.,100,855.0,85500.0,2025-08-27T12:40:00.151389
2025-08-27,48844,2025082703004635,SAPDBL,Sweta Securities Private Limited,Himalayan Brokerage Company Limited,10,855.0,8550.0,2025-08-27T12:40:00.151591
2025-08-27,48843,2025082703004636,SAPDBL,Sweta Securities Private Limited,Dynamic Money Managers Securities Pvt. Ltd.,30,855.0,25650.0,2025-08-27T12:40:00.151663
2025-08-27,48842,2025082703004637,SAPDBL,Sweta Securities Private Limited,Linch Stock Market Ltd.,20,855.0,17100.0,2025-08-27T12:40:00.151729
2025-08-27,48814,2025082703004647,SAPDBL,Neev Securities Pvt. Ltd.,Asian Securities Private Ltd.,50,854.7,42735.0,2025-08-27T12:40:06.816754
2025-08-27,48708,2025082703004688,SAPDBL,Nepal Investment And Securities Trading Private Limited,Dipshikha Dhitopatra Karobar Co. Pvt Ltd.,10,856.0,8560.0,2025-08-27T12:40:22.259865
2025-08-27,48651,2025082703004694,SAPDBL,Shree Krishna Securities Ltd.,Dipshikha Dhitopatra Karobar Co. Pvt Ltd.,10,856.0,8560.0,2025-08-27T12:40:27.25941
2025-08-27,48132,2025082703004800,SAPDBL,Neev Securities Pvt. Ltd.,Thrive Brokerage House Pvt. Ltd,40,855.9,34236.0,2025-08-27T12:41:56.911173
2025-08-27,47770,2025082703004863,SAPDBL,Vision Securities Pvt. Ltd,Investment Management Nepal Pvt. Ltd.,50,853.0,42650.0,2025-08-27T12:42:57.593328
2025-08-27,47769,2025082703004864,SAPDBL,Naasa Securities Co. Ltd.,Investment Management Nepal Pvt. Ltd.,40,852.2,34088.0,2025-08-27T12:42:57.593559
2025-08-27,47768,2025082703004865,SAPDBL,Cristal Kanchanjanga Securites Pvt. Ltd.,Investment Management Nepal Pvt. Ltd.,390,850.1,331539.0,2025-08-27T12:42:57.593641
2025-08-27,47767,2025082703004866,SAPDBL,SHUBHAKAMANA SECURITIES PVT. LTD,Investment Management Nepal Pvt. Ltd.,100,850.0,85000.0,2025-08-27T12:42:57.593715
2025-08-27,47639,2025082703004907,SAPDBL,Sani Securities Company Ltd.,Hatemalo Financial Services Private Limited,11,850.0,9350.0,2025-08-27T12:43:20.783691
2025-08-27,47566,2025082703004914,SAPDBL,Sani Securities Company Ltd.,Bhrikuti Stock Broking Co. Pvt. Ltd.,50,850.0,42500.0,2025-08-27T12:43:31.406427
2025-08-27,47518,2025082703004918,SAPDBL,Sani Securities Company Ltd.,Investment Management Nepal Pvt. Ltd.,25,850.0,21250.0,2025-08-27T12:43:42.796011
2025-08-27,47416,2025082703004927,SAPDBL,Sani Securities Company Ltd.,Siprabi Securities Pvt. Ltd.,14,850.0,11900.0,2025-08-27T12:44:00.205371
2025-08-27,47286,2025082703004945,SAPDBL,Imperial Securities Company Pvt. Ltd.,Hatemalo Financial Services Private Limited,11,845.0,9295.0,2025-08-27T12:44:19.922901
2025-08-27,47010,2025082703005008,SAPDBL,Trishakti Securities Public Limited,Hatemalo Financial Services Private Limited,2,830.0,1660.0,2025-08-27T12:45:22.760555
2025-08-27,46548,2025082703005102,SAPDBL,Naasa Securities Co. Ltd.,Secured Securities Ltd.,20,850.0,17000.0,2025-08-27T12:47:04.294226
2025-08-27,46325,2025082703005152,SAPDBL,Naasa Securities Co. Ltd.,Hatemalo Financial Services Private Limited,10,843.2,8432.0,2025-08-27T12:47:47.306948
2025-08-27,46256,2025082703005159,SAPDBL,Linch Stock Market Ltd.,Dipshikha Dhitopatra Karobar Co. Pvt Ltd.,10,849.0,8490.0,2025-08-27T12:48:09.344497
2025-08-27,46255,2025082703005160,SAPDBL,Linch Stock Market Ltd.,Dipshikha Dhitopatra Karobar Co. Pvt Ltd.,37,849.5,31431.5,2025-08-27T12:48:09.344869
2025-08-27,46178,2025082703005170,SAPDBL,Investment Management Nepal Pvt. Ltd.,Shree Krishna Securities Ltd.,10,845.0,8450.0,2025-08-27T12:48:27.664759
2025-08-27,45612,2025082703005280,SAPDBL,Naasa Securities Co. Ltd.,Dipshikha Dhitopatra Karobar Co. Pvt Ltd.,13,849.5,11043.5,2025-08-27T12:50:49.144804
2025-08-27,45611,2025082703005281,SAPDBL,Naasa Securities Co. Ltd.,Secured Securities Ltd.,277,850.0,235450.0,2025-08-27T12:50:49.144906
2025-08-27,43837,2025082703005714,SAPDBL,Shree Krishna Securities Ltd.,Arun Securities (PVT) Ltd.,10,852.4,8524.0,2025-08-27T12:58:39.135578
2025-08-27,43644,2025082703005723,SAPDBL,Kalika Securities Pvt. Ltd.,Arun Securities (PVT) Ltd.,15,852.4,12786.0,2025-08-27T12:59:07.905705
2025-08-27,43477,2025082703005758,SAPDBL,Sweta Securities Private Limited,Arun Securities (PVT) Ltd.,22,852.4,18752.8,2025-08-27T12:59:43.776139
2025-08-27,43334,2025082703005804,SAPDBL,Shree Krishna Securities Ltd.,Linch Stock Market Ltd.,100,852.4,85240.0,2025-08-27T13:00:08.540375
2025-08-27,43333,2025082703005805,SAPDBL,Shree Krishna Securities Ltd.,Premier Securities Company Ltd.,45,852.5,38362.5,2025-08-27T13:00:08.540613
2025-08-27,43332,2025082703005806,SAPDBL,Shree Krishna Securities Ltd.,Trisul Securities & Invt. Ltd.,100,852.7,85270.0,2025-08-27T13:00:08.540688
2025-08-27,43331,2025082703005807,SAPDBL,Shree Krishna Securities Ltd.,Capital Max Securities Ltd,100,852.8,85280.0,2025-08-27T13:00:08.540764
2025-08-27,43330,2025082703005808,SAPDBL,Shree Krishna Securities Ltd.,Nepal Investment And Securities Trading Private Limited,155,852.9,132199.5,2025-08-27T13:00:08.540843
2025-08-27,42960,2025082703005887,SAPDBL,Sani Securities Company Ltd.,Nepal Investment And Securities Trading Private Limited,100,852.9,85290.0,2025-08-27T13:01:36.114602
2025-08-27,42939,2025082703005891,SAPDBL,Naasa Securities Co. Ltd.,Nepal Investment And Securities Trading Private Limited,40,852.9,34116.0,2025-08-27T13:01:40.461482
2025-08-27,42766,2025082703005938,SAPDBL,Kohinoor Investment & Securities Pvt. Ltd.,Secured Securities Ltd.,3,850.0,2550.0,2025-08-27T13:02:17.705909
2025-08-27,42731,2025082703005943,SAPDBL,Dipshikha Dhitopatra Karobar Co. Pvt Ltd.,Market Securities & Exchange (PVT) Ltd.,50,853.0,42650.0,2025-08-27T13:02:26.846017
2025-08-27,42517,2025082703005986,SAPDBL,Shree Krishna Securities Ltd.,Kohinoor Investment & Securities Pvt. Ltd.,900,853.1,767790.0,2025-08-27T13:03:09.975855
2025-08-27,42451,2025082703006002,SAPDBL,Midas Stock Broking Company Private Limited,Capital Max Securities Ltd,100,853.8,85380.0,2025-08-27T13:03:23.797003
2025-08-27,42436,2025082703006007,SAPDBL,Shree Krishna Securities Ltd.,Market Securities & Exchange (PVT) Ltd.,100,853.1,85310.0,2025-08-27T13:03:28.247364
2025-08-27,42401,2025082703006021,SAPDBL,Sani Securities Company Ltd.,Siprabi Securities Pvt. Ltd.,25,853.9,21347.5,2025-08-27T13:03:36.49839
2025-08-27,42383,2025082703006026,SAPDBL,Shree Krishna Securities Ltd.,Nepal Stock House (PVT) Ltd.,30,855.0,25650.0,2025-08-27T13:03:38.594532
2025-08-27,42382,2025082703006027,SAPDBL,Shree Krishna Securities Ltd.,Kohinoor Investment & Securities Pvt. Ltd.,100,855.8,85580.0,2025-08-27T13:03:38.59498
2025-08-27,42381,2025082703006028,SAPDBL,Shree Krishna Securities Ltd.,Dipshikha Dhitopatra Karobar Co. Pvt Ltd.,15,856.0,12840.0,2025-08-27T13:03:38.595492
2025-08-27,42369,2025082703006031,SAPDBL,Naasa Securities Co. Ltd.,Dipshikha Dhitopatra Karobar Co. Pvt Ltd.,10,856.0,8560.0,2025-08-27T13:03:43.33447
2025-08-27,42368,2025082703006032,SAPDBL,Naasa Securities Co. Ltd.,Trisul Securities & Invt. Ltd.,10,856.0,8560.0,2025-08-27T13:03:43.334512
2025-08-27,42307,2025082703006043,SAPDBL,Shree Krishna Securities Ltd.,Kohinoor Investment & Securities Pvt. Ltd.,50,855.1,42755.0,2025-08-27T13:03:58.301662
2025-08-27,42290,2025082703006049,SAPDBL,Naasa Securities Co. Ltd.,Kohinoor Investment & Securities Pvt. Ltd.,100,856.0,85600.0,2025-08-27T13:04:05.610655
2025-08-27,42289,2025082703006050,SAPDBL,Naasa Securities Co. Ltd.,Sani Securities Company Ltd.,200,856.0,171200.0,2025-08-27T13:04:05.611048
2025-08-27,42288,2025082703006051,SAPDBL,Naasa Securities Co. Ltd.,Aryatara Investment & Securities,20,856.0,17120.0,2025-08-27T13:04:05.611284
2025-08-27,42262,2025082703006059,SAPDBL,Shree Krishna Securities Ltd.,Linch Stock Market Ltd.,11,857.0,9427.0,2025-08-27T13:04:14.73657
2025-08-27,42217,2025082703006079,SAPDBL,Sani Securities Company Ltd.,Naasa Securities Co. Ltd.,10,857.8,8578.0,2025-08-27T13:04:24.902447
2025-08-27,42213,2025082703006081,SAPDBL,Shree Krishna Securities Ltd.,Naasa Securities Co. Ltd.,10,857.8,8578.0,2025-08-27T13:04:25.787652
2025-08-27,42136,2025082703006102,SAPDBL,Shree Krishna Securities Ltd.,Naasa Securities Co. Ltd.,200,857.8,171560.0,2025-08-27T13:04:40.861713
2025-08-27,42119,2025082703006110,SAPDBL,Naasa Securities Co. Ltd.,Kohinoor Investment & Securities Pvt. Ltd.,20,856.1,17122.0,2025-08-27T13:04:44.597895
2025-08-27,42097,2025082703006115,SAPDBL,Naasa Securities Co. Ltd.,Investment Management Nepal Pvt. Ltd.,43,856.1,36812.3,2025-08-27T13:04:49.56895
2025-08-27,42034,2025082703006135,SAPDBL,Shree Krishna Securities Ltd.,Naasa Securities Co. Ltd.,10,857.8,8578.0,2025-08-27T13:05:04.989484
2025-08-27,41988,2025082703006141,SAPDBL,Shree Krishna Securities Ltd.,Naasa Securities Co. Ltd.,150,857.8,128670.0,2025-08-27T13:05:15.02754
2025-08-27,41794,2025082703006182,SAPDBL,Shree Krishna Securities Ltd.,Capital Max Securities Ltd,100,857.7,85770.0,2025-08-27T13:05:59.269006
2025-08-27,41604,2025082703006219,SAPDBL,Dipshikha Dhitopatra Karobar Co. Pvt Ltd.,Naasa Securities Co. Ltd.,50,857.8,42890.0,2025-08-27T13:06:40.64291
2025-08-27,41549,2025082703006228,SAPDBL,Shree Krishna Securities Ltd.,Imperial Securities Company Pvt. Ltd.,20,857.7,17154.0,2025-08-27T13:06:51.181449
2025-08-27,41503,2025082703006241,SAPDBL,Shree Krishna Securities Ltd.,Naasa Securities Co. Ltd.,11,857.8,9435.8,2025-08-27T13:07:00.51908
2025-08-27,41492,2025082703006242,SAPDBL,Naasa Securities Co. Ltd.,Linch Stock Market Ltd.,52,858.8,44657.6,2025-08-27T13:07:01.845896
2025-08-27,41491,2025082703006243,SAPDBL,Naasa Securities Co. Ltd.,Nepal Investment And Securities Trading Private Limited,50,859.0,42950.0,2025-08-27T13:07:01.846286
2025-08-27,41490,2025082703006244,SAPDBL,Naasa Securities Co. Ltd.,Capital Max Securities Ltd,100,859.8,85980.0,2025-08-27T13:07:01.846523
2025-08-27,41489,2025082703006245,SAPDBL,Naasa Securities Co. Ltd.,Nepal Investment And Securities Trading Private Limited,100,860.0,86000.0,2025-08-27T13:07:01.846751
2025-08-27,41488,2025082703006246,SAPDBL,Naasa Securities Co. Ltd.,Investment Management Nepal Pvt. Ltd.,100,860.0,86000.0,2025-08-27T13:07:01.846979
2025-08-27,41451,2025082703006252,SAPDBL,Shree Krishna Securities Ltd.,Sani Securities Company Ltd.,10,861.0,8610.0,2025-08-27T13:07:12.555191
2025-08-27,41363,2025082703006278,SAPDBL,Shree Krishna Securities Ltd.,Shree Krishna Securities Ltd.,10,861.9,8619.0,2025-08-27T13:07:35.689127
2025-08-27,41245,2025082703006298,SAPDBL,Global IME Securities Limited,Shree Krishna Securities Ltd.,10,861.9,8619.0,2025-08-27T13:08:02.563237
2025-08-27,41236,2025082703006299,SAPDBL,Vision Securities Pvt. Ltd,Shree Krishna Securities Ltd.,200,861.9,172380.0,2025-08-27T13:08:06.764392
2025-08-27,41210,2025082703006303,SAPDBL,Vision Securities Pvt. Ltd,Shree Krishna Securities Ltd.,80,861.9,68952.0,2025-08-27T13:08:12.815347
2025-08-27,41022,2025082703006346,SAPDBL,Vision Securities Pvt. Ltd,Capital Max Securities Ltd,50,861.9,43095.0,2025-08-27T13:08:50.045522
2025-08-27,41011,2025082703006347,SAPDBL,Shree Krishna Securities Ltd.,Siprabi Securities Pvt. Ltd.,10,862.0,8620.0,2025-08-27T13:08:52.04767
2025-08-27,41005,2025082703006349,SAPDBL,Naasa Securities Co. Ltd.,Siprabi Securities Pvt. Ltd.,20,862.0,17240.0,2025-08-27T13:08:54.346663
2025-08-27,40989,2025082703006350,SAPDBL,Trishakti Securities Public Limited,Siprabi Securities Pvt. Ltd.,70,862.0,60340.0,2025-08-27T13:09:00.737477
2025-08-27,40988,2025082703006351,SAPDBL,Trishakti Securities Public Limited,Aryatara Investment & Securities,20,864.0,17280.0,2025-08-27T13:09:00.737575
2025-08-27,40987,2025082703006352,SAPDBL,Trishakti Securities Public Limited,Sweta Securities Private Limited,20,864.8,17296.0,2025-08-27T13:09:00.737662
2025-08-27,40986,2025082703006353,SAPDBL,Trishakti Securities Public Limited,Aryatara Investment & Securities,22,864.9,19027.8,2025-08-27T13:09:00.737726
2025-08-27,40985,2025082703006354,SAPDBL,Trishakti Securities Public Limited,Capital Max Securities Ltd,100,864.9,86490.0,2025-08-27T13:09:00.737791
2025-08-27,40984,2025082703006355,SAPDBL,Trishakti Securities Public Limited,Kalika Securities Pvt. Ltd.,30,865.0,25950.0,2025-08-27T13:09:00.737857
2025-08-27,40983,2025082703006356,SAPDBL,Trishakti Securities Public Limited,Sundhara Securities Limited,300,865.0,259500.0,2025-08-27T13:09:00.737923
2025-08-27,40982,2025082703006357,SAPDBL,Trishakti Securities Public Limited,Dynamic Money Managers Securities Pvt. Ltd.,30,865.0,25950.0,2025-08-27T13:09:00.737986
2025-08-27,40981,2025082703006358,SAPDBL,Trishakti Securities Public Limited,Dynamic Money Managers Securities Pvt. Ltd.,100,865.0,86500.0,2025-08-27T13:09:00.738081
2025-08-27,40980,2025082703006359,SAPDBL,Trishakti Securities Public Limited,Online Securities Pvt. Ltd.,30,865.0,25950.0,2025-08-27T13:09:00.738142
2025-08-27,40979,2025082703006360,SAPDBL,Trishakti Securities Public Limited,Imperial Securities Company Pvt. Ltd.,250,867.0,216750.0,2025-08-27T13:09:00.738224
2025-08-27,40978,2025082703006361,SAPDBL,Trishakti Securities Public Limited,Miyo Securities Pvt Ltd,20,867.0,17340.0,2025-08-27T13:09:00.738285
2025-08-27,40935,2025082703006366,SAPDBL,Shree Krishna Securities Ltd.,Neev Securities Pvt. Ltd.,11,867.0,9537.0,2025-08-27T13:09:12.138645
2025-08-27,40904,2025082703006367,SAPDBL,Shree Krishna Securities Ltd.,Market Securities & Exchange (PVT) Ltd.,10,867.0,8670.0,2025-08-27T13:09:21.172232
2025-08-27,40757,2025082703006399,SAPDBL,Ashutosh Brokerage & Securities (PVT) Ltd.,Nepal Investment And Securities Trading Private Limited,5,852.9,4264.5,2025-08-27T13:09:53.746197
2025-08-27,40639,2025082703006432,SAPDBL,Ashutosh Brokerage & Securities (PVT) Ltd.,Naasa Securities Co. Ltd.,9,857.8,7720.2,2025-08-27T13:10:17.874944
2025-08-27,40587,2025082703006438,SAPDBL,Imperial Securities Company Pvt. Ltd.,Market Securities & Exchange (PVT) Ltd.,90,867.0,78030.0,2025-08-27T13:10:32.375211
2025-08-27,40586,2025082703006439,SAPDBL,Imperial Securities Company Pvt. Ltd.,Investment Management Nepal Pvt. Ltd.,10,867.0,8670.0,2025-08-27T13:10:32.375465
2025-08-27,40523,2025082703006446,SAPDBL,Vision Securities Pvt. Ltd,Investment Management Nepal Pvt. Ltd.,100,867.0,86700.0,2025-08-27T13:10:42.408755
2025-08-27,40417,2025082703006465,SAPDBL,Siprabi Securities Pvt. Ltd.,Arun Securities (PVT) Ltd.,13,865.0,11245.0,2025-08-27T13:11:08.234608
2025-08-27,40304,2025082703006492,SAPDBL,Neev Securities Pvt. Ltd.,Naasa Securities Co. Ltd.,10,865.1,8651.0,2025-08-27T13:11:37.946583
2025-08-27,40208,2025082703006528,SAPDBL,Naasa Securities Co. Ltd.,Dipshikha Dhitopatra Karobar Co. Pvt Ltd.,50,864.7,43235.0,2025-08-27T13:12:03.877716
2025-08-27,40207,2025082703006529,SAPDBL,Dipshikha Dhitopatra Karobar Co. Pvt Ltd.,Dipshikha Dhitopatra Karobar Co. Pvt Ltd.,50,863.1,43155.0,2025-08-27T13:12:03.877754
2025-08-27,40206,2025082703006530,SAPDBL,Naasa Securities Co. Ltd.,Shree Krishna Securities Ltd.,800,863.1,690480.0,2025-08-27T13:12:03.901602
2025-08-27,40205,2025082703006531,SAPDBL,Naasa Securities Co. Ltd.,Shree Krishna Securities Ltd.,200,862.0,172400.0,2025-08-27T13:12:03.901705
2025-08-27,40138,2025082703006541,SAPDBL,Naasa Securities Co. Ltd.,Imperial Securities Company Pvt. Ltd.,398,862.0,343076.0,2025-08-27T13:12:20.566506
2025-08-27,40128,2025082703006547,SAPDBL,Sweta Securities Private Limited,Siprabi Securities Pvt. Ltd.,200,861.2,172240.0,2025-08-27T13:12:24.846441
2025-08-27,40009,2025082703006567,SAPDBL,Naasa Securities Co. Ltd.,Investment Management Nepal Pvt. Ltd.,90,860.1,77409.0,2025-08-27T13:12:38.297696
2025-08-27,39974,2025082703006573,SAPDBL,Naasa Securities Co. Ltd.,Hatemalo Financial Services Private Limited,10,860.1,8601.0,2025-08-27T13:12:48.131449
2025-08-27,39907,2025082703006594,SAPDBL,Naasa Securities Co. Ltd.,Hatemalo Financial Services Private Limited,10,856.1,8561.0,2025-08-27T13:12:56.156827
2025-08-27,39605,2025082703006655,SAPDBL,Sewa Securities Pvt. Ltd.,Nepal Investment And Securities Trading Private Limited,50,858.5,42925.0,2025-08-27T13:14:11.344335
2025-08-27,39604,2025082703006656,SAPDBL,Sewa Securities Pvt. Ltd.,Imperial Securities Company Pvt. Ltd.,60,858.9,51534.0,2025-08-27T13:14:11.344539
2025-08-27,39535,2025082703006667,SAPDBL,Sewa Securities Pvt. Ltd.,Dynamic Money Managers Securities Pvt. Ltd.,90,860.0,77400.0,2025-08-27T13:14:29.419046
2025-08-27,39011,2025082703006774,SAPDBL,Kohinoor Investment & Securities Pvt. Ltd.,Dipshikha Dhitopatra Karobar Co. Pvt Ltd.,1,858.5,858.5,2025-08-27T13:16:23.749391
2025-08-27,38466,2025082703006863,SAPDBL,Sani Securities Company Ltd.,Dynamic Money Managers Securities Pvt. Ltd.,10,860.0,8600.0,2025-08-27T13:19:00.638295
2025-08-27,37703,2025082703007005,SAPDBL,Dipshikha Dhitopatra Karobar Co. Pvt Ltd.,Sumeru Securities Pvt. Ltd.,100,860.0,86000.0,2025-08-27T13:21:49.116615
2025-08-27,37460,2025082703007057,SAPDBL,Naasa Securities Co. Ltd.,Naasa Securities Co. Ltd.,45,856.5,38542.5,2025-08-27T13:22:40.275655
2025-08-27,36363,2025082703007281,SAPDBL,SUN SECURITIES PVT LTD,Naasa Securities Co. Ltd.,60,857.0,51420.0,2025-08-27T13:26:47.807748
2025-08-27,36362,2025082703007282,SAPDBL,Imperial Securities Company Pvt. Ltd.,Naasa Securities Co. Ltd.,50,856.4,42820.0,2025-08-27T13:26:47.807791
2025-08-27,35656,2025082703007404,SAPDBL,Imperial Securities Company Pvt. Ltd.,Sani Securities Company Ltd.,20,856.5,17130.0,2025-08-27T13:29:25.710956
2025-08-27,35653,2025082703007405,SAPDBL,Imperial Securities Company Pvt. Ltd.,Asian Securities Private Ltd.,30,856.5,25695.0,2025-08-27T13:29:26.933603
2025-08-27,35652,2025082703007406,SAPDBL,Shree Krishna Securities Ltd.,Asian Securities Private Ltd.,50,856.5,42825.0,2025-08-27T13:29:26.933834
2025-08-27,35651,2025082703007407,SAPDBL,Shree Krishna Securities Ltd.,Asian Securities Private Ltd.,20,856.5,17130.0,2025-08-27T13:29:26.933928
2025-08-27,35599,2025082703007420,SAPDBL,Shree Krishna Securities Ltd.,Primo Securities (PVT) Ltd.,13,856.5,11134.5,2025-08-27T13:29:39.474105
2025-08-27,34778,2025082703007569,SAPDBL,Dipshikha Dhitopatra Karobar Co. Pvt Ltd.,Siprabi Securities Pvt. Ltd.,100,856.7,85670.0,2025-08-27T13:32:03.093915
2025-08-27,34564,2025082703007629,SAPDBL,Dipshikha Dhitopatra Karobar Co. Pvt Ltd.,Dipshikha Dhitopatra Karobar Co. Pvt Ltd.,10,856.6,8566.0,2025-08-27T13:32:45.981953
2025-08-27,34490,2025082703007642,SAPDBL,Shree Krishna Securities Ltd.,Nepal Investment And Securities Trading Private Limited,10,859.8,8598.0,2025-08-27T13:32:54.570368
2025-08-27,34489,2025082703007643,SAPDBL,Shree Krishna Securities Ltd.,Asian Securities Private Ltd.,25,859.9,21497.5,2025-08-27T13:32:54.57081
2025-08-27,34488,2025082703007644,SAPDBL,Shree Krishna Securities Ltd.,Trisul Securities & Invt. Ltd.,100,859.9,85990.0,2025-08-27T13:32:54.571096
2025-08-27,34487,2025082703007645,SAPDBL,Shree Krishna Securities Ltd.,Naasa Securities Co. Ltd.,129,860.0,110940.0,2025-08-27T13:32:54.571361
2025-08-27,34486,2025082703007646,SAPDBL,Shree Krishna Securities Ltd.,Agrawal Securities (PVT) Ltd.,50,860.0,43000.0,2025-08-27T13:32:54.571642
2025-08-27,34485,2025082703007647,SAPDBL,Shree Krishna Securities Ltd.,Market Securities & Exchange (PVT) Ltd.,100,860.0,86000.0,2025-08-27T13:32:54.571896
2025-08-27,34484,2025082703007648,SAPDBL,Shree Krishna Securities Ltd.,ABC Securities Private Limited,30,860.0,25800.0,2025-08-27T13:32:54.572198
2025-08-27,34398,2025082703007666,SAPDBL,Shree Krishna Securities Ltd.,Investment Management Nepal Pvt. Ltd.,56,860.0,48160.0,2025-08-27T13:33:12.710974
2025-08-27,34254,2025082703007699,SAPDBL,Dipshikha Dhitopatra Karobar Co. Pvt Ltd.,Online Securities Pvt. Ltd.,10,856.6,8566.0,2025-08-27T13:33:51.843108
2025-08-27,34253,2025082703007700,SAPDBL,Naasa Securities Co. Ltd.,Online Securities Pvt. Ltd.,11,856.6,9422.6,2025-08-27T13:33:51.843369
2025-08-27,33927,2025082703007787,SAPDBL,Naasa Securities Co. Ltd.,Capital Max Securities Ltd,69,856.6,59105.4,2025-08-27T13:35:03.643845
2025-08-27,33806,2025082703007810,SAPDBL,Naasa Securities Co. Ltd.,Dipshikha Dhitopatra Karobar Co. Pvt Ltd.,20,856.6,17132.0,2025-08-27T13:35:25.961469
2025-08-27,33805,2025082703007811,SAPDBL,Kumari Securities Private Limited,Dipshikha Dhitopatra Karobar Co. Pvt Ltd.,50,856.6,42830.0,2025-08-27T13:35:25.961803
2025-08-27,33659,2025082703007842,SAPDBL,Shree Krishna Securities Ltd.,Sani Securities Company Ltd.,67,856.5,57385.5,2025-08-27T13:35:53.252568
2025-08-27,33627,2025082703007847,SAPDBL,Shree Krishna Securities Ltd.,Investment Management Nepal Pvt. Ltd.,44,856.3,37677.2,2025-08-27T13:36:03.93215
2025-08-27,33269,2025082703007916,SAPDBL,Dipshikha Dhitopatra Karobar Co. Pvt Ltd.,Sani Securities Company Ltd.,100,856.5,85650.0,2025-08-27T13:37:33.053434
2025-08-27,33094,2025082703007945,SAPDBL,Shree Krishna Securities Ltd.,Siprabi Securities Pvt. Ltd.,56,856.3,47952.8,2025-08-27T13:38:06.325684
2025-08-27,33093,2025082703007946,SAPDBL,Kalika Securities Pvt. Ltd.,Siprabi Securities Pvt. Ltd.,40,856.2,34248.0,2025-08-27T13:38:06.326141
2025-08-27,33017,2025082703007957,SAPDBL,Dipshikha Dhitopatra Karobar Co. Pvt Ltd.,Sani Securities Company Ltd.,83,856.5,71089.5,2025-08-27T13:38:30.660385
2025-08-27,32948,2025082703007979,SAPDBL,Dipshikha Dhitopatra Karobar Co. Pvt Ltd.,Siprabi Securities Pvt. Ltd.,17,856.5,14560.5,2025-08-27T13:38:45.680911
2025-08-27,32947,2025082703007980,SAPDBL,Shree Krishna Securities Ltd.,Siprabi Securities Pvt. Ltd.,100,856.3,85630.0,2025-08-27T13:38:45.681149
2025-08-27,32946,2025082703007981,SAPDBL,Kalika Securities Pvt. Ltd.,Siprabi Securities Pvt. Ltd.,60,856.2,51372.0,2025-08-27T13:38:45.681246
2025-08-27,32945,2025082703007982,SAPDBL,Naasa Securities Co. Ltd.,Siprabi Securities Pvt. Ltd.,107,856.1,91602.7,2025-08-27T13:38:45.681335
2025-08-27,32944,2025082703007983,SAPDBL,Siprabi Securities Pvt. Ltd.,Siprabi Securities Pvt. Ltd.,10,856.0,8560.0,2025-08-27T13:38:45.681426
2025-08-27,32895,2025082703007989,SAPDBL,Shree Krishna Securities Ltd.,N.I.M.B. Stock Markets Limited,10,862.0,8620.0,2025-08-27T13:38:57.268169
2025-08-27,32709,2025082703008032,SAPDBL,Bhrikuti Stock Broking Co. Pvt. Ltd.,Siprabi Securities Pvt. Ltd.,10,856.0,8560.0,2025-08-27T13:39:40.486776
2025-08-27,32622,2025082703008049,SAPDBL,Shree Krishna Securities Ltd.,Dipshikha Dhitopatra Karobar Co. Pvt Ltd.,10,861.0,8610.0,2025-08-27T13:40:03.076627
2025-08-27,31599,2025082703008259,SAPDBL,Primo Securities (PVT) Ltd.,Sweta Securities Private Limited,10,860.9,8609.0,2025-08-27T13:45:22.330055
2025-08-27,31598,2025082703008260,SAPDBL,Primo Securities (PVT) Ltd.,Dipshikha Dhitopatra Karobar Co. Pvt Ltd.,20,861.0,17220.0,2025-08-27T13:45:22.330517
2025-08-27,31597,2025082703008261,SAPDBL,Primo Securities (PVT) Ltd.,Dipshikha Dhitopatra Karobar Co. Pvt Ltd.,25,861.0,21525.0,2025-08-27T13:45:22.330789
2025-08-27,31173,2025082703008346,SAPDBL,Naasa Securities Co. Ltd.,Siprabi Securities Pvt. Ltd.,170,856.3,145571.0,2025-08-27T13:48:03.704627
2025-08-27,31172,2025082703008347,SAPDBL,Imperial Securities Company Pvt. Ltd.,Siprabi Securities Pvt. Ltd.,20,856.2,17124.0,2025-08-27T13:48:03.705099
2025-08-27,31171,2025082703008348,SAPDBL,Sweta Securities Private Limited,Siprabi Securities Pvt. Ltd.,100,856.1,85610.0,2025-08-27T13:48:03.705368
2025-08-27,31170,2025082703008349,SAPDBL,Sundhara Securities Limited,Siprabi Securities Pvt. Ltd.,50,856.0,42800.0,2025-08-27T13:48:03.705636
2025-08-27,30773,2025082703008399,SAPDBL,Shree Krishna Securities Ltd.,Shree Krishna Securities Ltd.,10,851.4,8514.0,2025-08-27T13:50:03.463665
2025-08-27,30693,2025082703008409,SAPDBL,Imperial Securities Company Pvt. Ltd.,Siprabi Securities Pvt. Ltd.,20,856.0,17120.0,2025-08-27T13:50:28.976574
2025-08-27,30665,2025082703008419,SAPDBL,Kohinoor Investment & Securities Pvt. Ltd.,Siprabi Securities Pvt. Ltd.,40,856.0,34240.0,2025-08-27T13:50:42.779341
2025-08-27,30664,2025082703008420,SAPDBL,Kohinoor Investment & Securities Pvt. Ltd.,Naasa Securities Co. Ltd.,40,856.0,34240.0,2025-08-27T13:50:42.77979
2025-08-27,30640,2025082703008423,SAPDBL,Shree Krishna Securities Ltd.,Shree Krishna Securities Ltd.,10,851.4,8514.0,2025-08-27T13:50:48.654547
2025-08-27,30300,2025082703008488,SAPDBL,Dipshikha Dhitopatra Karobar Co. Pvt Ltd.,Aryatara Investment & Securities,100,852.5,85250.0,2025-08-27T13:52:31.038983
2025-08-27,30052,2025082703008541,SAPDBL,Aryatara Investment & Securities,Aryatara Investment & Securities,10,859.5,8595.0,2025-08-27T13:53:27.924566
2025-08-27,29954,2025082703008571,SAPDBL,Dipshikha Dhitopatra Karobar Co. Pvt Ltd.,Shree Krishna Securities Ltd.,10,855.0,8550.0,2025-08-27T13:54:04.440075
2025-08-27,29250,2025082703008639,SAPDBL,Dipshikha Dhitopatra Karobar Co. Pvt Ltd.,Kohinoor Investment & Securities Pvt. Ltd.,90,855.0,76950.0,2025-08-27T13:56:24.825795
2025-08-27,29249,2025082703008640,SAPDBL,Shree Krishna Securities Ltd.,Kohinoor Investment & Securities Pvt. Ltd.,200,855.0,171000.0,2025-08-27T13:56:24.826268
2025-08-27,29083,2025082703008691,SAPDBL,Kohinoor Investment & Securities Pvt. Ltd.,Shree Krishna Securities Ltd.,10,853.1,8531.0,2025-08-27T13:56:52.131885
2025-08-27,28828,2025082703008731,SAPDBL,Creative Securities Pvt Ltd,Midas Stock Broking Company Private Limited,220,859.9,189178.0,2025-08-27T13:58:05.167485
2025-08-27,28277,2025082703008809,SAPDBL,Online Securities Pvt. Ltd.,Dipshikha Dhitopatra Karobar Co. Pvt Ltd.,10,860.0,8600.0,2025-08-27T14:00:27.454263
2025-08-27,28171,2025082703008822,SAPDBL,Swarna Laxmi Securities Pvt. Ltd.,Shree Krishna Securities Ltd.,10,854.0,8540.0,2025-08-27T14:00:49.174784
2025-08-27,26115,2025082703009154,SAPDBL,Imperial Securities Company Pvt. Ltd.,Siprabi Securities Pvt. Ltd.,10,856.0,8560.0,2025-08-27T14:06:52.102937
2025-08-27,26114,2025082703009155,SAPDBL,Deevyaa Securities & Stock House Pvt. Ltd,Siprabi Securities Pvt. Ltd.,20,855.0,17100.0,2025-08-27T14:06:52.103189
2025-08-27,26113,2025082703009156,SAPDBL,S.P.S.A. Securities Limited,Siprabi Securities Pvt. Ltd.,10,854.1,8541.0,2025-08-27T14:06:52.103309
2025-08-27,26112,2025082703009157,SAPDBL,Swarna Laxmi Securities Pvt. Ltd.,Siprabi Securities Pvt. Ltd.,10,854.0,8540.0,2025-08-27T14:06:52.103407
2025-08-27,26111,2025082703009158,SAPDBL,Sajilo Broker Limited,Siprabi Securities Pvt. Ltd.,500,853.2,426600.0,2025-08-27T14:06:52.103504
2025-08-27,26110,2025082703009159,SAPDBL,Kohinoor Investment & Securities Pvt. Ltd.,Siprabi Securities Pvt. Ltd.,190,853.1,162089.0,2025-08-27T14:06:52.103598
2025-08-27,26109,2025082703009160,SAPDBL,Shree Krishna Securities Ltd.,Siprabi Securities Pvt. Ltd.,256,853.1,218393.6,2025-08-27T14:06:52.103709
2025-08-27,25916,2025082703009182,SAPDBL,Shree Krishna Securities Ltd.,Deevyaa Securities & Stock House Pvt. Ltd,10,859.4,8594.0,2025-08-27T14:07:22.821184
2025-08-27,23921,2025082703009571,SAPDBL,Trishakti Securities Public Limited,Oxford Securities Pvt. Ltd.,28,856.0,23968.0,2025-08-27T14:13:06.510123
2025-08-27,23920,2025082703009572,SAPDBL,Aakashbhairab Securities Ltd.,Oxford Securities Pvt. Ltd.,172,855.0,147060.0,2025-08-27T14:13:06.510419
2025-08-27,23807,2025082703009585,SAPDBL,Shree Krishna Securities Ltd.,Sweta Securities Private Limited,10,858.9,8589.0,2025-08-27T14:13:27.462343
2025-08-27,23789,2025082703009593,SAPDBL,Sumeru Securities Pvt. Ltd.,Sri Hari Securities Pvt. Ltd.,100,858.9,85890.0,2025-08-27T14:13:31.858832
2025-08-27,23332,2025082703009688,SAPDBL,Aakashbhairab Securities Ltd.,Siprabi Securities Pvt. Ltd.,328,855.0,280440.0,2025-08-27T14:14:53.614918
2025-08-27,23331,2025082703009689,SAPDBL,Shree Krishna Securities Ltd.,Siprabi Securities Pvt. Ltd.,172,855.0,147060.0,2025-08-27T14:14:53.615426
2025-08-27,23160,2025082703009712,SAPDBL,Sewa Securities Pvt. Ltd.,Shree Krishna Securities Ltd.,100,855.0,85500.0,2025-08-27T14:15:24.05877
2025-08-27,23027,2025082703009748,SAPDBL,Naasa Securities Co. Ltd.,Shree Krishna Securities Ltd.,900,855.0,769500.0,2025-08-27T14:15:50.960925
2025-08-27,22304,2025082703009867,SAPDBL,Arun Securities (PVT) Ltd.,Hatemalo Financial Services Private Limited,10,852.2,8522.0,2025-08-27T14:18:04.096152
2025-08-27,22156,2025082703009883,SAPDBL,Naasa Securities Co. Ltd.,J.F. Securites (PVT) Ltd.,18,854.0,15372.0,2025-08-27T14:18:33.007258
2025-08-27,21901,2025082703009938,SAPDBL,ABC Securities Private Limited,J.F. Securites (PVT) Ltd.,82,854.0,70028.0,2025-08-27T14:19:12.97117
2025-08-27,21900,2025082703009939,SAPDBL,ABC Securities Private Limited,Shree Krishna Securities Ltd.,418,855.0,357390.0,2025-08-27T14:19:12.971433
2025-08-27,21230,2025082703010067,SAPDBL,Arun Securities (PVT) Ltd.,Shree Krishna Securities Ltd.,10,852.2,8522.0,2025-08-27T14:21:19.688917
2025-08-27,21206,2025082703010071,SAPDBL,Trishakti Securities Public Limited,Siprabi Securities Pvt. Ltd.,800,854.0,683200.0,2025-08-27T14:21:24.211999
2025-08-27,21068,2025082703010095,SAPDBL,ABC Securities Private Limited,Siprabi Securities Pvt. Ltd.,70,854.0,59780.0,2025-08-27T14:21:46.781194
2025-08-27,21038,2025082703010102,SAPDBL,Aryatara Investment & Securities,Arun Securities (PVT) Ltd.,10,853.9,8539.0,2025-08-27T14:21:50.894197
2025-08-27,20901,2025082703010122,SAPDBL,Arun Securities (PVT) Ltd.,Kohinoor Investment & Securities Pvt. Ltd.,10,852.2,8522.0,2025-08-27T14:22:20.958745
2025-08-27,20389,2025082703010277,SAPDBL,Imperial Securities Company Pvt. Ltd.,Naasa Securities Co. Ltd.,10,852.3,8523.0,2025-08-27T14:23:38.569232
2025-08-27,20110,2025082703010360,SAPDBL,Kalika Securities Pvt. Ltd.,Sani Securities Company Ltd.,10,852.4,8524.0,2025-08-27T14:24:28.297791
2025-08-27,19713,2025082703010442,SAPDBL,Kalika Securities Pvt. Ltd.,Vision Securities Pvt. Ltd,20,852.4,17048.0,2025-08-27T14:25:41.397852
2025-08-27,19158,2025082703010555,SAPDBL,Shree Krishna Securities Ltd.,Arun Securities (PVT) Ltd.,30,852.5,25575.0,2025-08-27T14:27:24.633634
2025-08-27,18461,2025082703010667,SAPDBL,Imperial Securities Company Pvt. Ltd.,Thrive Brokerage House Pvt. Ltd,20,852.7,17054.0,2025-08-27T14:29:28.392475
2025-08-27,18460,2025082703010668,SAPDBL,Shree Krishna Securities Ltd.,Thrive Brokerage House Pvt. Ltd,480,852.7,409296.0,2025-08-27T14:29:28.392535
2025-08-27,16999,2025082703010880,SAPDBL,Shree Krishna Securities Ltd.,Secured Securities Ltd.,500,853.0,426500.0,2025-08-27T14:33:14.289662
2025-08-27,16971,2025082703010882,SAPDBL,Shree Krishna Securities Ltd.,Trishakti Securities Public Limited,1000,853.0,853000.0,2025-08-27T14:33:19.500266
2025-08-27,16955,2025082703010884,SAPDBL,Shree Krishna Securities Ltd.,Market Securities & Exchange (PVT) Ltd.,100,853.0,85300.0,2025-08-27T14:33:21.889007
2025-08-27,16908,2025082703010903,SAPDBL,Shree Krishna Securities Ltd.,Secured Securities Ltd.,500,853.0,426500.0,2025-08-27T14:33:31.213793
2025-08-27,16149,2025082703011088,SAPDBL,Dynamic Money Managers Securities Pvt. Ltd.,Sweta Securities Private Limited,10,852.6,8526.0,2025-08-27T14:35:54.213253
2025-08-27,15770,2025082703011202,SAPDBL,Siprabi Securities Pvt. Ltd.,Shree Krishna Securities Ltd.,20,853.0,17060.0,2025-08-27T14:37:01.673615
2025-08-27,15767,2025082703011203,SAPDBL,Magnet Securities and Investment Company Private Limited,Shree Krishna Securities Ltd.,100,853.0,85300.0,2025-08-27T14:37:02.585355
2025-08-27,15628,2025082703011221,SAPDBL,Bhrikuti Stock Broking Co. Pvt. Ltd.,Shree Krishna Securities Ltd.,100,853.0,85300.0,2025-08-27T14:37:20.521582
2025-08-27,15387,2025082703011284,SAPDBL,Dynamic Money Managers Securities Pvt. Ltd.,Aryatara Investment & Securities,90,852.6,76734.0,2025-08-27T14:37:53.726058
2025-08-27,15386,2025082703011285,SAPDBL,Arun Securities (PVT) Ltd.,Aryatara Investment & Securities,10,852.6,8526.0,2025-08-27T14:37:53.726537
2025-08-27,14793,2025082703011409,SAPDBL,Arun Securities (PVT) Ltd.,Shree Krishna Securities Ltd.,60,852.6,51156.0,2025-08-27T14:39:27.635379
2025-08-27,14792,2025082703011410,SAPDBL,Thrive Brokerage House Pvt. Ltd,Shree Krishna Securities Ltd.,40,852.5,34100.0,2025-08-27T14:39:27.635633
2025-08-27,14791,2025082703011411,SAPDBL,Kalika Securities Pvt. Ltd.,Shree Krishna Securities Ltd.,70,852.4,59668.0,2025-08-27T14:39:27.635732
2025-08-27,14367,2025082703011548,SAPDBL,MILKY WAY SHARE BROKER COMPANY LTD ,Shree Krishna Securities Ltd.,820,852.0,698640.0,2025-08-27T14:40:21.879348
2025-08-27,14366,2025082703011549,SAPDBL,Siprabi Securities Pvt. Ltd.,Shree Krishna Securities Ltd.,20,852.0,17040.0,2025-08-27T14:40:21.879635
2025-08-27,14365,2025082703011550,SAPDBL,Online Securities Pvt. Ltd.,Shree Krishna Securities Ltd.,21,852.0,17892.0,2025-08-27T14:40:21.87975
2025-08-27,14364,2025082703011551,SAPDBL,Deevyaa Securities & Stock House Pvt. Ltd,Shree Krishna Securities Ltd.,400,851.4,340560.0,2025-08-27T14:40:21.87985
2025-08-27,14363,2025082703011552,SAPDBL,Naasa Securities Co. Ltd.,Shree Krishna Securities Ltd.,80,850.1,68008.0,2025-08-27T14:40:21.879944
2025-08-27,14362,2025082703011553,SAPDBL,N.M.B. SECURITIES LIMITED,Shree Krishna Securities Ltd.,50,850.0,42500.0,2025-08-27T14:40:21.880045
2025-08-27,14361,2025082703011554,SAPDBL,Deevyaa Securities & Stock House Pvt. Ltd,Shree Krishna Securities Ltd.,12,850.0,10200.0,2025-08-27T14:40:21.880183
2025-08-27,14360,2025082703011555,SAPDBL,Imperial Securities Company Pvt. Ltd.,Shree Krishna Securities Ltd.,50,850.0,42500.0,2025-08-27T14:40:21.880277
2025-08-27,14359,2025082703011556,SAPDBL,Naasa Securities Co. Ltd.,Shree Krishna Securities Ltd.,20,850.0,17000.0,2025-08-27T14:40:21.880373
2025-08-27,14358,2025082703011557,SAPDBL,Sundhara Securities Limited,Shree Krishna Securities Ltd.,100,850.0,85000.0,2025-08-27T14:40:21.880465
2025-08-27,14357,2025082703011558,SAPDBL,Sri Hari Securities Pvt. Ltd.,Shree Krishna Securities Ltd.,100,850.0,85000.0,2025-08-27T14:40:21.880558
2025-08-27,14356,2025082703011559,SAPDBL,Trishakti Securities Public Limited,Shree Krishna Securities Ltd.,10,850.0,8500.0,2025-08-27T14:40:21.880651
2025-08-27,14137,2025082703011596,SAPDBL,Dipshikha Dhitopatra Karobar Co. Pvt Ltd.,Shree Krishna Securities Ltd.,10,849.2,8492.0,2025-08-27T14:40:59.05084
2025-08-27,14136,2025082703011597,SAPDBL,Naasa Securities Co. Ltd.,Shree Krishna Securities Ltd.,10,847.0,8470.0,2025-08-27T14:40:59.050939
2025-08-27,13414,2025082703011709,SAPDBL,Naasa Securities Co. Ltd.,Shree Krishna Securities Ltd.,30,847.0,25410.0,2025-08-27T14:42:28.500898
2025-08-27,13413,2025082703011710,SAPDBL,Siprabi Securities Pvt. Ltd.,Shree Krishna Securities Ltd.,10,847.0,8470.0,2025-08-27T14:42:28.50123
2025-08-27,13412,2025082703011711,SAPDBL,N.I.M.B. Stock Markets Limited,Shree Krishna Securities Ltd.,10,847.0,8470.0,2025-08-27T14:42:28.501368
2025-08-27,13371,2025082703011719,SAPDBL,Capital Hub P. Ltd,Shree Krishna Securities Ltd.,50,846.0,42300.0,2025-08-27T14:42:35.534247
2025-08-27,13112,2025082703011771,SAPDBL,Indira securities pvt. ltd,Siprabi Securities Pvt. Ltd.,20,848.9,16978.0,2025-08-27T14:43:13.888999
2025-08-27,13111,2025082703011772,SAPDBL,Indira securities pvt. ltd,Trishakti Securities Public Limited,60,849.0,50940.0,2025-08-27T14:43:13.889493
2025-08-27,12781,2025082703011834,SAPDBL,Shree Krishna Securities Ltd.,Trishakti Securities Public Limited,20,849.0,16980.0,2025-08-27T14:44:04.047778
2025-08-27,12690,2025082703011852,SAPDBL,Siprabi Securities Pvt. Ltd.,Aryatara Investment & Securities,15,846.1,12691.5,2025-08-27T14:44:18.878186
2025-08-27,12058,2025082703011955,SAPDBL,Imperial Securities Company Pvt. Ltd.,Kumari Securities Private Limited,25,847.0,21175.0,2025-08-27T14:45:14.929116
2025-08-27,11828,2025082703011982,SAPDBL,Shree Krishna Securities Ltd.,Aryatara Investment & Securities,10,853.0,8530.0,2025-08-27T14:45:38.594398
2025-08-27,11130,2025082703012155,SAPDBL,Dakshinkali Investment & Securities Pvt. Ltd.,Aryatara Investment & Securities,160,853.0,136480.0,2025-08-27T14:46:55.543967
2025-08-27,11001,2025082703012175,SAPDBL,Dipshikha Dhitopatra Karobar Co. Pvt Ltd.,Aryatara Investment & Securities,30,853.0,25590.0,2025-08-27T14:47:09.842975
2025-08-27,10932,2025082703012208,SAPDBL,Shree Krishna Securities Ltd.,Thrive Brokerage House Pvt. Ltd,11,854.5,9399.5,2025-08-27T14:47:17.154609
2025-08-27,10701,2025082703012263,SAPDBL,Dipshikha Dhitopatra Karobar Co. Pvt Ltd.,Sani Securities Company Ltd.,10,853.0,8530.0,2025-08-27T14:47:36.62384
2025-08-27,10544,2025082703012310,SAPDBL,Vision Securities Pvt. Ltd,KALASH STOCK MARKET PVT. LTD.,10,854.0,8540.0,2025-08-27T14:47:56.651057
2025-08-27,10515,2025082703012313,SAPDBL,Dipshikha Dhitopatra Karobar Co. Pvt Ltd.,Thrive Brokerage House Pvt. Ltd,700,853.1,597170.0,2025-08-27T14:47:59.10012
2025-08-27,10455,2025082703012329,SAPDBL,Dipshikha Dhitopatra Karobar Co. Pvt Ltd.,Agrawal Securities (PVT) Ltd.,60,853.1,51186.0,2025-08-27T14:48:05.323695
2025-08-27,9904,2025082703012427,SAPDBL,Dipshikha Dhitopatra Karobar Co. Pvt Ltd.,Thrive Brokerage House Pvt. Ltd,19,853.1,16208.9,2025-08-27T14:49:00.389653
2025-08-27,9866,2025082703012434,SAPDBL,Indira securities pvt. ltd,KALASH STOCK MARKET PVT. LTD.,390,854.0,333060.0,2025-08-27T14:49:02.958934
2025-08-27,9763,2025082703012454,SAPDBL,Indira securities pvt. ltd,Aryatara Investment & Securities,110,854.0,93940.0,2025-08-27T14:49:15.769241
2025-08-27,8876,2025082703012587,SAPDBL,Dipshikha Dhitopatra Karobar Co. Pvt Ltd.,Imperial Securities Company Pvt. Ltd.,41,853.1,34977.1,2025-08-27T14:50:36.393504
2025-08-27,8875,2025082703012588,SAPDBL,Dipshikha Dhitopatra Karobar Co. Pvt Ltd.,Imperial Securities Company Pvt. Ltd.,60,853.0,51180.0,2025-08-27T14:50:36.39361
2025-08-27,8874,2025082703012589,SAPDBL,Sajilo Broker Limited,Imperial Securities Company Pvt. Ltd.,900,850.1,765090.0,2025-08-27T14:50:36.393696
2025-08-27,8873,2025082703012590,SAPDBL,Sagarmatha Securities Private Limited,Imperial Securities Company Pvt. Ltd.,100,850.0,85000.0,2025-08-27T14:50:36.393756
2025-08-27,8872,2025082703012591,SAPDBL,Sani Securities Company Ltd.,Imperial Securities Company Pvt. Ltd.,29,850.0,24650.0,2025-08-27T14:50:36.393824
2025-08-27,8871,2025082703012592,SAPDBL,Siprabi Securities Pvt. Ltd.,Imperial Securities Company Pvt. Ltd.,100,848.5,84850.0,2025-08-27T14:50:36.393883
2025-08-27,8870,2025082703012593,SAPDBL,Dipshikha Dhitopatra Karobar Co. Pvt Ltd.,Imperial Securities Company Pvt. Ltd.,100,848.0,84800.0,2025-08-27T14:50:36.393957
2025-08-27,8826,2025082703012606,SAPDBL,Indira securities pvt. ltd,Thrive Brokerage House Pvt. Ltd,50,854.5,42725.0,2025-08-27T14:50:43.302529
2025-08-27,8069,2025082703012772,SAPDBL,Indira securities pvt. ltd,Investment Management Nepal Pvt. Ltd.,50,854.3,42715.0,2025-08-27T14:51:57.517655
2025-08-27,7468,2025082703012900,SAPDBL,Dipshikha Dhitopatra Karobar Co. Pvt Ltd.,Thrive Brokerage House Pvt. Ltd,900,850.0,765000.0,2025-08-27T14:52:49.745747
2025-08-27,7100,2025082703012967,SAPDBL,Indira securities pvt. ltd,Capital Max Securities Ltd,100,854.0,85400.0,2025-08-27T14:53:15.760337
2025-08-27,7028,2025082703012977,SAPDBL,Shree Krishna Securities Ltd.,Capital Max Securities Ltd,10,854.0,8540.0,2025-08-27T14:53:20.134349
2025-08-27,6311,2025082703013115,SAPDBL,Indira securities pvt. ltd,Thrive Brokerage House Pvt. Ltd,90,852.9,76761.0,2025-08-27T14:54:14.941753
2025-08-27,6310,2025082703013116,SAPDBL,Indira securities pvt. ltd,Capital Max Securities Ltd,10,853.0,8530.0,2025-08-27T14:54:14.942
2025-08-27,6133,2025082703013138,SAPDBL,Midas Stock Broking Company Private Limited,Dipshikha Dhitopatra Karobar Co. Pvt Ltd.,10,850.0,8500.0,2025-08-27T14:54:34.330266
2025-08-27,6132,2025082703013139,SAPDBL,Siprabi Securities Pvt. Ltd.,Dipshikha Dhitopatra Karobar Co. Pvt Ltd.,10,849.0,8490.0,2025-08-27T14:54:34.330554
2025-08-27,6002,2025082703013171,SAPDBL,Shree Krishna Securities Ltd.,Thrive Brokerage House Pvt. Ltd,11,852.8,9380.8,2025-08-27T14:54:46.633402
2025-08-27,5836,2025082703013207,SAPDBL,Indira securities pvt. ltd,Thrive Brokerage House Pvt. Ltd,79,852.8,67371.2,2025-08-27T14:55:01.133545
2025-08-27,5813,2025082703013211,SAPDBL,Indira securities pvt. ltd,Thrive Brokerage House Pvt. Ltd,41,852.8,34964.8,2025-08-27T14:55:03.526735
2025-08-27,5408,2025082703013299,SAPDBL,Vision Securities Pvt. Ltd,Trishakti Securities Public Limited,10,849.0,8490.0,2025-08-27T14:55:32.070767
2025-08-27,5407,2025082703013300,SAPDBL,Dipshikha Dhitopatra Karobar Co. Pvt Ltd.,Trishakti Securities Public Limited,200,849.0,169800.0,2025-08-27T14:55:32.070848
2025-08-27,5406,2025082703013301,SAPDBL,Dipshikha Dhitopatra Karobar Co. Pvt Ltd.,Trishakti Securities Public Limited,730,848.6,619478.0,2025-08-27T14:55:32.070879
2025-08-27,5405,2025082703013302,SAPDBL,Bhrikuti Stock Broking Co. Pvt. Ltd.,Trishakti Securities Public Limited,101,848.5,85698.5,2025-08-27T14:55:32.070905
2025-08-27,5404,2025082703013303,SAPDBL,Arun Securities (PVT) Ltd.,Trishakti Securities Public Limited,60,847.7,50862.0,2025-08-27T14:55:32.070933
2025-08-27,5403,2025082703013304,SAPDBL,Aryatara Investment & Securities,Trishakti Securities Public Limited,47,847.0,39809.0,2025-08-27T14:55:32.07096
2025-08-27,5402,2025082703013305,SAPDBL,ABC Securities Private Limited,Trishakti Securities Public Limited,50,847.0,42350.0,2025-08-27T14:55:32.070984
2025-08-27,5401,2025082703013306,SAPDBL,Vision Securities Pvt. Ltd,Trishakti Securities Public Limited,10,847.0,8470.0,2025-08-27T14:55:32.071009
2025-08-27,5400,2025082703013307,SAPDBL,Siprabi Securities Pvt. Ltd.,Trishakti Securities Public Limited,85,846.1,71918.5,2025-08-27T14:55:32.071051
2025-08-27,5399,2025082703013308,SAPDBL,Sagarmatha Securities Private Limited,Trishakti Securities Public Limited,100,846.0,84600.0,2025-08-27T14:55:32.071129
2025-08-27,5398,2025082703013309,SAPDBL,Nepal Stock House (PVT) Ltd.,Trishakti Securities Public Limited,280,845.6,236768.0,2025-08-27T14:55:32.071159
2025-08-27,5397,2025082703013310,SAPDBL,Imperial Securities Company Pvt. Ltd.,Trishakti Securities Public Limited,245,845.1,207049.5,2025-08-27T14:55:32.071189
2025-08-27,5396,2025082703013311,SAPDBL,Naasa Securities Co. Ltd.,Trishakti Securities Public Limited,82,845.0,69290.0,2025-08-27T14:55:32.071214
2025-08-27,5224,2025082703013339,SAPDBL,Naasa Securities Co. Ltd.,Vision Securities Pvt. Ltd,55,850.0,46750.0,2025-08-27T14:55:45.927839
2025-08-27,5195,2025082703013350,SAPDBL,Shree Krishna Securities Ltd.,Vision Securities Pvt. Ltd,10,848.5,8485.0,2025-08-27T14:55:47.968388
2025-08-27,5029,2025082703013376,SAPDBL,Naasa Securities Co. Ltd.,Capital Max Securities Ltd,118,845.0,99710.0,2025-08-27T14:56:03.871976
2025-08-27,5028,2025082703013377,SAPDBL,Online Securities Pvt. Ltd.,Capital Max Securities Ltd,50,845.0,42250.0,2025-08-27T14:56:03.872236
2025-08-27,5027,2025082703013378,SAPDBL,Midas Stock Broking Company Private Limited,Capital Max Securities Ltd,512,845.0,432640.0,2025-08-27T14:56:03.872341
2025-08-27,4771,2025082703013432,SAPDBL,Indira securities pvt. ltd,Dipshikha Dhitopatra Karobar Co. Pvt Ltd.,23,848.0,19504.0,2025-08-27T14:56:20.373052
2025-08-27,4770,2025082703013433,SAPDBL,Indira securities pvt. ltd,Vision Securities Pvt. Ltd,27,848.5,22909.5,2025-08-27T14:56:20.373339
2025-08-27,4337,2025082703013513,SAPDBL,Midas Stock Broking Company Private Limited,Vision Securities Pvt. Ltd,38,845.0,32110.0,2025-08-27T14:56:51.308284
2025-08-27,4336,2025082703013514,SAPDBL,Online Securities Pvt. Ltd.,Vision Securities Pvt. Ltd,100,845.0,84500.0,2025-08-27T14:56:51.308524
2025-08-27,4335,2025082703013515,SAPDBL,Naasa Securities Co. Ltd.,Vision Securities Pvt. Ltd,45,845.0,38025.0,2025-08-27T14:56:51.308627
2025-08-27,4334,2025082703013516,SAPDBL,Sewa Securities Pvt. Ltd.,Vision Securities Pvt. Ltd,30,845.0,25350.0,2025-08-27T14:56:51.308725
2025-08-27,3584,2025082703013662,SAPDBL,Naasa Securities Co. Ltd.,Sani Securities Company Ltd.,50,844.0,42200.0,2025-08-27T14:57:38.833728
2025-08-27,3583,2025082703013663,SAPDBL,Trishakti Securities Public Limited,Sani Securities Company Ltd.,20,843.0,16860.0,2025-08-27T14:57:38.833976
2025-08-27,3582,2025082703013664,SAPDBL,Nepal Stock House (PVT) Ltd.,Sani Securities Company Ltd.,100,843.0,84300.0,2025-08-27T14:57:38.834082
2025-08-27,3581,2025082703013665,SAPDBL,Thrive Brokerage House Pvt. Ltd,Sani Securities Company Ltd.,20,842.2,16844.0,2025-08-27T14:57:38.834178
2025-08-27,3580,2025082703013666,SAPDBL,Siprabi Securities Pvt. Ltd.,Sani Securities Company Ltd.,200,842.2,168440.0,2025-08-27T14:57:38.834273
2025-08-27,3579,2025082703013667,SAPDBL,N.I.M.B. Stock Markets Limited,Sani Securities Company Ltd.,10,842.1,8421.0,2025-08-27T14:57:38.834369
2025-08-27,3510,2025082703013688,SAPDBL,N.I.M.B. Stock Markets Limited,Bhrikuti Stock Broking Co. Pvt. Ltd.,30,842.1,25263.0,2025-08-27T14:57:45.119257
2025-08-27,3509,2025082703013689,SAPDBL,Market Securities & Exchange (PVT) Ltd.,Bhrikuti Stock Broking Co. Pvt. Ltd.,100,842.0,84200.0,2025-08-27T14:57:45.119534
2025-08-27,3097,2025082703013777,SAPDBL,Naasa Securities Co. Ltd.,Bhrikuti Stock Broking Co. Pvt. Ltd.,10,842.0,8420.0,2025-08-27T14:58:06.732356
2025-08-27,3027,2025082703013793,SAPDBL,Sumeru Securities Pvt. Ltd.,Bhrikuti Stock Broking Co. Pvt. Ltd.,50,842.0,42100.0,2025-08-27T14:58:11.419858
2025-08-27,2895,2025082703013836,SAPDBL,Arun Securities (PVT) Ltd.,South Asian Bulls Pvt. Ltd.,100,841.8,84180.0,2025-08-27T14:58:16.752707
2025-08-27,2543,2025082703013912,SAPDBL,Sharepro Securities Private Limited,Naasa Securities Co. Ltd.,100,841.0,84100.0,2025-08-27T14:58:38.086284
2025-08-27,2542,2025082703013913,SAPDBL,Capital Max Securities Ltd,Naasa Securities Co. Ltd.,149,840.5,125234.5,2025-08-27T14:58:38.08642
2025-08-27,2200,2025082703013967,SAPDBL,Bhrikuti Stock Broking Co. Pvt. Ltd.,Bhrikuti Stock Broking Co. Pvt. Ltd.,10,842.0,8420.0,2025-08-27T14:58:54.718051
2025-08-27,2199,2025082703013968,SAPDBL,Bhrikuti Stock Broking Co. Pvt. Ltd.,Aryatara Investment & Securities,490,842.0,412580.0,2025-08-27T14:58:54.718524
2025-08-27,1143,2025082703014187,SAPDBL,Online Securities Pvt. Ltd.,Aryatara Investment & Securities,10,842.0,8420.0,2025-08-27T14:59:28.618477
2025-08-27,969,2025082703014205,SAPDBL,Sani Securities Company Ltd.,Aryatara Investment & Securities,10,842.0,8420.0,2025-08-27T14:59:32.519797
2025-08-27,768,2025082703014273,SAPDBL,Online Securities Pvt. Ltd.,Aryatara Investment & Securities,20,842.0,16840.0,2025-08-27T14:59:38.997768
2025-08-27,639,2025082703014291,SAPDBL,Linch Stock Market Ltd.,Aryatara Investment & Securities,19,842.0,15998.0,2025-08-27T14:59:43.197781
2025-08-27,613,2025082703014295,SAPDBL,Nepal Investment And Securities Trading Private Limited,Dipshikha Dhitopatra Karobar Co. Pvt Ltd.,118,841.0,99238.0,2025-08-27T14:59:44.141318
2025-08-27,512,2025082703014329,SAPDBL,Dipshikha Dhitopatra Karobar Co. Pvt Ltd.,Aryatara Investment & Securities,100,842.0,84200.0,2025-08-27T14:59:47.180595
2025-08-27,500,2025082703014332,SAPDBL,Sweta Securities Private Limited,Aryatara Investment & Securities,351,842.0,295542.0,2025-08-27T14:59:47.403994
