Date,S.N.,Contract ID,Symbol,Buyer Broker,Seller Broker,volume,rate,amount,transaction_time
2025-08-27,72157,2025082703000064,SHINE,Aryatara Investment & Securities,Aryatara Investment & Securities,212,425.2,90142.4,2025-08-27T11:03:47.187383
2025-08-27,70021,2025082703000327,SHINE,Online Securities Pvt. Ltd.,Naasa Securities Co. Ltd.,44,427.0,18788.0,2025-08-27T11:17:16.241722
2025-08-27,69862,2025082703000361,SHINE,Nagarik Stock Dealer ,Capital Max Securities Ltd,100,430.0,43000.0,2025-08-27T11:18:19.81757
2025-08-27,69271,2025082703000421,SHINE,Nagarik Stock Dealer ,Sani Securities Company Ltd.,100,430.0,43000.0,2025-08-27T11:21:05.248977
2025-08-27,68954,2025082703000456,SHINE,Dipshikha Dhitopatra Karobar Co. Pvt Ltd.,Secured Securities Ltd.,15,425.5,6382.5,2025-08-27T11:22:18.611285
2025-08-27,68815,2025082703000464,SHINE,Dipshikha Dhitopatra Karobar Co. Pvt Ltd.,Naasa Securities Co. Ltd.,30,432.9,12987.0,2025-08-27T11:22:49.470944
2025-08-27,68686,2025082703000491,SHINE,Dipshikha Dhitopatra Karobar Co. Pvt Ltd.,Sani Securities Company Ltd.,20,432.9,8658.0,2025-08-27T11:23:35.290927
2025-08-27,65655,2025082703000995,SHINE,Oxford Securities Pvt. Ltd.,Sri Hari Securities Pvt. Ltd.,20,432.0,8640.0,2025-08-27T11:35:20.186643
2025-08-27,65653,2025082703000997,SHINE,Dipshikha Dhitopatra Karobar Co. Pvt Ltd.,Sri Hari Securities Pvt. Ltd.,80,432.0,34560.0,2025-08-27T11:35:20.596722
2025-08-27,65170,2025082703001088,SHINE,Nagarik Stock Dealer ,Sewa Securities Pvt. Ltd.,100,432.5,43250.0,2025-08-27T11:36:42.146613
2025-08-27,65169,2025082703001089,SHINE,Nagarik Stock Dealer ,Dipshikha Dhitopatra Karobar Co. Pvt Ltd.,100,432.9,43290.0,2025-08-27T11:36:42.146775
2025-08-27,64837,2025082703001160,SHINE,Deevyaa Securities & Stock House Pvt. Ltd,Bhrikuti Stock Broking Co. Pvt. Ltd.,300,433.0,129900.0,2025-08-27T11:38:05.179435
2025-08-27,64163,2025082703001301,SHINE,Naasa Securities Co. Ltd.,Naasa Securities Co. Ltd.,15,433.8,6507.0,2025-08-27T11:40:54.387769
2025-08-27,64162,2025082703001302,SHINE,Naasa Securities Co. Ltd.,Swarna Laxmi Securities Pvt. Ltd.,500,433.8,216900.0,2025-08-27T11:40:54.387863
2025-08-27,64161,2025082703001303,SHINE,Naasa Securities Co. Ltd.,Thrive Brokerage House Pvt. Ltd,1000,433.9,433900.0,2025-08-27T11:40:54.387921
2025-08-27,64160,2025082703001304,SHINE,Naasa Securities Co. Ltd.,Siprabi Securities Pvt. Ltd.,2000,434.0,868000.0,2025-08-27T11:40:54.387964
2025-08-27,64033,2025082703001328,SHINE,Naasa Securities Co. Ltd.,Swarna Laxmi Securities Pvt. Ltd.,380,434.0,164920.0,2025-08-27T11:41:24.326113
2025-08-27,63933,2025082703001343,SHINE,Naasa Securities Co. Ltd.,Thrive Brokerage House Pvt. Ltd,3000,434.0,1302000.0,2025-08-27T11:41:50.524148
2025-08-27,63924,2025082703001349,SHINE,Naasa Securities Co. Ltd.,Aryatara Investment & Securities,200,434.0,86800.0,2025-08-27T11:41:51.912795
2025-08-27,63810,2025082703001364,SHINE,Asian Securities Private Ltd.,Ashutosh Brokerage & Securities (PVT) Ltd.,100,434.9,43490.0,2025-08-27T11:42:13.023871
2025-08-27,63798,2025082703001368,SHINE,Sri Hari Securities Pvt. Ltd.,Ashutosh Brokerage & Securities (PVT) Ltd.,320,434.9,139168.0,2025-08-27T11:42:14.395512
2025-08-27,63686,2025082703001391,SHINE,Sri Hari Securities Pvt. Ltd.,Aryatara Investment & Securities,100,434.9,43490.0,2025-08-27T11:42:38.21312
2025-08-27,63511,2025082703001424,SHINE,Naasa Securities Co. Ltd.,Shree Krishna Securities Ltd.,2905,434.0,1260770.0,2025-08-27T11:43:27.394412
2025-08-27,61977,2025082703001749,SHINE,Dynamic Money Managers Securities Pvt. Ltd.,Bhrikuti Stock Broking Co. Pvt. Ltd.,100,433.0,43300.0,2025-08-27T11:49:48.907469
2025-08-27,61953,2025082703001753,SHINE,Dynamic Money Managers Securities Pvt. Ltd.,Online Securities Pvt. Ltd.,20,433.0,8660.0,2025-08-27T11:49:56.879171
2025-08-27,61900,2025082703001762,SHINE,Dynamic Money Managers Securities Pvt. Ltd.,Imperial Securities Company Pvt. Ltd.,100,433.0,43300.0,2025-08-27T11:50:13.215012
2025-08-27,61756,2025082703001794,SHINE,Dynamic Money Managers Securities Pvt. Ltd.,Imperial Securities Company Pvt. Ltd.,100,433.0,43300.0,2025-08-27T11:50:43.612121
2025-08-27,61016,2025082703002023,SHINE,Oxford Securities Pvt. Ltd.,Agrawal Securities (PVT) Ltd.,100,433.8,43380.0,2025-08-27T11:53:27.932053
2025-08-27,60802,2025082703002072,SHINE,KALASH STOCK MARKET PVT. LTD.,Dakshinkali Investment & Securities Pvt. Ltd.,300,433.9,130170.0,2025-08-27T11:54:24.571274
2025-08-27,60136,2025082703002219,SHINE,Dynamic Money Managers Securities Pvt. Ltd.,Dakshinkali Investment & Securities Pvt. Ltd.,30,433.0,12990.0,2025-08-27T11:56:48.034196
2025-08-27,60135,2025082703002220,SHINE,Oxford Securities Pvt. Ltd.,Dakshinkali Investment & Securities Pvt. Ltd.,98,433.0,42434.0,2025-08-27T11:56:48.034345
2025-08-27,60017,2025082703002246,SHINE,Oxford Securities Pvt. Ltd.,Dakshinkali Investment & Securities Pvt. Ltd.,12,433.9,5206.8,2025-08-27T11:57:14.157581
2025-08-27,59920,2025082703002261,SHINE,Dipshikha Dhitopatra Karobar Co. Pvt Ltd.,Dakshinkali Investment & Securities Pvt. Ltd.,22,433.9,9545.8,2025-08-27T11:57:41.471515
2025-08-27,59906,2025082703002264,SHINE,Nagarik Stock Dealer ,Oxford Securities Pvt. Ltd.,200,434.0,86800.0,2025-08-27T11:57:44.062943
2025-08-27,59871,2025082703002271,SHINE,Vision Securities Pvt. Ltd,Online Securities Pvt. Ltd.,100,434.0,43400.0,2025-08-27T11:57:51.394642
2025-08-27,59850,2025082703002277,SHINE,South Asian Bulls Pvt. Ltd.,Aryatara Investment & Securities,20,433.0,8660.0,2025-08-27T11:57:56.4132
2025-08-27,59782,2025082703002292,SHINE,Dipshikha Dhitopatra Karobar Co. Pvt Ltd.,Aryatara Investment & Securities,41,433.0,17753.0,2025-08-27T11:58:11.742714
2025-08-27,59667,2025082703002302,SHINE,Dipshikha Dhitopatra Karobar Co. Pvt Ltd.,Siprabi Securities Pvt. Ltd.,143,432.5,61847.5,2025-08-27T11:58:31.938848
2025-08-27,59598,2025082703002330,SHINE,Dipshikha Dhitopatra Karobar Co. Pvt Ltd.,Online Securities Pvt. Ltd.,50,434.0,21700.0,2025-08-27T11:58:54.078956
2025-08-27,59597,2025082703002331,SHINE,Dipshikha Dhitopatra Karobar Co. Pvt Ltd.,Linch Stock Market Ltd.,50,434.0,21700.0,2025-08-27T11:58:54.079105
2025-08-27,59596,2025082703002332,SHINE,Dipshikha Dhitopatra Karobar Co. Pvt Ltd.,Sumeru Securities Pvt. Ltd.,25,434.0,10850.0,2025-08-27T11:58:54.079167
2025-08-27,57540,2025082703002763,SHINE,Asian Securities Private Ltd.,Nepal Investment And Securities Trading Private Limited,15,433.1,6496.5,2025-08-27T12:05:57.695531
2025-08-27,57539,2025082703002764,SHINE,Dipshikha Dhitopatra Karobar Co. Pvt Ltd.,Nepal Investment And Securities Trading Private Limited,15,433.0,6495.0,2025-08-27T12:05:57.695666
2025-08-27,57236,2025082703002840,SHINE,Aryatara Investment & Securities,Vision Securities Pvt. Ltd,120,434.5,52140.0,2025-08-27T12:07:00.281299
2025-08-27,57226,2025082703002843,SHINE,Aryatara Investment & Securities,Kohinoor Investment & Securities Pvt. Ltd.,380,434.5,165110.0,2025-08-27T12:07:02.774607
2025-08-27,57225,2025082703002844,SHINE,Aryatara Investment & Securities,Kohinoor Investment & Securities Pvt. Ltd.,500,434.0,217000.0,2025-08-27T12:07:02.774759
2025-08-27,57141,2025082703002855,SHINE,Linch Stock Market Ltd.,Kohinoor Investment & Securities Pvt. Ltd.,100,434.0,43400.0,2025-08-27T12:07:24.735908
2025-08-27,56861,2025082703002949,SHINE,Kohinoor Investment & Securities Pvt. Ltd.,Kohinoor Investment & Securities Pvt. Ltd.,20,434.0,8680.0,2025-08-27T12:08:25.218251
2025-08-27,56860,2025082703002950,SHINE,Kohinoor Investment & Securities Pvt. Ltd.,Kohinoor Investment & Securities Pvt. Ltd.,14980,434.0,6501320.0,2025-08-27T12:08:25.218495
2025-08-27,56837,2025082703002954,SHINE,Kalika Securities Pvt. Ltd.,Kohinoor Investment & Securities Pvt. Ltd.,20,434.0,8680.0,2025-08-27T12:08:27.587364
2025-08-27,56635,2025082703002999,SHINE,Aryatara Investment & Securities,Sharepro Securities Private Limited,3,427.0,1281.0,2025-08-27T12:09:06.534547
2025-08-27,56245,2025082703003087,SHINE,Kalika Securities Pvt. Ltd.,Naasa Securities Co. Ltd.,80,434.0,34720.0,2025-08-27T12:10:37.324013
2025-08-27,56206,2025082703003094,SHINE,Aryatara Investment & Securities,Aryatara Investment & Securities,100,434.8,43480.0,2025-08-27T12:10:48.275392
2025-08-27,56205,2025082703003095,SHINE,Aryatara Investment & Securities,Kohinoor Investment & Securities Pvt. Ltd.,10,435.0,4350.0,2025-08-27T12:10:48.275625
2025-08-27,56204,2025082703003096,SHINE,Aryatara Investment & Securities,Imperial Securities Company Pvt. Ltd.,105,435.0,45675.0,2025-08-27T12:10:48.275774
2025-08-27,56122,2025082703003109,SHINE,Aryatara Investment & Securities,Sundhara Securities Limited,316,435.9,137744.4,2025-08-27T12:11:11.413222
2025-08-27,56121,2025082703003110,SHINE,Aryatara Investment & Securities,Naasa Securities Co. Ltd.,10,435.9,4359.0,2025-08-27T12:11:11.413367
2025-08-27,56051,2025082703003116,SHINE,Aryatara Investment & Securities,Kalika Securities Pvt. Ltd.,14,435.9,6102.6,2025-08-27T12:11:23.539808
2025-08-27,56034,2025082703003123,SHINE,Aryatara Investment & Securities,Aryatara Investment & Securities,212,436.0,92432.0,2025-08-27T12:11:26.513332
2025-08-27,56033,2025082703003124,SHINE,Aryatara Investment & Securities,Nepal Stock House (PVT) Ltd.,150,436.0,65400.0,2025-08-27T12:11:26.513559
2025-08-27,56032,2025082703003125,SHINE,Aryatara Investment & Securities,Premier Securities Company Ltd.,50,436.7,21835.0,2025-08-27T12:11:26.513701
2025-08-27,56031,2025082703003126,SHINE,Aryatara Investment & Securities,Dipshikha Dhitopatra Karobar Co. Pvt Ltd.,100,436.7,43670.0,2025-08-27T12:11:26.513898
2025-08-27,56030,2025082703003127,SHINE,Aryatara Investment & Securities,Aryatara Investment & Securities,500,436.7,218350.0,2025-08-27T12:11:26.51408
2025-08-27,56027,2025082703003128,SHINE,Aryatara Investment & Securities,Sundhara Securities Limited,273,436.7,119219.1,2025-08-27T12:11:28.215924
2025-08-27,55046,2025082703003356,SHINE,Aakashbhairab Securities Ltd.,Aryatara Investment & Securities,100,435.0,43500.0,2025-08-27T12:16:04.845074
2025-08-27,54908,2025082703003371,SHINE,Primo Securities (PVT) Ltd.,Trishakti Securities Public Limited,350,435.5,152425.0,2025-08-27T12:16:40.61935
2025-08-27,54868,2025082703003383,SHINE,Primo Securities (PVT) Ltd.,Sani Securities Company Ltd.,30,435.5,13065.0,2025-08-27T12:16:52.706273
2025-08-27,54782,2025082703003393,SHINE,Aakashbhairab Securities Ltd.,Trishakti Securities Public Limited,250,435.0,108750.0,2025-08-27T12:17:11.835299
2025-08-27,54415,2025082703003467,SHINE,Aakashbhairab Securities Ltd.,Sundhara Securities Limited,150,435.0,65250.0,2025-08-27T12:19:11.384807
2025-08-27,54414,2025082703003468,SHINE,Dipshikha Dhitopatra Karobar Co. Pvt Ltd.,Sundhara Securities Limited,57,435.0,24795.0,2025-08-27T12:19:11.385062
2025-08-27,54413,2025082703003469,SHINE,Dipshikha Dhitopatra Karobar Co. Pvt Ltd.,Sundhara Securities Limited,185,435.0,80475.0,2025-08-27T12:19:11.385214
2025-08-27,54376,2025082703003471,SHINE,Aryatara Investment & Securities,Sani Securities Company Ltd.,50,435.0,21750.0,2025-08-27T12:19:19.927942
2025-08-27,54138,2025082703003513,SHINE,Naasa Securities Co. Ltd.,Sani Securities Company Ltd.,50,434.0,21700.0,2025-08-27T12:20:31.605854
2025-08-27,53805,2025082703003573,SHINE,Naasa Securities Co. Ltd.,Sagarmatha Securities Private Limited,20,434.0,8680.0,2025-08-27T12:22:02.26207
2025-08-27,53389,2025082703003667,SHINE,Nagarik Stock Dealer ,Sagarmatha Securities Private Limited,13,434.0,5642.0,2025-08-27T12:24:01.735443
2025-08-27,53311,2025082703003679,SHINE,Online Securities Pvt. Ltd.,Premier Securities Company Ltd.,100,436.4,43640.0,2025-08-27T12:24:18.212737
2025-08-27,53133,2025082703003723,SHINE,Aryatara Investment & Securities,Sundhara Securities Limited,185,436.4,80734.0,2025-08-27T12:25:10.304803
2025-08-27,52907,2025082703003757,SHINE,Linch Stock Market Ltd.,Sundhara Securities Limited,42,436.4,18328.8,2025-08-27T12:26:14.043842
2025-08-27,52906,2025082703003758,SHINE,Linch Stock Market Ltd.,Kalika Securities Pvt. Ltd.,10,436.5,4365.0,2025-08-27T12:26:14.044104
2025-08-27,52905,2025082703003759,SHINE,Linch Stock Market Ltd.,Thrive Brokerage House Pvt. Ltd,48,436.5,20952.0,2025-08-27T12:26:14.044253
2025-08-27,52313,2025082703003882,SHINE,Imperial Securities Company Pvt. Ltd.,Kohinoor Investment & Securities Pvt. Ltd.,16,434.5,6952.0,2025-08-27T12:28:48.547247
2025-08-27,52149,2025082703003914,SHINE,J.F. Securites (PVT) Ltd.,Siprabi Securities Pvt. Ltd.,100,436.0,43600.0,2025-08-27T12:29:22.735191
2025-08-27,51557,2025082703004033,SHINE,Dipshikha Dhitopatra Karobar Co. Pvt Ltd.,Agrawal Securities (PVT) Ltd.,643,435.0,279705.0,2025-08-27T12:31:23.151898
2025-08-27,51314,2025082703004059,SHINE,Nagarik Stock Dealer ,Siprabi Securities Pvt. Ltd.,13,436.0,5668.0,2025-08-27T12:31:54.335847
2025-08-27,51313,2025082703004060,SHINE,Nagarik Stock Dealer ,Sundhara Securities Limited,174,436.0,75864.0,2025-08-27T12:31:54.336045
2025-08-27,50600,2025082703004231,SHINE,Siprabi Securities Pvt. Ltd.,Sundhara Securities Limited,134,436.0,58424.0,2025-08-27T12:34:32.708982
2025-08-27,50599,2025082703004232,SHINE,Siprabi Securities Pvt. Ltd.,Premier Securities Company Ltd.,110,436.4,48004.0,2025-08-27T12:34:32.709142
2025-08-27,50598,2025082703004233,SHINE,Siprabi Securities Pvt. Ltd.,Thrive Brokerage House Pvt. Ltd,456,436.5,199044.0,2025-08-27T12:34:32.709216
2025-08-27,50244,2025082703004313,SHINE,Dipshikha Dhitopatra Karobar Co. Pvt Ltd.,Swarna Laxmi Securities Pvt. Ltd.,357,435.0,155295.0,2025-08-27T12:35:37.253631
2025-08-27,49906,2025082703004359,SHINE,Secured Securities Ltd.,Swarna Laxmi Securities Pvt. Ltd.,143,436.4,62405.2,2025-08-27T12:36:19.611473
2025-08-27,49333,2025082703004482,SHINE,Premier Securities Company Ltd.,Swarna Laxmi Securities Pvt. Ltd.,357,436.4,155794.8,2025-08-27T12:38:14.434962
2025-08-27,49332,2025082703004483,SHINE,Premier Securities Company Ltd.,Swarna Laxmi Securities Pvt. Ltd.,143,436.4,62405.2,2025-08-27T12:38:14.435099
2025-08-27,49331,2025082703004484,SHINE,Premier Securities Company Ltd.,Thrive Brokerage House Pvt. Ltd,496,436.5,216504.0,2025-08-27T12:38:14.435167
2025-08-27,49330,2025082703004485,SHINE,Premier Securities Company Ltd.,Sundhara Securities Limited,500,436.6,218300.0,2025-08-27T12:38:14.435219
2025-08-27,49261,2025082703004499,SHINE,Trisul Securities & Invt. Ltd.,Sundhara Securities Limited,108,436.7,47163.6,2025-08-27T12:38:25.77564
2025-08-27,49260,2025082703004500,SHINE,Trisul Securities & Invt. Ltd.,Dipshikha Dhitopatra Karobar Co. Pvt Ltd.,92,436.8,40185.6,2025-08-27T12:38:25.775758
2025-08-27,47146,2025082703004980,SHINE,Sri Hari Securities Pvt. Ltd.,Sundhara Securities Limited,10,436.9,4369.0,2025-08-27T12:44:50.752557
2025-08-27,47071,2025082703004998,SHINE,Asian Securities Private Ltd.,Dakshinkali Investment & Securities Pvt. Ltd.,2,433.0,866.0,2025-08-27T12:45:12.015102
2025-08-27,46658,2025082703005075,SHINE,Aryatara Investment & Securities,Swarna Laxmi Securities Pvt. Ltd.,200,436.8,87360.0,2025-08-27T12:46:31.713037
2025-08-27,46127,2025082703005185,SHINE,Sundhara Securities Limited,Imperial Securities Company Pvt. Ltd.,20,435.0,8700.0,2025-08-27T12:48:43.65276
2025-08-27,46126,2025082703005186,SHINE,Vision Securities Pvt. Ltd,Imperial Securities Company Pvt. Ltd.,100,435.0,43500.0,2025-08-27T12:48:43.653057
2025-08-27,46034,2025082703005199,SHINE,KALASH STOCK MARKET PVT. LTD.,Swarna Laxmi Securities Pvt. Ltd.,300,434.8,130440.0,2025-08-27T12:49:05.64306
2025-08-27,46018,2025082703005212,SHINE,Nagarik Stock Dealer ,Imperial Securities Company Pvt. Ltd.,200,435.0,87000.0,2025-08-27T12:49:08.590601
2025-08-27,45374,2025082703005348,SHINE,Aryatara Investment & Securities,Sundhara Securities Limited,20,436.6,8732.0,2025-08-27T12:51:48.578041
2025-08-27,45287,2025082703005366,SHINE,J.F. Securites (PVT) Ltd.,Sundhara Securities Limited,362,436.6,158049.2,2025-08-27T12:52:13.938117
2025-08-27,45267,2025082703005370,SHINE,Capital Max Securities Ltd,Dakshinkali Investment & Securities Pvt. Ltd.,420,437.0,183540.0,2025-08-27T12:52:21.548015
2025-08-27,45266,2025082703005371,SHINE,Capital Max Securities Ltd,Naasa Securities Co. Ltd.,10,437.2,4372.0,2025-08-27T12:52:21.548092
2025-08-27,45265,2025082703005372,SHINE,Capital Max Securities Ltd,Imperial Securities Company Pvt. Ltd.,50,437.2,21860.0,2025-08-27T12:52:21.548116
2025-08-27,45264,2025082703005373,SHINE,Capital Max Securities Ltd,Imperial Securities Company Pvt. Ltd.,20,437.2,8744.0,2025-08-27T12:52:21.548138
2025-08-27,45104,2025082703005411,SHINE,Premier Securities Company Ltd.,Imperial Securities Company Pvt. Ltd.,30,437.2,13116.0,2025-08-27T12:52:57.546241
2025-08-27,45103,2025082703005412,SHINE,Premier Securities Company Ltd.,Imperial Securities Company Pvt. Ltd.,70,437.2,30604.0,2025-08-27T12:52:57.546508
2025-08-27,44963,2025082703005450,SHINE,J.F. Securites (PVT) Ltd.,Imperial Securities Company Pvt. Ltd.,30,437.2,13116.0,2025-08-27T12:53:34.666666
2025-08-27,44962,2025082703005451,SHINE,J.F. Securites (PVT) Ltd.,Online Securities Pvt. Ltd.,500,437.3,218650.0,2025-08-27T12:53:34.666826
2025-08-27,44904,2025082703005461,SHINE,KALASH STOCK MARKET PVT. LTD.,Imperial Securities Company Pvt. Ltd.,50,437.5,21875.0,2025-08-27T12:53:46.611886
2025-08-27,44903,2025082703005462,SHINE,KALASH STOCK MARKET PVT. LTD.,Imperial Securities Company Pvt. Ltd.,50,437.5,21875.0,2025-08-27T12:53:46.612037
2025-08-27,44902,2025082703005463,SHINE,KALASH STOCK MARKET PVT. LTD.,Oxford Securities Pvt. Ltd.,1500,437.5,656250.0,2025-08-27T12:53:46.612092
2025-08-27,44901,2025082703005464,SHINE,KALASH STOCK MARKET PVT. LTD.,Premier Securities Company Ltd.,100,437.8,43780.0,2025-08-27T12:53:46.612147
2025-08-27,44900,2025082703005465,SHINE,KALASH STOCK MARKET PVT. LTD.,Thrive Brokerage House Pvt. Ltd,2000,437.9,875800.0,2025-08-27T12:53:46.612224
2025-08-27,44761,2025082703005508,SHINE,Imperial Securities Company Pvt. Ltd.,Imperial Securities Company Pvt. Ltd.,98,438.0,42924.0,2025-08-27T12:54:19.50091
2025-08-27,44760,2025082703005509,SHINE,Imperial Securities Company Pvt. Ltd.,Opal Securities Investment (PVT) Ltd.,902,438.0,395076.0,2025-08-27T12:54:19.501106
2025-08-27,44741,2025082703005514,SHINE,Swarna Laxmi Securities Pvt. Ltd.,Opal Securities Investment (PVT) Ltd.,98,438.0,42924.0,2025-08-27T12:54:26.31137
2025-08-27,44740,2025082703005515,SHINE,Swarna Laxmi Securities Pvt. Ltd.,Aryatara Investment & Securities,902,438.0,395076.0,2025-08-27T12:54:26.311584
2025-08-27,44677,2025082703005531,SHINE,J.F. Securites (PVT) Ltd.,Aryatara Investment & Securities,108,438.0,47304.0,2025-08-27T12:54:45.07817
2025-08-27,44474,2025082703005567,SHINE,Linch Stock Market Ltd.,Aryatara Investment & Securities,300,438.0,131400.0,2025-08-27T12:55:48.796077
2025-08-27,44258,2025082703005615,SHINE,Sweta Securities Private Limited,Aryatara Investment & Securities,120,438.0,52560.0,2025-08-27T12:56:40.86322
2025-08-27,44236,2025082703005619,SHINE,KALASH STOCK MARKET PVT. LTD.,Sani Securities Company Ltd.,30,437.9,13137.0,2025-08-27T12:56:45.259315
2025-08-27,43778,2025082703005718,SHINE,Dipshikha Dhitopatra Karobar Co. Pvt Ltd.,Aryatara Investment & Securities,25,438.0,10950.0,2025-08-27T12:58:49.943498
2025-08-27,43769,2025082703005719,SHINE,Asian Securities Private Ltd.,Dakshinkali Investment & Securities Pvt. Ltd.,2,433.9,867.8,2025-08-27T12:58:52.939333
2025-08-27,43101,2025082703005850,SHINE,Opal Securities Investment (PVT) Ltd.,Aryatara Investment & Securities,10,438.0,4380.0,2025-08-27T13:01:05.054832
2025-08-27,42941,2025082703005890,SHINE,N.M.B. SECURITIES LIMITED,Secured Securities Ltd.,98,436.0,42728.0,2025-08-27T13:01:39.476636
2025-08-27,42898,2025082703005902,SHINE,N.M.B. SECURITIES LIMITED,Capital Max Securities Ltd,400,436.0,174400.0,2025-08-27T13:01:48.117244
2025-08-27,42855,2025082703005913,SHINE,Secured Securities Ltd.,Aryatara Investment & Securities,10,438.0,4380.0,2025-08-27T13:02:00.93537
2025-08-27,42831,2025082703005925,SHINE,Naasa Securities Co. Ltd.,Thrive Brokerage House Pvt. Ltd,180,436.0,78480.0,2025-08-27T13:02:06.670364
2025-08-27,42830,2025082703005926,SHINE,Aryatara Investment & Securities,Thrive Brokerage House Pvt. Ltd,100,435.5,43550.0,2025-08-27T13:02:06.670793
2025-08-27,42829,2025082703005927,SHINE,KALASH STOCK MARKET PVT. LTD.,Thrive Brokerage House Pvt. Ltd,95,435.2,41344.0,2025-08-27T13:02:06.670987
2025-08-27,42327,2025082703006038,SHINE,Nagarik Stock Dealer ,Aryatara Investment & Securities,100,435.6,43560.0,2025-08-27T13:03:52.702087
2025-08-27,42228,2025082703006073,SHINE,N.M.B. SECURITIES LIMITED,Aryatara Investment & Securities,12,438.0,5256.0,2025-08-27T13:04:21.848466
2025-08-27,41667,2025082703006198,SHINE,ABC Securities Private Limited,Dipshikha Dhitopatra Karobar Co. Pvt Ltd.,8,436.8,3494.4,2025-08-27T13:06:25.354115
2025-08-27,41418,2025082703006270,SHINE,ABC Securities Private Limited,Imperial Securities Company Pvt. Ltd.,2,435.0,870.0,2025-08-27T13:07:15.008617
2025-08-27,40474,2025082703006455,SHINE,KALASH STOCK MARKET PVT. LTD.,ABC Securities Private Limited,89,436.7,38866.3,2025-08-27T13:10:52.170358
2025-08-27,39988,2025082703006571,SHINE,KALASH STOCK MARKET PVT. LTD.,Asian Securities Private Ltd.,100,436.7,43670.0,2025-08-27T13:12:44.040235
2025-08-27,39738,2025082703006628,SHINE,Dipshikha Dhitopatra Karobar Co. Pvt Ltd.,Aryatara Investment & Securities,13,438.0,5694.0,2025-08-27T13:13:36.635779
2025-08-27,39676,2025082703006647,SHINE,Dipshikha Dhitopatra Karobar Co. Pvt Ltd.,Premier Securities Company Ltd.,10,438.5,4385.0,2025-08-27T13:13:50.722795
2025-08-27,39233,2025082703006723,SHINE,Dipshikha Dhitopatra Karobar Co. Pvt Ltd.,Aryatara Investment & Securities,3,433.9,1301.7,2025-08-27T13:15:29.366946
2025-08-27,38740,2025082703006810,SHINE,Naasa Securities Co. Ltd.,Secured Securities Ltd.,250,437.0,109250.0,2025-08-27T13:17:39.700333
2025-08-27,38732,2025082703006813,SHINE,Sharepro Securities Private Limited,Secured Securities Ltd.,445,437.0,194465.0,2025-08-27T13:17:42.20139
2025-08-27,38668,2025082703006823,SHINE,Sharepro Securities Private Limited,Aryatara Investment & Securities,55,437.0,24035.0,2025-08-27T13:18:01.479002
2025-08-27,38505,2025082703006860,SHINE,KALASH STOCK MARKET PVT. LTD.,Online Securities Pvt. Ltd.,200,436.7,87340.0,2025-08-27T13:18:50.565086
2025-08-27,38263,2025082703006900,SHINE,KALASH STOCK MARKET PVT. LTD.,Bhrikuti Stock Broking Co. Pvt. Ltd.,100,436.7,43670.0,2025-08-27T13:19:37.392579
2025-08-27,37406,2025082703007077,SHINE,KALASH STOCK MARKET PVT. LTD.,Aryatara Investment & Securities,16,436.7,6987.2,2025-08-27T13:22:55.770743
2025-08-27,37405,2025082703007078,SHINE,Asian Securities Private Ltd.,Aryatara Investment & Securities,94,436.6,41040.4,2025-08-27T13:22:55.771049
2025-08-27,37311,2025082703007093,SHINE,Asian Securities Private Ltd.,Aryatara Investment & Securities,85,436.6,37111.0,2025-08-27T13:23:19.030417
2025-08-27,35078,2025082703007502,SHINE,Naasa Securities Co. Ltd.,Naasa Securities Co. Ltd.,45,436.6,19647.0,2025-08-27T13:31:14.363749
2025-08-27,34861,2025082703007533,SHINE,Online Securities Pvt. Ltd.,Naasa Securities Co. Ltd.,32,436.5,13968.0,2025-08-27T13:31:48.948792
2025-08-27,34860,2025082703007534,SHINE,Dipshikha Dhitopatra Karobar Co. Pvt Ltd.,Naasa Securities Co. Ltd.,50,436.5,21825.0,2025-08-27T13:31:48.948963
2025-08-27,34724,2025082703007587,SHINE,Ashutosh Brokerage & Securities (PVT) Ltd.,Siprabi Securities Pvt. Ltd.,88,436.2,38385.6,2025-08-27T13:32:14.212973
2025-08-27,34185,2025082703007720,SHINE,Ashutosh Brokerage & Securities (PVT) Ltd.,Linch Stock Market Ltd.,200,436.2,87240.0,2025-08-27T13:34:10.544756
2025-08-27,33547,2025082703007858,SHINE,Ashutosh Brokerage & Securities (PVT) Ltd.,Agrawal Securities (PVT) Ltd.,24,436.2,10468.8,2025-08-27T13:36:25.515191
2025-08-27,32728,2025082703008026,SHINE,Ashutosh Brokerage & Securities (PVT) Ltd.,Sani Securities Company Ltd.,20,436.2,8724.0,2025-08-27T13:39:37.202303
2025-08-27,32425,2025082703008081,SHINE,Ashutosh Brokerage & Securities (PVT) Ltd.,Secured Securities Ltd.,17,436.2,7415.4,2025-08-27T13:40:50.082047
2025-08-27,32302,2025082703008108,SHINE,Ashutosh Brokerage & Securities (PVT) Ltd.,Online Securities Pvt. Ltd.,20,436.2,8724.0,2025-08-27T13:41:32.024097
2025-08-27,31929,2025082703008185,SHINE,Ashutosh Brokerage & Securities (PVT) Ltd.,Naasa Securities Co. Ltd.,131,436.2,57142.2,2025-08-27T13:43:26.760632
2025-08-27,31928,2025082703008186,SHINE,Oxford Securities Pvt. Ltd.,Naasa Securities Co. Ltd.,1949,436.2,850153.8,2025-08-27T13:43:26.760925
2025-08-27,29899,2025082703008579,SHINE,Oxford Securities Pvt. Ltd.,Aryatara Investment & Securities,200,436.9,87380.0,2025-08-27T13:54:19.563563
2025-08-27,29728,2025082703008592,SHINE,Investment Management Nepal Pvt. Ltd.,SHUBHAKAMANA SECURITIES PVT. LTD,500,437.0,218500.0,2025-08-27T13:54:55.315576
2025-08-27,28152,2025082703008828,SHINE,Aryatara Investment & Securities,SHUBHAKAMANA SECURITIES PVT. LTD,191,437.0,83467.0,2025-08-27T14:00:56.331637
2025-08-27,28151,2025082703008829,SHINE,Aryatara Investment & Securities,Trishakti Securities Public Limited,309,437.0,135033.0,2025-08-27T14:00:56.331815
2025-08-27,28052,2025082703008836,SHINE,Agrawal Securities (PVT) Ltd.,Trishakti Securities Public Limited,191,437.0,83467.0,2025-08-27T14:01:06.318765
2025-08-27,27846,2025082703008876,SHINE,Agrawal Securities (PVT) Ltd.,Dakshinkali Investment & Securities Pvt. Ltd.,100,437.0,43700.0,2025-08-27T14:01:40.873983
2025-08-27,27595,2025082703008923,SHINE,Kalika Securities Pvt. Ltd.,Trisul Securities & Invt. Ltd.,12,437.8,5253.6,2025-08-27T14:02:47.090449
2025-08-27,27464,2025082703008937,SHINE,Asian Securities Private Ltd.,Dipshikha Dhitopatra Karobar Co. Pvt Ltd.,1,430.0,430.0,2025-08-27T14:03:07.308887
2025-08-27,26327,2025082703009131,SHINE,Sundhara Securities Limited,Sani Securities Company Ltd.,10,437.7,4377.0,2025-08-27T14:06:18.980402
2025-08-27,25368,2025082703009266,SHINE,South Asian Bulls Pvt. Ltd.,Sani Securities Company Ltd.,10,437.2,4372.0,2025-08-27T14:09:08.480248
2025-08-27,24782,2025082703009323,SHINE,South Asian Bulls Pvt. Ltd.,Imperial Securities Company Pvt. Ltd.,50,437.2,21860.0,2025-08-27T14:10:51.9107
2025-08-27,24649,2025082703009341,SHINE,Agrawal Securities (PVT) Ltd.,Trisul Securities & Invt. Ltd.,88,437.8,38526.4,2025-08-27T14:11:18.308094
2025-08-27,24648,2025082703009342,SHINE,Agrawal Securities (PVT) Ltd.,Trisul Securities & Invt. Ltd.,121,437.8,52973.8,2025-08-27T14:11:18.308264
2025-08-27,23792,2025082703009590,SHINE,Kohinoor Investment & Securities Pvt. Ltd.,Trisul Securities & Invt. Ltd.,29,437.8,12696.2,2025-08-27T14:13:31.471223
2025-08-27,23791,2025082703009591,SHINE,Kohinoor Investment & Securities Pvt. Ltd.,Sundhara Securities Limited,26,437.9,11385.4,2025-08-27T14:13:31.471548
2025-08-27,23577,2025082703009642,SHINE,Vision Securities Pvt. Ltd,Sundhara Securities Limited,274,437.9,119984.6,2025-08-27T14:14:09.558022
2025-08-27,23576,2025082703009643,SHINE,Vision Securities Pvt. Ltd,Trishakti Securities Public Limited,400,437.9,175160.0,2025-08-27T14:14:09.558164
2025-08-27,23575,2025082703009644,SHINE,Vision Securities Pvt. Ltd,Agrawal Securities (PVT) Ltd.,100,437.9,43790.0,2025-08-27T14:14:09.558249
2025-08-27,23574,2025082703009645,SHINE,Vision Securities Pvt. Ltd,Online Securities Pvt. Ltd.,26,438.0,11388.0,2025-08-27T14:14:09.55835
2025-08-27,23507,2025082703009656,SHINE,South Asian Bulls Pvt. Ltd.,Neev Securities Pvt. Ltd.,100,437.4,43740.0,2025-08-27T14:14:19.368351
2025-08-27,23506,2025082703009657,SHINE,South Asian Bulls Pvt. Ltd.,Neev Securities Pvt. Ltd.,140,437.2,61208.0,2025-08-27T14:14:19.368458
2025-08-27,23505,2025082703009658,SHINE,Vision Securities Pvt. Ltd,Neev Securities Pvt. Ltd.,200,437.1,87420.0,2025-08-27T14:14:19.368552
2025-08-27,23504,2025082703009659,SHINE,Cristal Kanchanjanga Securites Pvt. Ltd.,Neev Securities Pvt. Ltd.,500,437.0,218500.0,2025-08-27T14:14:19.368628
2025-08-27,23503,2025082703009660,SHINE,Sani Securities Company Ltd.,Neev Securities Pvt. Ltd.,30,437.0,13110.0,2025-08-27T14:14:19.368707
2025-08-27,23502,2025082703009661,SHINE,Dipshikha Dhitopatra Karobar Co. Pvt Ltd.,Neev Securities Pvt. Ltd.,30,437.0,13110.0,2025-08-27T14:14:19.368779
2025-08-27,23434,2025082703009675,SHINE,Dipshikha Dhitopatra Karobar Co. Pvt Ltd.,Kohinoor Investment & Securities Pvt. Ltd.,500,438.0,219000.0,2025-08-27T14:14:38.712165
2025-08-27,23115,2025082703009720,SHINE,Vision Securities Pvt. Ltd,Kohinoor Investment & Securities Pvt. Ltd.,200,438.0,87600.0,2025-08-27T14:15:32.328383
2025-08-27,22453,2025082703009839,SHINE,Swarna Laxmi Securities Pvt. Ltd.,J.F. Securites (PVT) Ltd.,300,437.5,131250.0,2025-08-27T14:17:40.879368
2025-08-27,21213,2025082703010070,SHINE,Trishakti Securities Public Limited,Kohinoor Investment & Securities Pvt. Ltd.,500,438.0,219000.0,2025-08-27T14:21:22.189054
2025-08-27,20741,2025082703010186,SHINE,ABC Securities Private Limited,Kohinoor Investment & Securities Pvt. Ltd.,100,438.0,43800.0,2025-08-27T14:22:44.340483
2025-08-27,20515,2025082703010251,SHINE,Sani Securities Company Ltd.,Kohinoor Investment & Securities Pvt. Ltd.,1000,438.0,438000.0,2025-08-27T14:23:20.557852
2025-08-27,20050,2025082703010367,SHINE,Dynamic Money Managers Securities Pvt. Ltd.,Neev Securities Pvt. Ltd.,200,437.5,87500.0,2025-08-27T14:24:42.559052
2025-08-27,20049,2025082703010368,SHINE,Dipshikha Dhitopatra Karobar Co. Pvt Ltd.,Neev Securities Pvt. Ltd.,15,437.5,6562.5,2025-08-27T14:24:42.559236
2025-08-27,20048,2025082703010369,SHINE,South Asian Bulls Pvt. Ltd.,Neev Securities Pvt. Ltd.,100,437.2,43720.0,2025-08-27T14:24:42.55931
2025-08-27,20047,2025082703010370,SHINE,Secured Securities Ltd.,Neev Securities Pvt. Ltd.,50,437.0,21850.0,2025-08-27T14:24:42.559377
2025-08-27,19840,2025082703010412,SHINE,Agrawal Securities (PVT) Ltd.,Neev Securities Pvt. Ltd.,635,437.0,277495.0,2025-08-27T14:25:19.837077
2025-08-27,19592,2025082703010459,SHINE,Agrawal Securities (PVT) Ltd.,Midas Stock Broking Company Private Limited,365,437.0,159505.0,2025-08-27T14:26:03.182447
2025-08-27,17738,2025082703010754,SHINE,Naasa Securities Co. Ltd.,Midas Stock Broking Company Private Limited,10,437.5,4375.0,2025-08-27T14:31:25.502704
2025-08-27,15715,2025082703011205,SHINE,Premier Securities Company Ltd.,Midas Stock Broking Company Private Limited,130,437.5,56875.0,2025-08-27T14:37:07.243476
2025-08-27,15714,2025082703011206,SHINE,Premier Securities Company Ltd.,Malla & Malla Stock Broking Company Pvt. Limited,50,437.5,21875.0,2025-08-27T14:37:07.243815
2025-08-27,15294,2025082703011301,SHINE,Premier Securities Company Ltd.,Dakshinkali Investment & Securities Pvt. Ltd.,250,437.7,109425.0,2025-08-27T14:38:07.624599
2025-08-27,14577,2025082703011486,SHINE,Premier Securities Company Ltd.,Sani Securities Company Ltd.,129,437.7,56463.3,2025-08-27T14:39:50.485113
2025-08-27,14490,2025082703011491,SHINE,Sani Securities Company Ltd.,Shree Krishna Securities Ltd.,120,437.8,52536.0,2025-08-27T14:40:02.647291
2025-08-27,14489,2025082703011492,SHINE,Sani Securities Company Ltd.,Aryatara Investment & Securities,800,437.9,350320.0,2025-08-27T14:40:02.647624
2025-08-27,14488,2025082703011493,SHINE,Sani Securities Company Ltd.,Naasa Securities Co. Ltd.,20,437.9,8758.0,2025-08-27T14:40:02.647833
2025-08-27,14415,2025082703011534,SHINE,Sani Securities Company Ltd.,Kohinoor Investment & Securities Pvt. Ltd.,2700,438.0,1182600.0,2025-08-27T14:40:12.803733
2025-08-27,14414,2025082703011535,SHINE,Sani Securities Company Ltd.,Aryatara Investment & Securities,150,438.0,65700.0,2025-08-27T14:40:12.804067
2025-08-27,14413,2025082703011536,SHINE,Sani Securities Company Ltd.,Asian Securities Private Ltd.,100,438.0,43800.0,2025-08-27T14:40:12.804261
2025-08-27,14412,2025082703011537,SHINE,Sani Securities Company Ltd.,SHUBHAKAMANA SECURITIES PVT. LTD,200,438.0,87600.0,2025-08-27T14:40:12.804494
2025-08-27,14411,2025082703011538,SHINE,Sani Securities Company Ltd.,Kohinoor Investment & Securities Pvt. Ltd.,2850,438.0,1248300.0,2025-08-27T14:40:12.804684
2025-08-27,14373,2025082703011547,SHINE,Sani Securities Company Ltd.,Kohinoor Investment & Securities Pvt. Ltd.,500,438.0,219000.0,2025-08-27T14:40:20.912118
2025-08-27,14339,2025082703011565,SHINE,Premier Securities Company Ltd.,Kohinoor Investment & Securities Pvt. Ltd.,500,438.0,219000.0,2025-08-27T14:40:23.749788
2025-08-27,14308,2025082703011572,SHINE,Agrawal Securities (PVT) Ltd.,Kohinoor Investment & Securities Pvt. Ltd.,500,438.0,219000.0,2025-08-27T14:40:27.966626
2025-08-27,14303,2025082703011574,SHINE,Premier Securities Company Ltd.,Kohinoor Investment & Securities Pvt. Ltd.,170,438.0,74460.0,2025-08-27T14:40:28.785836
2025-08-27,14231,2025082703011579,SHINE,Agrawal Securities (PVT) Ltd.,Kohinoor Investment & Securities Pvt. Ltd.,480,438.0,210240.0,2025-08-27T14:40:43.087603
2025-08-27,14230,2025082703011580,SHINE,Agrawal Securities (PVT) Ltd.,Malla & Malla Stock Broking Company Pvt. Limited,50,438.0,21900.0,2025-08-27T14:40:43.087849
2025-08-27,14229,2025082703011581,SHINE,Agrawal Securities (PVT) Ltd.,Linch Stock Market Ltd.,470,438.0,205860.0,2025-08-27T14:40:43.087938
2025-08-27,13553,2025082703011677,SHINE,Aryatara Investment & Securities,Linch Stock Market Ltd.,30,438.0,13140.0,2025-08-27T14:42:15.239257
2025-08-27,13552,2025082703011678,SHINE,Aryatara Investment & Securities,Secured Securities Ltd.,293,438.1,128363.3,2025-08-27T14:42:15.239571
2025-08-27,13551,2025082703011679,SHINE,Aryatara Investment & Securities,Online Securities Pvt. Ltd.,500,438.2,219100.0,2025-08-27T14:42:15.239766
2025-08-27,13550,2025082703011680,SHINE,Aryatara Investment & Securities,Naasa Securities Co. Ltd.,154,438.2,67482.8,2025-08-27T14:42:15.239953
2025-08-27,13549,2025082703011681,SHINE,Aryatara Investment & Securities,Dipshikha Dhitopatra Karobar Co. Pvt Ltd.,23,438.7,10090.1,2025-08-27T14:42:15.240151
2025-08-27,12888,2025082703011820,SHINE,Dipshikha Dhitopatra Karobar Co. Pvt Ltd.,Sani Securities Company Ltd.,9,433.0,3897.0,2025-08-27T14:43:48.167988
2025-08-27,12276,2025082703011931,SHINE,Online Securities Pvt. Ltd.,Naasa Securities Co. Ltd.,263,439.0,115457.0,2025-08-27T14:44:55.180089
2025-08-27,12275,2025082703011932,SHINE,Online Securities Pvt. Ltd.,Sweta Securities Private Limited,70,439.5,30765.0,2025-08-27T14:44:55.180294
2025-08-27,11182,2025082703012141,SHINE,Sundhara Securities Limited,Aryatara Investment & Securities,21,439.0,9219.0,2025-08-27T14:46:49.391738
2025-08-27,11181,2025082703012142,SHINE,Sundhara Securities Limited,Sweta Securities Private Limited,120,439.5,52740.0,2025-08-27T14:46:49.392077
2025-08-27,11180,2025082703012143,SHINE,Sundhara Securities Limited,Premier Securities Company Ltd.,100,439.8,43980.0,2025-08-27T14:46:49.392282
2025-08-27,11179,2025082703012144,SHINE,Sundhara Securities Limited,Imperial Securities Company Pvt. Ltd.,59,439.8,25948.2,2025-08-27T14:46:49.392497
2025-08-27,10986,2025082703012181,SHINE,Naasa Securities Co. Ltd.,Imperial Securities Company Pvt. Ltd.,21,439.8,9235.8,2025-08-27T14:47:12.72785
2025-08-27,10985,2025082703012182,SHINE,Naasa Securities Co. Ltd.,Swarna Laxmi Securities Pvt. Ltd.,98,439.9,43110.2,2025-08-27T14:47:12.727951
2025-08-27,10984,2025082703012183,SHINE,Naasa Securities Co. Ltd.,Sani Securities Company Ltd.,628,440.0,276320.0,2025-08-27T14:47:12.728058
2025-08-27,10983,2025082703012184,SHINE,Naasa Securities Co. Ltd.,Vision Securities Pvt. Ltd,200,440.0,88000.0,2025-08-27T14:47:12.728153
2025-08-27,10982,2025082703012185,SHINE,Naasa Securities Co. Ltd.,Aryatara Investment & Securities,112,440.0,49280.0,2025-08-27T14:47:12.728258
2025-08-27,10981,2025082703012186,SHINE,Naasa Securities Co. Ltd.,Online Securities Pvt. Ltd.,150,440.0,66000.0,2025-08-27T14:47:12.728354
2025-08-27,10980,2025082703012187,SHINE,Naasa Securities Co. Ltd.,Pragyan Securities (PVT) Ltd.,100,440.0,44000.0,2025-08-27T14:47:12.728455
2025-08-27,10979,2025082703012188,SHINE,Naasa Securities Co. Ltd.,Dipshikha Dhitopatra Karobar Co. Pvt Ltd.,100,440.0,44000.0,2025-08-27T14:47:12.728554
2025-08-27,10978,2025082703012189,SHINE,Naasa Securities Co. Ltd.,Vision Securities Pvt. Ltd,10,440.0,4400.0,2025-08-27T14:47:12.728622
2025-08-27,10977,2025082703012190,SHINE,Naasa Securities Co. Ltd.,Linch Stock Market Ltd.,20,440.0,8800.0,2025-08-27T14:47:12.728691
2025-08-27,10976,2025082703012191,SHINE,Naasa Securities Co. Ltd.,Kohinoor Investment & Securities Pvt. Ltd.,50,440.0,22000.0,2025-08-27T14:47:12.728784
2025-08-27,10975,2025082703012192,SHINE,Naasa Securities Co. Ltd.,Sumeru Securities Pvt. Ltd.,500,440.0,220000.0,2025-08-27T14:47:12.728883
2025-08-27,10974,2025082703012193,SHINE,Naasa Securities Co. Ltd.,Aryatara Investment & Securities,500,440.0,220000.0,2025-08-27T14:47:12.728975
2025-08-27,10973,2025082703012194,SHINE,Naasa Securities Co. Ltd.,Sweta Securities Private Limited,30,440.0,13200.0,2025-08-27T14:47:12.729079
2025-08-27,10972,2025082703012195,SHINE,Naasa Securities Co. Ltd.,Oxford Securities Pvt. Ltd.,10,440.0,4400.0,2025-08-27T14:47:12.729167
2025-08-27,10971,2025082703012196,SHINE,Naasa Securities Co. Ltd.,Malla & Malla Stock Broking Company Pvt. Limited,50,440.0,22000.0,2025-08-27T14:47:12.729251
2025-08-27,10970,2025082703012197,SHINE,Naasa Securities Co. Ltd.,Sumeru Securities Pvt. Ltd.,250,440.0,110000.0,2025-08-27T14:47:12.729347
2025-08-27,10969,2025082703012198,SHINE,Naasa Securities Co. Ltd.,SHUBHAKAMANA SECURITIES PVT. LTD,171,440.0,75240.0,2025-08-27T14:47:12.729442
2025-08-27,10949,2025082703012203,SHINE,Secured Securities Ltd.,SHUBHAKAMANA SECURITIES PVT. LTD,29,440.0,12760.0,2025-08-27T14:47:14.675581
2025-08-27,10939,2025082703012206,SHINE,Secured Securities Ltd.,Imperial Securities Company Pvt. Ltd.,71,440.0,31240.0,2025-08-27T14:47:16.466305
2025-08-27,10736,2025082703012247,SHINE,Sumeru Securities Pvt. Ltd.,Vision Securities Pvt. Ltd,199,441.0,87759.0,2025-08-27T14:47:32.813525
2025-08-27,10735,2025082703012248,SHINE,Sumeru Securities Pvt. Ltd.,Sumeru Securities Pvt. Ltd.,100,441.0,44100.0,2025-08-27T14:47:32.813704
2025-08-27,10734,2025082703012249,SHINE,Sumeru Securities Pvt. Ltd.,Market Securities & Exchange (PVT) Ltd.,201,441.0,88641.0,2025-08-27T14:47:32.813773
2025-08-27,10725,2025082703012250,SHINE,Secured Securities Ltd.,Market Securities & Exchange (PVT) Ltd.,299,441.0,131859.0,2025-08-27T14:47:33.28582
2025-08-27,10724,2025082703012251,SHINE,Secured Securities Ltd.,Imperial Securities Company Pvt. Ltd.,100,441.0,44100.0,2025-08-27T14:47:33.286173
2025-08-27,10723,2025082703012252,SHINE,Secured Securities Ltd.,ABC Securities Private Limited,40,441.0,17640.0,2025-08-27T14:47:33.286355
2025-08-27,10663,2025082703012276,SHINE,Asian Securities Private Ltd.,ABC Securities Private Limited,1,433.0,433.0,2025-08-27T14:47:43.69408
2025-08-27,10633,2025082703012290,SHINE,Secured Securities Ltd.,Imperial Securities Company Pvt. Ltd.,100,442.0,44200.0,2025-08-27T14:47:45.82706
2025-08-27,10632,2025082703012291,SHINE,Secured Securities Ltd.,Vision Securities Pvt. Ltd,809,442.0,357578.0,2025-08-27T14:47:45.827228
2025-08-27,10631,2025082703012292,SHINE,Secured Securities Ltd.,Sani Securities Company Ltd.,157,442.0,69394.0,2025-08-27T14:47:45.827292
2025-08-27,10630,2025082703012293,SHINE,Secured Securities Ltd.,Nagarik Stock Dealer ,500,442.0,221000.0,2025-08-27T14:47:45.827353
2025-08-27,10629,2025082703012294,SHINE,Secured Securities Ltd.,Linch Stock Market Ltd.,434,442.0,191828.0,2025-08-27T14:47:45.827415
2025-08-27,10396,2025082703012343,SHINE,Online Securities Pvt. Ltd.,South Asian Bulls Pvt. Ltd.,1,437.0,437.0,2025-08-27T14:48:13.786342
2025-08-27,10062,2025082703012397,SHINE,Sani Securities Company Ltd.,Linch Stock Market Ltd.,66,442.0,29172.0,2025-08-27T14:48:41.524612
2025-08-27,10061,2025082703012398,SHINE,Sani Securities Company Ltd.,Kalika Securities Pvt. Ltd.,10,442.0,4420.0,2025-08-27T14:48:41.524785
2025-08-27,9683,2025082703012461,SHINE,Secured Securities Ltd.,Kohinoor Investment & Securities Pvt. Ltd.,50,442.5,22125.0,2025-08-27T14:49:22.175339
2025-08-27,9682,2025082703012462,SHINE,Secured Securities Ltd.,Imperial Securities Company Pvt. Ltd.,100,442.5,44250.0,2025-08-27T14:49:22.175484
2025-08-27,9681,2025082703012463,SHINE,Secured Securities Ltd.,Online Securities Pvt. Ltd.,450,442.7,199215.0,2025-08-27T14:49:22.175549
2025-08-27,9538,2025082703012484,SHINE,Sani Securities Company Ltd.,Linch Stock Market Ltd.,300,442.0,132600.0,2025-08-27T14:49:32.602606
2025-08-27,9410,2025082703012513,SHINE,Sani Securities Company Ltd.,Asian Securities Private Ltd.,74,442.0,32708.0,2025-08-27T14:49:52.099321
2025-08-27,9240,2025082703012535,SHINE,Secured Securities Ltd.,Premier Securities Company Ltd.,1000,441.0,441000.0,2025-08-27T14:50:06.170919
2025-08-27,8336,2025082703012705,SHINE,Midas Stock Broking Company Private Limited,Asian Securities Private Ltd.,26,442.0,11492.0,2025-08-27T14:51:29.844464
2025-08-27,8335,2025082703012706,SHINE,Midas Stock Broking Company Private Limited,Online Securities Pvt. Ltd.,50,442.7,22135.0,2025-08-27T14:51:29.844654
2025-08-27,8334,2025082703012707,SHINE,Midas Stock Broking Company Private Limited,Kalika Securities Pvt. Ltd.,64,442.7,28332.8,2025-08-27T14:51:29.844736
2025-08-27,7785,2025082703012820,SHINE,Asian Securities Private Ltd.,J.F. Securites (PVT) Ltd.,3,437.5,1312.5,2025-08-27T14:52:17.347664
2025-08-27,7348,2025082703012920,SHINE,Asian Securities Private Ltd.,Online Securities Pvt. Ltd.,4,438.0,1752.0,2025-08-27T14:52:57.596434
2025-08-27,6764,2025082703013024,SHINE,Bhrikuti Stock Broking Co. Pvt. Ltd.,Kalika Securities Pvt. Ltd.,436,442.7,193017.2,2025-08-27T14:53:40.326215
2025-08-27,6763,2025082703013025,SHINE,Bhrikuti Stock Broking Co. Pvt. Ltd.,Imperial Securities Company Pvt. Ltd.,64,442.7,28332.8,2025-08-27T14:53:40.326396
2025-08-27,6466,2025082703013070,SHINE,Online Securities Pvt. Ltd.,Naasa Securities Co. Ltd.,4,440.0,1760.0,2025-08-27T14:54:01.534131
2025-08-27,5866,2025082703013198,SHINE,Primo Securities (PVT) Ltd.,SHUBHAKAMANA SECURITIES PVT. LTD,50,442.0,22100.0,2025-08-27T14:54:57.597675
2025-08-27,5865,2025082703013199,SHINE,Dipshikha Dhitopatra Karobar Co. Pvt Ltd.,SHUBHAKAMANA SECURITIES PVT. LTD,50,442.0,22100.0,2025-08-27T14:54:57.597835
2025-08-27,5485,2025082703013278,SHINE,Dakshinkali Investment & Securities Pvt. Ltd.,Nepal Investment And Securities Trading Private Limited,190,442.1,83999.0,2025-08-27T14:55:27.6008
2025-08-27,5484,2025082703013279,SHINE,Oxford Securities Pvt. Ltd.,Nepal Investment And Securities Trading Private Limited,200,442.0,88400.0,2025-08-27T14:55:27.60112
2025-08-27,5483,2025082703013280,SHINE,Sani Securities Company Ltd.,Nepal Investment And Securities Trading Private Limited,120,442.0,53040.0,2025-08-27T14:55:27.601314
2025-08-27,5226,2025082703013337,SHINE,Naasa Securities Co. Ltd.,Nepal Investment And Securities Trading Private Limited,200,442.0,88400.0,2025-08-27T14:55:45.651155
2025-08-27,5181,2025082703013353,SHINE,Creative Securities Pvt Ltd,Nepal Investment And Securities Trading Private Limited,70,442.0,30940.0,2025-08-27T14:55:49.905802
2025-08-27,4792,2025082703013429,SHINE,Creative Securities Pvt Ltd,Imperial Securities Company Pvt. Ltd.,150,442.0,66300.0,2025-08-27T14:56:18.244645
2025-08-27,4615,2025082703013452,SHINE,Sani Securities Company Ltd.,Sani Securities Company Ltd.,82,442.1,36252.2,2025-08-27T14:56:31.566307
2025-08-27,4357,2025082703013512,SHINE,Creative Securities Pvt Ltd,Imperial Securities Company Pvt. Ltd.,436,442.7,193017.2,2025-08-27T14:56:50.294082
2025-08-27,4213,2025082703013534,SHINE,Creative Securities Pvt Ltd,Agrawal Securities (PVT) Ltd.,100,442.7,44270.0,2025-08-27T14:56:57.883248
2025-08-27,4160,2025082703013545,SHINE,Aryatara Investment & Securities,Secured Securities Ltd.,100,443.0,44300.0,2025-08-27T14:57:01.455681
2025-08-27,4159,2025082703013546,SHINE,Aryatara Investment & Securities,Imperial Securities Company Pvt. Ltd.,100,443.0,44300.0,2025-08-27T14:57:01.455968
2025-08-27,4030,2025082703013569,SHINE,Agrawal Securities (PVT) Ltd.,Imperial Securities Company Pvt. Ltd.,10,443.0,4430.0,2025-08-27T14:57:09.977418
2025-08-27,3400,2025082703013696,SHINE,Sani Securities Company Ltd.,Premier Securities Company Ltd.,100,442.9,44290.0,2025-08-27T14:57:48.973499
2025-08-27,3399,2025082703013697,SHINE,Sani Securities Company Ltd.,Imperial Securities Company Pvt. Ltd.,90,443.0,39870.0,2025-08-27T14:57:48.973811
2025-08-27,3398,2025082703013698,SHINE,Sani Securities Company Ltd.,Aryatara Investment & Securities,16,443.0,7088.0,2025-08-27T14:57:48.974
2025-08-27,3397,2025082703013699,SHINE,Sani Securities Company Ltd.,Market Securities & Exchange (PVT) Ltd.,40,443.0,17720.0,2025-08-27T14:57:48.974218
2025-08-27,3306,2025082703013721,SHINE,Creative Securities Pvt Ltd,Arun Securities (PVT) Ltd.,130,443.5,57655.0,2025-08-27T14:57:53.925826
2025-08-27,3305,2025082703013722,SHINE,Creative Securities Pvt Ltd,Vision Securities Pvt. Ltd,100,443.7,44370.0,2025-08-27T14:57:53.92599
2025-08-27,3304,2025082703013723,SHINE,Creative Securities Pvt Ltd,Cristal Kanchanjanga Securites Pvt. Ltd.,50,443.7,22185.0,2025-08-27T14:57:53.926069
2025-08-27,1649,2025082703014073,SHINE,Secured Securities Ltd.,Premier Securities Company Ltd.,100,443.9,44390.0,2025-08-27T14:59:16.566417
2025-08-27,1515,2025082703014110,SHINE,Creative Securities Pvt Ltd,Bhrikuti Stock Broking Co. Pvt. Ltd.,200,443.7,88740.0,2025-08-27T14:59:19.920311
2025-08-27,1334,2025082703014147,SHINE,Creative Securities Pvt Ltd,Aryatara Investment & Securities,60,443.7,26622.0,2025-08-27T14:59:23.831098
2025-08-27,893,2025082703014244,SHINE,Creative Securities Pvt Ltd,Vision Securities Pvt. Ltd,140,443.7,62118.0,2025-08-27T14:59:35.286534
2025-08-27,459,2025082703014342,SHINE,Creative Securities Pvt Ltd,Imperial Securities Company Pvt. Ltd.,64,443.7,28396.8,2025-08-27T14:59:49.637946
2025-08-27,458,2025082703014343,SHINE,Asian Securities Private Ltd.,Imperial Securities Company Pvt. Ltd.,136,443.7,60343.2,2025-08-27T14:59:49.638108
