Date,S.N.,Contract ID,Symbol,Buyer Broker,Seller Broker,volume,rate,amount,transaction_time
2025-08-27,72500,2025082704000009,UPPER,Sri Hari Securities Pvt. Ltd.,Bhrikuti Stock Broking Co. Pvt. Ltd.,10,197.1,1971.0,2025-08-27T10:46:00.046602
2025-08-27,72197,2025082704000043,UPPER,Siprabi Securities Pvt. Ltd.,Deevyaa Securities & Stock House Pvt. Ltd,10,194.9,1949.0,2025-08-27T11:03:19.430598
2025-08-27,71518,2025082704000122,UPPER,Malla & Malla Stock Broking Company Pvt. Limited,Capital Max Securities Ltd,10,194.3,1943.0,2025-08-27T11:08:32.909359
2025-08-27,71517,2025082704000123,UPPER,Malla & Malla Stock Broking Company Pvt. Limited,Market Securities & Exchange (PVT) Ltd.,10,194.5,1945.0,2025-08-27T11:08:32.909498
2025-08-27,71405,2025082704000144,UPPER,Siprabi Securities Pvt. Ltd.,Market Securities & Exchange (PVT) Ltd.,70,194.5,13615.0,2025-08-27T11:09:09.317064
2025-08-27,71336,2025082704000152,UPPER,Kalika Securities Pvt. Ltd.,Vision Securities Pvt. Ltd,138,194.0,26772.0,2025-08-27T11:09:34.166726
2025-08-27,70910,2025082704000223,UPPER,Naasa Securities Co. Ltd.,Sri Hari Securities Pvt. Ltd.,109,194.0,21146.0,2025-08-27T11:12:09.081567
2025-08-27,70874,2025082704000233,UPPER,Aryatara Investment & Securities,Vision Securities Pvt. Ltd,10,193.2,1932.0,2025-08-27T11:12:19.8793
2025-08-27,70873,2025082704000234,UPPER,Capital Max Securities Ltd,Vision Securities Pvt. Ltd,62,193.2,11978.4,2025-08-27T11:12:19.879452
2025-08-27,70860,2025082704000236,UPPER,Siprabi Securities Pvt. Ltd.,Sri Hari Securities Pvt. Ltd.,80,194.0,15520.0,2025-08-27T11:12:26.775842
2025-08-27,70645,2025082704000270,UPPER,Capital Max Securities Ltd,Dipshikha Dhitopatra Karobar Co. Pvt Ltd.,40,193.2,7728.0,2025-08-27T11:13:39.805698
2025-08-27,70462,2025082704000301,UPPER,Dipshikha Dhitopatra Karobar Co. Pvt Ltd.,Sri Hari Securities Pvt. Ltd.,10,194.0,1940.0,2025-08-27T11:14:35.658515
2025-08-27,69418,2025082704000443,UPPER,Aryatara Investment & Securities,Sri Hari Securities Pvt. Ltd.,100,194.0,19400.0,2025-08-27T11:20:26.587858
2025-08-27,69332,2025082704000457,UPPER,Online Securities Pvt. Ltd.,Sri Hari Securities Pvt. Ltd.,50,194.0,9700.0,2025-08-27T11:20:50.512643
2025-08-27,68667,2025082704000550,UPPER,Sundhara Securities Limited,Trisul Securities & Invt. Ltd.,50,193.5,9675.0,2025-08-27T11:23:41.848584
2025-08-27,68666,2025082704000551,UPPER,Capital Max Securities Ltd,Trisul Securities & Invt. Ltd.,198,193.2,38253.6,2025-08-27T11:23:41.848688
2025-08-27,68665,2025082704000552,UPPER,Kohinoor Investment & Securities Pvt. Ltd.,Trisul Securities & Invt. Ltd.,155,193.2,29946.0,2025-08-27T11:23:41.848787
2025-08-27,68664,2025082704000553,UPPER,Aryatara Investment & Securities,Trisul Securities & Invt. Ltd.,10,193.1,1931.0,2025-08-27T11:23:41.848865
2025-08-27,68663,2025082704000554,UPPER,Dakshinkali Investment & Securities Pvt. Ltd.,Trisul Securities & Invt. Ltd.,100,193.1,19310.0,2025-08-27T11:23:41.848937
2025-08-27,68662,2025082704000555,UPPER,Sani Securities Company Ltd.,Trisul Securities & Invt. Ltd.,250,193.0,48250.0,2025-08-27T11:23:41.849007
2025-08-27,68661,2025082704000556,UPPER,Imperial Securities Company Pvt. Ltd.,Trisul Securities & Invt. Ltd.,1000,193.0,193000.0,2025-08-27T11:23:41.849078
2025-08-27,68660,2025082704000557,UPPER,Dynamic Money Managers Securities Pvt. Ltd.,Trisul Securities & Invt. Ltd.,1000,193.0,193000.0,2025-08-27T11:23:41.849141
2025-08-27,68659,2025082704000558,UPPER,Naasa Securities Co. Ltd.,Trisul Securities & Invt. Ltd.,237,193.0,45741.0,2025-08-27T11:23:41.849206
2025-08-27,68411,2025082704000591,UPPER,Aryatara Investment & Securities,Kalika Securities Pvt. Ltd.,17,193.1,3282.7,2025-08-27T11:24:53.769294
2025-08-27,68364,2025082704000606,UPPER,Aryatara Investment & Securities,Bhrikuti Stock Broking Co. Pvt. Ltd.,13,193.1,2510.3,2025-08-27T11:25:13.347617
2025-08-27,68363,2025082704000607,UPPER,Naasa Securities Co. Ltd.,Bhrikuti Stock Broking Co. Pvt. Ltd.,51,193.0,9843.0,2025-08-27T11:25:13.347824
2025-08-27,68020,2025082704000650,UPPER,Trisul Securities & Invt. Ltd.,Capital Max Securities Ltd,100,193.9,19390.0,2025-08-27T11:26:27.534013
2025-08-27,67899,2025082704000661,UPPER,Trisul Securities & Invt. Ltd.,Thrive Brokerage House Pvt. Ltd,90,193.9,17451.0,2025-08-27T11:26:55.210296
2025-08-27,67801,2025082704000680,UPPER,Trisul Securities & Invt. Ltd.,Sani Securities Company Ltd.,30,193.9,5817.0,2025-08-27T11:27:18.922806
2025-08-27,67800,2025082704000681,UPPER,Naasa Securities Co. Ltd.,Sani Securities Company Ltd.,212,193.0,40916.0,2025-08-27T11:27:18.923063
2025-08-27,67799,2025082704000682,UPPER,Kohinoor Investment & Securities Pvt. Ltd.,Sani Securities Company Ltd.,758,193.0,146294.0,2025-08-27T11:27:18.923157
2025-08-27,67490,2025082704000742,UPPER,Imperial Securities Company Pvt. Ltd.,Sri Hari Securities Pvt. Ltd.,3,193.0,579.0,2025-08-27T11:28:41.676406
2025-08-27,67265,2025082704000783,UPPER,Siprabi Securities Pvt. Ltd.,Dynamic Money Managers Securities Pvt. Ltd.,100,193.9,19390.0,2025-08-27T11:29:38.289122
2025-08-27,66993,2025082704000840,UPPER,Online Securities Pvt. Ltd.,Dynamic Money Managers Securities Pvt. Ltd.,300,193.9,58170.0,2025-08-27T11:30:47.50982
2025-08-27,66946,2025082704000846,UPPER,Himalayan Securities Limited,Sri Hari Securities Pvt. Ltd.,551,194.0,106894.0,2025-08-27T11:31:00.32696
2025-08-27,66945,2025082704000847,UPPER,Himalayan Securities Limited,Siprabi Securities Pvt. Ltd.,40,194.0,7760.0,2025-08-27T11:31:00.327206
2025-08-27,66944,2025082704000848,UPPER,Himalayan Securities Limited,Sewa Securities Pvt. Ltd.,550,194.0,106700.0,2025-08-27T11:31:00.327307
2025-08-27,66943,2025082704000849,UPPER,Himalayan Securities Limited,Naasa Securities Co. Ltd.,100,194.0,19400.0,2025-08-27T11:31:00.327408
2025-08-27,66942,2025082704000850,UPPER,Himalayan Securities Limited,Aryatara Investment & Securities,70,194.0,13580.0,2025-08-27T11:31:00.327505
2025-08-27,66941,2025082704000851,UPPER,Himalayan Securities Limited,Bhrikuti Stock Broking Co. Pvt. Ltd.,300,194.0,58200.0,2025-08-27T11:31:00.32761
2025-08-27,66940,2025082704000852,UPPER,Himalayan Securities Limited,Linch Stock Market Ltd.,600,194.0,116400.0,2025-08-27T11:31:00.327704
2025-08-27,66939,2025082704000853,UPPER,Himalayan Securities Limited,Bhrikuti Stock Broking Co. Pvt. Ltd.,10,194.0,1940.0,2025-08-27T11:31:00.327799
2025-08-27,66938,2025082704000854,UPPER,Himalayan Securities Limited,Agrawal Securities (PVT) Ltd.,50,194.0,9700.0,2025-08-27T11:31:00.327892
2025-08-27,66937,2025082704000855,UPPER,Himalayan Securities Limited,Kumari Securities Private Limited,70,194.0,13580.0,2025-08-27T11:31:00.327987
2025-08-27,66810,2025082704000879,UPPER,Himalayan Securities Limited,Naasa Securities Co. Ltd.,104,194.0,20176.0,2025-08-27T11:31:31.153095
2025-08-27,66485,2025082704000930,UPPER,Sani Securities Company Ltd.,Naasa Securities Co. Ltd.,10,194.5,1945.0,2025-08-27T11:32:39.703076
2025-08-27,66316,2025082704000960,UPPER,Sani Securities Company Ltd.,Naasa Securities Co. Ltd.,10,194.5,1945.0,2025-08-27T11:33:17.237053
2025-08-27,65500,2025082704001075,UPPER,Himalayan Securities Limited,Bhrikuti Stock Broking Co. Pvt. Ltd.,30,194.0,5820.0,2025-08-27T11:35:45.068683
2025-08-27,65443,2025082704001081,UPPER,Himalayan Securities Limited,Kohinoor Investment & Securities Pvt. Ltd.,30,194.0,5820.0,2025-08-27T11:35:53.217541
2025-08-27,64861,2025082704001164,UPPER,Sharepro Securities Private Limited,Kumari Securities Private Limited,100,194.1,19410.0,2025-08-27T11:37:58.069968
2025-08-27,64860,2025082704001165,UPPER,Himalayan Securities Limited,Kumari Securities Private Limited,100,194.0,19400.0,2025-08-27T11:37:58.070226
2025-08-27,64787,2025082704001171,UPPER,Himalayan Securities Limited,Aryatara Investment & Securities,50,194.0,9700.0,2025-08-27T11:38:17.277541
2025-08-27,64713,2025082704001186,UPPER,Linch Stock Market Ltd.,Imperial Securities Company Pvt. Ltd.,30,194.2,5826.0,2025-08-27T11:38:39.46115
2025-08-27,64654,2025082704001189,UPPER,Himalayan Securities Limited,Capital Max Securities Ltd,90,194.0,17460.0,2025-08-27T11:38:52.06768
2025-08-27,64524,2025082704001215,UPPER,Himalayan Securities Limited,Primo Securities (PVT) Ltd.,80,194.0,15520.0,2025-08-27T11:39:29.442923
2025-08-27,64476,2025082704001220,UPPER,Sagarmatha Securities Private Limited,Deevyaa Securities & Stock House Pvt. Ltd,500,194.1,97050.0,2025-08-27T11:39:39.520271
2025-08-27,64475,2025082704001221,UPPER,Himalayan Securities Limited,Deevyaa Securities & Stock House Pvt. Ltd,175,194.0,33950.0,2025-08-27T11:39:39.520537
2025-08-27,64474,2025082704001222,UPPER,Agrawal Securities (PVT) Ltd.,Deevyaa Securities & Stock House Pvt. Ltd,10,194.0,1940.0,2025-08-27T11:39:39.520651
2025-08-27,64473,2025082704001223,UPPER,Premier Securities Company Ltd.,Deevyaa Securities & Stock House Pvt. Ltd,215,194.0,41710.0,2025-08-27T11:39:39.520756
2025-08-27,63907,2025082704001333,UPPER,Sani Securities Company Ltd.,Imperial Securities Company Pvt. Ltd.,35,194.2,6797.0,2025-08-27T11:41:55.711279
2025-08-27,63243,2025082704001446,UPPER,SUN SECURITIES PVT LTD,Online Securities Pvt. Ltd.,100,194.1,19410.0,2025-08-27T11:44:35.776277
2025-08-27,63061,2025082704001485,UPPER,SUN SECURITIES PVT LTD,Nepal Stock House (PVT) Ltd.,150,194.1,29115.0,2025-08-27T11:45:27.282074
2025-08-27,62855,2025082704001526,UPPER,Premier Securities Company Ltd.,Dynamic Money Managers Securities Pvt. Ltd.,285,194.0,55290.0,2025-08-27T11:46:13.581805
2025-08-27,62854,2025082704001527,UPPER,Siprabi Securities Pvt. Ltd.,Dynamic Money Managers Securities Pvt. Ltd.,155,194.0,30070.0,2025-08-27T11:46:13.582346
2025-08-27,62853,2025082704001528,UPPER,ABC Securities Private Limited,Dynamic Money Managers Securities Pvt. Ltd.,50,194.0,9700.0,2025-08-27T11:46:13.582794
2025-08-27,62852,2025082704001529,UPPER,Agrawal Securities (PVT) Ltd.,Dynamic Money Managers Securities Pvt. Ltd.,10,194.0,1940.0,2025-08-27T11:46:13.583226
2025-08-27,62452,2025082704001614,UPPER,Himalayan Securities Limited,Naasa Securities Co. Ltd.,1000,193.5,193500.0,2025-08-27T11:47:55.267508
2025-08-27,62416,2025082704001618,UPPER,Himalayan Securities Limited,Naasa Securities Co. Ltd.,1000,193.5,193500.0,2025-08-27T11:48:05.349478
2025-08-27,62354,2025082704001632,UPPER,Linch Stock Market Ltd.,Naasa Securities Co. Ltd.,600,193.5,116100.0,2025-08-27T11:48:23.450513
2025-08-27,62100,2025082704001662,UPPER,Himalayan Securities Limited,Nepal Stock House (PVT) Ltd.,1000,193.2,193200.0,2025-08-27T11:49:20.771066
2025-08-27,62099,2025082704001663,UPPER,Nepal Stock House (PVT) Ltd.,Nepal Stock House (PVT) Ltd.,100,193.2,19320.0,2025-08-27T11:49:20.771349
2025-08-27,62098,2025082704001664,UPPER,Sewa Securities Pvt. Ltd.,Nepal Stock House (PVT) Ltd.,200,193.1,38620.0,2025-08-27T11:49:20.771471
2025-08-27,62097,2025082704001665,UPPER,Aryatara Investment & Securities,Nepal Stock House (PVT) Ltd.,50,193.1,9655.0,2025-08-27T11:49:20.771587
2025-08-27,62096,2025082704001666,UPPER,Sumeru Securities Pvt. Ltd.,Nepal Stock House (PVT) Ltd.,100,193.1,19310.0,2025-08-27T11:49:20.771702
2025-08-27,62095,2025082704001667,UPPER,Kohinoor Investment & Securities Pvt. Ltd.,Nepal Stock House (PVT) Ltd.,12,193.0,2316.0,2025-08-27T11:49:20.771829
2025-08-27,62094,2025082704001668,UPPER,Sani Securities Company Ltd.,Nepal Stock House (PVT) Ltd.,38,193.0,7334.0,2025-08-27T11:49:20.771963
2025-08-27,61999,2025082704001679,UPPER,Sani Securities Company Ltd.,Nepal Stock House (PVT) Ltd.,462,193.0,89166.0,2025-08-27T11:49:44.033098
2025-08-27,61998,2025082704001680,UPPER,Agrawal Securities (PVT) Ltd.,Nepal Stock House (PVT) Ltd.,100,193.0,19300.0,2025-08-27T11:49:44.033718
2025-08-27,61997,2025082704001681,UPPER,Naasa Securities Co. Ltd.,Nepal Stock House (PVT) Ltd.,50,193.0,9650.0,2025-08-27T11:49:44.034156
2025-08-27,61996,2025082704001682,UPPER,Oxford Securities Pvt. Ltd.,Nepal Stock House (PVT) Ltd.,259,193.0,49987.0,2025-08-27T11:49:44.03453
2025-08-27,61995,2025082704001683,UPPER,Imperial Securities Company Pvt. Ltd.,Nepal Stock House (PVT) Ltd.,129,193.0,24897.0,2025-08-27T11:49:44.034953
2025-08-27,61978,2025082704001688,UPPER,Imperial Securities Company Pvt. Ltd.,Online Securities Pvt. Ltd.,35,193.0,6755.0,2025-08-27T11:49:48.793673
2025-08-27,61951,2025082704001693,UPPER,Online Securities Pvt. Ltd.,Naasa Securities Co. Ltd.,400,193.5,77400.0,2025-08-27T11:49:57.88775
2025-08-27,61950,2025082704001694,UPPER,Online Securities Pvt. Ltd.,Nepal Stock House (PVT) Ltd.,100,193.5,19350.0,2025-08-27T11:49:57.888068
2025-08-27,61759,2025082704001720,UPPER,Online Securities Pvt. Ltd.,Nepal Stock House (PVT) Ltd.,500,193.5,96750.0,2025-08-27T11:50:43.155095
2025-08-27,61662,2025082704001736,UPPER,Sri Hari Securities Pvt. Ltd.,Nepal Stock House (PVT) Ltd.,400,193.5,77400.0,2025-08-27T11:51:10.72711
2025-08-27,61176,2025082704001819,UPPER,Imperial Securities Company Pvt. Ltd.,Nagarik Stock Dealer ,80,193.0,15440.0,2025-08-27T11:52:58.176401
2025-08-27,61154,2025082704001823,UPPER,Imperial Securities Company Pvt. Ltd.,Linch Stock Market Ltd.,60,193.0,11580.0,2025-08-27T11:53:04.213121
2025-08-27,61143,2025082704001827,UPPER,Sri Hari Securities Pvt. Ltd.,Asian Securities Private Ltd.,27,193.9,5235.3,2025-08-27T11:53:05.576679
2025-08-27,60799,2025082704001877,UPPER,Linch Stock Market Ltd.,Bhrikuti Stock Broking Co. Pvt. Ltd.,98,193.1,18923.8,2025-08-27T11:54:26.047389
2025-08-27,60798,2025082704001878,UPPER,Imperial Securities Company Pvt. Ltd.,Bhrikuti Stock Broking Co. Pvt. Ltd.,1000,193.1,193100.0,2025-08-27T11:54:26.047728
2025-08-27,60797,2025082704001879,UPPER,Imperial Securities Company Pvt. Ltd.,Bhrikuti Stock Broking Co. Pvt. Ltd.,196,193.0,37828.0,2025-08-27T11:54:26.047893
2025-08-27,60796,2025082704001880,UPPER,Midas Stock Broking Company Private Limited,Bhrikuti Stock Broking Co. Pvt. Ltd.,1000,193.0,193000.0,2025-08-27T11:54:26.048458
2025-08-27,60795,2025082704001881,UPPER,Sundhara Securities Limited,Bhrikuti Stock Broking Co. Pvt. Ltd.,200,193.0,38600.0,2025-08-27T11:54:26.049077
2025-08-27,60794,2025082704001882,UPPER,Premier Securities Company Ltd.,Bhrikuti Stock Broking Co. Pvt. Ltd.,100,193.0,19300.0,2025-08-27T11:54:26.049675
2025-08-27,60793,2025082704001883,UPPER,KALASH STOCK MARKET PVT. LTD.,Bhrikuti Stock Broking Co. Pvt. Ltd.,35,193.0,6755.0,2025-08-27T11:54:26.050337
2025-08-27,60792,2025082704001884,UPPER,Thrive Brokerage House Pvt. Ltd,Bhrikuti Stock Broking Co. Pvt. Ltd.,50,193.0,9650.0,2025-08-27T11:54:26.050965
2025-08-27,60791,2025082704001885,UPPER,Imperial Securities Company Pvt. Ltd.,Bhrikuti Stock Broking Co. Pvt. Ltd.,300,193.0,57900.0,2025-08-27T11:54:26.051552
2025-08-27,60790,2025082704001886,UPPER,Asian Securities Private Ltd.,Bhrikuti Stock Broking Co. Pvt. Ltd.,421,193.0,81253.0,2025-08-27T11:54:26.052086
2025-08-27,60529,2025082704001928,UPPER,Sani Securities Company Ltd.,Asian Securities Private Ltd.,10,193.9,1939.0,2025-08-27T11:55:30.766484
2025-08-27,60306,2025082704001963,UPPER,Sani Securities Company Ltd.,Asian Securities Private Ltd.,10,193.9,1939.0,2025-08-27T11:56:23.408076
2025-08-27,60208,2025082704001970,UPPER,Linch Stock Market Ltd.,Asian Securities Private Ltd.,53,193.9,10276.7,2025-08-27T11:56:37.654957
2025-08-27,60207,2025082704001971,UPPER,Linch Stock Market Ltd.,Blue Chip Securities Ltd,107,194.0,20758.0,2025-08-27T11:56:37.655246
2025-08-27,59922,2025082704002030,UPPER,Sundhara Securities Limited,Naasa Securities Co. Ltd.,40,193.2,7728.0,2025-08-27T11:57:40.878927
2025-08-27,59319,2025082704002114,UPPER,Premier Securities Company Ltd.,Blue Chip Securities Ltd,40,194.0,7760.0,2025-08-27T11:59:49.479569
2025-08-27,58895,2025082704002190,UPPER,Kumari Securities Private Limited,Naasa Securities Co. Ltd.,14,193.3,2706.2,2025-08-27T12:01:16.811458
2025-08-27,58667,2025082704002239,UPPER,Sani Securities Company Ltd.,Blue Chip Securities Ltd,75,194.0,14550.0,2025-08-27T12:01:53.909307
2025-08-27,58630,2025082704002246,UPPER,Aryatara Investment & Securities,Blue Chip Securities Ltd,200,194.0,38800.0,2025-08-27T12:02:01.715543
2025-08-27,58462,2025082704002315,UPPER,Kumari Securities Private Limited,Naasa Securities Co. Ltd.,161,193.3,31121.3,2025-08-27T12:02:36.389435
2025-08-27,58129,2025082704002441,UPPER,Dipshikha Dhitopatra Karobar Co. Pvt Ltd.,Blue Chip Securities Ltd,500,194.0,97000.0,2025-08-27T12:03:43.535053
2025-08-27,57959,2025082704002480,UPPER,Kumari Securities Private Limited,Online Securities Pvt. Ltd.,100,193.3,19330.0,2025-08-27T12:04:22.559283
2025-08-27,57940,2025082704002488,UPPER,Kumari Securities Private Limited,Naasa Securities Co. Ltd.,63,193.3,12177.9,2025-08-27T12:04:27.483528
2025-08-27,57815,2025082704002509,UPPER,Sani Securities Company Ltd.,Blue Chip Securities Ltd,20,194.0,3880.0,2025-08-27T12:04:59.790905
2025-08-27,57609,2025082704002539,UPPER,Kumari Securities Private Limited,Linch Stock Market Ltd.,146,193.3,28221.8,2025-08-27T12:05:44.604667
2025-08-27,57545,2025082704002551,UPPER,Kalika Securities Pvt. Ltd.,Blue Chip Securities Ltd,300,194.0,58200.0,2025-08-27T12:05:55.999837
2025-08-27,57512,2025082704002557,UPPER,J.F. Securites (PVT) Ltd.,Blue Chip Securities Ltd,10,194.0,1940.0,2025-08-27T12:06:03.898233
2025-08-27,57315,2025082704002592,UPPER,Imperial Securities Company Pvt. Ltd.,Blue Chip Securities Ltd,200,194.0,38800.0,2025-08-27T12:06:43.702556
2025-08-27,57232,2025082704002617,UPPER,Imperial Securities Company Pvt. Ltd.,Primo Securities (PVT) Ltd.,4,193.0,772.0,2025-08-27T12:07:00.835954
2025-08-27,55862,2025082704002962,UPPER,Kumari Securities Private Limited,Shree Krishna Securities Ltd.,516,193.3,99742.8,2025-08-27T12:12:20.139936
2025-08-27,55861,2025082704002963,UPPER,Sumeru Securities Pvt. Ltd.,Shree Krishna Securities Ltd.,510,193.3,98583.0,2025-08-27T12:12:20.140276
2025-08-27,55860,2025082704002964,UPPER,Swarna Laxmi Securities Pvt. Ltd.,Shree Krishna Securities Ltd.,574,193.3,110954.2,2025-08-27T12:12:20.140438
2025-08-27,55383,2025082704003077,UPPER,Naasa Securities Co. Ltd.,Blue Chip Securities Ltd,108,194.0,20952.0,2025-08-27T12:14:20.409393
2025-08-27,55222,2025082704003111,UPPER,Sewa Securities Pvt. Ltd.,Blue Chip Securities Ltd,10,194.0,1940.0,2025-08-27T12:15:12.715749
2025-08-27,54892,2025082704003178,UPPER,Secured Securities Ltd.,Blue Chip Securities Ltd,30,194.0,5820.0,2025-08-27T12:16:46.811156
2025-08-27,54851,2025082704003188,UPPER,Primo Securities (PVT) Ltd.,Blue Chip Securities Ltd,10,194.0,1940.0,2025-08-27T12:16:59.42582
2025-08-27,54769,2025082704003205,UPPER,Agrawal Securities (PVT) Ltd.,Blue Chip Securities Ltd,50,194.0,9700.0,2025-08-27T12:17:18.697195
2025-08-27,54476,2025082704003291,UPPER,Trishakti Securities Public Limited,Vision Securities Pvt. Ltd,20,193.5,3870.0,2025-08-27T12:18:56.435684
2025-08-27,54475,2025082704003292,UPPER,Trishakti Securities Public Limited,Blue Chip Securities Ltd,80,194.0,15520.0,2025-08-27T12:18:56.436043
2025-08-27,54298,2025082704003334,UPPER,Naasa Securities Co. Ltd.,Asian Securities Private Ltd.,100,193.4,19340.0,2025-08-27T12:19:40.029237
2025-08-27,53649,2025082704003448,UPPER,South Asian Bulls Pvt. Ltd.,Naasa Securities Co. Ltd.,80,193.5,15480.0,2025-08-27T12:22:50.212295
2025-08-27,53544,2025082704003494,UPPER,Naasa Securities Co. Ltd.,Imperial Securities Company Pvt. Ltd.,210,193.4,40614.0,2025-08-27T12:23:16.953193
2025-08-27,53543,2025082704003495,UPPER,Aryatara Investment & Securities,Imperial Securities Company Pvt. Ltd.,15,193.4,2901.0,2025-08-27T12:23:16.953591
2025-08-27,53396,2025082704003533,UPPER,Trishakti Securities Public Limited,Imperial Securities Company Pvt. Ltd.,10,193.4,1934.0,2025-08-27T12:23:58.095881
2025-08-27,53097,2025082704003592,UPPER,J.F. Securites (PVT) Ltd.,Imperial Securities Company Pvt. Ltd.,10,193.4,1934.0,2025-08-27T12:25:22.34876
2025-08-27,52973,2025082704003627,UPPER,Naasa Securities Co. Ltd.,Imperial Securities Company Pvt. Ltd.,255,193.4,49317.0,2025-08-27T12:25:54.144773
2025-08-27,52854,2025082704003651,UPPER,Premier Securities Company Ltd.,Blue Chip Securities Ltd,20,194.0,3880.0,2025-08-27T12:26:27.487562
2025-08-27,52641,2025082704003684,UPPER,Deevyaa Securities & Stock House Pvt. Ltd,Dipshikha Dhitopatra Karobar Co. Pvt Ltd.,18,193.8,3488.4,2025-08-27T12:27:28.550704
2025-08-27,52586,2025082704003698,UPPER,Linch Stock Market Ltd.,Sweta Securities Private Limited,50,193.6,9680.0,2025-08-27T12:27:44.47848
2025-08-27,52585,2025082704003699,UPPER,Swarna Laxmi Securities Pvt. Ltd.,Sweta Securities Private Limited,30,193.3,5799.0,2025-08-27T12:27:44.478846
2025-08-27,51572,2025082704003944,UPPER,Aryatara Investment & Securities,Imperial Securities Company Pvt. Ltd.,10,193.7,1937.0,2025-08-27T12:31:21.949994
2025-08-27,50975,2025082704004049,UPPER,SUN SECURITIES PVT LTD,Dipshikha Dhitopatra Karobar Co. Pvt Ltd.,682,193.8,132171.6,2025-08-27T12:33:11.801151
2025-08-27,50818,2025082704004096,UPPER,Primo Securities (PVT) Ltd.,Blue Chip Securities Ltd,50,194.0,9700.0,2025-08-27T12:33:50.017817
2025-08-27,50605,2025082704004151,UPPER,SUN SECURITIES PVT LTD,Sewa Securities Pvt. Ltd.,50,193.8,9690.0,2025-08-27T12:34:30.481461
2025-08-27,50580,2025082704004153,UPPER,Opal Securities Investment (PVT) Ltd.,Blue Chip Securities Ltd,25,194.0,4850.0,2025-08-27T12:34:35.195555
2025-08-27,50563,2025082704004156,UPPER,Bhrikuti Stock Broking Co. Pvt. Ltd.,Blue Chip Securities Ltd,500,194.0,97000.0,2025-08-27T12:34:39.888573
2025-08-27,50476,2025082704004171,UPPER,Aryatara Investment & Securities,Blue Chip Securities Ltd,2000,194.0,388000.0,2025-08-27T12:34:56.836571
2025-08-27,50376,2025082704004204,UPPER,Sweta Securities Private Limited,Blue Chip Securities Ltd,100,194.0,19400.0,2025-08-27T12:35:16.692987
2025-08-27,50285,2025082704004223,UPPER,Bhrikuti Stock Broking Co. Pvt. Ltd.,Blue Chip Securities Ltd,500,194.0,97000.0,2025-08-27T12:35:30.166376
2025-08-27,50271,2025082704004225,UPPER,Sweta Securities Private Limited,Blue Chip Securities Ltd,65,194.0,12610.0,2025-08-27T12:35:32.774189
2025-08-27,50270,2025082704004226,UPPER,Sweta Securities Private Limited,Trishakti Securities Public Limited,75,194.0,14550.0,2025-08-27T12:35:32.774574
2025-08-27,50269,2025082704004227,UPPER,Sweta Securities Private Limited,Linch Stock Market Ltd.,100,194.0,19400.0,2025-08-27T12:35:32.774767
2025-08-27,50268,2025082704004228,UPPER,Sweta Securities Private Limited,Sani Securities Company Ltd.,50,194.0,9700.0,2025-08-27T12:35:32.774936
2025-08-27,50267,2025082704004229,UPPER,Sweta Securities Private Limited,Aryatara Investment & Securities,400,194.0,77600.0,2025-08-27T12:35:32.775106
2025-08-27,50266,2025082704004230,UPPER,Sweta Securities Private Limited,Capital Max Securities Ltd,68,194.0,13192.0,2025-08-27T12:35:32.775291
2025-08-27,50265,2025082704004231,UPPER,Sweta Securities Private Limited,Investment Management Nepal Pvt. Ltd.,100,194.0,19400.0,2025-08-27T12:35:32.775467
2025-08-27,50264,2025082704004232,UPPER,Sweta Securities Private Limited,Nepal Investment And Securities Trading Private Limited,48,194.0,9312.0,2025-08-27T12:35:32.775632
2025-08-27,50263,2025082704004233,UPPER,Sweta Securities Private Limited,Kalika Securities Pvt. Ltd.,20,194.0,3880.0,2025-08-27T12:35:32.775798
2025-08-27,50262,2025082704004234,UPPER,Sweta Securities Private Limited,Kumari Securities Private Limited,74,194.0,14356.0,2025-08-27T12:35:32.775963
2025-08-27,50053,2025082704004313,UPPER,Neev Securities Pvt. Ltd.,Kumari Securities Private Limited,11,194.0,2134.0,2025-08-27T12:36:10.10677
2025-08-27,50052,2025082704004314,UPPER,Neev Securities Pvt. Ltd.,Naasa Securities Co. Ltd.,19,194.5,3695.5,2025-08-27T12:36:10.106853
2025-08-27,49591,2025082704004397,UPPER,Naasa Securities Co. Ltd.,Naasa Securities Co. Ltd.,10,194.5,1945.0,2025-08-27T12:37:17.931709
2025-08-27,49092,2025082704004501,UPPER,Hatemalo Financial Services Private Limited,Naasa Securities Co. Ltd.,20,193.9,3878.0,2025-08-27T12:39:12.536343
2025-08-27,48290,2025082704004664,UPPER,Midas Stock Broking Company Private Limited,Asian Securities Private Ltd.,50,194.4,9720.0,2025-08-27T12:41:22.696903
2025-08-27,48213,2025082704004683,UPPER,Naasa Securities Co. Ltd.,Naasa Securities Co. Ltd.,15,194.5,2917.5,2025-08-27T12:41:39.998695
2025-08-27,47565,2025082704004877,UPPER,KALASH STOCK MARKET PVT. LTD.,Naasa Securities Co. Ltd.,32,194.5,6224.0,2025-08-27T12:43:32.621457
2025-08-27,47564,2025082704004878,UPPER,KALASH STOCK MARKET PVT. LTD.,ABC Securities Private Limited,23,194.5,4473.5,2025-08-27T12:43:32.621928
2025-08-27,47458,2025082704004931,UPPER,Midas Stock Broking Company Private Limited,Dipshikha Dhitopatra Karobar Co. Pvt Ltd.,50,194.4,9720.0,2025-08-27T12:43:56.54745
2025-08-27,47457,2025082704004932,UPPER,Nepal Investment And Securities Trading Private Limited,Dipshikha Dhitopatra Karobar Co. Pvt Ltd.,94,194.0,18236.0,2025-08-27T12:43:56.547846
2025-08-27,46634,2025082704005148,UPPER,Nepal Investment And Securities Trading Private Limited,Sani Securities Company Ltd.,50,194.0,9700.0,2025-08-27T12:46:36.740882
2025-08-27,46161,2025082704005260,UPPER,Hatemalo Financial Services Private Limited,Vision Securities Pvt. Ltd,55,194.1,10675.5,2025-08-27T12:48:33.300974
2025-08-27,46139,2025082704005266,UPPER,Nepal Investment And Securities Trading Private Limited,Kohinoor Investment & Securities Pvt. Ltd.,200,194.0,38800.0,2025-08-27T12:48:38.305681
2025-08-27,46069,2025082704005284,UPPER,Agrawal Securities (PVT) Ltd.,Vision Securities Pvt. Ltd,60,194.1,11646.0,2025-08-27T12:48:53.665607
2025-08-27,46012,2025082704005301,UPPER,Sani Securities Company Ltd.,Vision Securities Pvt. Ltd,85,194.1,16498.5,2025-08-27T12:49:09.825606
2025-08-27,45996,2025082704005303,UPPER,Naasa Securities Co. Ltd.,ABC Securities Private Limited,263,194.5,51153.5,2025-08-27T12:49:12.61169
2025-08-27,45995,2025082704005304,UPPER,Naasa Securities Co. Ltd.,Linch Stock Market Ltd.,50,194.5,9725.0,2025-08-27T12:49:12.612124
2025-08-27,45994,2025082704005305,UPPER,Naasa Securities Co. Ltd.,Vision Securities Pvt. Ltd,237,194.5,46096.5,2025-08-27T12:49:12.612326
2025-08-27,45715,2025082704005388,UPPER,Siprabi Securities Pvt. Ltd.,Vision Securities Pvt. Ltd,30,194.5,5835.0,2025-08-27T12:50:20.453136
2025-08-27,45630,2025082704005414,UPPER,Vision Securities Pvt. Ltd,Vision Securities Pvt. Ltd,200,194.5,38900.0,2025-08-27T12:50:43.394895
2025-08-27,45548,2025082704005433,UPPER,Oxford Securities Pvt. Ltd.,ABC Securities Private Limited,100,194.1,19410.0,2025-08-27T12:51:08.811909
2025-08-27,45501,2025082704005439,UPPER,Nepal Investment And Securities Trading Private Limited,ABC Securities Private Limited,156,194.0,30264.0,2025-08-27T12:51:18.897039
2025-08-27,45500,2025082704005440,UPPER,Naasa Securities Co. Ltd.,ABC Securities Private Limited,244,194.0,47336.0,2025-08-27T12:51:18.897494
2025-08-27,45299,2025082704005498,UPPER,Nepal Stock House (PVT) Ltd.,Vision Securities Pvt. Ltd,50,194.5,9725.0,2025-08-27T12:52:09.037914
2025-08-27,45269,2025082704005509,UPPER,Dipshikha Dhitopatra Karobar Co. Pvt Ltd.,Vision Securities Pvt. Ltd,483,194.5,93943.5,2025-08-27T12:52:20.927786
2025-08-27,45268,2025082704005510,UPPER,Dipshikha Dhitopatra Karobar Co. Pvt Ltd.,Oxford Securities Pvt. Ltd.,17,194.5,3306.5,2025-08-27T12:52:20.928241
2025-08-27,44703,2025082704005626,UPPER,J.F. Securites (PVT) Ltd.,Neev Securities Pvt. Ltd.,250,194.1,48525.0,2025-08-27T12:54:37.335309
2025-08-27,44702,2025082704005627,UPPER,Premier Securities Company Ltd.,Neev Securities Pvt. Ltd.,167,194.1,32414.7,2025-08-27T12:54:37.336193
2025-08-27,44210,2025082704005734,UPPER,Sweta Securities Private Limited,Sumeru Securities Pvt. Ltd.,50,194.2,9710.0,2025-08-27T12:56:54.03208
2025-08-27,44209,2025082704005735,UPPER,Premier Securities Company Ltd.,Sumeru Securities Pvt. Ltd.,33,194.1,6405.3,2025-08-27T12:56:54.032551
2025-08-27,44208,2025082704005736,UPPER,Market Securities & Exchange (PVT) Ltd.,Sumeru Securities Pvt. Ltd.,51,194.1,9899.1,2025-08-27T12:56:54.032754
2025-08-27,43952,2025082704005781,UPPER,Naasa Securities Co. Ltd.,Oxford Securities Pvt. Ltd.,14,194.5,2723.0,2025-08-27T12:58:06.906904
2025-08-27,43875,2025082704005787,UPPER,Online Securities Pvt. Ltd.,Oxford Securities Pvt. Ltd.,10,194.5,1945.0,2025-08-27T12:58:27.209569
2025-08-27,43797,2025082704005822,UPPER,Market Securities & Exchange (PVT) Ltd.,Imperial Securities Company Pvt. Ltd.,149,194.1,28920.9,2025-08-27T12:58:44.286055
2025-08-27,43796,2025082704005823,UPPER,Sani Securities Company Ltd.,Imperial Securities Company Pvt. Ltd.,51,194.1,9899.1,2025-08-27T12:58:44.286482
2025-08-27,43766,2025082704005833,UPPER,Siprabi Securities Pvt. Ltd.,Vision Securities Pvt. Ltd,63,194.8,12272.4,2025-08-27T12:58:53.499362
2025-08-27,43368,2025082704005882,UPPER,Sani Securities Company Ltd.,Naasa Securities Co. Ltd.,29,194.1,5628.9,2025-08-27T13:00:04.821828
2025-08-27,43367,2025082704005883,UPPER,Naasa Securities Co. Ltd.,Naasa Securities Co. Ltd.,31,194.0,6014.0,2025-08-27T13:00:04.822282
2025-08-27,43238,2025082704005902,UPPER,Naasa Securities Co. Ltd.,Sani Securities Company Ltd.,43,194.5,8363.5,2025-08-27T13:00:31.446699
2025-08-27,43188,2025082704005924,UPPER,Sani Securities Company Ltd.,Siprabi Securities Pvt. Ltd.,100,194.7,19470.0,2025-08-27T13:00:39.536072
2025-08-27,43187,2025082704005925,UPPER,Sani Securities Company Ltd.,Vision Securities Pvt. Ltd,17,194.8,3311.6,2025-08-27T13:00:39.536955
2025-08-27,43017,2025082704005960,UPPER,Secured Securities Ltd.,Vision Securities Pvt. Ltd,20,194.8,3896.0,2025-08-27T13:01:23.244151
2025-08-27,42940,2025082704005979,UPPER,Secured Securities Ltd.,Dipshikha Dhitopatra Karobar Co. Pvt Ltd.,80,194.8,15584.0,2025-08-27T13:01:40.026756
2025-08-27,42712,2025082704006030,UPPER,Naasa Securities Co. Ltd.,Imperial Securities Company Pvt. Ltd.,100,194.0,19400.0,2025-08-27T13:02:29.714405
2025-08-27,41142,2025082704006435,UPPER,Dynamic Money Managers Securities Pvt. Ltd.,Oxford Securities Pvt. Ltd.,97,194.5,18866.5,2025-08-27T13:08:24.418393
2025-08-27,41141,2025082704006436,UPPER,Dynamic Money Managers Securities Pvt. Ltd.,Arun Securities (PVT) Ltd.,300,194.5,58350.0,2025-08-27T13:08:24.419277
2025-08-27,40764,2025082704006515,UPPER,Agrawal Securities (PVT) Ltd.,Dipshikha Dhitopatra Karobar Co. Pvt Ltd.,10,194.7,1947.0,2025-08-27T13:09:53.066084
2025-08-27,40763,2025082704006516,UPPER,Agrawal Securities (PVT) Ltd.,Premier Securities Company Ltd.,300,194.8,58440.0,2025-08-27T13:09:53.066603
2025-08-27,40762,2025082704006517,UPPER,Agrawal Securities (PVT) Ltd.,Premier Securities Company Ltd.,100,194.9,19490.0,2025-08-27T13:09:53.066828
2025-08-27,40761,2025082704006518,UPPER,Agrawal Securities (PVT) Ltd.,Siprabi Securities Pvt. Ltd.,90,194.9,17541.0,2025-08-27T13:09:53.067038
2025-08-27,40479,2025082704006589,UPPER,Naasa Securities Co. Ltd.,Siprabi Securities Pvt. Ltd.,160,194.9,31184.0,2025-08-27T13:10:49.592486
2025-08-27,40442,2025082704006594,UPPER,Hatemalo Financial Services Private Limited,Sewa Securities Pvt. Ltd.,10,194.6,1946.0,2025-08-27T13:11:04.398027
2025-08-27,40082,2025082704006671,UPPER,Vision Securities Pvt. Ltd,Kalika Securities Pvt. Ltd.,20,194.8,3896.0,2025-08-27T13:12:30.324839
2025-08-27,39924,2025082704006718,UPPER,Vision Securities Pvt. Ltd,Dipshikha Dhitopatra Karobar Co. Pvt Ltd.,10,194.8,1948.0,2025-08-27T13:12:54.28462
2025-08-27,39923,2025082704006719,UPPER,Aryatara Investment & Securities,Dipshikha Dhitopatra Karobar Co. Pvt Ltd.,190,194.7,36993.0,2025-08-27T13:12:54.285109
2025-08-27,39659,2025082704006801,UPPER,Aryatara Investment & Securities,Siprabi Securities Pvt. Ltd.,250,194.9,48725.0,2025-08-27T13:13:54.537583
2025-08-27,39658,2025082704006802,UPPER,Aryatara Investment & Securities,Trisul Securities & Invt. Ltd.,68,194.9,13253.2,2025-08-27T13:13:54.538606
2025-08-27,39657,2025082704006803,UPPER,Aryatara Investment & Securities,Secured Securities Ltd.,82,194.9,15981.8,2025-08-27T13:13:54.539302
2025-08-27,39442,2025082704006866,UPPER,Sani Securities Company Ltd.,Deevyaa Securities & Stock House Pvt. Ltd,100,194.8,19480.0,2025-08-27T13:14:48.413634
2025-08-27,39139,2025082704006951,UPPER,Aryatara Investment & Securities,Neev Securities Pvt. Ltd.,50,194.8,9740.0,2025-08-27T13:15:53.704051
2025-08-27,39138,2025082704006952,UPPER,Aryatara Investment & Securities,Neev Securities Pvt. Ltd.,10,194.7,1947.0,2025-08-27T13:15:53.704937
2025-08-27,39137,2025082704006953,UPPER,Hatemalo Financial Services Private Limited,Neev Securities Pvt. Ltd.,90,194.6,17514.0,2025-08-27T13:15:53.705601
2025-08-27,39136,2025082704006954,UPPER,Dynamic Money Managers Securities Pvt. Ltd.,Neev Securities Pvt. Ltd.,350,194.5,68075.0,2025-08-27T13:15:53.706231
2025-08-27,38941,2025082704007004,UPPER,Sundhara Securities Limited,Secured Securities Ltd.,300,194.9,58470.0,2025-08-27T13:16:39.972463
2025-08-27,38139,2025082704007236,UPPER,Kohinoor Investment & Securities Pvt. Ltd.,Trisul Securities & Invt. Ltd.,55,194.6,10703.0,2025-08-27T13:20:12.708883
2025-08-27,37938,2025082704007278,UPPER,Kohinoor Investment & Securities Pvt. Ltd.,Siprabi Securities Pvt. Ltd.,230,194.6,44758.0,2025-08-27T13:20:55.854833
2025-08-27,37930,2025082704007279,UPPER,Naasa Securities Co. Ltd.,Dipshikha Dhitopatra Karobar Co. Pvt Ltd.,35,194.8,6818.0,2025-08-27T13:20:58.276195
2025-08-27,37785,2025082704007318,UPPER,Nepal Investment And Securities Trading Private Limited,Deevyaa Securities & Stock House Pvt. Ltd,102,194.7,19859.4,2025-08-27T13:21:31.931296
2025-08-27,37754,2025082704007321,UPPER,Cristal Kanchanjanga Securites Pvt. Ltd.,Deevyaa Securities & Stock House Pvt. Ltd,100,194.7,19470.0,2025-08-27T13:21:33.582367
2025-08-27,37255,2025082704007477,UPPER,ABC Securities Private Limited,Deevyaa Securities & Stock House Pvt. Ltd,1200,194.7,233640.0,2025-08-27T13:23:34.617967
2025-08-27,37197,2025082704007493,UPPER,J.F. Securites (PVT) Ltd.,Dynamic Money Managers Securities Pvt. Ltd.,10,194.6,1946.0,2025-08-27T13:23:48.21575
2025-08-27,37196,2025082704007494,UPPER,Dynamic Money Managers Securities Pvt. Ltd.,Dynamic Money Managers Securities Pvt. Ltd.,990,194.5,192555.0,2025-08-27T13:23:48.216216
2025-08-27,36887,2025082704007578,UPPER,Dynamic Money Managers Securities Pvt. Ltd.,Pragyan Securities (PVT) Ltd.,263,194.5,51153.5,2025-08-27T13:25:02.750889
2025-08-27,36886,2025082704007579,UPPER,Online Securities Pvt. Ltd.,Pragyan Securities (PVT) Ltd.,10,194.5,1945.0,2025-08-27T13:25:02.751992
2025-08-27,36885,2025082704007580,UPPER,Sani Securities Company Ltd.,Pragyan Securities (PVT) Ltd.,75,194.5,14587.5,2025-08-27T13:25:02.752772
2025-08-27,36884,2025082704007581,UPPER,Linch Stock Market Ltd.,Pragyan Securities (PVT) Ltd.,100,194.5,19450.0,2025-08-27T13:25:02.753462
2025-08-27,36883,2025082704007582,UPPER,J.F. Securites (PVT) Ltd.,Pragyan Securities (PVT) Ltd.,500,194.5,97250.0,2025-08-27T13:25:02.75415
2025-08-27,36843,2025082704007600,UPPER,Imperial Securities Company Pvt. Ltd.,Pragyan Securities (PVT) Ltd.,10,194.5,1945.0,2025-08-27T13:25:09.453507
2025-08-27,36391,2025082704007718,UPPER,Sani Securities Company Ltd.,Pragyan Securities (PVT) Ltd.,42,194.5,8169.0,2025-08-27T13:26:40.729639
2025-08-27,36390,2025082704007719,UPPER,Sani Securities Company Ltd.,Deevyaa Securities & Stock House Pvt. Ltd,598,194.7,116430.6,2025-08-27T13:26:40.730188
2025-08-27,36389,2025082704007720,UPPER,Sani Securities Company Ltd.,Dipshikha Dhitopatra Karobar Co. Pvt Ltd.,65,194.8,12662.0,2025-08-27T13:26:40.730437
2025-08-27,36388,2025082704007721,UPPER,Sani Securities Company Ltd.,Dynamic Money Managers Securities Pvt. Ltd.,395,194.8,76946.0,2025-08-27T13:26:40.730665
2025-08-27,36361,2025082704007727,UPPER,Oxford Securities Pvt. Ltd.,Trishakti Securities Public Limited,100,194.4,19440.0,2025-08-27T13:26:48.317302
2025-08-27,36090,2025082704007775,UPPER,ABC Securities Private Limited,Asian Securities Private Ltd.,20,194.7,3894.0,2025-08-27T13:27:50.706867
2025-08-27,36089,2025082704007776,UPPER,ABC Securities Private Limited,Dynamic Money Managers Securities Pvt. Ltd.,105,194.8,20454.0,2025-08-27T13:27:50.707384
2025-08-27,36088,2025082704007777,UPPER,ABC Securities Private Limited,Secured Securities Ltd.,118,194.9,22998.2,2025-08-27T13:27:50.707659
2025-08-27,36087,2025082704007778,UPPER,ABC Securities Private Limited,Dipshikha Dhitopatra Karobar Co. Pvt Ltd.,300,194.9,58470.0,2025-08-27T13:27:50.707932
2025-08-27,36086,2025082704007779,UPPER,ABC Securities Private Limited,Kalika Securities Pvt. Ltd.,150,194.9,29235.0,2025-08-27T13:27:50.708189
2025-08-27,36085,2025082704007780,UPPER,ABC Securities Private Limited,Bhrikuti Stock Broking Co. Pvt. Ltd.,290,195.0,56550.0,2025-08-27T13:27:50.70847
2025-08-27,36084,2025082704007781,UPPER,ABC Securities Private Limited,Aryatara Investment & Securities,80,195.0,15600.0,2025-08-27T13:27:50.708718
2025-08-27,36083,2025082704007782,UPPER,ABC Securities Private Limited,Dynamic Money Managers Securities Pvt. Ltd.,424,195.0,82680.0,2025-08-27T13:27:50.708955
2025-08-27,36082,2025082704007783,UPPER,ABC Securities Private Limited,Nepal Investment And Securities Trading Private Limited,100,195.0,19500.0,2025-08-27T13:27:50.70918
2025-08-27,36081,2025082704007784,UPPER,ABC Securities Private Limited,Opal Securities Investment (PVT) Ltd.,550,195.0,107250.0,2025-08-27T13:27:50.709423
2025-08-27,36080,2025082704007785,UPPER,ABC Securities Private Limited,Arun Securities (PVT) Ltd.,240,195.0,46800.0,2025-08-27T13:27:50.709646
2025-08-27,36079,2025082704007786,UPPER,ABC Securities Private Limited,ABC Securities Private Limited,100,195.0,19500.0,2025-08-27T13:27:50.709863
2025-08-27,36078,2025082704007787,UPPER,ABC Securities Private Limited,Premier Securities Company Ltd.,398,195.0,77610.0,2025-08-27T13:27:50.710085
2025-08-27,35440,2025082704007946,UPPER,Imperial Securities Company Pvt. Ltd.,Sani Securities Company Ltd.,100,194.4,19440.0,2025-08-27T13:30:16.253782
2025-08-27,35439,2025082704007947,UPPER,Oxford Securities Pvt. Ltd.,Sani Securities Company Ltd.,15,194.3,2914.5,2025-08-27T13:30:16.254732
2025-08-27,35342,2025082704007972,UPPER,Nagarik Stock Dealer ,Aryatara Investment & Securities,40,194.4,7776.0,2025-08-27T13:30:36.669738
2025-08-27,34952,2025082704008071,UPPER,Dynamic Money Managers Securities Pvt. Ltd.,Vision Securities Pvt. Ltd,100,194.5,19450.0,2025-08-27T13:31:32.083497
2025-08-27,34591,2025082704008140,UPPER,Dakshinkali Investment & Securities Pvt. Ltd.,Online Securities Pvt. Ltd.,400,194.5,77800.0,2025-08-27T13:32:38.064271
2025-08-27,34570,2025082704008147,UPPER,Nagarik Stock Dealer ,Vision Securities Pvt. Ltd,900,194.4,174960.0,2025-08-27T13:32:43.341952
2025-08-27,33954,2025082704008303,UPPER,Nagarik Stock Dealer ,Naasa Securities Co. Ltd.,1660,194.4,322704.0,2025-08-27T13:34:55.982617
2025-08-27,33953,2025082704008304,UPPER,Dynamic Money Managers Securities Pvt. Ltd.,Naasa Securities Co. Ltd.,340,194.4,66096.0,2025-08-27T13:34:55.98371
2025-08-27,33790,2025082704008344,UPPER,Dynamic Money Managers Securities Pvt. Ltd.,Naasa Securities Co. Ltd.,60,194.4,11664.0,2025-08-27T13:35:30.806617
2025-08-27,33712,2025082704008358,UPPER,Oxford Securities Pvt. Ltd.,Sweta Securities Private Limited,85,194.3,16515.5,2025-08-27T13:35:44.656376
2025-08-27,33711,2025082704008359,UPPER,Naasa Securities Co. Ltd.,Sweta Securities Private Limited,100,194.2,19420.0,2025-08-27T13:35:44.657405
2025-08-27,33710,2025082704008360,UPPER,Vision Securities Pvt. Ltd,Sweta Securities Private Limited,185,194.2,35927.0,2025-08-27T13:35:44.65835
2025-08-27,33709,2025082704008361,UPPER,Sajilo Broker Limited,Sweta Securities Private Limited,100,194.1,19410.0,2025-08-27T13:35:44.659205
2025-08-27,33708,2025082704008362,UPPER,Kohinoor Investment & Securities Pvt. Ltd.,Sweta Securities Private Limited,500,194.1,97050.0,2025-08-27T13:35:44.660097
2025-08-27,33707,2025082704008363,UPPER,Naasa Securities Co. Ltd.,Sweta Securities Private Limited,30,194.0,5820.0,2025-08-27T13:35:44.660967
2025-08-27,33521,2025082704008429,UPPER,Kohinoor Investment & Securities Pvt. Ltd.,Dipshikha Dhitopatra Karobar Co. Pvt Ltd.,15,194.3,2914.5,2025-08-27T13:36:31.598779
2025-08-27,33437,2025082704008456,UPPER,Dynamic Money Managers Securities Pvt. Ltd.,Sani Securities Company Ltd.,9,194.0,1746.0,2025-08-27T13:36:51.143493
2025-08-27,33361,2025082704008485,UPPER,Naasa Securities Co. Ltd.,Dipshikha Dhitopatra Karobar Co. Pvt Ltd.,96,194.0,18624.0,2025-08-27T13:37:10.9074
2025-08-27,33351,2025082704008490,UPPER,Dynamic Money Managers Securities Pvt. Ltd.,Nabil Stock Dealer Ltd.,1,193.3,193.3,2025-08-27T13:37:12.867039
2025-08-27,33152,2025082704008519,UPPER,Naasa Securities Co. Ltd.,Naasa Securities Co. Ltd.,99,194.0,19206.0,2025-08-27T13:37:53.643015
2025-08-27,33151,2025082704008520,UPPER,Secured Securities Ltd.,Naasa Securities Co. Ltd.,400,194.0,77600.0,2025-08-27T13:37:53.644054
2025-08-27,33150,2025082704008521,UPPER,Sani Securities Company Ltd.,Naasa Securities Co. Ltd.,135,194.0,26190.0,2025-08-27T13:37:53.644792
2025-08-27,33149,2025082704008522,UPPER,Online Securities Pvt. Ltd.,Naasa Securities Co. Ltd.,310,194.0,60140.0,2025-08-27T13:37:53.645518
2025-08-27,33148,2025082704008523,UPPER,Aryatara Investment & Securities,Naasa Securities Co. Ltd.,100,194.0,19400.0,2025-08-27T13:37:53.64624
2025-08-27,33147,2025082704008524,UPPER,South Asian Bulls Pvt. Ltd.,Naasa Securities Co. Ltd.,130,194.0,25220.0,2025-08-27T13:37:53.646958
2025-08-27,33146,2025082704008525,UPPER,Aryatara Investment & Securities,Naasa Securities Co. Ltd.,100,194.0,19400.0,2025-08-27T13:37:53.647677
2025-08-27,33145,2025082704008526,UPPER,Agrawal Securities (PVT) Ltd.,Naasa Securities Co. Ltd.,20,194.0,3880.0,2025-08-27T13:37:53.648397
2025-08-27,33144,2025082704008527,UPPER,Naasa Securities Co. Ltd.,Naasa Securities Co. Ltd.,18,194.0,3492.0,2025-08-27T13:37:53.64911
2025-08-27,33143,2025082704008528,UPPER,Cristal Kanchanjanga Securites Pvt. Ltd.,Naasa Securities Co. Ltd.,251,194.0,48694.0,2025-08-27T13:37:53.649807
2025-08-27,33142,2025082704008529,UPPER,Naasa Securities Co. Ltd.,Naasa Securities Co. Ltd.,100,194.0,19400.0,2025-08-27T13:37:53.650528
2025-08-27,33141,2025082704008530,UPPER,Naasa Securities Co. Ltd.,Naasa Securities Co. Ltd.,277,194.0,53738.0,2025-08-27T13:37:53.651228
2025-08-27,32966,2025082704008581,UPPER,Naasa Securities Co. Ltd.,Naasa Securities Co. Ltd.,723,194.0,140262.0,2025-08-27T13:38:44.582262
2025-08-27,32965,2025082704008582,UPPER,Siprabi Securities Pvt. Ltd.,Naasa Securities Co. Ltd.,100,194.0,19400.0,2025-08-27T13:38:44.582809
2025-08-27,32964,2025082704008583,UPPER,Asian Securities Private Ltd.,Naasa Securities Co. Ltd.,410,194.0,79540.0,2025-08-27T13:38:44.583055
2025-08-27,32963,2025082704008584,UPPER,Malla & Malla Stock Broking Company Pvt. Limited,Naasa Securities Co. Ltd.,500,194.0,97000.0,2025-08-27T13:38:44.583291
2025-08-27,32962,2025082704008585,UPPER,Linch Stock Market Ltd.,Naasa Securities Co. Ltd.,267,194.0,51798.0,2025-08-27T13:38:44.583564
2025-08-27,32927,2025082704008588,UPPER,Online Securities Pvt. Ltd.,Dipshikha Dhitopatra Karobar Co. Pvt Ltd.,10,194.3,1943.0,2025-08-27T13:38:48.322944
2025-08-27,32836,2025082704008615,UPPER,Linch Stock Market Ltd.,Naasa Securities Co. Ltd.,234,194.0,45396.0,2025-08-27T13:39:12.772039
2025-08-27,32835,2025082704008616,UPPER,South Asian Bulls Pvt. Ltd.,Naasa Securities Co. Ltd.,500,194.0,97000.0,2025-08-27T13:39:12.773129
2025-08-27,32834,2025082704008617,UPPER,Neev Securities Pvt. Ltd.,Naasa Securities Co. Ltd.,37,194.0,7178.0,2025-08-27T13:39:12.773963
2025-08-27,32783,2025082704008628,UPPER,Trishakti Securities Public Limited,Trishakti Securities Public Limited,20,194.0,3880.0,2025-08-27T13:39:23.557032
2025-08-27,32782,2025082704008629,UPPER,Dipshikha Dhitopatra Karobar Co. Pvt Ltd.,Trishakti Securities Public Limited,200,194.0,38800.0,2025-08-27T13:39:23.557555
2025-08-27,32781,2025082704008630,UPPER,Vision Securities Pvt. Ltd,Trishakti Securities Public Limited,20,194.0,3880.0,2025-08-27T13:39:23.55779
2025-08-27,32755,2025082704008632,UPPER,Kohinoor Investment & Securities Pvt. Ltd.,Trishakti Securities Public Limited,423,194.0,82062.0,2025-08-27T13:39:32.805704
2025-08-27,32508,2025082704008680,UPPER,Imperial Securities Company Pvt. Ltd.,Trishakti Securities Public Limited,935,194.0,181390.0,2025-08-27T13:40:39.120301
2025-08-27,32507,2025082704008681,UPPER,Imperial Securities Company Pvt. Ltd.,Midas Stock Broking Company Private Limited,14,194.0,2716.0,2025-08-27T13:40:39.121381
2025-08-27,32369,2025082704008716,UPPER,Imperial Securities Company Pvt. Ltd.,Vision Securities Pvt. Ltd,51,194.0,9894.0,2025-08-27T13:41:14.383608
2025-08-27,32368,2025082704008717,UPPER,Naasa Securities Co. Ltd.,Vision Securities Pvt. Ltd,29,194.0,5626.0,2025-08-27T13:41:14.384761
2025-08-27,32009,2025082704008798,UPPER,Naasa Securities Co. Ltd.,Naasa Securities Co. Ltd.,1,194.0,194.0,2025-08-27T13:43:02.475951
2025-08-27,31967,2025082704008809,UPPER,Sani Securities Company Ltd.,Dipshikha Dhitopatra Karobar Co. Pvt Ltd.,30,194.3,5829.0,2025-08-27T13:43:13.164402
2025-08-27,31837,2025082704008830,UPPER,Trishakti Securities Public Limited,Dipshikha Dhitopatra Karobar Co. Pvt Ltd.,45,194.3,8743.5,2025-08-27T13:44:00.729952
2025-08-27,31807,2025082704008837,UPPER,Trishakti Securities Public Limited,Sani Securities Company Ltd.,155,194.3,30116.5,2025-08-27T13:44:13.030354
2025-08-27,31806,2025082704008838,UPPER,Naasa Securities Co. Ltd.,Sani Securities Company Ltd.,45,194.0,8730.0,2025-08-27T13:44:13.031351
2025-08-27,31424,2025082704008910,UPPER,Naasa Securities Co. Ltd.,Sharepro Securities Private Limited,185,194.0,35890.0,2025-08-27T13:46:32.917632
2025-08-27,31423,2025082704008911,UPPER,Naasa Securities Co. Ltd.,Sharepro Securities Private Limited,110,194.0,21340.0,2025-08-27T13:46:32.918168
2025-08-27,31422,2025082704008912,UPPER,Oxford Securities Pvt. Ltd.,Sharepro Securities Private Limited,10,194.0,1940.0,2025-08-27T13:46:32.91846
2025-08-27,31421,2025082704008913,UPPER,Naasa Securities Co. Ltd.,Sharepro Securities Private Limited,495,194.0,96030.0,2025-08-27T13:46:32.918743
2025-08-27,31216,2025082704008968,UPPER,Naasa Securities Co. Ltd.,Pragyan Securities (PVT) Ltd.,505,194.0,97970.0,2025-08-27T13:47:47.279379
2025-08-27,31215,2025082704008969,UPPER,Online Securities Pvt. Ltd.,Pragyan Securities (PVT) Ltd.,195,194.0,37830.0,2025-08-27T13:47:47.279867
2025-08-27,30668,2025082704009078,UPPER,Online Securities Pvt. Ltd.,Market Securities & Exchange (PVT) Ltd.,117,194.0,22698.0,2025-08-27T13:50:40.902792
2025-08-27,30656,2025082704009080,UPPER,Thrive Brokerage House Pvt. Ltd,Market Securities & Exchange (PVT) Ltd.,20,194.0,3880.0,2025-08-27T13:50:44.40603
2025-08-27,30499,2025082704009106,UPPER,Sundhara Securities Limited,Market Securities & Exchange (PVT) Ltd.,39,194.0,7566.0,2025-08-27T13:51:25.956072
2025-08-27,29976,2025082704009201,UPPER,Dakshinkali Investment & Securities Pvt. Ltd.,Naasa Securities Co. Ltd.,12,193.9,2326.8,2025-08-27T13:53:52.017391
2025-08-27,29938,2025082704009207,UPPER,Dakshinkali Investment & Securities Pvt. Ltd.,Naasa Securities Co. Ltd.,36,193.9,6980.4,2025-08-27T13:54:09.453176
2025-08-27,29935,2025082704009208,UPPER,Dakshinkali Investment & Securities Pvt. Ltd.,Market Securities & Exchange (PVT) Ltd.,24,194.0,4656.0,2025-08-27T13:54:09.940431
2025-08-27,29934,2025082704009209,UPPER,Dakshinkali Investment & Securities Pvt. Ltd.,Vision Securities Pvt. Ltd,76,194.0,14744.0,2025-08-27T13:54:09.940922
2025-08-27,29854,2025082704009229,UPPER,Vision Securities Pvt. Ltd,Imperial Securities Company Pvt. Ltd.,30,194.0,5820.0,2025-08-27T13:54:32.645031
2025-08-27,29853,2025082704009230,UPPER,Dakshinkali Investment & Securities Pvt. Ltd.,Imperial Securities Company Pvt. Ltd.,10,193.9,1939.0,2025-08-27T13:54:32.646152
2025-08-27,29753,2025082704009257,UPPER,Dakshinkali Investment & Securities Pvt. Ltd.,Dipshikha Dhitopatra Karobar Co. Pvt Ltd.,42,193.9,8143.8,2025-08-27T13:54:51.802004
2025-08-27,29752,2025082704009258,UPPER,Online Securities Pvt. Ltd.,Dipshikha Dhitopatra Karobar Co. Pvt Ltd.,18,193.9,3490.2,2025-08-27T13:54:51.802983
2025-08-27,28981,2025082704009400,UPPER,Sundhara Securities Limited,Sani Securities Company Ltd.,6,190.3,1141.8,2025-08-27T13:57:26.547521
2025-08-27,28851,2025082704009417,UPPER,Sundhara Securities Limited,Sani Securities Company Ltd.,6,191.0,1146.0,2025-08-27T13:57:57.666759
2025-08-27,28794,2025082704009429,UPPER,Naasa Securities Co. Ltd.,Naasa Securities Co. Ltd.,100,194.1,19410.0,2025-08-27T13:58:12.218864
2025-08-27,28680,2025082704009452,UPPER,Sundhara Securities Limited,Vision Securities Pvt. Ltd,50,194.0,9700.0,2025-08-27T13:58:43.390938
2025-08-27,28506,2025082704009484,UPPER,Sundhara Securities Limited,Naasa Securities Co. Ltd.,50,194.0,9700.0,2025-08-27T13:59:27.126358
2025-08-27,28505,2025082704009485,UPPER,Kumari Securities Private Limited,Naasa Securities Co. Ltd.,100,194.0,19400.0,2025-08-27T13:59:27.126899
2025-08-27,28504,2025082704009486,UPPER,Naasa Securities Co. Ltd.,Naasa Securities Co. Ltd.,1200,194.0,232800.0,2025-08-27T13:59:27.127159
2025-08-27,27742,2025082704009605,UPPER,Imperial Securities Company Pvt. Ltd.,J.F. Securites (PVT) Ltd.,100,194.0,19400.0,2025-08-27T14:02:14.46857
2025-08-27,26680,2025082704009847,UPPER,Imperial Securities Company Pvt. Ltd.,Asian Securities Private Ltd.,50,194.0,9700.0,2025-08-27T14:05:14.00222
2025-08-27,26679,2025082704009848,UPPER,Bhrikuti Stock Broking Co. Pvt. Ltd.,Asian Securities Private Ltd.,50,194.0,9700.0,2025-08-27T14:05:14.003292
2025-08-27,26533,2025082704009893,UPPER,Bhrikuti Stock Broking Co. Pvt. Ltd.,Asian Securities Private Ltd.,50,194.0,9700.0,2025-08-27T14:05:45.159286
2025-08-27,26532,2025082704009894,UPPER,Vision Securities Pvt. Ltd,Asian Securities Private Ltd.,30,194.0,5820.0,2025-08-27T14:05:45.159814
2025-08-27,26259,2025082704009931,UPPER,South Asian Bulls Pvt. Ltd.,Asian Securities Private Ltd.,82,194.0,15908.0,2025-08-27T14:06:31.637356
2025-08-27,26054,2025082704009995,UPPER,Naasa Securities Co. Ltd.,Creative Securities Pvt Ltd,10,194.0,1940.0,2025-08-27T14:07:00.822379
2025-08-27,25695,2025082704010044,UPPER,Kohinoor Investment & Securities Pvt. Ltd.,Aryatara Investment & Securities,100,193.9,19390.0,2025-08-27T14:08:02.219087
2025-08-27,25587,2025082704010063,UPPER,Sundhara Securities Limited,Vision Securities Pvt. Ltd,4,191.0,764.0,2025-08-27T14:08:29.599456
2025-08-27,24719,2025082704010195,UPPER,Kohinoor Investment & Securities Pvt. Ltd.,Naasa Securities Co. Ltd.,115,193.9,22298.5,2025-08-27T14:11:06.140819
2025-08-27,24718,2025082704010196,UPPER,Imperial Securities Company Pvt. Ltd.,Naasa Securities Co. Ltd.,100,193.9,19390.0,2025-08-27T14:11:06.142103
2025-08-27,24717,2025082704010197,UPPER,Shree Krishna Securities Ltd.,Naasa Securities Co. Ltd.,10,193.9,1939.0,2025-08-27T14:11:06.143015
2025-08-27,24716,2025082704010198,UPPER,SUN SECURITIES PVT LTD,Naasa Securities Co. Ltd.,1268,193.8,245738.4,2025-08-27T14:11:06.143927
2025-08-27,24715,2025082704010199,UPPER,Dakshinkali Investment & Securities Pvt. Ltd.,Naasa Securities Co. Ltd.,1457,193.8,282366.6,2025-08-27T14:11:06.144842
2025-08-27,24307,2025082704010268,UPPER,Nepal Stock House (PVT) Ltd.,Creative Securities Pvt Ltd,40,194.0,7760.0,2025-08-27T14:12:24.914501
2025-08-27,24306,2025082704010269,UPPER,Nepal Stock House (PVT) Ltd.,Siprabi Securities Pvt. Ltd.,460,194.0,89240.0,2025-08-27T14:12:24.915594
2025-08-27,23986,2025082704010310,UPPER,Naasa Securities Co. Ltd.,Siprabi Securities Pvt. Ltd.,40,194.0,7760.0,2025-08-27T14:12:48.622166
2025-08-27,23985,2025082704010311,UPPER,Naasa Securities Co. Ltd.,Vision Securities Pvt. Ltd,329,194.0,63826.0,2025-08-27T14:12:48.622702
2025-08-27,23984,2025082704010312,UPPER,Naasa Securities Co. Ltd.,Investment Management Nepal Pvt. Ltd.,31,194.0,6014.0,2025-08-27T14:12:48.622978
2025-08-27,23945,2025082704010317,UPPER,Sweta Securities Private Limited,Investment Management Nepal Pvt. Ltd.,44,194.0,8536.0,2025-08-27T14:12:59.056804
2025-08-27,23944,2025082704010318,UPPER,Sweta Securities Private Limited,Sweta Securities Private Limited,100,194.0,19400.0,2025-08-27T14:12:59.057406
2025-08-27,23529,2025082704010406,UPPER,Sweta Securities Private Limited,Primo Securities (PVT) Ltd.,100,194.0,19400.0,2025-08-27T14:14:13.808248
2025-08-27,23461,2025082704010420,UPPER,Sweta Securities Private Limited,Online Securities Pvt. Ltd.,100,194.0,19400.0,2025-08-27T14:14:30.057479
2025-08-27,23425,2025082704010431,UPPER,J.F. Securites (PVT) Ltd.,Arun Securities (PVT) Ltd.,500,194.3,97150.0,2025-08-27T14:14:40.896145
2025-08-27,23187,2025082704010481,UPPER,Sweta Securities Private Limited,Kalika Securities Pvt. Ltd.,18,194.0,3492.0,2025-08-27T14:15:18.677801
2025-08-27,23098,2025082704010497,UPPER,Sweta Securities Private Limited,Aryatara Investment & Securities,30,194.0,5820.0,2025-08-27T14:15:36.399223
2025-08-27,22576,2025082704010618,UPPER,Sweta Securities Private Limited,Sumeru Securities Pvt. Ltd.,208,194.0,40352.0,2025-08-27T14:17:18.932007
2025-08-27,22575,2025082704010619,UPPER,Naasa Securities Co. Ltd.,Sumeru Securities Pvt. Ltd.,100,194.0,19400.0,2025-08-27T14:17:18.932556
2025-08-27,22574,2025082704010620,UPPER,Midas Stock Broking Company Private Limited,Sumeru Securities Pvt. Ltd.,50,194.0,9700.0,2025-08-27T14:17:18.932838
2025-08-27,22573,2025082704010621,UPPER,Dipshikha Dhitopatra Karobar Co. Pvt Ltd.,Sumeru Securities Pvt. Ltd.,100,194.0,19400.0,2025-08-27T14:17:18.933124
2025-08-27,22572,2025082704010622,UPPER,Neev Securities Pvt. Ltd.,Sumeru Securities Pvt. Ltd.,1000,194.0,194000.0,2025-08-27T14:17:18.93341
2025-08-27,22455,2025082704010643,UPPER,Deevyaa Securities & Stock House Pvt. Ltd,Sumeru Securities Pvt. Ltd.,42,194.0,8148.0,2025-08-27T14:17:40.420697
2025-08-27,22347,2025082704010661,UPPER,Sani Securities Company Ltd.,Imperial Securities Company Pvt. Ltd.,10,194.4,1944.0,2025-08-27T14:17:57.333854
2025-08-27,22346,2025082704010662,UPPER,Sani Securities Company Ltd.,ABC Securities Private Limited,15,194.4,2916.0,2025-08-27T14:17:57.334447
2025-08-27,22279,2025082704010675,UPPER,Naasa Securities Co. Ltd.,Magnet Securities and Investment Company Private Limited,5,194.0,970.0,2025-08-27T14:18:09.889863
2025-08-27,22229,2025082704010687,UPPER,Deevyaa Securities & Stock House Pvt. Ltd,Capital Max Securities Ltd,21,194.0,4074.0,2025-08-27T14:18:19.037569
2025-08-27,22035,2025082704010725,UPPER,Sundhara Securities Limited,ABC Securities Private Limited,65,194.4,12636.0,2025-08-27T14:18:46.826993
2025-08-27,22034,2025082704010726,UPPER,Sundhara Securities Limited,Creative Securities Pvt Ltd,85,194.4,16524.0,2025-08-27T14:18:46.827516
2025-08-27,21927,2025082704010765,UPPER,J.F. Securites (PVT) Ltd.,Creative Securities Pvt Ltd,12,194.4,2332.8,2025-08-27T14:19:09.615809
2025-08-27,21298,2025082704010898,UPPER,Investment Management Nepal Pvt. Ltd.,Kalika Securities Pvt. Ltd.,12,194.2,2330.4,2025-08-27T14:21:07.129625
2025-08-27,21297,2025082704010899,UPPER,Midas Stock Broking Company Private Limited,Kalika Securities Pvt. Ltd.,38,194.1,7375.8,2025-08-27T14:21:07.130821
2025-08-27,21001,2025082704010968,UPPER,Midas Stock Broking Company Private Limited,Naasa Securities Co. Ltd.,48,194.1,9316.8,2025-08-27T14:22:02.595916
2025-08-27,20950,2025082704010974,UPPER,Dipshikha Dhitopatra Karobar Co. Pvt Ltd.,Creative Securities Pvt Ltd,103,194.4,20023.2,2025-08-27T14:22:10.800703
2025-08-27,20949,2025082704010975,UPPER,Dipshikha Dhitopatra Karobar Co. Pvt Ltd.,Kalika Securities Pvt. Ltd.,20,194.4,3888.0,2025-08-27T14:22:10.80201
2025-08-27,20948,2025082704010976,UPPER,Dipshikha Dhitopatra Karobar Co. Pvt Ltd.,Aryatara Investment & Securities,100,194.7,19470.0,2025-08-27T14:22:10.803276
2025-08-27,20947,2025082704010977,UPPER,Dipshikha Dhitopatra Karobar Co. Pvt Ltd.,Dynamic Money Managers Securities Pvt. Ltd.,287,194.8,55907.6,2025-08-27T14:22:10.80445
2025-08-27,20812,2025082704011002,UPPER,N.I.M.B. Stock Markets Limited,Dynamic Money Managers Securities Pvt. Ltd.,150,194.8,29220.0,2025-08-27T14:22:37.482927
2025-08-27,20678,2025082704011025,UPPER,Midas Stock Broking Company Private Limited,Siprabi Securities Pvt. Ltd.,14,194.1,2717.4,2025-08-27T14:22:59.642169
2025-08-27,20677,2025082704011026,UPPER,Deevyaa Securities & Stock House Pvt. Ltd,Siprabi Securities Pvt. Ltd.,37,194.0,7178.0,2025-08-27T14:22:59.643633
2025-08-27,20676,2025082704011027,UPPER,Dipshikha Dhitopatra Karobar Co. Pvt Ltd.,Siprabi Securities Pvt. Ltd.,93,194.0,18042.0,2025-08-27T14:22:59.644942
2025-08-27,20451,2025082704011038,UPPER,Dipshikha Dhitopatra Karobar Co. Pvt Ltd.,Sani Securities Company Ltd.,100,194.0,19400.0,2025-08-27T14:23:30.654967
2025-08-27,20373,2025082704011042,UPPER,South Asian Bulls Pvt. Ltd.,Dynamic Money Managers Securities Pvt. Ltd.,500,194.8,97400.0,2025-08-27T14:23:39.991757
2025-08-27,20093,2025082704011095,UPPER,Trisul Securities & Invt. Ltd.,Dynamic Money Managers Securities Pvt. Ltd.,63,194.8,12272.4,2025-08-27T14:24:33.476766
2025-08-27,20092,2025082704011096,UPPER,Trisul Securities & Invt. Ltd.,Creative Securities Pvt Ltd,37,194.8,7207.6,2025-08-27T14:24:33.478218
2025-08-27,19552,2025082704011210,UPPER,South Asian Bulls Pvt. Ltd.,Dipshikha Dhitopatra Karobar Co. Pvt Ltd.,50,194.5,9725.0,2025-08-27T14:26:10.702919
2025-08-27,19551,2025082704011211,UPPER,South Asian Bulls Pvt. Ltd.,Creative Securities Pvt Ltd,63,194.8,12272.4,2025-08-27T14:26:10.703481
2025-08-27,19495,2025082704011218,UPPER,Kohinoor Investment & Securities Pvt. Ltd.,Secured Securities Ltd.,130,194.9,25337.0,2025-08-27T14:26:25.144905
2025-08-27,19459,2025082704011227,UPPER,Vision Securities Pvt. Ltd,Secured Securities Ltd.,10,194.9,1949.0,2025-08-27T14:26:32.933271
2025-08-27,18235,2025082704011485,UPPER,South Asian Bulls Pvt. Ltd.,Primo Securities (PVT) Ltd.,50,194.8,9740.0,2025-08-27T14:30:05.926298
2025-08-27,17938,2025082704011568,UPPER,Trishakti Securities Public Limited,Secured Securities Ltd.,100,194.9,19490.0,2025-08-27T14:30:58.479641
2025-08-27,17629,2025082704011639,UPPER,Online Securities Pvt. Ltd.,Secured Securities Ltd.,20,194.9,3898.0,2025-08-27T14:31:42.395878
2025-08-27,17617,2025082704011641,UPPER,Imperial Securities Company Pvt. Ltd.,Secured Securities Ltd.,50,194.9,9745.0,2025-08-27T14:31:44.800188
2025-08-27,16466,2025082704011846,UPPER,Bhrikuti Stock Broking Co. Pvt. Ltd.,Secured Securities Ltd.,100,194.9,19490.0,2025-08-27T14:34:54.949977
2025-08-27,16464,2025082704011848,UPPER,Premier Securities Company Ltd.,Secured Securities Ltd.,90,194.9,17541.0,2025-08-27T14:34:55.409214
2025-08-27,16463,2025082704011849,UPPER,Premier Securities Company Ltd.,Asian Securities Private Ltd.,10,194.9,1949.0,2025-08-27T14:34:55.410397
2025-08-27,16258,2025082704011886,UPPER,Investment Management Nepal Pvt. Ltd.,Asian Securities Private Ltd.,100,194.9,19490.0,2025-08-27T14:35:35.863825
2025-08-27,16228,2025082704011900,UPPER,South Asian Bulls Pvt. Ltd.,Asian Securities Private Ltd.,150,194.9,29235.0,2025-08-27T14:35:42.488738
2025-08-27,15681,2025082704012011,UPPER,South Asian Bulls Pvt. Ltd.,Sagarmatha Securities Private Limited,37,194.8,7207.6,2025-08-27T14:37:12.251421
2025-08-27,15680,2025082704012012,UPPER,Kumari Securities Private Limited,Sagarmatha Securities Private Limited,20,194.8,3896.0,2025-08-27T14:37:12.251958
2025-08-27,15619,2025082704012033,UPPER,Opal Securities Investment (PVT) Ltd.,Sagarmatha Securities Private Limited,33,194.8,6428.4,2025-08-27T14:37:23.385791
2025-08-27,15618,2025082704012034,UPPER,Opal Securities Investment (PVT) Ltd.,Asian Securities Private Ltd.,240,194.9,46776.0,2025-08-27T14:37:23.387017
2025-08-27,15617,2025082704012035,UPPER,Opal Securities Investment (PVT) Ltd.,Pragyan Securities (PVT) Ltd.,227,194.9,44242.3,2025-08-27T14:37:23.387638
2025-08-27,15593,2025082704012037,UPPER,Kalika Securities Pvt. Ltd.,Sumeru Securities Pvt. Ltd.,35,194.5,6807.5,2025-08-27T14:37:25.541893
2025-08-27,15592,2025082704012038,UPPER,Market Securities & Exchange (PVT) Ltd.,Sumeru Securities Pvt. Ltd.,15,194.5,2917.5,2025-08-27T14:37:25.543053
2025-08-27,15310,2025082704012099,UPPER,South Asian Bulls Pvt. Ltd.,Miyo Securities Pvt Ltd,130,194.6,25298.0,2025-08-27T14:38:03.661702
2025-08-27,15197,2025082704012128,UPPER,Market Securities & Exchange (PVT) Ltd.,Dynamic Money Managers Securities Pvt. Ltd.,185,194.5,35982.5,2025-08-27T14:38:24.329414
2025-08-27,14904,2025082704012177,UPPER,Secured Securities Ltd.,Creative Securities Pvt Ltd,10,194.4,1944.0,2025-08-27T14:39:09.972459
2025-08-27,14754,2025082704012199,UPPER,Secured Securities Ltd.,Naasa Securities Co. Ltd.,100,194.4,19440.0,2025-08-27T14:39:33.854537
2025-08-27,14560,2025082704012220,UPPER,Opal Securities Investment (PVT) Ltd.,Dynamic Money Managers Securities Pvt. Ltd.,15,194.5,2917.5,2025-08-27T14:39:51.208849
2025-08-27,14494,2025082704012235,UPPER,Opal Securities Investment (PVT) Ltd.,Miyo Securities Pvt Ltd,150,194.5,29175.0,2025-08-27T14:40:01.230456
2025-08-27,14369,2025082704012259,UPPER,Kohinoor Investment & Securities Pvt. Ltd.,Pragyan Securities (PVT) Ltd.,77,194.9,15007.3,2025-08-27T14:40:21.42958
2025-08-27,14151,2025082704012310,UPPER,Opal Securities Investment (PVT) Ltd.,Naasa Securities Co. Ltd.,335,194.5,65157.5,2025-08-27T14:40:55.716197
2025-08-27,14150,2025082704012311,UPPER,SUN SECURITIES PVT LTD,Naasa Securities Co. Ltd.,27,194.5,5251.5,2025-08-27T14:40:55.717633
2025-08-27,14149,2025082704012312,UPPER,Secured Securities Ltd.,Naasa Securities Co. Ltd.,390,194.4,75816.0,2025-08-27T14:40:55.718639
2025-08-27,14148,2025082704012313,UPPER,Siprabi Securities Pvt. Ltd.,Naasa Securities Co. Ltd.,48,194.4,9331.2,2025-08-27T14:40:55.719623
2025-08-27,13704,2025082704012418,UPPER,Online Securities Pvt. Ltd.,Pragyan Securities (PVT) Ltd.,696,194.9,135650.4,2025-08-27T14:41:52.873179
2025-08-27,13703,2025082704012419,UPPER,Online Securities Pvt. Ltd.,Premier Securities Company Ltd.,602,195.0,117390.0,2025-08-27T14:41:52.873745
2025-08-27,13702,2025082704012420,UPPER,Online Securities Pvt. Ltd.,Elite Stock House Limited,100,195.0,19500.0,2025-08-27T14:41:52.874077
2025-08-27,13701,2025082704012421,UPPER,Online Securities Pvt. Ltd.,Swarna Laxmi Securities Pvt. Ltd.,200,195.0,39000.0,2025-08-27T14:41:52.874512
2025-08-27,13700,2025082704012422,UPPER,Online Securities Pvt. Ltd.,Dakshinkali Investment & Securities Pvt. Ltd.,80,195.0,15600.0,2025-08-27T14:41:52.874911
2025-08-27,13699,2025082704012423,UPPER,Online Securities Pvt. Ltd.,Premier Securities Company Ltd.,500,195.0,97500.0,2025-08-27T14:41:52.875283
2025-08-27,13698,2025082704012424,UPPER,Online Securities Pvt. Ltd.,Dipshikha Dhitopatra Karobar Co. Pvt Ltd.,80,195.0,15600.0,2025-08-27T14:41:52.875608
2025-08-27,13697,2025082704012425,UPPER,Online Securities Pvt. Ltd.,ABC Securities Private Limited,400,195.0,78000.0,2025-08-27T14:41:52.875957
2025-08-27,13696,2025082704012426,UPPER,Online Securities Pvt. Ltd.,Aryatara Investment & Securities,1000,195.0,195000.0,2025-08-27T14:41:52.876336
2025-08-27,13695,2025082704012427,UPPER,Online Securities Pvt. Ltd.,Stoxkarts Securities Limited,100,195.0,19500.0,2025-08-27T14:41:52.87666
2025-08-27,13694,2025082704012428,UPPER,Online Securities Pvt. Ltd.,Sri Hari Securities Pvt. Ltd.,115,195.0,22425.0,2025-08-27T14:41:52.877029
2025-08-27,13693,2025082704012429,UPPER,Online Securities Pvt. Ltd.,Naasa Securities Co. Ltd.,10,195.0,1950.0,2025-08-27T14:41:52.877396
2025-08-27,13692,2025082704012430,UPPER,Online Securities Pvt. Ltd.,J.F. Securites (PVT) Ltd.,20,195.0,3900.0,2025-08-27T14:41:52.877696
2025-08-27,13691,2025082704012431,UPPER,Online Securities Pvt. Ltd.,Aryatara Investment & Securities,30,195.0,5850.0,2025-08-27T14:41:52.878041
2025-08-27,13690,2025082704012432,UPPER,Online Securities Pvt. Ltd.,Sani Securities Company Ltd.,114,195.0,22230.0,2025-08-27T14:41:52.878425
2025-08-27,13689,2025082704012433,UPPER,Online Securities Pvt. Ltd.,Primo Securities (PVT) Ltd.,98,195.0,19110.0,2025-08-27T14:41:52.878753
2025-08-27,13688,2025082704012434,UPPER,Online Securities Pvt. Ltd.,Malla & Malla Stock Broking Company Pvt. Limited,10,195.0,1950.0,2025-08-27T14:41:52.879132
2025-08-27,13687,2025082704012435,UPPER,Online Securities Pvt. Ltd.,Imperial Securities Company Pvt. Ltd.,310,195.0,60450.0,2025-08-27T14:41:52.879474
2025-08-27,13686,2025082704012436,UPPER,Online Securities Pvt. Ltd.,Trisul Securities & Invt. Ltd.,178,195.0,34710.0,2025-08-27T14:41:52.879829
2025-08-27,13685,2025082704012437,UPPER,Online Securities Pvt. Ltd.,Capital Max Securities Ltd,357,195.0,69615.0,2025-08-27T14:41:52.88019
2025-08-27,13406,2025082704012507,UPPER,South Asian Bulls Pvt. Ltd.,Capital Max Securities Ltd,1143,195.0,222885.0,2025-08-27T14:42:30.093045
2025-08-27,13405,2025082704012508,UPPER,South Asian Bulls Pvt. Ltd.,Investment Management Nepal Pvt. Ltd.,467,195.0,91065.0,2025-08-27T14:42:30.093603
2025-08-27,13323,2025082704012519,UPPER,Naasa Securities Co. Ltd.,Investment Management Nepal Pvt. Ltd.,33,195.0,6435.0,2025-08-27T14:42:45.638809
2025-08-27,13322,2025082704012520,UPPER,Naasa Securities Co. Ltd.,Aryatara Investment & Securities,162,195.0,31590.0,2025-08-27T14:42:45.640132
2025-08-27,13220,2025082704012540,UPPER,Premier Securities Company Ltd.,Aryatara Investment & Securities,10,195.0,1950.0,2025-08-27T14:43:02.990418
2025-08-27,13116,2025082704012560,UPPER,ABC Securities Private Limited,Aryatara Investment & Securities,328,195.0,63960.0,2025-08-27T14:43:13.420162
2025-08-27,13115,2025082704012561,UPPER,ABC Securities Private Limited,Ashutosh Brokerage & Securities (PVT) Ltd.,146,195.0,28470.0,2025-08-27T14:43:13.42078
2025-08-27,13114,2025082704012562,UPPER,ABC Securities Private Limited,Swarna Laxmi Securities Pvt. Ltd.,1726,195.0,336570.0,2025-08-27T14:43:13.421103
2025-08-27,12847,2025082704012613,UPPER,Thrive Brokerage House Pvt. Ltd,Swarna Laxmi Securities Pvt. Ltd.,101,195.0,19695.0,2025-08-27T14:43:53.528797
2025-08-27,12846,2025082704012614,UPPER,Thrive Brokerage House Pvt. Ltd,Sani Securities Company Ltd.,65,195.0,12675.0,2025-08-27T14:43:53.529362
2025-08-27,12845,2025082704012615,UPPER,Thrive Brokerage House Pvt. Ltd,J.F. Securites (PVT) Ltd.,60,195.0,11700.0,2025-08-27T14:43:53.529658
2025-08-27,12844,2025082704012616,UPPER,Thrive Brokerage House Pvt. Ltd,Citizens Share Broker Limited,774,195.0,150930.0,2025-08-27T14:43:53.529972
2025-08-27,12736,2025082704012644,UPPER,Kalika Securities Pvt. Ltd.,Citizens Share Broker Limited,200,195.0,39000.0,2025-08-27T14:44:10.027874
2025-08-27,12703,2025082704012648,UPPER,BHOLE GANESH SECURITIES LTD,Citizens Share Broker Limited,25,195.0,4875.0,2025-08-27T14:44:14.68994
2025-08-27,12191,2025082704012760,UPPER,Linch Stock Market Ltd.,Miyo Securities Pvt Ltd,500,194.7,97350.0,2025-08-27T14:45:03.740137
2025-08-27,12190,2025082704012761,UPPER,Capital Max Securities Ltd,Miyo Securities Pvt Ltd,250,194.7,48675.0,2025-08-27T14:45:03.740699
2025-08-27,12189,2025082704012762,UPPER,Imperial Securities Company Pvt. Ltd.,Miyo Securities Pvt Ltd,30,194.5,5835.0,2025-08-27T14:45:03.740995
2025-08-27,12188,2025082704012763,UPPER,Midas Stock Broking Company Private Limited,Miyo Securities Pvt Ltd,220,194.5,42790.0,2025-08-27T14:45:03.741276
2025-08-27,11915,2025082704012863,UPPER,Midas Stock Broking Company Private Limited,Miyo Securities Pvt Ltd,38,194.5,7391.0,2025-08-27T14:45:26.855404
2025-08-27,11914,2025082704012864,UPPER,Siprabi Securities Pvt. Ltd.,Miyo Securities Pvt Ltd,81,194.4,15746.4,2025-08-27T14:45:26.856585
2025-08-27,11715,2025082704012896,UPPER,Siprabi Securities Pvt. Ltd.,Opal Securities Investment (PVT) Ltd.,40,194.4,7776.0,2025-08-27T14:45:56.315078
2025-08-27,11480,2025082704012979,UPPER,Arun Securities (PVT) Ltd.,Citizens Share Broker Limited,1,194.5,194.5,2025-08-27T14:46:20.712876
2025-08-27,11373,2025082704013020,UPPER,Primo Securities (PVT) Ltd.,Linch Stock Market Ltd.,20,195.0,3900.0,2025-08-27T14:46:31.655636
2025-08-27,11026,2025082704013121,UPPER,Kohinoor Investment & Securities Pvt. Ltd.,Linch Stock Market Ltd.,220,195.0,42900.0,2025-08-27T14:47:07.404432
2025-08-27,11006,2025082704013126,UPPER,Naasa Securities Co. Ltd.,Linch Stock Market Ltd.,250,195.0,48750.0,2025-08-27T14:47:08.885929
2025-08-27,11000,2025082704013128,UPPER,Sani Securities Company Ltd.,Sani Securities Company Ltd.,80,194.7,15576.0,2025-08-27T14:47:10.041532
2025-08-27,10828,2025082704013181,UPPER,Imperial Securities Company Pvt. Ltd.,Linch Stock Market Ltd.,150,195.0,29250.0,2025-08-27T14:47:25.583549
2025-08-27,9847,2025082704013454,UPPER,Dakshinkali Investment & Securities Pvt. Ltd.,Linch Stock Market Ltd.,360,195.0,70200.0,2025-08-27T14:49:05.184588
2025-08-27,9846,2025082704013455,UPPER,Dakshinkali Investment & Securities Pvt. Ltd.,Agrawal Securities (PVT) Ltd.,183,195.0,35685.0,2025-08-27T14:49:05.185753
2025-08-27,9528,2025082704013596,UPPER,Dynamic Money Managers Securities Pvt. Ltd.,Agrawal Securities (PVT) Ltd.,50,195.0,9750.0,2025-08-27T14:49:34.834735
2025-08-27,9312,2025082704013636,UPPER,Agrawal Securities (PVT) Ltd.,Agrawal Securities (PVT) Ltd.,217,195.0,42315.0,2025-08-27T14:50:03.572049
2025-08-27,9311,2025082704013637,UPPER,Agrawal Securities (PVT) Ltd.,Market Securities & Exchange (PVT) Ltd.,50,195.0,9750.0,2025-08-27T14:50:03.572619
2025-08-27,9310,2025082704013638,UPPER,Agrawal Securities (PVT) Ltd.,Market Securities & Exchange (PVT) Ltd.,200,195.0,39000.0,2025-08-27T14:50:03.572915
2025-08-27,9309,2025082704013639,UPPER,Agrawal Securities (PVT) Ltd.,Kalika Securities Pvt. Ltd.,20,195.0,3900.0,2025-08-27T14:50:03.573198
2025-08-27,9308,2025082704013640,UPPER,Agrawal Securities (PVT) Ltd.,Trishakti Securities Public Limited,13,195.0,2535.0,2025-08-27T14:50:03.573487
2025-08-27,8755,2025082704013759,UPPER,Agrawal Securities (PVT) Ltd.,Vision Securities Pvt. Ltd,20,195.5,3910.0,2025-08-27T14:50:49.991048
2025-08-27,8754,2025082704013760,UPPER,Agrawal Securities (PVT) Ltd.,Himalayan Brokerage Company Limited,480,195.5,93840.0,2025-08-27T14:50:49.991625
2025-08-27,7803,2025082704013973,UPPER,Sani Securities Company Ltd.,Himalayan Brokerage Company Limited,120,195.5,23460.0,2025-08-27T14:52:16.214574
2025-08-27,7802,2025082704013974,UPPER,Sani Securities Company Ltd.,Sani Securities Company Ltd.,65,195.5,12707.5,2025-08-27T14:52:16.215134
2025-08-27,7672,2025082704013993,UPPER,Naasa Securities Co. Ltd.,Arun Securities (PVT) Ltd.,1190,195.9,233121.0,2025-08-27T14:52:31.240087
2025-08-27,7671,2025082704013994,UPPER,Naasa Securities Co. Ltd.,Bhrikuti Stock Broking Co. Pvt. Ltd.,10,196.0,1960.0,2025-08-27T14:52:31.240676
2025-08-27,6885,2025082704014161,UPPER,Oxford Securities Pvt. Ltd.,Bhrikuti Stock Broking Co. Pvt. Ltd.,290,196.0,56840.0,2025-08-27T14:53:29.834224
2025-08-27,6884,2025082704014162,UPPER,Oxford Securities Pvt. Ltd.,Sani Securities Company Ltd.,710,196.0,139160.0,2025-08-27T14:53:29.834818
2025-08-27,6559,2025082704014249,UPPER,Naasa Securities Co. Ltd.,Sani Securities Company Ltd.,10,196.0,1960.0,2025-08-27T14:53:53.025122
2025-08-27,5902,2025082704014411,UPPER,Swarna Laxmi Securities Pvt. Ltd.,Midas Stock Broking Company Private Limited,100,195.9,19590.0,2025-08-27T14:54:55.344074
2025-08-27,5810,2025082704014437,UPPER,Cristal Kanchanjanga Securites Pvt. Ltd.,Sani Securities Company Ltd.,500,196.0,98000.0,2025-08-27T14:55:04.085539
2025-08-27,5714,2025082704014452,UPPER,Swarna Laxmi Securities Pvt. Ltd.,Kumari Securities Private Limited,100,195.9,19590.0,2025-08-27T14:55:12.504698
2025-08-27,5684,2025082704014455,UPPER,Sani Securities Company Ltd.,Sani Securities Company Ltd.,120,196.0,23520.0,2025-08-27T14:55:14.985301
2025-08-27,5442,2025082704014512,UPPER,Sumeru Securities Pvt. Ltd.,Sani Securities Company Ltd.,500,196.0,98000.0,2025-08-27T14:55:30.332451
2025-08-27,5137,2025082704014599,UPPER,Swarna Laxmi Securities Pvt. Ltd.,Blue Chip Securities Ltd,800,195.9,156720.0,2025-08-27T14:55:54.906688
2025-08-27,5136,2025082704014600,UPPER,Primo Securities (PVT) Ltd.,Blue Chip Securities Ltd,100,195.9,19590.0,2025-08-27T14:55:54.907255
2025-08-27,4298,2025082704014763,UPPER,Imperial Securities Company Pvt. Ltd.,Cristal Kanchanjanga Securites Pvt. Ltd.,20,195.6,3912.0,2025-08-27T14:56:52.75554
2025-08-27,4231,2025082704014773,UPPER,Imperial Securities Company Pvt. Ltd.,Dynamic Money Managers Securities Pvt. Ltd.,230,195.6,44988.0,2025-08-27T14:56:56.498039
2025-08-27,4230,2025082704014774,UPPER,SUN SECURITIES PVT LTD,Dynamic Money Managers Securities Pvt. Ltd.,175,195.5,34212.5,2025-08-27T14:56:56.499332
2025-08-27,4229,2025082704014775,UPPER,Imperial Securities Company Pvt. Ltd.,Dynamic Money Managers Securities Pvt. Ltd.,100,195.5,19550.0,2025-08-27T14:56:56.500388
2025-08-27,4228,2025082704014776,UPPER,Dipshikha Dhitopatra Karobar Co. Pvt Ltd.,Dynamic Money Managers Securities Pvt. Ltd.,50,195.5,9775.0,2025-08-27T14:56:56.501378
2025-08-27,4227,2025082704014777,UPPER,Aryatara Investment & Securities,Dynamic Money Managers Securities Pvt. Ltd.,300,195.4,58620.0,2025-08-27T14:56:56.502399
2025-08-27,4226,2025082704014778,UPPER,Aryatara Investment & Securities,Dynamic Money Managers Securities Pvt. Ltd.,145,195.2,28304.0,2025-08-27T14:56:56.503394
2025-08-27,3882,2025082704014854,UPPER,Dipshikha Dhitopatra Karobar Co. Pvt Ltd.,Dynamic Money Managers Securities Pvt. Ltd.,10,195.6,1956.0,2025-08-27T14:57:20.472201
2025-08-27,3881,2025082704014855,UPPER,Sani Securities Company Ltd.,Dynamic Money Managers Securities Pvt. Ltd.,990,195.3,193347.0,2025-08-27T14:57:20.472769
2025-08-27,3456,2025082704014938,UPPER,Sani Securities Company Ltd.,Dynamic Money Managers Securities Pvt. Ltd.,10,195.3,1953.0,2025-08-27T14:57:46.525706
2025-08-27,3455,2025082704014939,UPPER,Aryatara Investment & Securities,Dynamic Money Managers Securities Pvt. Ltd.,40,195.2,7808.0,2025-08-27T14:57:46.526257
2025-08-27,2958,2025082704015094,UPPER,Linch Stock Market Ltd.,Naasa Securities Co. Ltd.,10,195.6,1956.0,2025-08-27T14:58:13.792048
2025-08-27,2951,2025082704015095,UPPER,Aryatara Investment & Securities,Blue Chip Securities Ltd,1815,195.2,354288.0,2025-08-27T14:58:14.284124
2025-08-27,2950,2025082704015096,UPPER,Online Securities Pvt. Ltd.,Blue Chip Securities Ltd,70,195.2,13664.0,2025-08-27T14:58:14.284698
2025-08-27,2680,2025082704015172,UPPER,J.F. Securites (PVT) Ltd.,Blue Chip Securities Ltd,250,195.2,48800.0,2025-08-27T14:58:28.36216
2025-08-27,2570,2025082704015200,UPPER,Oxford Securities Pvt. Ltd.,Blue Chip Securities Ltd,100,195.2,19520.0,2025-08-27T14:58:35.063284
2025-08-27,2511,2025082704015207,UPPER,Creative Securities Pvt Ltd,Blue Chip Securities Ltd,200,195.2,39040.0,2025-08-27T14:58:39.369529
2025-08-27,2344,2025082704015255,UPPER,Naasa Securities Co. Ltd.,Blue Chip Securities Ltd,10,195.2,1952.0,2025-08-27T14:58:46.38849
2025-08-27,1787,2025082704015405,UPPER,Linch Stock Market Ltd.,Aryatara Investment & Securities,280,195.1,54628.0,2025-08-27T14:59:11.615455
2025-08-27,1408,2025082704015499,UPPER,Aryatara Investment & Securities,Blue Chip Securities Ltd,15,195.2,2928.0,2025-08-27T14:59:22.80978
2025-08-27,1194,2025082704015564,UPPER,Linch Stock Market Ltd.,Creative Securities Pvt Ltd,163,195.1,31801.3,2025-08-27T14:59:26.929718
2025-08-27,748,2025082704015663,UPPER,ABC Securities Private Limited,Blue Chip Securities Ltd,100,195.2,19520.0,2025-08-27T14:59:39.346471
2025-08-27,701,2025082704015670,UPPER,Neev Securities Pvt. Ltd.,Blue Chip Securities Ltd,1000,195.2,195200.0,2025-08-27T14:59:41.424523
2025-08-27,696,2025082704015673,UPPER,Linch Stock Market Ltd.,Naasa Securities Co. Ltd.,57,195.1,11120.7,2025-08-27T14:59:41.94774
2025-08-27,695,2025082704015674,UPPER,Agrawal Securities (PVT) Ltd.,Naasa Securities Co. Ltd.,133,195.1,25948.3,2025-08-27T14:59:41.948296
2025-08-27,467,2025082704015761,UPPER,Agrawal Securities (PVT) Ltd.,Linch Stock Market Ltd.,67,195.1,13071.7,2025-08-27T14:59:49.370471
2025-08-27,466,2025082704015762,UPPER,Sweta Securities Private Limited,Linch Stock Market Ltd.,10,195.1,1951.0,2025-08-27T14:59:49.416627
2025-08-27,101,2025082704015845,UPPER,Vision Securities Pvt. Ltd,Linch Stock Market Ltd.,20,195.1,3902.0,2025-08-27T14:59:57.638474
2025-08-27,91,2025082704015848,UPPER,Himalayan Brokerage Company Limited,Linch Stock Market Ltd.,183,195.1,35703.3,2025-08-27T14:59:58.139391
2025-08-27,90,2025082704015849,UPPER,Himalayan Brokerage Company Limited,Blue Chip Securities Ltd,817,195.2,159478.4,2025-08-27T14:59:58.139954
