Date,S.N.,contract_id,symbol,buyer_broker,seller_broker,volume,price,amount,transaction_time
2025-07-10,87177,2025071004000458,CGH,Imperial Securities Company Pvt. Ltd.,Kohinoor Investment & Securities Pvt. Ltd.,50,960.0,48000.0,2025-07-10 11:07:15.635114
2025-07-10,87176,2025071004000459,CGH,Naasa Securities Co. Ltd.,Kohinoor Investment & Securities Pvt. Ltd.,150,960.0,144000.0,2025-07-10 11:07:15.635262
2025-07-10,87175,2025071004000460,CGH,Sani Securities Company Ltd.,Kohinoor Investment & Securities Pvt. Ltd.,490,958.0,469420.0,2025-07-10 11:07:15.635307
2025-07-10,87117,2025071004000480,CGH,Himalayan Brokerage Company Limited,Premier Securities Company Ltd.,100,964.0,96400.0,2025-07-10 11:07:33.303473
2025-07-10,87116,2025071004000481,CGH,Himalayan Brokerage Company Limited,Sani Securities Company Ltd.,84,964.9,81051.6,2025-07-10 11:07:33.303576
2025-07-10,87115,2025071004000482,CGH,Himalayan Brokerage Company Limited,Opal Securities Investment (PVT) Ltd.,495,965.0,477675.0,2025-07-10 11:07:33.303614
2025-07-10,87114,2025071004000483,CGH,Himalayan Brokerage Company Limited,Kumari Securities Private Limited,100,965.0,96500.0,2025-07-10 11:07:33.303671
2025-07-10,87113,2025071004000484,CGH,Himalayan Brokerage Company Limited,Investment Management Nepal Pvt. Ltd.,10,970.0,9700.0,2025-07-10 11:07:33.303710
2025-07-10,86946,2025071004000542,CGH,Himalayan Brokerage Company Limited,Capital Max Securities Ltd,11,970.0,10670.0,2025-07-10 11:08:24.094214
2025-07-10,86732,2025071004000595,CGH,Bhrikuti Stock Broking Co. Pvt. Ltd.,Sagarmatha Securities Private Limited,1000,963.0,963000.0,2025-07-10 11:09:15.073708
2025-07-10,86339,2025071004000696,CGH,Indira securities pvt. ltd,Dipshikha Dhitopatra Karobar Co. Pvt Ltd.,500,963.0,481500.0,2025-07-10 11:10:34.761473
2025-07-10,86082,2025071004000772,CGH,Nepal Stock House (PVT) Ltd.,Capital Max Securities Ltd,99,964.9,95525.1,2025-07-10 11:11:26.992519
2025-07-10,85983,2025071004000807,CGH,Nepal Stock House (PVT) Ltd.,Naasa Securities Co. Ltd.,401,965.0,386965.0,2025-07-10 11:11:52.400433
2025-07-10,85906,2025071004000830,CGH,Trisul Securities & Invt. Ltd.,NIMB Stock Markets Limited,100,961.0,96100.0,2025-07-10 11:12:09.980835
2025-07-10,85905,2025071004000831,CGH,Sani Securities Company Ltd.,NIMB Stock Markets Limited,20,961.0,19220.0,2025-07-10 11:12:09.980884
2025-07-10,85904,2025071004000832,CGH,Neev Securities Pvt. Ltd.,NIMB Stock Markets Limited,100,960.0,96000.0,2025-07-10 11:12:09.980913
2025-07-10,85903,2025071004000833,CGH,Swarna Laxmi Securities Pvt. Ltd.,NIMB Stock Markets Limited,100,959.1,95910.0,2025-07-10 11:12:09.980940
2025-07-10,85902,2025071004000834,CGH,Magnet Securities and Investment Company Private Limited,NIMB Stock Markets Limited,80,959.0,76720.0,2025-07-10 11:12:09.980963
2025-07-10,85587,2025071004000926,CGH,Magnet Securities and Investment Company Private Limited,Indira securities pvt. ltd,200,959.0,191800.0,2025-07-10 11:13:19.057016
2025-07-10,85393,2025071004000973,CGH,Secured Securities Ltd.,Indira securities pvt. ltd,200,964.0,192800.0,2025-07-10 11:14:08.497065
2025-07-10,85016,2025071004001093,CGH,Secured Securities Ltd.,Naasa Securities Co. Ltd.,49,965.0,47285.0,2025-07-10 11:15:17.233723
2025-07-10,85015,2025071004001094,CGH,Secured Securities Ltd.,BHOLE GANESH SECURITIES LTD,225,965.0,217125.0,2025-07-10 11:15:17.233886
2025-07-10,84567,2025071004001212,CGH,Secured Securities Ltd.,Nepal Stock House (PVT) Ltd.,200,966.0,193200.0,2025-07-10 11:16:45.810361
2025-07-10,84470,2025071004001235,CGH,Secured Securities Ltd.,Kumari Securities Private Limited,200,966.0,193200.0,2025-07-10 11:17:03.773027
2025-07-10,84309,2025071004001279,CGH,Secured Securities Ltd.,Kumari Securities Private Limited,72,965.1,69487.2,2025-07-10 11:17:35.111348
2025-07-10,83994,2025071004001348,CGH,Sumeru Securities Pvt. Ltd.,Kumari Securities Private Limited,100,965.1,96510.0,2025-07-10 11:18:45.593108
2025-07-10,83968,2025071004001357,CGH,Sani Securities Company Ltd.,NIMB Stock Markets Limited,100,962.0,96200.0,2025-07-10 11:18:53.121449
2025-07-10,83967,2025071004001358,CGH,Sani Securities Company Ltd.,NIMB Stock Markets Limited,50,961.0,48050.0,2025-07-10 11:18:53.121598
2025-07-10,83832,2025071004001387,CGH,Sani Securities Company Ltd.,Kumari Securities Private Limited,128,965.1,123532.8,2025-07-10 11:19:25.371332
2025-07-10,83831,2025071004001388,CGH,Sani Securities Company Ltd.,Arun Securities (PVT) Ltd.,10,965.1,9651.0,2025-07-10 11:19:25.371415
2025-07-10,83830,2025071004001389,CGH,Sani Securities Company Ltd.,Sani Securities Company Ltd.,10,966.0,9660.0,2025-07-10 11:19:25.371458
2025-07-10,83582,2025071004001485,CGH,Online Securities Pvt. Ltd.,Investment Management Nepal Pvt. Ltd.,10,961.0,9610.0,2025-07-10 11:20:06.377725
2025-07-10,83297,2025071004001546,CGH,Bhrikuti Stock Broking Co. Pvt. Ltd.,Sumeru Securities Pvt. Ltd.,10,960.1,9601.0,2025-07-10 11:21:02.163231
2025-07-10,82133,2025071004001809,CGH,Swarna Laxmi Securities Pvt. Ltd.,Kumari Securities Private Limited,10,960.2,9602.0,2025-07-10 11:24:43.816524
2025-07-10,82093,2025071004001813,CGH,Swarna Laxmi Securities Pvt. Ltd.,Hatemalo Financial Services Private Limited,90,960.2,86418.0,2025-07-10 11:24:45.555812
2025-07-10,82092,2025071004001814,CGH,Bhrikuti Stock Broking Co. Pvt. Ltd.,Hatemalo Financial Services Private Limited,10,960.1,9601.0,2025-07-10 11:24:45.555973
2025-07-10,82027,2025071004001830,CGH,Bhrikuti Stock Broking Co. Pvt. Ltd.,Sani Securities Company Ltd.,180,960.1,172818.0,2025-07-10 11:24:56.305634
2025-07-10,82026,2025071004001831,CGH,Sri Hari Securities Pvt. Ltd.,Sani Securities Company Ltd.,200,960.1,192020.0,2025-07-10 11:24:56.305781
2025-07-10,82025,2025071004001832,CGH,Sani Securities Company Ltd.,Sani Securities Company Ltd.,100,960.0,96000.0,2025-07-10 11:24:56.305847
2025-07-10,82024,2025071004001833,CGH,S.P.S.A. Securities Limited,Sani Securities Company Ltd.,20,960.0,19200.0,2025-07-10 11:24:56.305908
2025-07-10,79515,2025071004002531,CGH,S.P.S.A. Securities Limited,Imperial Securities Company Pvt. Ltd.,10,960.0,9600.0,2025-07-10 11:32:05.327162
2025-07-10,79436,2025071004002552,CGH,S.P.S.A. Securities Limited,Premier Securities Company Ltd.,100,960.0,96000.0,2025-07-10 11:32:18.248677
2025-07-10,79404,2025071004002572,CGH,S.P.S.A. Securities Limited,Dynamic Money Managers Securities Pvt. Ltd.,100,960.0,96000.0,2025-07-10 11:32:24.059923
2025-07-10,79159,2025071004002654,CGH,Midas Stock Broking Company Private Limited,Premier Securities Company Ltd.,10,960.0,9600.0,2025-07-10 11:33:04.504695
2025-07-10,79158,2025071004002655,CGH,Vision Securities Pvt. Ltd,Premier Securities Company Ltd.,50,960.0,48000.0,2025-07-10 11:33:04.504840
2025-07-10,79157,2025071004002656,CGH,Trisul Securities & Invt. Ltd.,Premier Securities Company Ltd.,40,960.0,38400.0,2025-07-10 11:33:04.504922
2025-07-10,78978,2025071004002703,CGH,Trisul Securities & Invt. Ltd.,Premier Securities Company Ltd.,120,960.0,115200.0,2025-07-10 11:33:42.691730
2025-07-10,78447,2025071004002866,CGH,Imperial Securities Company Pvt. Ltd.,Cristal Kanchanjanga Securites Pvt. Ltd.,1000,960.1,960100.0,2025-07-10 11:35:24.141846
2025-07-10,78361,2025071004002881,CGH,Secured Securities Ltd.,Dipshikha Dhitopatra Karobar Co. Pvt Ltd.,150,964.8,144720.0,2025-07-10 11:35:39.605026
2025-07-10,77664,2025071004003089,CGH,Sri Hari Securities Pvt. Ltd.,Hatemalo Financial Services Private Limited,197,964.0,189908.0,2025-07-10 11:37:56.597580
2025-07-10,77441,2025071004003140,CGH,Sani Securities Company Ltd.,Trishakti Securities Public Limited,10,963.0,9630.0,2025-07-10 11:38:39.548710
2025-07-10,76588,2025071004003401,CGH,Sani Securities Company Ltd.,Primo Securities (PVT) Ltd.,32,963.0,30816.0,2025-07-10 11:41:30.889677
2025-07-10,76275,2025071004003458,CGH,Sani Securities Company Ltd.,Sani Securities Company Ltd.,50,962.0,48100.0,2025-07-10 11:42:48.496535
2025-07-10,76274,2025071004003459,CGH,Himalayan Brokerage Company Limited,Sani Securities Company Ltd.,100,961.1,96110.0,2025-07-10 11:42:48.496715
2025-07-10,76273,2025071004003460,CGH,Bhrikuti Stock Broking Co. Pvt. Ltd.,Sani Securities Company Ltd.,350,960.1,336035.0,2025-07-10 11:42:48.496784
2025-07-10,76245,2025071004003467,CGH,Bhrikuti Stock Broking Co. Pvt. Ltd.,Sani Securities Company Ltd.,500,960.1,480050.0,2025-07-10 11:42:56.570561
2025-07-10,76106,2025071004003508,CGH,Bhrikuti Stock Broking Co. Pvt. Ltd.,Secured Securities Ltd.,15,960.1,14401.5,2025-07-10 11:43:30.317580
2025-07-10,76012,2025071004003520,CGH,Bhrikuti Stock Broking Co. Pvt. Ltd.,Online Securities Pvt. Ltd.,20,960.1,19202.0,2025-07-10 11:43:46.015195
2025-07-10,75791,2025071004003580,CGH,Bhrikuti Stock Broking Co. Pvt. Ltd.,Primo Securities (PVT) Ltd.,115,960.1,110411.5,2025-07-10 11:44:47.723233
2025-07-10,75790,2025071004003581,CGH,Indira securities pvt. ltd,Primo Securities (PVT) Ltd.,253,960.1,242905.3,2025-07-10 11:44:47.723450
2025-07-10,74630,2025071004003883,CGH,Sundhara Securities Limited,Imperial Securities Company Pvt. Ltd.,15,960.1,14401.5,2025-07-10 11:49:13.662619
2025-07-10,74476,2025071004003914,CGH,Sundhara Securities Limited,Sani Securities Company Ltd.,51,960.1,48965.1,2025-07-10 11:49:44.112002
2025-07-10,74475,2025071004003915,CGH,Trisul Securities & Invt. Ltd.,Sani Securities Company Ltd.,138,960.0,132480.0,2025-07-10 11:49:44.112088
2025-07-10,73367,2025071004004171,CGH,Dakshinkali Investment & Securities Pvt. Ltd.,Imperial Securities Company Pvt. Ltd.,200,962.0,192400.0,2025-07-10 11:53:19.847972
2025-07-10,73157,2025071004004245,CGH,Dakshinkali Investment & Securities Pvt. Ltd.,Dipshikha Dhitopatra Karobar Co. Pvt Ltd.,50,960.5,48025.0,2025-07-10 11:54:04.260439
2025-07-10,73156,2025071004004246,CGH,Kumari Securities Private Limited,Dipshikha Dhitopatra Karobar Co. Pvt Ltd.,280,960.3,268884.0,2025-07-10 11:54:04.260781
2025-07-10,73155,2025071004004247,CGH,Sundhara Securities Limited,Dipshikha Dhitopatra Karobar Co. Pvt Ltd.,20,960.2,19204.0,2025-07-10 11:54:04.260995
2025-07-10,72998,2025071004004270,CGH,Sundhara Securities Limited,Dipshikha Dhitopatra Karobar Co. Pvt Ltd.,646,960.2,620289.2,2025-07-10 11:54:31.566438
2025-07-10,72997,2025071004004271,CGH,Oxford Securities Pvt. Ltd.,Dipshikha Dhitopatra Karobar Co. Pvt Ltd.,500,960.2,480100.0,2025-07-10 11:54:31.566781
2025-07-10,72996,2025071004004272,CGH,Online Securities Pvt. Ltd.,Dipshikha Dhitopatra Karobar Co. Pvt Ltd.,354,960.1,339875.4,2025-07-10 11:54:31.567024
2025-07-10,72967,2025071004004275,CGH,Sumeru Securities Pvt. Ltd.,Imperial Securities Company Pvt. Ltd.,100,962.0,96200.0,2025-07-10 11:54:37.605241
2025-07-10,72774,2025071004004308,CGH,Arun Securities (PVT) Ltd.,Imperial Securities Company Pvt. Ltd.,42,962.0,40404.0,2025-07-10 11:55:20.195237
2025-07-10,72606,2025071004004322,CGH,Aryatara Investment & Securities,Asian Securities Private Ltd.,100,960.2,96020.0,2025-07-10 11:55:46.193146
2025-07-10,71537,2025071004004589,CGH,Sumeru Securities Pvt. Ltd.,Nabil Stock Dealer Ltd.,100,960.3,96030.0,2025-07-10 11:58:41.544301
2025-07-10,71536,2025071004004590,CGH,Aryatara Investment & Securities,Nabil Stock Dealer Ltd.,120,960.2,115224.0,2025-07-10 11:58:41.544569
2025-07-10,71535,2025071004004591,CGH,Online Securities Pvt. Ltd.,Nabil Stock Dealer Ltd.,600,960.1,576060.0,2025-07-10 11:58:41.544667
2025-07-10,71447,2025071004004603,CGH,Online Securities Pvt. Ltd.,NIMB Stock Markets Limited,1000,960.1,960100.0,2025-07-10 11:58:59.592350
2025-07-10,71145,2025071004004669,CGH,Dakshinkali Investment & Securities Pvt. Ltd.,Nepal Stock House (PVT) Ltd.,50,960.3,48015.0,2025-07-10 11:59:52.279027
2025-07-10,70471,2025071004004831,CGH,Online Securities Pvt. Ltd.,Imperial Securities Company Pvt. Ltd.,10,960.1,9601.0,2025-07-10 12:02:08.204891
2025-07-10,70152,2025071004004939,CGH,Online Securities Pvt. Ltd.,Neev Securities Pvt. Ltd.,36,960.1,34563.6,2025-07-10 12:03:09.525775
2025-07-10,67895,2025071004005575,CGH,Dakshinkali Investment & Securities Pvt. Ltd.,Sani Securities Company Ltd.,10,960.1,9601.0,2025-07-10 12:09:48.354491
2025-07-10,67894,2025071004005576,CGH,Nepal Stock House (PVT) Ltd.,Sani Securities Company Ltd.,100,960.1,96010.0,2025-07-10 12:09:48.354753
2025-07-10,67893,2025071004005577,CGH,Trisul Securities & Invt. Ltd.,Sani Securities Company Ltd.,202,960.0,193920.0,2025-07-10 12:09:48.354838
2025-07-10,67892,2025071004005578,CGH,Premier Securities Company Ltd.,Sani Securities Company Ltd.,188,960.0,180480.0,2025-07-10 12:09:48.354915
2025-07-10,67819,2025071004005608,CGH,Dakshinkali Investment & Securities Pvt. Ltd.,Agrawal Securities (PVT) Ltd.,10,961.0,9610.0,2025-07-10 12:10:05.297139
2025-07-10,67612,2025071004005643,CGH,Aryatara Investment & Securities,Agrawal Securities (PVT) Ltd.,35,961.0,33635.0,2025-07-10 12:10:42.864676
2025-07-10,67424,2025071004005671,CGH,ABC Securities Private Limited,Neev Securities Pvt. Ltd.,41,961.5,39421.5,2025-07-10 12:11:21.355600
2025-07-10,66969,2025071004005775,CGH,Dakshinkali Investment & Securities Pvt. Ltd.,Kalika Securities Pvt. Ltd.,10,960.1,9601.0,2025-07-10 12:12:54.482112
2025-07-10,66968,2025071004005776,CGH,Premier Securities Company Ltd.,Kalika Securities Pvt. Ltd.,12,960.0,11520.0,2025-07-10 12:12:54.482486
2025-07-10,66967,2025071004005777,CGH,Neev Securities Pvt. Ltd.,Kalika Securities Pvt. Ltd.,47,960.0,45120.0,2025-07-10 12:12:54.482698
2025-07-10,65486,2025071004006094,CGH,Aryatara Investment & Securities,Imperial Securities Company Pvt. Ltd.,98,962.0,94276.0,2025-07-10 12:17:55.865111
2025-07-10,65485,2025071004006095,CGH,Aryatara Investment & Securities,Trisul Securities & Invt. Ltd.,10,962.0,9620.0,2025-07-10 12:17:55.865362
2025-07-10,64812,2025071004006220,CGH,N.M.B. SECURITIES LIMITED,KALASH STOCK MARKET PVT. LTD.,500,962.3,481150.0,2025-07-10 12:19:28.313243
2025-07-10,64811,2025071004006221,CGH,N.M.B. SECURITIES LIMITED,Capital Max Securities Ltd,100,962.5,96250.0,2025-07-10 12:19:28.313611
2025-07-10,64810,2025071004006222,CGH,N.M.B. SECURITIES LIMITED,Dynamic Money Managers Securities Pvt. Ltd.,100,963.0,96300.0,2025-07-10 12:19:28.313830
2025-07-10,64809,2025071004006223,CGH,N.M.B. SECURITIES LIMITED,Naasa Securities Co. Ltd.,10,963.0,9630.0,2025-07-10 12:19:28.314091
2025-07-10,64808,2025071004006224,CGH,N.M.B. SECURITIES LIMITED,Aryatara Investment & Securities,50,963.0,48150.0,2025-07-10 12:19:28.314177
2025-07-10,64807,2025071004006225,CGH,N.M.B. SECURITIES LIMITED,Thrive Brokerage House Pvt. Ltd,100,963.0,96300.0,2025-07-10 12:19:28.314252
2025-07-10,64806,2025071004006226,CGH,N.M.B. SECURITIES LIMITED,Sani Securities Company Ltd.,500,963.0,481500.0,2025-07-10 12:19:28.314333
2025-07-10,64805,2025071004006227,CGH,N.M.B. SECURITIES LIMITED,Sani Securities Company Ltd.,500,963.0,481500.0,2025-07-10 12:19:28.314414
2025-07-10,64804,2025071004006228,CGH,N.M.B. SECURITIES LIMITED,Sani Securities Company Ltd.,140,963.0,134820.0,2025-07-10 12:19:28.314488
2025-07-10,64771,2025071004006238,CGH,N.M.B. SECURITIES LIMITED,Sani Securities Company Ltd.,360,963.0,346680.0,2025-07-10 12:19:41.350456
2025-07-10,64770,2025071004006239,CGH,N.M.B. SECURITIES LIMITED,Sani Securities Company Ltd.,500,963.0,481500.0,2025-07-10 12:19:41.350666
2025-07-10,64769,2025071004006240,CGH,N.M.B. SECURITIES LIMITED,Sani Securities Company Ltd.,140,963.0,134820.0,2025-07-10 12:19:41.350755
2025-07-10,64633,2025071004006289,CGH,N.M.B. SECURITIES LIMITED,Sani Securities Company Ltd.,100,963.0,96300.0,2025-07-10 12:19:58.400870
2025-07-10,64458,2025071004006307,CGH,Dipshikha Dhitopatra Karobar Co. Pvt Ltd.,Sani Securities Company Ltd.,260,963.0,250380.0,2025-07-10 12:20:20.268744
2025-07-10,61519,2025071004006793,CGH,Dakshinkali Investment & Securities Pvt. Ltd.,Sani Securities Company Ltd.,10,963.8,9638.0,2025-07-10 12:25:54.740355
2025-07-10,59272,2025071004007144,CGH,N.M.B. SECURITIES LIMITED,Kohinoor Investment & Securities Pvt. Ltd.,48,962.0,46176.0,2025-07-10 12:29:52.741022
2025-07-10,58917,2025071004007189,CGH,N.M.B. SECURITIES LIMITED,Sani Securities Company Ltd.,30,962.0,28860.0,2025-07-10 12:30:24.820043
2025-07-10,58033,2025071004007322,CGH,Sani Securities Company Ltd.,Sani Securities Company Ltd.,40,963.8,38552.0,2025-07-10 12:31:59.614603
2025-07-10,58032,2025071004007323,CGH,Sani Securities Company Ltd.,J.F. Securites (PVT) Ltd.,20,963.8,19276.0,2025-07-10 12:31:59.614934
2025-07-10,55899,2025071004007803,CGH,Kumari Securities Private Limited,Naasa Securities Co. Ltd.,10,963.0,9630.0,2025-07-10 12:36:13.403187
2025-07-10,55898,2025071004007804,CGH,ABC Securities Private Limited,Naasa Securities Co. Ltd.,28,962.2,26941.6,2025-07-10 12:36:13.403424
2025-07-10,55897,2025071004007805,CGH,Sri Hari Securities Pvt. Ltd.,Naasa Securities Co. Ltd.,100,962.2,96220.0,2025-07-10 12:36:13.403498
2025-07-10,55896,2025071004007806,CGH,Himalayan Brokerage Company Limited,Naasa Securities Co. Ltd.,362,962.1,348280.2,2025-07-10 12:36:13.403568
2025-07-10,55184,2025071004007998,CGH,Himalayan Brokerage Company Limited,Thrive Brokerage House Pvt. Ltd,100,962.1,96210.0,2025-07-10 12:37:35.297454
2025-07-10,55136,2025071004008007,CGH,Himalayan Brokerage Company Limited,Agrawal Securities (PVT) Ltd.,45,962.1,43294.5,2025-07-10 12:37:42.219009
2025-07-10,54357,2025071004008170,CGH,Sani Securities Company Ltd.,Investment Management Nepal Pvt. Ltd.,1026,963.9,988961.4,2025-07-10 12:39:25.556808
2025-07-10,52963,2025071004008482,CGH,Kohinoor Investment & Securities Pvt. Ltd.,Deevyaa Securities & Stock House Pvt. Ltd,10,962.1,9621.0,2025-07-10 12:42:31.685482
2025-07-10,52962,2025071004008483,CGH,Sri Hari Securities Pvt. Ltd.,Deevyaa Securities & Stock House Pvt. Ltd,120,962.1,115452.0,2025-07-10 12:42:31.685580
2025-07-10,52196,2025071004008656,CGH,Aryatara Investment & Securities,Sri Hari Securities Pvt. Ltd.,50,962.0,48100.0,2025-07-10 12:44:47.512937
2025-07-10,50334,2025071004009158,CGH,Dakshinkali Investment & Securities Pvt. Ltd.,Agrawal Securities (PVT) Ltd.,10,962.3,9623.0,2025-07-10 12:50:08.248953
2025-07-10,50224,2025071004009193,CGH,Sundhara Securities Limited,Opal Securities Investment (PVT) Ltd.,500,963.0,481500.0,2025-07-10 12:50:25.829129
2025-07-10,50038,2025071004009234,CGH,Citizens Share Broker Limited,Neev Securities Pvt. Ltd.,33,963.9,31808.7,2025-07-10 12:51:00.177640
2025-07-10,50037,2025071004009235,CGH,Citizens Share Broker Limited,Hatemalo Financial Services Private Limited,13,964.0,12532.0,2025-07-10 12:51:00.177840
2025-07-10,50036,2025071004009236,CGH,Citizens Share Broker Limited,ABC Securities Private Limited,200,964.0,192800.0,2025-07-10 12:51:00.177916
2025-07-10,49630,2025071004009326,CGH,Dakshinkali Investment & Securities Pvt. Ltd.,Secured Securities Ltd.,10,964.0,9640.0,2025-07-10 12:52:20.865073
2025-07-10,49428,2025071004009377,CGH,Primo Securities (PVT) Ltd.,Secured Securities Ltd.,90,964.0,86760.0,2025-07-10 12:53:05.261297
2025-07-10,49427,2025071004009378,CGH,Primo Securities (PVT) Ltd.,Indira securities pvt. ltd,500,964.0,482000.0,2025-07-10 12:53:05.261672
2025-07-10,49426,2025071004009379,CGH,Primo Securities (PVT) Ltd.,Trisul Securities & Invt. Ltd.,100,964.0,96400.0,2025-07-10 12:53:05.261894
2025-07-10,49425,2025071004009380,CGH,Primo Securities (PVT) Ltd.,Sani Securities Company Ltd.,50,964.9,48245.0,2025-07-10 12:53:05.262106
2025-07-10,49424,2025071004009381,CGH,Primo Securities (PVT) Ltd.,NIMB Stock Markets Limited,260,965.0,250900.0,2025-07-10 12:53:05.262338
2025-07-10,48632,2025071004009630,CGH,Neev Securities Pvt. Ltd.,NIMB Stock Markets Limited,13,965.0,12545.0,2025-07-10 12:55:31.683797
2025-07-10,48179,2025071004009739,CGH,Dakshinkali Investment & Securities Pvt. Ltd.,Oxford Securities Pvt. Ltd.,98,965.0,94570.0,2025-07-10 12:56:54.969454
2025-07-10,48178,2025071004009740,CGH,Dakshinkali Investment & Securities Pvt. Ltd.,APPLE SECURITIES PRIVATE LIMITED,142,965.0,137030.0,2025-07-10 12:56:54.969650
2025-07-10,48172,2025071004009742,CGH,Sani Securities Company Ltd.,Market Securities & Exchange (PVT) Ltd.,10,964.0,9640.0,2025-07-10 12:56:56.015173
2025-07-10,47946,2025071004009799,CGH,Sani Securities Company Ltd.,Swarna Laxmi Securities Pvt. Ltd.,90,964.0,86760.0,2025-07-10 12:57:38.120784
2025-07-10,47945,2025071004009800,CGH,Sri Hari Securities Pvt. Ltd.,Swarna Laxmi Securities Pvt. Ltd.,200,964.0,192800.0,2025-07-10 12:57:38.121154
2025-07-10,47638,2025071004009890,CGH,Neev Securities Pvt. Ltd.,Swarna Laxmi Securities Pvt. Ltd.,10,964.0,9640.0,2025-07-10 12:58:17.649569
2025-07-10,47553,2025071004009904,CGH,Neev Securities Pvt. Ltd.,Swarna Laxmi Securities Pvt. Ltd.,10,964.0,9640.0,2025-07-10 12:58:30.706875
2025-07-10,47473,2025071004009912,CGH,Sani Securities Company Ltd.,Sani Securities Company Ltd.,30,963.0,28890.0,2025-07-10 12:58:37.113045
2025-07-10,47374,2025071004009933,CGH,Sani Securities Company Ltd.,Sagarmatha Securities Private Limited,50,963.0,48150.0,2025-07-10 12:59:00.063927
2025-07-10,47341,2025071004009944,CGH,Dakshinkali Investment & Securities Pvt. Ltd.,Swarna Laxmi Securities Pvt. Ltd.,185,964.0,178340.0,2025-07-10 12:59:04.778603
2025-07-10,47326,2025071004009945,CGH,Sumeru Securities Pvt. Ltd.,Indira securities pvt. ltd,100,964.0,96400.0,2025-07-10 12:59:07.021931
2025-07-10,47325,2025071004009946,CGH,Neev Securities Pvt. Ltd.,Indira securities pvt. ltd,30,964.0,28920.0,2025-07-10 12:59:07.022165
2025-07-10,47320,2025071004009949,CGH,Dakshinkali Investment & Securities Pvt. Ltd.,Indira securities pvt. ltd,10,964.0,9640.0,2025-07-10 12:59:07.813794
2025-07-10,47292,2025071004009955,CGH,Nepal Stock House (PVT) Ltd.,Indira securities pvt. ltd,50,964.0,48200.0,2025-07-10 12:59:11.515942
2025-07-10,47226,2025071004009970,CGH,Aryatara Investment & Securities,Indira securities pvt. ltd,50,964.0,48200.0,2025-07-10 12:59:22.228155
2025-07-10,46883,2025071004010070,CGH,Sani Securities Company Ltd.,Sagarmatha Securities Private Limited,50,963.0,48150.0,2025-07-10 13:00:04.416745
2025-07-10,46736,2025071004010091,CGH,Dakshinkali Investment & Securities Pvt. Ltd.,Indira securities pvt. ltd,15,964.0,14460.0,2025-07-10 13:00:28.399076
2025-07-10,46486,2025071004010145,CGH,Imperial Securities Company Pvt. Ltd.,Indira securities pvt. ltd,45,964.0,43380.0,2025-07-10 13:01:16.686810
2025-07-10,45877,2025071004010303,CGH,Sani Securities Company Ltd.,Miyo Securities Pvt Ltd,70,963.0,67410.0,2025-07-10 13:02:57.735703
2025-07-10,45876,2025071004010304,CGH,Market Securities & Exchange (PVT) Ltd.,Miyo Securities Pvt Ltd,150,963.0,144450.0,2025-07-10 13:02:57.735900
2025-07-10,45875,2025071004010305,CGH,Sri Hari Securities Pvt. Ltd.,Miyo Securities Pvt Ltd,95,963.0,91485.0,2025-07-10 13:02:57.735982
2025-07-10,45874,2025071004010306,CGH,Imperial Securities Company Pvt. Ltd.,Miyo Securities Pvt Ltd,50,963.0,48150.0,2025-07-10 13:02:57.736059
2025-07-10,45873,2025071004010307,CGH,Himalayan Brokerage Company Limited,Miyo Securities Pvt Ltd,507,962.6,488038.2,2025-07-10 13:02:57.736129
2025-07-10,45872,2025071004010308,CGH,Online Securities Pvt. Ltd.,Miyo Securities Pvt Ltd,10,962.6,9626.0,2025-07-10 13:02:57.736203
2025-07-10,45871,2025071004010309,CGH,Imperial Securities Company Pvt. Ltd.,Miyo Securities Pvt Ltd,20,962.3,19246.0,2025-07-10 13:02:57.736274
2025-07-10,45870,2025071004010310,CGH,Sri Hari Securities Pvt. Ltd.,Miyo Securities Pvt Ltd,98,962.3,94305.4,2025-07-10 13:02:57.736367
2025-07-10,45643,2025071004010351,CGH,Naasa Securities Co. Ltd.,APPLE SECURITIES PRIVATE LIMITED,20,965.0,19300.0,2025-07-10 13:03:45.155690
2025-07-10,45395,2025071004010424,CGH,Trishakti Securities Public Limited,APPLE SECURITIES PRIVATE LIMITED,200,965.0,193000.0,2025-07-10 13:04:34.282386
2025-07-10,45031,2025071004010507,CGH,Dynamic Money Managers Securities Pvt. Ltd.,APPLE SECURITIES PRIVATE LIMITED,10,965.0,9650.0,2025-07-10 13:05:40.754099
2025-07-10,44789,2025071004010588,CGH,Midas Stock Broking Company Private Limited,APPLE SECURITIES PRIVATE LIMITED,10,965.0,9650.0,2025-07-10 13:06:26.392163
2025-07-10,44526,2025071004010641,CGH,Naasa Securities Co. Ltd.,APPLE SECURITIES PRIVATE LIMITED,68,965.0,65620.0,2025-07-10 13:07:19.226242
2025-07-10,44525,2025071004010642,CGH,Naasa Securities Co. Ltd.,Market Securities & Exchange (PVT) Ltd.,50,965.0,48250.0,2025-07-10 13:07:19.226650
2025-07-10,44524,2025071004010643,CGH,Naasa Securities Co. Ltd.,Sani Securities Company Ltd.,50,965.0,48250.0,2025-07-10 13:07:19.226870
2025-07-10,44523,2025071004010644,CGH,Naasa Securities Co. Ltd.,Dipshikha Dhitopatra Karobar Co. Pvt Ltd.,12,965.0,11580.0,2025-07-10 13:07:19.227085
2025-07-10,43902,2025071004010776,CGH,Secured Securities Ltd.,Ashutosh Brokerage & Securities (PVT) Ltd.,10,965.0,9650.0,2025-07-10 13:10:07.635247
2025-07-10,43615,2025071004010848,CGH,Secured Securities Ltd.,N.M.B. SECURITIES LIMITED,50,965.0,48250.0,2025-07-10 13:11:17.158002
2025-07-10,43397,2025071004010921,CGH,Sani Securities Company Ltd.,Dynamic Money Managers Securities Pvt. Ltd.,10,965.1,9651.0,2025-07-10 13:11:57.680574
2025-07-10,42911,2025071004011025,CGH,Sani Securities Company Ltd.,Swarna Laxmi Securities Pvt. Ltd.,85,965.1,82033.5,2025-07-10 13:13:52.519434
2025-07-10,42910,2025071004011026,CGH,Secured Securities Ltd.,Swarna Laxmi Securities Pvt. Ltd.,40,965.0,38600.0,2025-07-10 13:13:52.519657
2025-07-10,41830,2025071004011341,CGH,Online Securities Pvt. Ltd.,Kohinoor Investment & Securities Pvt. Ltd.,15,964.5,14467.5,2025-07-10 13:17:52.980530
2025-07-10,41330,2025071004011453,CGH,Online Securities Pvt. Ltd.,Online Securities Pvt. Ltd.,35,964.2,33747.0,2025-07-10 13:19:50.015360
2025-07-10,41329,2025071004011454,CGH,Citizens Share Broker Limited,Online Securities Pvt. Ltd.,100,964.1,96410.0,2025-07-10 13:19:50.015565
2025-07-10,41328,2025071004011455,CGH,Kohinoor Investment & Securities Pvt. Ltd.,Online Securities Pvt. Ltd.,12,964.0,11568.0,2025-07-10 13:19:50.015647
2025-07-10,41327,2025071004011456,CGH,Sundhara Securities Limited,Online Securities Pvt. Ltd.,153,963.6,147430.8,2025-07-10 13:19:50.015746
2025-07-10,40177,2025071004011731,CGH,Sani Securities Company Ltd.,SUN SECURITIES PVT LTD,25,964.0,24100.0,2025-07-10 13:23:34.066732
2025-07-10,40147,2025071004011742,CGH,Sani Securities Company Ltd.,Sri Hari Securities Pvt. Ltd.,60,964.0,57840.0,2025-07-10 13:23:40.373005
2025-07-10,40103,2025071004011755,CGH,Sani Securities Company Ltd.,NIMB Stock Markets Limited,122,964.0,117608.0,2025-07-10 13:23:49.399046
2025-07-10,40102,2025071004011756,CGH,Sundhara Securities Limited,NIMB Stock Markets Limited,105,963.6,101178.0,2025-07-10 13:23:49.399478
2025-07-10,39734,2025071004011919,CGH,Naasa Securities Co. Ltd.,Aryatara Investment & Securities,10,964.6,9646.0,2025-07-10 13:24:58.365222
2025-07-10,39733,2025071004011920,CGH,Naasa Securities Co. Ltd.,Swarna Laxmi Securities Pvt. Ltd.,90,965.0,86850.0,2025-07-10 13:24:58.365443
2025-07-10,39702,2025071004011925,CGH,Sundhara Securities Limited,Kumari Securities Private Limited,408,963.6,393148.8,2025-07-10 13:25:04.596242
2025-07-10,39574,2025071004011974,CGH,Trishakti Securities Public Limited,Sri Hari Securities Pvt. Ltd.,10,963.5,9635.0,2025-07-10 13:25:30.135875
2025-07-10,39549,2025071004011981,CGH,Trishakti Securities Public Limited,Dakshinkali Investment & Securities Pvt. Ltd.,100,963.5,96350.0,2025-07-10 13:25:35.037593
2025-07-10,39502,2025071004011985,CGH,Trishakti Securities Public Limited,Sri Hari Securities Pvt. Ltd.,180,963.5,173430.0,2025-07-10 13:25:44.464141
2025-07-10,39387,2025071004012048,CGH,Sani Securities Company Ltd.,Sri Hari Securities Pvt. Ltd.,30,962.0,28860.0,2025-07-10 13:25:59.659565
2025-07-10,39328,2025071004012076,CGH,Premier Securities Company Ltd.,Kumari Securities Private Limited,33,963.6,31798.8,2025-07-10 13:26:07.240739
2025-07-10,39189,2025071004012101,CGH,Sani Securities Company Ltd.,Cristal Kanchanjanga Securites Pvt. Ltd.,70,962.0,67340.0,2025-07-10 13:26:42.774447
2025-07-10,39188,2025071004012102,CGH,Naasa Securities Co. Ltd.,Cristal Kanchanjanga Securites Pvt. Ltd.,50,962.0,48100.0,2025-07-10 13:26:42.774492
2025-07-10,39187,2025071004012103,CGH,Aryatara Investment & Securities,Cristal Kanchanjanga Securites Pvt. Ltd.,100,961.2,96120.0,2025-07-10 13:26:42.774521
2025-07-10,39013,2025071004012153,CGH,Nepal Stock House (PVT) Ltd.,Dakshinkali Investment & Securities Pvt. Ltd.,43,961.1,41327.3,2025-07-10 13:27:16.641990
2025-07-10,39012,2025071004012154,CGH,Aryatara Investment & Securities,Dakshinkali Investment & Securities Pvt. Ltd.,77,961.0,73997.0,2025-07-10 13:27:16.642438
2025-07-10,37673,2025071004012568,CGH,Aryatara Investment & Securities,Imperial Securities Company Pvt. Ltd.,23,961.0,22103.0,2025-07-10 13:32:02.851258
2025-07-10,37672,2025071004012569,CGH,Vision Securities Pvt. Ltd,Imperial Securities Company Pvt. Ltd.,20,961.0,19220.0,2025-07-10 13:32:02.851474
2025-07-10,37671,2025071004012570,CGH,Sri Hari Securities Pvt. Ltd.,Imperial Securities Company Pvt. Ltd.,412,960.1,395561.2,2025-07-10 13:32:02.851590
2025-07-10,37670,2025071004012571,CGH,Siprabi Securities Pvt. Ltd.,Imperial Securities Company Pvt. Ltd.,20,960.0,19200.0,2025-07-10 13:32:02.851709
2025-07-10,37669,2025071004012572,CGH,Kohinoor Investment & Securities Pvt. Ltd.,Imperial Securities Company Pvt. Ltd.,200,960.0,192000.0,2025-07-10 13:32:02.851827
2025-07-10,37668,2025071004012573,CGH,Premier Securities Company Ltd.,Imperial Securities Company Pvt. Ltd.,250,960.0,240000.0,2025-07-10 13:32:02.851935
2025-07-10,37667,2025071004012574,CGH,Neev Securities Pvt. Ltd.,Imperial Securities Company Pvt. Ltd.,75,960.0,72000.0,2025-07-10 13:32:02.852044
2025-07-10,37171,2025071004012703,CGH,Neev Securities Pvt. Ltd.,Trisul Securities & Invt. Ltd.,25,960.0,24000.0,2025-07-10 13:33:39.000549
2025-07-10,37170,2025071004012704,CGH,Dipshikha Dhitopatra Karobar Co. Pvt Ltd.,Trisul Securities & Invt. Ltd.,25,960.0,24000.0,2025-07-10 13:33:39.000743
2025-07-10,37068,2025071004012722,CGH,Dipshikha Dhitopatra Karobar Co. Pvt Ltd.,Siprabi Securities Pvt. Ltd.,25,960.0,24000.0,2025-07-10 13:34:06.497515
2025-07-10,37067,2025071004012723,CGH,Naasa Securities Co. Ltd.,Siprabi Securities Pvt. Ltd.,30,960.0,28800.0,2025-07-10 13:34:06.497883
2025-07-10,37066,2025071004012724,CGH,Agrawal Securities (PVT) Ltd.,Siprabi Securities Pvt. Ltd.,45,960.0,43200.0,2025-07-10 13:34:06.498124
2025-07-10,34679,2025071004013460,CGH,Nepal Stock House (PVT) Ltd.,Imperial Securities Company Pvt. Ltd.,10,960.0,9600.0,2025-07-10 13:42:21.594558
2025-07-10,34638,2025071004013468,CGH,Dakshinkali Investment & Securities Pvt. Ltd.,Imperial Securities Company Pvt. Ltd.,100,960.0,96000.0,2025-07-10 13:42:32.598444
2025-07-10,34285,2025071004013553,CGH,Capital Max Securities Ltd,Imperial Securities Company Pvt. Ltd.,72,960.0,69120.0,2025-07-10 13:43:42.745048
2025-07-10,32071,2025071004014175,CGH,Aryatara Investment & Securities,Agrawal Securities (PVT) Ltd.,100,960.0,96000.0,2025-07-10 13:50:59.552139
2025-07-10,32070,2025071004014176,CGH,Aryatara Investment & Securities,Agrawal Securities (PVT) Ltd.,19,959.0,18221.0,2025-07-10 13:50:59.552553
2025-07-10,31463,2025071004014366,CGH,Aryatara Investment & Securities,Cristal Kanchanjanga Securites Pvt. Ltd.,81,959.0,77679.0,2025-07-10 13:53:17.282939
2025-07-10,30523,2025071004014621,CGH,Premier Securities Company Ltd.,Cristal Kanchanjanga Securites Pvt. Ltd.,100,958.0,95800.0,2025-07-10 13:57:23.500041
2025-07-10,30522,2025071004014622,CGH,Naasa Securities Co. Ltd.,Cristal Kanchanjanga Securites Pvt. Ltd.,10,958.0,9580.0,2025-07-10 13:57:23.500133
2025-07-10,30521,2025071004014623,CGH,Online Securities Pvt. Ltd.,Cristal Kanchanjanga Securites Pvt. Ltd.,10,958.0,9580.0,2025-07-10 13:57:23.500203
2025-07-10,30520,2025071004014624,CGH,Siprabi Securities Pvt. Ltd.,Cristal Kanchanjanga Securites Pvt. Ltd.,10,958.0,9580.0,2025-07-10 13:57:23.500255
2025-07-10,29647,2025071004014890,CGH,Secured Securities Ltd.,Cristal Kanchanjanga Securites Pvt. Ltd.,500,958.0,479000.0,2025-07-10 14:00:38.361577
2025-07-10,29633,2025071004014894,CGH,Aryatara Investment & Securities,South Asian Bulls Pvt. Ltd.,100,959.0,95900.0,2025-07-10 14:00:41.803140
2025-07-10,29358,2025071004014997,CGH,Investment Management Nepal Pvt. Ltd.,South Asian Bulls Pvt. Ltd.,100,959.0,95900.0,2025-07-10 14:01:54.299155
2025-07-10,28643,2025071004015233,CGH,Online Securities Pvt. Ltd.,Imperial Securities Company Pvt. Ltd.,10,958.0,9580.0,2025-07-10 14:04:31.122707
2025-07-10,28624,2025071004015235,CGH,Kohinoor Investment & Securities Pvt. Ltd.,Vision Securities Pvt. Ltd,100,959.0,95900.0,2025-07-10 14:04:35.218092
2025-07-10,28384,2025071004015311,CGH,Sani Securities Company Ltd.,Vision Securities Pvt. Ltd,100,959.0,95900.0,2025-07-10 14:05:34.885710
2025-07-10,27872,2025071004015461,CGH,Online Securities Pvt. Ltd.,K.B.L. Securities Limited ,196,960.0,188160.0,2025-07-10 14:07:35.965403
2025-07-10,27350,2025071004015629,CGH,Bhrikuti Stock Broking Co. Pvt. Ltd.,Cristal Kanchanjanga Securites Pvt. Ltd.,100,958.1,95810.0,2025-07-10 14:09:17.526134
2025-07-10,27349,2025071004015630,CGH,Naasa Securities Co. Ltd.,Cristal Kanchanjanga Securites Pvt. Ltd.,75,958.0,71850.0,2025-07-10 14:09:17.526242
2025-07-10,27348,2025071004015631,CGH,Sani Securities Company Ltd.,Cristal Kanchanjanga Securites Pvt. Ltd.,108,958.0,103464.0,2025-07-10 14:09:17.526356
2025-07-10,27347,2025071004015632,CGH,N.M.B. SECURITIES LIMITED,Cristal Kanchanjanga Securites Pvt. Ltd.,500,958.0,479000.0,2025-07-10 14:09:17.526434
2025-07-10,27346,2025071004015633,CGH,Agrawal Securities (PVT) Ltd.,Cristal Kanchanjanga Securites Pvt. Ltd.,17,958.0,16286.0,2025-07-10 14:09:17.526509
2025-07-10,27283,2025071004015655,CGH,Online Securities Pvt. Ltd.,Cristal Kanchanjanga Securites Pvt. Ltd.,100,958.1,95810.0,2025-07-10 14:09:41.708302
2025-07-10,27248,2025071004015677,CGH,Agrawal Securities (PVT) Ltd.,Cristal Kanchanjanga Securites Pvt. Ltd.,38,958.0,36404.0,2025-07-10 14:09:50.748564
2025-07-10,25089,2025071004016293,CGH,Kumari Securities Private Limited,Kumari Securities Private Limited,20,957.1,19142.0,2025-07-10 14:18:13.778409
2025-07-10,25088,2025071004016294,CGH,Vision Securities Pvt. Ltd,Kumari Securities Private Limited,30,957.0,28710.0,2025-07-10 14:18:13.778643
2025-07-10,24921,2025071004016326,CGH,Vision Securities Pvt. Ltd,Imperial Securities Company Pvt. Ltd.,20,957.0,19140.0,2025-07-10 14:18:57.702072
2025-07-10,24920,2025071004016327,CGH,Online Securities Pvt. Ltd.,Imperial Securities Company Pvt. Ltd.,50,957.0,47850.0,2025-07-10 14:18:57.702338
2025-07-10,24919,2025071004016328,CGH,Sani Securities Company Ltd.,Imperial Securities Company Pvt. Ltd.,30,957.0,28710.0,2025-07-10 14:18:57.702417
2025-07-10,24524,2025071004016427,CGH,Linch Stock Market Ltd.,Cristal Kanchanjanga Securites Pvt. Ltd.,140,957.1,133994.0,2025-07-10 14:20:22.330532
2025-07-10,24523,2025071004016428,CGH,KALASH STOCK MARKET PVT. LTD.,Cristal Kanchanjanga Securites Pvt. Ltd.,100,957.1,95710.0,2025-07-10 14:20:22.330623
2025-07-10,22302,2025071004017287,CGH,Sani Securities Company Ltd.,Agrawal Securities (PVT) Ltd.,10,957.1,9571.0,2025-07-10 14:26:37.024182
2025-07-10,22125,2025071004017325,CGH,Nepal Stock House (PVT) Ltd.,Vision Securities Pvt. Ltd,200,959.0,191800.0,2025-07-10 14:27:13.037393
2025-07-10,22124,2025071004017326,CGH,Nepal Stock House (PVT) Ltd.,Indira securities pvt. ltd,360,959.0,345240.0,2025-07-10 14:27:13.037646
2025-07-10,21675,2025071004017459,CGH,Nepal Stock House (PVT) Ltd.,Dipshikha Dhitopatra Karobar Co. Pvt Ltd.,100,959.0,95900.0,2025-07-10 14:28:23.204215
2025-07-10,20764,2025071004017811,CGH,Premier Securities Company Ltd.,Kohinoor Investment & Securities Pvt. Ltd.,150,959.0,143850.0,2025-07-10 14:30:56.201463
2025-07-10,20521,2025071004017892,CGH,Premier Securities Company Ltd.,Dipshikha Dhitopatra Karobar Co. Pvt Ltd.,50,959.0,47950.0,2025-07-10 14:31:44.976344
2025-07-10,20480,2025071004017909,CGH,Sani Securities Company Ltd.,Nepal Investment And Securities Trading Private Limited,55,957.2,52646.0,2025-07-10 14:31:48.774199
2025-07-10,20479,2025071004017910,CGH,Sani Securities Company Ltd.,Nepal Investment And Securities Trading Private Limited,45,957.1,43069.5,2025-07-10 14:31:48.774465
2025-07-10,20434,2025071004017926,CGH,Imperial Securities Company Pvt. Ltd.,Nepal Investment And Securities Trading Private Limited,50,957.2,47860.0,2025-07-10 14:31:57.867785
2025-07-10,19871,2025071004018064,CGH,Dynamic Money Managers Securities Pvt. Ltd.,Dipshikha Dhitopatra Karobar Co. Pvt Ltd.,100,959.9,95990.0,2025-07-10 14:33:35.961835
2025-07-10,19146,2025071004018246,CGH,Capital Max Securities Ltd,Nabil Stock Dealer Ltd.,60,957.3,57438.0,2025-07-10 14:35:32.753298
2025-07-10,19145,2025071004018247,CGH,Imperial Securities Company Pvt. Ltd.,Nabil Stock Dealer Ltd.,50,957.2,47860.0,2025-07-10 14:35:32.753776
2025-07-10,19144,2025071004018248,CGH,Sani Securities Company Ltd.,Nabil Stock Dealer Ltd.,45,957.1,43069.5,2025-07-10 14:35:32.754114
2025-07-10,19143,2025071004018249,CGH,Imperial Securities Company Pvt. Ltd.,Nabil Stock Dealer Ltd.,50,957.1,47855.0,2025-07-10 14:35:32.754487
2025-07-10,19142,2025071004018250,CGH,Sani Securities Company Ltd.,Nabil Stock Dealer Ltd.,70,957.0,66990.0,2025-07-10 14:35:32.754787
2025-07-10,19141,2025071004018251,CGH,Asian Securities Private Ltd.,Nabil Stock Dealer Ltd.,50,957.0,47850.0,2025-07-10 14:35:32.755037
2025-07-10,19140,2025071004018252,CGH,Kohinoor Investment & Securities Pvt. Ltd.,Nabil Stock Dealer Ltd.,175,957.0,167475.0,2025-07-10 14:35:32.755296
2025-07-10,18995,2025071004018270,CGH,Kohinoor Investment & Securities Pvt. Ltd.,Kumari Securities Private Limited,25,957.0,23925.0,2025-07-10 14:35:53.498780
2025-07-10,18659,2025071004018341,CGH,Imperial Securities Company Pvt. Ltd.,Kumari Securities Private Limited,35,957.0,33495.0,2025-07-10 14:36:37.015646
2025-07-10,18352,2025071004018406,CGH,Imperial Securities Company Pvt. Ltd.,Investment Management Nepal Pvt. Ltd.,410,957.0,392370.0,2025-07-10 14:37:03.264392
2025-07-10,17929,2025071004018556,CGH,Imperial Securities Company Pvt. Ltd.,Dipshikha Dhitopatra Karobar Co. Pvt Ltd.,55,957.0,52635.0,2025-07-10 14:37:58.216739
2025-07-10,16938,2025071004018870,CGH,Kumari Securities Private Limited,Dipshikha Dhitopatra Karobar Co. Pvt Ltd.,25,958.0,23950.0,2025-07-10 14:40:17.601448
2025-07-10,16937,2025071004018871,CGH,Naasa Securities Co. Ltd.,Dipshikha Dhitopatra Karobar Co. Pvt Ltd.,20,957.1,19142.0,2025-07-10 14:40:17.601527
2025-07-10,16809,2025071004018900,CGH,Naasa Securities Co. Ltd.,Dipshikha Dhitopatra Karobar Co. Pvt Ltd.,50,957.1,47855.0,2025-07-10 14:40:32.724350
2025-07-10,16676,2025071004018949,CGH,Naasa Securities Co. Ltd.,Dynamic Money Managers Securities Pvt. Ltd.,51,957.1,48812.1,2025-07-10 14:40:55.210746
2025-07-10,16675,2025071004018950,CGH,Nepal Stock House (PVT) Ltd.,Dynamic Money Managers Securities Pvt. Ltd.,449,957.0,429693.0,2025-07-10 14:40:55.211017
2025-07-10,16529,2025071004019000,CGH,Nepal Stock House (PVT) Ltd.,Dipshikha Dhitopatra Karobar Co. Pvt Ltd.,100,957.0,95700.0,2025-07-10 14:41:16.147411
2025-07-10,16515,2025071004019009,CGH,Opal Securities Investment (PVT) Ltd.,Sani Securities Company Ltd.,25,959.0,23975.0,2025-07-10 14:41:17.352233
2025-07-10,16514,2025071004019010,CGH,Opal Securities Investment (PVT) Ltd.,Asian Securities Private Ltd.,300,959.0,287700.0,2025-07-10 14:41:17.352483
2025-07-10,16513,2025071004019011,CGH,Opal Securities Investment (PVT) Ltd.,K.B.L. Securities Limited ,675,960.0,648000.0,2025-07-10 14:41:17.352574
2025-07-10,15546,2025071004019300,CGH,Sundhara Securities Limited,Dipshikha Dhitopatra Karobar Co. Pvt Ltd.,100,959.9,95990.0,2025-07-10 14:43:12.801538
2025-07-10,14979,2025071004019431,CGH,Sri Hari Securities Pvt. Ltd.,Dakshinkali Investment & Securities Pvt. Ltd.,15,958.0,14370.0,2025-07-10 14:44:11.603948
2025-07-10,14669,2025071004019519,CGH,Sri Hari Securities Pvt. Ltd.,Bhrikuti Stock Broking Co. Pvt. Ltd.,10,958.0,9580.0,2025-07-10 14:44:32.428554
2025-07-10,14613,2025071004019525,CGH,Deevyaa Securities & Stock House Pvt. Ltd,Premier Securities Company Ltd.,30,959.9,28797.0,2025-07-10 14:44:37.322455
2025-07-10,14612,2025071004019526,CGH,Deevyaa Securities & Stock House Pvt. Ltd,K.B.L. Securities Limited ,29,960.0,27840.0,2025-07-10 14:44:37.322988
2025-07-10,14611,2025071004019527,CGH,Deevyaa Securities & Stock House Pvt. Ltd,ABC Securities Private Limited,41,960.0,39360.0,2025-07-10 14:44:37.323363
2025-07-10,13903,2025071004019645,CGH,Siprabi Securities Pvt. Ltd.,Siprabi Securities Pvt. Ltd.,100,959.0,95900.0,2025-07-10 14:45:37.546851
2025-07-10,13046,2025071004019949,CGH,Nepal Stock House (PVT) Ltd.,Siprabi Securities Pvt. Ltd.,139,959.0,133301.0,2025-07-10 14:47:21.429953
2025-07-10,13045,2025071004019950,CGH,Nepal Stock House (PVT) Ltd.,K.B.L. Securities Limited ,11,959.9,10558.9,2025-07-10 14:47:21.430221
2025-07-10,11513,2025071004020533,CGH,Nepal Stock House (PVT) Ltd.,Vision Securities Pvt. Ltd,799,958.0,765442.0,2025-07-10 14:49:57.679952
2025-07-10,11300,2025071004020593,CGH,Imperial Securities Company Pvt. Ltd.,Capital Max Securities Ltd,25,958.1,23952.5,2025-07-10 14:50:13.802262
2025-07-10,11299,2025071004020594,CGH,Nepal Stock House (PVT) Ltd.,Capital Max Securities Ltd,35,958.0,33530.0,2025-07-10 14:50:13.802540
2025-07-10,10848,2025071004020735,CGH,Nepal Stock House (PVT) Ltd.,Dipshikha Dhitopatra Karobar Co. Pvt Ltd.,10,958.0,9580.0,2025-07-10 14:50:55.537983
2025-07-10,10684,2025071004020780,CGH,Nepal Stock House (PVT) Ltd.,Pragyan Securities (PVT) Ltd.,50,958.0,47900.0,2025-07-10 14:51:07.087827
2025-07-10,10351,2025071004020931,CGH,Nepal Stock House (PVT) Ltd.,Sumeru Securities Pvt. Ltd.,106,958.0,101548.0,2025-07-10 14:51:34.539504
2025-07-10,10350,2025071004020932,CGH,Sani Securities Company Ltd.,Sumeru Securities Pvt. Ltd.,100,957.2,95720.0,2025-07-10 14:51:34.539585
2025-07-10,10349,2025071004020933,CGH,Prabhu Stock Market Limited,Sumeru Securities Pvt. Ltd.,194,957.1,185677.4,2025-07-10 14:51:34.539616
2025-07-10,9275,2025071004021300,CGH,Nepal Stock House (PVT) Ltd.,Property Wiard Limited,10,958.2,9582.0,2025-07-10 14:52:47.073178
2025-07-10,7907,2025071004021740,CGH,Sani Securities Company Ltd.,Dynamic Money Managers Securities Pvt. Ltd.,15,958.0,14370.0,2025-07-10 14:54:29.990427
2025-07-10,7906,2025071004021741,CGH,Sani Securities Company Ltd.,Aakashbhairab Securities Ltd.,50,958.0,47900.0,2025-07-10 14:54:29.990690
2025-07-10,7557,2025071004021838,CGH,Sani Securities Company Ltd.,Sumeru Securities Pvt. Ltd.,100,958.0,95800.0,2025-07-10 14:54:58.535575
2025-07-10,7162,2025071004021987,CGH,Sani Securities Company Ltd.,Agrawal Securities (PVT) Ltd.,335,958.0,320930.0,2025-07-10 14:55:24.797252
2025-07-10,6991,2025071004022058,CGH,Secured Securities Ltd.,K.B.L. Securities Limited ,100,957.5,95750.0,2025-07-10 14:55:40.678076
2025-07-10,6990,2025071004022059,CGH,Sundhara Securities Limited,K.B.L. Securities Limited ,100,957.3,95730.0,2025-07-10 14:55:40.678318
2025-07-10,6989,2025071004022060,CGH,Kumari Securities Private Limited,K.B.L. Securities Limited ,500,957.3,478650.0,2025-07-10 14:55:40.678412
2025-07-10,6988,2025071004022061,CGH,ABC Securities Private Limited,K.B.L. Securities Limited ,400,957.2,382880.0,2025-07-10 14:55:40.678502
2025-07-10,6987,2025071004022062,CGH,Aryatara Investment & Securities,K.B.L. Securities Limited ,1040,957.1,995384.0,2025-07-10 14:55:40.678601
2025-07-10,6986,2025071004022063,CGH,Linch Stock Market Ltd.,K.B.L. Securities Limited ,100,957.1,95710.0,2025-07-10 14:55:40.678714
2025-07-10,6985,2025071004022064,CGH,Sundhara Securities Limited,K.B.L. Securities Limited ,50,957.0,47850.0,2025-07-10 14:55:40.678822
2025-07-10,6984,2025071004022065,CGH,Siprabi Securities Pvt. Ltd.,K.B.L. Securities Limited ,68,957.0,65076.0,2025-07-10 14:55:40.678904
2025-07-10,6983,2025071004022066,CGH,ABC Securities Private Limited,K.B.L. Securities Limited ,100,957.0,95700.0,2025-07-10 14:55:40.678989
2025-07-10,6982,2025071004022067,CGH,Sri Hari Securities Pvt. Ltd.,K.B.L. Securities Limited ,12,957.0,11484.0,2025-07-10 14:55:40.679072
2025-07-10,6981,2025071004022068,CGH,Thrive Brokerage House Pvt. Ltd,K.B.L. Securities Limited ,200,957.0,191400.0,2025-07-10 14:55:40.679153
2025-07-10,6980,2025071004022069,CGH,Nepal Stock House (PVT) Ltd.,K.B.L. Securities Limited ,1000,957.0,957000.0,2025-07-10 14:55:40.679233
2025-07-10,6979,2025071004022070,CGH,BHOLE GANESH SECURITIES LTD,K.B.L. Securities Limited ,160,957.0,153120.0,2025-07-10 14:55:40.679324
2025-07-10,6978,2025071004022071,CGH,Online Securities Pvt. Ltd.,K.B.L. Securities Limited ,20,956.4,19128.0,2025-07-10 14:55:40.679412
2025-07-10,6977,2025071004022072,CGH,South Asian Bulls Pvt. Ltd.,K.B.L. Securities Limited ,30,956.3,28689.0,2025-07-10 14:55:40.679499
2025-07-10,6976,2025071004022073,CGH,Deevyaa Securities & Stock House Pvt. Ltd,K.B.L. Securities Limited ,100,956.2,95620.0,2025-07-10 14:55:40.679582
2025-07-10,6975,2025071004022074,CGH,Prabhu Stock Market Limited,K.B.L. Securities Limited ,100,956.1,95610.0,2025-07-10 14:55:40.679693
2025-07-10,6974,2025071004022075,CGH,Midas Stock Broking Company Private Limited,K.B.L. Securities Limited ,40,956.0,38240.0,2025-07-10 14:55:40.679790
2025-07-10,6973,2025071004022076,CGH,Kohinoor Investment & Securities Pvt. Ltd.,K.B.L. Securities Limited ,210,956.0,200760.0,2025-07-10 14:55:40.679874
2025-07-10,6972,2025071004022077,CGH,Citizens Share Broker Limited,K.B.L. Securities Limited ,98,956.0,93688.0,2025-07-10 14:55:40.679963
2025-07-10,6971,2025071004022078,CGH,Dynamic Money Managers Securities Pvt. Ltd.,K.B.L. Securities Limited ,100,956.0,95600.0,2025-07-10 14:55:40.680047
2025-07-10,6970,2025071004022079,CGH,Sundhara Securities Limited,K.B.L. Securities Limited ,25,956.0,23900.0,2025-07-10 14:55:40.680159
2025-07-10,6969,2025071004022080,CGH,Deevyaa Securities & Stock House Pvt. Ltd,K.B.L. Securities Limited ,200,956.0,191200.0,2025-07-10 14:55:40.680260
2025-07-10,6968,2025071004022081,CGH,Nabil Stock Dealer Ltd.,K.B.L. Securities Limited ,360,956.0,344160.0,2025-07-10 14:55:40.680348
2025-07-10,6967,2025071004022082,CGH,Siprabi Securities Pvt. Ltd.,K.B.L. Securities Limited ,46,955.2,43939.2,2025-07-10 14:55:40.680429
2025-07-10,6966,2025071004022083,CGH,Trademow Securities Private Limited,K.B.L. Securities Limited ,300,955.0,286500.0,2025-07-10 14:55:40.680512
2025-07-10,6965,2025071004022084,CGH,Sumeru Securities Pvt. Ltd.,K.B.L. Securities Limited ,200,955.0,191000.0,2025-07-10 14:55:40.680614
2025-07-10,6964,2025071004022085,CGH,Sweta Securities Private Limited,K.B.L. Securities Limited ,100,955.0,95500.0,2025-07-10 14:55:40.680719
2025-07-10,6963,2025071004022086,CGH,Aryatara Investment & Securities,K.B.L. Securities Limited ,100,955.0,95500.0,2025-07-10 14:55:40.680807
2025-07-10,6962,2025071004022087,CGH,South Asian Bulls Pvt. Ltd.,K.B.L. Securities Limited ,100,955.0,95500.0,2025-07-10 14:55:40.680884
2025-07-10,6961,2025071004022088,CGH,Aryatara Investment & Securities,K.B.L. Securities Limited ,200,955.0,191000.0,2025-07-10 14:55:40.680961
2025-07-10,6960,2025071004022089,CGH,Online Securities Pvt. Ltd.,K.B.L. Securities Limited ,1000,955.0,955000.0,2025-07-10 14:55:40.681063
2025-07-10,6959,2025071004022090,CGH,Deevyaa Securities & Stock House Pvt. Ltd,K.B.L. Securities Limited ,100,955.0,95500.0,2025-07-10 14:55:40.681156
2025-07-10,6958,2025071004022091,CGH,Kalika Securities Pvt. Ltd.,K.B.L. Securities Limited ,10,955.0,9550.0,2025-07-10 14:55:40.681283
2025-07-10,6957,2025071004022092,CGH,Trishakti Securities Public Limited,K.B.L. Securities Limited ,100,955.0,95500.0,2025-07-10 14:55:40.681408
2025-07-10,6956,2025071004022093,CGH,Oxford Securities Pvt. Ltd.,K.B.L. Securities Limited ,104,955.0,99320.0,2025-07-10 14:55:40.681529
2025-07-10,6955,2025071004022094,CGH,Naasa Securities Co. Ltd.,K.B.L. Securities Limited ,50,955.0,47750.0,2025-07-10 14:55:40.681616
2025-07-10,6954,2025071004022095,CGH,Sani Securities Company Ltd.,K.B.L. Securities Limited ,200,955.0,191000.0,2025-07-10 14:55:40.681696
2025-07-10,6949,2025071004022096,CGH,Nepal Stock House (PVT) Ltd.,K.B.L. Securities Limited ,2000,955.0,1910000.0,2025-07-10 14:55:41.332962
2025-07-10,6806,2025071004022165,CGH,Sumeru Securities Pvt. Ltd.,Neev Securities Pvt. Ltd.,20,953.0,19060.0,2025-07-10 14:55:50.858475
2025-07-10,6564,2025071004022245,CGH,Sumeru Securities Pvt. Ltd.,Prabhu Stock Market Limited,10,953.0,9530.0,2025-07-10 14:56:07.329407
2025-07-10,6563,2025071004022246,CGH,Nepal Stock House (PVT) Ltd.,Prabhu Stock Market Limited,200,953.0,190600.0,2025-07-10 14:56:07.329628
2025-07-10,6562,2025071004022247,CGH,Sundhara Securities Limited,Prabhu Stock Market Limited,50,952.0,47600.0,2025-07-10 14:56:07.329713
2025-07-10,6561,2025071004022248,CGH,Imperial Securities Company Pvt. Ltd.,Prabhu Stock Market Limited,100,952.0,95200.0,2025-07-10 14:56:07.329790
2025-07-10,6560,2025071004022249,CGH,Creative Securities Pvt Ltd,Prabhu Stock Market Limited,500,952.0,476000.0,2025-07-10 14:56:07.329870
2025-07-10,6559,2025071004022250,CGH,Siprabi Securities Pvt. Ltd.,Prabhu Stock Market Limited,99,951.3,94178.7,2025-07-10 14:56:07.329964
2025-07-10,6558,2025071004022251,CGH,J.F. Securites (PVT) Ltd.,Prabhu Stock Market Limited,10,951.0,9510.0,2025-07-10 14:56:07.330043
2025-07-10,6557,2025071004022252,CGH,Linch Stock Market Ltd.,Prabhu Stock Market Limited,200,950.1,190020.0,2025-07-10 14:56:07.330129
2025-07-10,6556,2025071004022253,CGH,Kumari Securities Private Limited,Prabhu Stock Market Limited,100,950.0,95000.0,2025-07-10 14:56:07.330205
2025-07-10,6555,2025071004022254,CGH,BHOLE GANESH SECURITIES LTD,Prabhu Stock Market Limited,60,950.0,57000.0,2025-07-10 14:56:07.330281
2025-07-10,6554,2025071004022255,CGH,Sri Hari Securities Pvt. Ltd.,Prabhu Stock Market Limited,50,950.0,47500.0,2025-07-10 14:56:07.330361
2025-07-10,6553,2025071004022256,CGH,Midas Stock Broking Company Private Limited,Prabhu Stock Market Limited,200,950.0,190000.0,2025-07-10 14:56:07.330442
2025-07-10,6552,2025071004022257,CGH,Sumeru Securities Pvt. Ltd.,Prabhu Stock Market Limited,100,950.0,95000.0,2025-07-10 14:56:07.330511
2025-07-10,6551,2025071004022258,CGH,Shree Krishna Securities Ltd.,Prabhu Stock Market Limited,500,950.0,475000.0,2025-07-10 14:56:07.330583
2025-07-10,6550,2025071004022259,CGH,Sundhara Securities Limited,Prabhu Stock Market Limited,100,950.0,95000.0,2025-07-10 14:56:07.330655
2025-07-10,6549,2025071004022260,CGH,Sewa Securities Pvt. Ltd.,Prabhu Stock Market Limited,100,950.0,95000.0,2025-07-10 14:56:07.330725
2025-07-10,6548,2025071004022261,CGH,Thrive Brokerage House Pvt. Ltd,Prabhu Stock Market Limited,200,950.0,190000.0,2025-07-10 14:56:07.330794
2025-07-10,6547,2025071004022262,CGH,Naasa Securities Co. Ltd.,Prabhu Stock Market Limited,100,950.0,95000.0,2025-07-10 14:56:07.330865
2025-07-10,6546,2025071004022263,CGH,Sumeru Securities Pvt. Ltd.,Prabhu Stock Market Limited,21,950.0,19950.0,2025-07-10 14:56:07.330936
2025-07-10,5895,2025071004022494,CGH,Citizens Share Broker Limited,Miyo Securities Pvt Ltd,300,955.0,286500.0,2025-07-10 14:56:41.715365
2025-07-10,5792,2025071004022528,CGH,Citizens Share Broker Limited,Thrive Brokerage House Pvt. Ltd,10,955.0,9550.0,2025-07-10 14:56:49.591672
2025-07-10,5408,2025071004022621,CGH,Citizens Share Broker Limited,Online Securities Pvt. Ltd.,690,955.0,658950.0,2025-07-10 14:57:10.497198
2025-07-10,5407,2025071004022622,CGH,Sani Securities Company Ltd.,Online Securities Pvt. Ltd.,110,954.0,104940.0,2025-07-10 14:57:10.497405
2025-07-10,4788,2025071004022796,CGH,South Asian Bulls Pvt. Ltd.,Sani Securities Company Ltd.,100,955.1,95510.0,2025-07-10 14:57:41.547613
2025-07-10,3900,2025071004023024,CGH,Nepal Stock House (PVT) Ltd.,K.B.L. Securities Limited ,266,957.0,254562.0,2025-07-10 14:58:16.011417
2025-07-10,3606,2025071004023130,CGH,South Asian Bulls Pvt. Ltd.,Siprabi Securities Pvt. Ltd.,70,955.1,66857.0,2025-07-10 14:58:26.752506
2025-07-10,3408,2025071004023205,CGH,Sundhara Securities Limited,Miyo Securities Pvt Ltd,40,956.0,38240.0,2025-07-10 14:58:36.155913
2025-07-10,3186,2025071004023303,CGH,Nepal Stock House (PVT) Ltd.,ABC Securities Private Limited,50,957.0,47850.0,2025-07-10 14:58:43.187475
2025-07-10,3185,2025071004023304,CGH,Nepal Stock House (PVT) Ltd.,Aryatara Investment & Securities,50,957.9,47895.0,2025-07-10 14:58:43.187681
2025-07-10,2696,2025071004023405,CGH,Sundhara Securities Limited,BHOLE GANESH SECURITIES LTD,10,956.0,9560.0,2025-07-10 14:58:59.780984
2025-07-10,2481,2025071004023472,CGH,Sundhara Securities Limited,Naasa Securities Co. Ltd.,100,956.0,95600.0,2025-07-10 14:59:07.329242
2025-07-10,2254,2025071004023549,CGH,Nepal Stock House (PVT) Ltd.,Aryatara Investment & Securities,170,957.9,162843.0,2025-07-10 14:59:12.205768
2025-07-10,1821,2025071004023721,CGH,Online Securities Pvt. Ltd.,Premier Securities Company Ltd.,10,956.1,9561.0,2025-07-10 14:59:23.750689
2025-07-10,976,2025071004023983,CGH,Imperial Securities Company Pvt. Ltd.,Nepal Stock House (PVT) Ltd.,20,957.0,19140.0,2025-07-10 14:59:40.452948
2025-07-10,723,2025071004024066,CGH,Imperial Securities Company Pvt. Ltd.,Nepal Stock House (PVT) Ltd.,180,957.0,172260.0,2025-07-10 14:59:47.700230
2025-07-10,722,2025071004024067,CGH,Imperial Securities Company Pvt. Ltd.,Investment Management Nepal Pvt. Ltd.,10,957.0,9570.0,2025-07-10 14:59:47.700434
2025-07-10,671,2025071004024083,CGH,Imperial Securities Company Pvt. Ltd.,ABC Securities Private Limited,10,957.0,9570.0,2025-07-10 14:59:48.904651
2025-07-10,670,2025071004024084,CGH,Dakshinkali Investment & Securities Pvt. Ltd.,ABC Securities Private Limited,10,956.2,9562.0,2025-07-10 14:59:48.904833
2025-07-10,669,2025071004024085,CGH,Kohinoor Investment & Securities Pvt. Ltd.,ABC Securities Private Limited,100,956.1,95610.0,2025-07-10 14:59:48.904914
2025-07-10,265,2025071004024211,CGH,Midas Stock Broking Company Private Limited,ABC Securities Private Limited,50,956.1,47805.0,2025-07-10 14:59:56.765590
2025-07-10,263,2025071004024212,CGH,Nepal Stock House (PVT) Ltd.,ABC Securities Private Limited,193,956.1,184527.3,2025-07-10 14:59:56.782213
