Date,S.N.,contract_id,symbol,buyer_broker,seller_broker,volume,price,amount,transaction_time
2025-07-10,88582,2025071004000017,CHL,Secured Securities Ltd.,Online Securities Pvt. Ltd.,10,336.7,3367.0,2025-07-10 10:46:00.044476
2025-07-10,88510,2025071004000026,CHL,Kohinoor Investment & Securities Pvt. Ltd.,Agrawal Securities (PVT) Ltd.,1000,336.7,336700.0,2025-07-10 11:00:26.210773
2025-07-10,88244,2025071004000115,CHL,Kohinoor Investment & Securities Pvt. Ltd.,Agrawal Securities (PVT) Ltd.,700,336.7,235690.0,2025-07-10 11:02:13.938161
2025-07-10,85588,2025071004000925,CHL,Thrive Brokerage House Pvt. Ltd,Secured Securities Ltd.,22,330.1,7262.2,2025-07-10 11:13:18.119789
2025-07-10,84644,2025071004001190,CHL,Premier Securities Company Ltd.,Naasa Securities Co. Ltd.,90,331.0,29790.0,2025-07-10 11:16:31.802705
2025-07-10,83007,2025071004001611,CHL,Premier Securities Company Ltd.,Nepal Investment And Securities Trading Private Limited,110,331.0,36410.0,2025-07-10 11:21:56.032495
2025-07-10,83006,2025071004001612,CHL,Kumari Securities Private Limited,Nepal Investment And Securities Trading Private Limited,90,331.0,29790.0,2025-07-10 11:21:56.032578
2025-07-10,81350,2025071004002018,CHL,Infinity Securities Limited,Nepal Investment And Securities Trading Private Limited,100,332.0,33200.0,2025-07-10 11:26:41.693351
2025-07-10,80938,2025071004002127,CHL,Premier Securities Company Ltd.,Nepal Investment And Securities Trading Private Limited,100,331.1,33110.0,2025-07-10 11:27:44.621862
2025-07-10,80937,2025071004002128,CHL,Kumari Securities Private Limited,Nepal Investment And Securities Trading Private Limited,60,331.0,19860.0,2025-07-10 11:27:44.621967
2025-07-10,80936,2025071004002129,CHL,Secured Securities Ltd.,Nepal Investment And Securities Trading Private Limited,40,331.0,13240.0,2025-07-10 11:27:44.622006
2025-07-10,79494,2025071004002533,CHL,Secured Securities Ltd.,Sundhara Securities Limited,500,331.0,165500.0,2025-07-10 11:32:08.883303
2025-07-10,79410,2025071004002566,CHL,Secured Securities Ltd.,Sundhara Securities Limited,60,331.0,19860.0,2025-07-10 11:32:23.937239
2025-07-10,79409,2025071004002567,CHL,KALASH STOCK MARKET PVT. LTD.,Sundhara Securities Limited,50,330.1,16505.0,2025-07-10 11:32:23.937418
2025-07-10,79408,2025071004002568,CHL,Siprabi Securities Pvt. Ltd.,Sundhara Securities Limited,200,328.3,65660.0,2025-07-10 11:32:23.937519
2025-07-10,79407,2025071004002569,CHL,Malla & Malla Stock Broking Company Pvt. Limited,Sundhara Securities Limited,100,328.2,32820.0,2025-07-10 11:32:23.937616
2025-07-10,79406,2025071004002570,CHL,Malla & Malla Stock Broking Company Pvt. Limited,Sundhara Securities Limited,100,328.1,32810.0,2025-07-10 11:32:23.937707
2025-07-10,79405,2025071004002571,CHL,Sweta Securities Private Limited,Sundhara Securities Limited,490,328.0,160720.0,2025-07-10 11:32:23.937819
2025-07-10,71395,2025071004004620,CHL,Malla & Malla Stock Broking Company Pvt. Limited,Kumari Securities Private Limited,219,330.0,72270.0,2025-07-10 11:59:10.045127
2025-07-10,70426,2025071004004844,CHL,Kohinoor Investment & Securities Pvt. Ltd.,Aryatara Investment & Securities,20,330.0,6600.0,2025-07-10 12:02:19.645388
2025-07-10,70357,2025071004004861,CHL,Kohinoor Investment & Securities Pvt. Ltd.,Sewa Securities Pvt. Ltd.,10,332.0,3320.0,2025-07-10 12:02:30.736553
2025-07-10,69157,2025071004005183,CHL,Siprabi Securities Pvt. Ltd.,KALASH STOCK MARKET PVT. LTD.,100,329.2,32920.0,2025-07-10 12:06:17.804391
2025-07-10,69031,2025071004005213,CHL,Kohinoor Investment & Securities Pvt. Ltd.,Sewa Securities Pvt. Ltd.,10,332.0,3320.0,2025-07-10 12:06:42.883513
2025-07-10,67525,2025071004005650,CHL,Siprabi Securities Pvt. Ltd.,Sewa Securities Pvt. Ltd.,26,332.0,8632.0,2025-07-10 12:10:54.584273
2025-07-10,67524,2025071004005651,CHL,Siprabi Securities Pvt. Ltd.,Neev Securities Pvt. Ltd.,1174,332.8,390707.2,2025-07-10 12:10:54.584425
2025-07-10,67471,2025071004005663,CHL,Siprabi Securities Pvt. Ltd.,Neev Securities Pvt. Ltd.,26,332.8,8652.8,2025-07-10 12:11:10.685537
2025-07-10,67331,2025071004005694,CHL,Siprabi Securities Pvt. Ltd.,Nepal Stock House (PVT) Ltd.,300,333.0,99900.0,2025-07-10 12:11:44.934691
2025-07-10,67330,2025071004005695,CHL,Siprabi Securities Pvt. Ltd.,Nepal Stock House (PVT) Ltd.,100,333.0,33300.0,2025-07-10 12:11:44.934828
2025-07-10,67329,2025071004005696,CHL,Siprabi Securities Pvt. Ltd.,Naasa Securities Co. Ltd.,500,333.0,166500.0,2025-07-10 12:11:44.934884
2025-07-10,66992,2025071004005772,CHL,Kohinoor Investment & Securities Pvt. Ltd.,NIMB Stock Markets Limited,10,334.0,3340.0,2025-07-10 12:12:46.157400
2025-07-10,66211,2025071004005923,CHL,Dipshikha Dhitopatra Karobar Co. Pvt Ltd.,NIMB Stock Markets Limited,61,334.0,20374.0,2025-07-10 12:15:39.264174
2025-07-10,66210,2025071004005924,CHL,Dipshikha Dhitopatra Karobar Co. Pvt Ltd.,Capital Max Securities Ltd,239,334.0,79826.0,2025-07-10 12:15:39.264332
2025-07-10,63231,2025071004006507,CHL,Siprabi Securities Pvt. Ltd.,Capital Max Securities Ltd,82,334.0,27388.0,2025-07-10 12:23:04.717275
2025-07-10,63230,2025071004006508,CHL,Siprabi Securities Pvt. Ltd.,NIMB Stock Markets Limited,300,334.0,100200.0,2025-07-10 12:23:04.717439
2025-07-10,62952,2025071004006585,CHL,Siprabi Securities Pvt. Ltd.,Kohinoor Investment & Securities Pvt. Ltd.,45,334.5,15052.5,2025-07-10 12:23:31.900421
2025-07-10,62951,2025071004006586,CHL,Siprabi Securities Pvt. Ltd.,Sani Securities Company Ltd.,347,334.5,116071.5,2025-07-10 12:23:31.900593
2025-07-10,62950,2025071004006587,CHL,Siprabi Securities Pvt. Ltd.,Asian Securities Private Ltd.,100,334.5,33450.0,2025-07-10 12:23:31.900661
2025-07-10,62797,2025071004006615,CHL,Siprabi Securities Pvt. Ltd.,Sipla Securities Private Limited,100,335.0,33500.0,2025-07-10 12:23:48.028071
2025-07-10,62796,2025071004006616,CHL,Siprabi Securities Pvt. Ltd.,Online Securities Pvt. Ltd.,200,335.0,67000.0,2025-07-10 12:23:48.028212
2025-07-10,62382,2025071004006709,CHL,Kohinoor Investment & Securities Pvt. Ltd.,Trishakti Securities Public Limited,10,336.0,3360.0,2025-07-10 12:24:29.955959
2025-07-10,57816,2025071004007359,CHL,Siprabi Securities Pvt. Ltd.,Vision Securities Pvt. Ltd,20,335.0,6700.0,2025-07-10 12:32:25.743127
2025-07-10,57815,2025071004007360,CHL,Siprabi Securities Pvt. Ltd.,Shree Krishna Securities Ltd.,420,335.0,140700.0,2025-07-10 12:32:25.743283
2025-07-10,57241,2025071004007468,CHL,Siprabi Securities Pvt. Ltd.,Kohinoor Investment & Securities Pvt. Ltd.,300,335.0,100500.0,2025-07-10 12:33:30.883997
2025-07-10,57041,2025071004007502,CHL,Kohinoor Investment & Securities Pvt. Ltd.,Bhrikuti Stock Broking Co. Pvt. Ltd.,20,333.0,6660.0,2025-07-10 12:33:48.701783
2025-07-10,56979,2025071004007520,CHL,Kohinoor Investment & Securities Pvt. Ltd.,Trishakti Securities Public Limited,10,336.0,3360.0,2025-07-10 12:34:01.238472
2025-07-10,53568,2025071004008343,CHL,Siprabi Securities Pvt. Ltd.,Neev Securities Pvt. Ltd.,500,335.0,167500.0,2025-07-10 12:40:55.192655
2025-07-10,51509,2025071004008829,CHL,Siprabi Securities Pvt. Ltd.,Neev Securities Pvt. Ltd.,500,334.0,167000.0,2025-07-10 12:46:39.367035
2025-07-10,51508,2025071004008830,CHL,Siprabi Securities Pvt. Ltd.,Primo Securities (PVT) Ltd.,100,334.0,33400.0,2025-07-10 12:46:39.367213
2025-07-10,49898,2025071004009266,CHL,Siprabi Securities Pvt. Ltd.,Vision Securities Pvt. Ltd,400,334.0,133600.0,2025-07-10 12:51:23.857812
2025-07-10,49448,2025071004009375,CHL,Aryatara Investment & Securities,Thrive Brokerage House Pvt. Ltd,11,331.2,3643.2,2025-07-10 12:52:59.900653
2025-07-10,49364,2025071004009403,CHL,Siprabi Securities Pvt. Ltd.,Sani Securities Company Ltd.,1200,334.0,400800.0,2025-07-10 12:53:20.939226
2025-07-10,48969,2025071004009501,CHL,Siprabi Securities Pvt. Ltd.,Premier Securities Company Ltd.,300,331.9,99570.0,2025-07-10 12:54:30.876154
2025-07-10,48003,2025071004009785,CHL,Siprabi Securities Pvt. Ltd.,Naasa Securities Co. Ltd.,10,334.0,3340.0,2025-07-10 12:57:27.993486
2025-07-10,48002,2025071004009786,CHL,Siprabi Securities Pvt. Ltd.,Arun Securities (PVT) Ltd.,135,334.9,45211.5,2025-07-10 12:57:27.993606
2025-07-10,47587,2025071004009900,CHL,Aryatara Investment & Securities,Sipla Securities Private Limited,100,331.2,33120.0,2025-07-10 12:58:25.841400
2025-07-10,46949,2025071004010052,CHL,Aryatara Investment & Securities,Roadshow securities limited,89,331.2,29476.8,2025-07-10 12:59:57.800520
2025-07-10,46948,2025071004010053,CHL,Naasa Securities Co. Ltd.,Roadshow securities limited,10,331.2,3312.0,2025-07-10 12:59:57.800709
2025-07-10,46947,2025071004010054,CHL,Linch Stock Market Ltd.,Roadshow securities limited,30,331.0,9930.0,2025-07-10 12:59:57.800765
2025-07-10,46946,2025071004010055,CHL,Aryatara Investment & Securities,Roadshow securities limited,100,331.0,33100.0,2025-07-10 12:59:57.800814
2025-07-10,46945,2025071004010056,CHL,Sumeru Securities Pvt. Ltd.,Roadshow securities limited,100,330.4,33040.0,2025-07-10 12:59:57.800862
2025-07-10,46944,2025071004010057,CHL,Naasa Securities Co. Ltd.,Roadshow securities limited,70,330.0,23100.0,2025-07-10 12:59:57.800932
2025-07-10,46744,2025071004010086,CHL,Naasa Securities Co. Ltd.,Roadshow securities limited,11,330.0,3630.0,2025-07-10 13:00:26.952188
2025-07-10,46691,2025071004010097,CHL,Kohinoor Investment & Securities Pvt. Ltd.,Nepal Investment And Securities Trading Private Limited,10,334.7,3347.0,2025-07-10 13:00:36.157127
2025-07-10,45604,2025071004010363,CHL,Linch Stock Market Ltd.,Roadshow securities limited,50,330.5,16525.0,2025-07-10 13:03:52.486172
2025-07-10,45603,2025071004010364,CHL,Primo Securities (PVT) Ltd.,Roadshow securities limited,40,330.1,13204.0,2025-07-10 13:03:52.486452
2025-07-10,43791,2025071004010804,CHL,Primo Securities (PVT) Ltd.,Sundhara Securities Limited,60,330.1,19806.0,2025-07-10 13:10:35.002096
2025-07-10,43790,2025071004010805,CHL,Naasa Securities Co. Ltd.,Sundhara Securities Limited,49,330.0,16170.0,2025-07-10 13:10:35.002296
2025-07-10,43789,2025071004010806,CHL,Linch Stock Market Ltd.,Sundhara Securities Limited,50,330.0,16500.0,2025-07-10 13:10:35.002399
2025-07-10,43788,2025071004010807,CHL,Naasa Securities Co. Ltd.,Sundhara Securities Limited,10,330.0,3300.0,2025-07-10 13:10:35.002474
2025-07-10,43637,2025071004010840,CHL,Siprabi Securities Pvt. Ltd.,Sundhara Securities Limited,996,330.0,328680.0,2025-07-10 13:11:12.142559
2025-07-10,42720,2025071004011061,CHL,Siprabi Securities Pvt. Ltd.,Nepal Stock House (PVT) Ltd.,14,330.0,4620.0,2025-07-10 13:14:32.397664
2025-07-10,42719,2025071004011062,CHL,Dipshikha Dhitopatra Karobar Co. Pvt Ltd.,Nepal Stock House (PVT) Ltd.,15,330.0,4950.0,2025-07-10 13:14:32.397904
2025-07-10,42718,2025071004011063,CHL,Investment Management Nepal Pvt. Ltd.,Nepal Stock House (PVT) Ltd.,471,330.0,155430.0,2025-07-10 13:14:32.398046
2025-07-10,42398,2025071004011178,CHL,Investment Management Nepal Pvt. Ltd.,Roadshow securities limited,129,330.0,42570.0,2025-07-10 13:15:35.354229
2025-07-10,42293,2025071004011199,CHL,Infinity Securities Limited,Roadshow securities limited,11,329.5,3624.5,2025-07-10 13:15:58.401810
2025-07-10,41828,2025071004011343,CHL,Secured Securities Ltd.,Roadshow securities limited,10,333.6,3336.0,2025-07-10 13:17:53.273581
2025-07-10,41726,2025071004011371,CHL,Malla & Malla Stock Broking Company Pvt. Limited,Aryatara Investment & Securities,10,329.5,3295.0,2025-07-10 13:18:15.913405
2025-07-10,41173,2025071004011484,CHL,Imperial Securities Company Pvt. Ltd.,Siprabi Securities Pvt. Ltd.,100,330.0,33000.0,2025-07-10 13:20:22.475462
2025-07-10,40743,2025071004011599,CHL,Imperial Securities Company Pvt. Ltd.,Online Securities Pvt. Ltd.,70,330.0,23100.0,2025-07-10 13:21:49.199765
2025-07-10,39988,2025071004011796,CHL,Imperial Securities Company Pvt. Ltd.,Asian Securities Private Ltd.,30,330.0,9900.0,2025-07-10 13:24:19.303114
2025-07-10,39987,2025071004011797,CHL,Aryatara Investment & Securities,Asian Securities Private Ltd.,45,330.0,14850.0,2025-07-10 13:24:19.303288
2025-07-10,39075,2025071004012140,CHL,Aryatara Investment & Securities,Naasa Securities Co. Ltd.,31,330.0,10230.0,2025-07-10 13:27:01.753285
2025-07-10,38977,2025071004012159,CHL,Aryatara Investment & Securities,Midas Stock Broking Company Private Limited,75,330.0,24750.0,2025-07-10 13:27:27.460233
2025-07-10,38158,2025071004012410,CHL,Secured Securities Ltd.,Roadshow securities limited,350,332.8,116480.0,2025-07-10 13:30:32.830593
2025-07-10,37384,2025071004012642,CHL,Aryatara Investment & Securities,Neev Securities Pvt. Ltd.,49,330.0,16170.0,2025-07-10 13:33:03.086815
2025-07-10,37383,2025071004012643,CHL,Trishakti Securities Public Limited,Neev Securities Pvt. Ltd.,335,330.0,110550.0,2025-07-10 13:33:03.086893
2025-07-10,37382,2025071004012644,CHL,Malla & Malla Stock Broking Company Pvt. Limited,Neev Securities Pvt. Ltd.,190,329.5,62605.0,2025-07-10 13:33:03.086918
2025-07-10,37381,2025071004012645,CHL,Roadshow securities limited,Neev Securities Pvt. Ltd.,65,329.5,21417.5,2025-07-10 13:33:03.086944
2025-07-10,37380,2025071004012646,CHL,Infinity Securities Limited,Neev Securities Pvt. Ltd.,19,329.5,6260.5,2025-07-10 13:33:03.086979
2025-07-10,37379,2025071004012647,CHL,Siprabi Securities Pvt. Ltd.,Neev Securities Pvt. Ltd.,91,329.4,29975.4,2025-07-10 13:33:03.087007
2025-07-10,35575,2025071004013205,CHL,Aryatara Investment & Securities,Thrive Brokerage House Pvt. Ltd,150,330.1,49515.0,2025-07-10 13:39:11.818723
2025-07-10,31903,2025071004014227,CHL,Aryatara Investment & Securities,Sundhara Securities Limited,50,330.1,16505.0,2025-07-10 13:51:39.229408
2025-07-10,31902,2025071004014228,CHL,Sweta Securities Private Limited,Sundhara Securities Limited,20,330.0,6600.0,2025-07-10 13:51:39.229453
2025-07-10,31901,2025071004014229,CHL,Siprabi Securities Pvt. Ltd.,Sundhara Securities Limited,109,329.4,35904.6,2025-07-10 13:51:39.229479
2025-07-10,31900,2025071004014230,CHL,Dipshikha Dhitopatra Karobar Co. Pvt Ltd.,Sundhara Securities Limited,20,329.3,6586.0,2025-07-10 13:51:39.229508
2025-07-10,31899,2025071004014231,CHL,Naasa Securities Co. Ltd.,Sundhara Securities Limited,10,329.3,3293.0,2025-07-10 13:51:39.229534
2025-07-10,31898,2025071004014232,CHL,Malla & Malla Stock Broking Company Pvt. Limited,Sundhara Securities Limited,100,329.1,32910.0,2025-07-10 13:51:39.229561
2025-07-10,31897,2025071004014233,CHL,Nepal Investment And Securities Trading Private Limited,Sundhara Securities Limited,10,329.0,3290.0,2025-07-10 13:51:39.229595
2025-07-10,31896,2025071004014234,CHL,Imperial Securities Company Pvt. Ltd.,Sundhara Securities Limited,81,329.0,26649.0,2025-07-10 13:51:39.229622
2025-07-10,31151,2025071004014464,CHL,Sani Securities Company Ltd.,Primo Securities (PVT) Ltd.,29,329.1,9543.9,2025-07-10 13:54:42.218589
2025-07-10,31150,2025071004014465,CHL,Imperial Securities Company Pvt. Ltd.,Primo Securities (PVT) Ltd.,419,329.0,137851.0,2025-07-10 13:54:42.218732
2025-07-10,31149,2025071004014466,CHL,Linch Stock Market Ltd.,Primo Securities (PVT) Ltd.,252,329.0,82908.0,2025-07-10 13:54:42.218785
2025-07-10,30107,2025071004014744,CHL,Linch Stock Market Ltd.,Neev Securities Pvt. Ltd.,168,329.0,55272.0,2025-07-10 13:59:04.148981
2025-07-10,30106,2025071004014745,CHL,Linch Stock Market Ltd.,Neev Securities Pvt. Ltd.,20,329.0,6580.0,2025-07-10 13:59:04.149135
2025-07-10,30105,2025071004014746,CHL,Aryatara Investment & Securities,Neev Securities Pvt. Ltd.,100,329.0,32900.0,2025-07-10 13:59:04.149192
2025-07-10,30104,2025071004014747,CHL,Malla & Malla Stock Broking Company Pvt. Limited,Neev Securities Pvt. Ltd.,100,328.9,32890.0,2025-07-10 13:59:04.149258
2025-07-10,30103,2025071004014748,CHL,Siprabi Securities Pvt. Ltd.,Neev Securities Pvt. Ltd.,200,328.5,65700.0,2025-07-10 13:59:04.149309
2025-07-10,30102,2025071004014749,CHL,Sweta Securities Private Limited,Neev Securities Pvt. Ltd.,22,328.5,7227.0,2025-07-10 13:59:04.149367
2025-07-10,30101,2025071004014750,CHL,Premier Securities Company Ltd.,Neev Securities Pvt. Ltd.,200,328.3,65660.0,2025-07-10 13:59:04.149414
2025-07-10,30100,2025071004014751,CHL,Sweta Securities Private Limited,Neev Securities Pvt. Ltd.,1010,328.0,331280.0,2025-07-10 13:59:04.149462
2025-07-10,30099,2025071004014752,CHL,Sweta Securities Private Limited,Neev Securities Pvt. Ltd.,400,328.0,131200.0,2025-07-10 13:59:04.149507
2025-07-10,30098,2025071004014753,CHL,Linch Stock Market Ltd.,Neev Securities Pvt. Ltd.,1000,328.0,328000.0,2025-07-10 13:59:04.149553
2025-07-10,30097,2025071004014754,CHL,Miyo Securities Pvt Ltd,Neev Securities Pvt. Ltd.,20,328.0,6560.0,2025-07-10 13:59:04.149598
2025-07-10,30096,2025071004014755,CHL,Asian Securities Private Ltd.,Neev Securities Pvt. Ltd.,100,328.0,32800.0,2025-07-10 13:59:04.149645
2025-07-10,30095,2025071004014756,CHL,Siprabi Securities Pvt. Ltd.,Neev Securities Pvt. Ltd.,500,328.0,164000.0,2025-07-10 13:59:04.149692
2025-07-10,30094,2025071004014757,CHL,Sundhara Securities Limited,Neev Securities Pvt. Ltd.,12,328.0,3936.0,2025-07-10 13:59:04.149741
2025-07-10,30093,2025071004014758,CHL,Dipshikha Dhitopatra Karobar Co. Pvt Ltd.,Neev Securities Pvt. Ltd.,500,328.0,164000.0,2025-07-10 13:59:04.149786
2025-07-10,27717,2025071004015491,CHL,Sani Securities Company Ltd.,Bhrikuti Stock Broking Co. Pvt. Ltd.,20,328.0,6560.0,2025-07-10 14:08:05.866952
2025-07-10,27275,2025071004015658,CHL,Malla & Malla Stock Broking Company Pvt. Limited,Bhrikuti Stock Broking Co. Pvt. Ltd.,100,328.0,32800.0,2025-07-10 14:09:45.065461
2025-07-10,27178,2025071004015685,CHL,Imperial Securities Company Pvt. Ltd.,Bhrikuti Stock Broking Co. Pvt. Ltd.,31,328.0,10168.0,2025-07-10 14:10:07.807026
2025-07-10,25025,2025071004016304,CHL,Imperial Securities Company Pvt. Ltd.,Naasa Securities Co. Ltd.,19,328.0,6232.0,2025-07-10 14:18:26.159190
2025-07-10,25024,2025071004016305,CHL,Dipshikha Dhitopatra Karobar Co. Pvt Ltd.,Naasa Securities Co. Ltd.,10,327.5,3275.0,2025-07-10 14:18:26.159369
2025-07-10,25023,2025071004016306,CHL,Online Securities Pvt. Ltd.,Naasa Securities Co. Ltd.,50,327.5,16375.0,2025-07-10 14:18:26.159439
2025-07-10,25022,2025071004016307,CHL,South Asian Bulls Pvt. Ltd.,Naasa Securities Co. Ltd.,50,327.5,16375.0,2025-07-10 14:18:26.159461
2025-07-10,25021,2025071004016308,CHL,J.F. Securites (PVT) Ltd.,Naasa Securities Co. Ltd.,200,327.1,65420.0,2025-07-10 14:18:26.159485
2025-07-10,25020,2025071004016309,CHL,J.F. Securites (PVT) Ltd.,Naasa Securities Co. Ltd.,121,327.0,39567.0,2025-07-10 14:18:26.159508
2025-07-10,22696,2025071004017146,CHL,J.F. Securites (PVT) Ltd.,NIMB Stock Markets Limited,80,327.0,26160.0,2025-07-10 14:25:23.846497
2025-07-10,21922,2025071004017376,CHL,J.F. Securites (PVT) Ltd.,Linch Stock Market Ltd.,30,327.0,9810.0,2025-07-10 14:27:42.285149
2025-07-10,14467,2025071004019543,CHL,Agrawal Securities (PVT) Ltd.,Aryatara Investment & Securities,100,327.3,32730.0,2025-07-10 14:44:46.662133
2025-07-10,14466,2025071004019544,CHL,Agrawal Securities (PVT) Ltd.,Aryatara Investment & Securities,100,327.2,32720.0,2025-07-10 14:44:46.662298
2025-07-10,14465,2025071004019545,CHL,Arun Securities (PVT) Ltd.,Aryatara Investment & Securities,90,327.1,29439.0,2025-07-10 14:44:46.662413
2025-07-10,14464,2025071004019546,CHL,Magnet Securities and Investment Company Private Limited,Aryatara Investment & Securities,110,327.1,35981.0,2025-07-10 14:44:46.662471
2025-07-10,14361,2025071004019557,CHL,Kohinoor Investment & Securities Pvt. Ltd.,Agrawal Securities (PVT) Ltd.,30,328.0,9840.0,2025-07-10 14:44:54.107698
2025-07-10,12772,2025071004020055,CHL,Magnet Securities and Investment Company Private Limited,Agrawal Securities (PVT) Ltd.,45,327.1,14719.5,2025-07-10 14:47:52.513725
2025-07-10,12771,2025071004020056,CHL,Agrawal Securities (PVT) Ltd.,Agrawal Securities (PVT) Ltd.,100,327.1,32710.0,2025-07-10 14:47:52.513982
2025-07-10,12770,2025071004020057,CHL,J.F. Securites (PVT) Ltd.,Agrawal Securities (PVT) Ltd.,33,327.0,10791.0,2025-07-10 14:47:52.514137
2025-07-10,12769,2025071004020058,CHL,Investment Management Nepal Pvt. Ltd.,Agrawal Securities (PVT) Ltd.,10,327.0,3270.0,2025-07-10 14:47:52.514284
2025-07-10,12768,2025071004020059,CHL,Aryatara Investment & Securities,Agrawal Securities (PVT) Ltd.,100,327.0,32700.0,2025-07-10 14:47:52.514442
2025-07-10,12767,2025071004020060,CHL,Trishakti Securities Public Limited,Agrawal Securities (PVT) Ltd.,12,327.0,3924.0,2025-07-10 14:47:52.514571
2025-07-10,12474,2025071004020188,CHL,Trisul Securities & Invt. Ltd.,Ashutosh Brokerage & Securities (PVT) Ltd.,10,330.9,3309.0,2025-07-10 14:48:21.668263
2025-07-10,12194,2025071004020270,CHL,Siprabi Securities Pvt. Ltd.,Ashutosh Brokerage & Securities (PVT) Ltd.,81,330.9,26802.9,2025-07-10 14:48:52.360216
2025-07-10,12094,2025071004020306,CHL,Siprabi Securities Pvt. Ltd.,Siprabi Securities Pvt. Ltd.,10,332.7,3327.0,2025-07-10 14:49:01.454840
2025-07-10,9852,2025071004021120,CHL,Magnet Securities and Investment Company Private Limited,Dynamic Money Managers Securities Pvt. Ltd.,95,327.1,31074.5,2025-07-10 14:52:08.652960
2025-07-10,9851,2025071004021121,CHL,Trishakti Securities Public Limited,Dynamic Money Managers Securities Pvt. Ltd.,88,327.0,28776.0,2025-07-10 14:52:08.653147
2025-07-10,9850,2025071004021122,CHL,Sewa Securities Pvt. Ltd.,Dynamic Money Managers Securities Pvt. Ltd.,200,327.0,65400.0,2025-07-10 14:52:08.653216
2025-07-10,9849,2025071004021123,CHL,Ashutosh Brokerage & Securities (PVT) Ltd.,Dynamic Money Managers Securities Pvt. Ltd.,70,327.0,22890.0,2025-07-10 14:52:08.653287
2025-07-10,9848,2025071004021124,CHL,Aryatara Investment & Securities,Dynamic Money Managers Securities Pvt. Ltd.,210,327.0,68670.0,2025-07-10 14:52:08.653394
2025-07-10,9847,2025071004021125,CHL,Agrawal Securities (PVT) Ltd.,Dynamic Money Managers Securities Pvt. Ltd.,100,327.0,32700.0,2025-07-10 14:52:08.653497
2025-07-10,9846,2025071004021126,CHL,Naasa Securities Co. Ltd.,Dynamic Money Managers Securities Pvt. Ltd.,200,327.0,65400.0,2025-07-10 14:52:08.653596
2025-07-10,9845,2025071004021127,CHL,Arun Securities (PVT) Ltd.,Dynamic Money Managers Securities Pvt. Ltd.,37,327.0,12099.0,2025-07-10 14:52:08.653686
2025-07-10,9163,2025071004021357,CHL,Premier Securities Company Ltd.,Dynamic Money Managers Securities Pvt. Ltd.,20,327.1,6542.0,2025-07-10 14:52:56.972096
2025-07-10,9162,2025071004021358,CHL,Arun Securities (PVT) Ltd.,Dynamic Money Managers Securities Pvt. Ltd.,13,327.0,4251.0,2025-07-10 14:52:56.972144
2025-07-10,9161,2025071004021359,CHL,Vision Securities Pvt. Ltd,Dynamic Money Managers Securities Pvt. Ltd.,150,327.0,49050.0,2025-07-10 14:52:56.972220
2025-07-10,9160,2025071004021360,CHL,J.F. Securites (PVT) Ltd.,Dynamic Money Managers Securities Pvt. Ltd.,17,327.0,5559.0,2025-07-10 14:52:56.972248
2025-07-10,7369,2025071004021925,CHL,J.F. Securites (PVT) Ltd.,Deevyaa Securities & Stock House Pvt. Ltd,83,327.0,27141.0,2025-07-10 14:55:11.285660
2025-07-10,7368,2025071004021926,CHL,Naasa Securities Co. Ltd.,Deevyaa Securities & Stock House Pvt. Ltd,50,327.0,16350.0,2025-07-10 14:55:11.285867
2025-07-10,7367,2025071004021927,CHL,Investment Management Nepal Pvt. Ltd.,Deevyaa Securities & Stock House Pvt. Ltd,87,327.0,28449.0,2025-07-10 14:55:11.286004
2025-07-10,6621,2025071004022217,CHL,Investment Management Nepal Pvt. Ltd.,Dynamic Money Managers Securities Pvt. Ltd.,13,327.0,4251.0,2025-07-10 14:56:05.108717
2025-07-10,6620,2025071004022218,CHL,Sewa Securities Pvt. Ltd.,Dynamic Money Managers Securities Pvt. Ltd.,187,327.0,61149.0,2025-07-10 14:56:05.108941
2025-07-10,5289,2025071004022673,CHL,Sewa Securities Pvt. Ltd.,Opal Securities Investment (PVT) Ltd.,13,327.0,4251.0,2025-07-10 14:57:18.103344
2025-07-10,4119,2025071004022948,CHL,Secured Securities Ltd.,Aryatara Investment & Securities,83,326.2,27074.6,2025-07-10 14:58:07.006691
2025-07-10,4118,2025071004022949,CHL,Agrawal Securities (PVT) Ltd.,Aryatara Investment & Securities,100,326.1,32610.0,2025-07-10 14:58:07.006802
2025-07-10,4117,2025071004022950,CHL,South Asian Bulls Pvt. Ltd.,Aryatara Investment & Securities,70,326.0,22820.0,2025-07-10 14:58:07.006893
2025-07-10,4116,2025071004022951,CHL,Arun Securities (PVT) Ltd.,Aryatara Investment & Securities,247,326.0,80522.0,2025-07-10 14:58:07.006956
2025-07-10,3921,2025071004023013,CHL,Kohinoor Investment & Securities Pvt. Ltd.,Opal Securities Investment (PVT) Ltd.,787,327.0,257349.0,2025-07-10 14:58:14.666699
2025-07-10,2667,2025071004023411,CHL,Kohinoor Investment & Securities Pvt. Ltd.,Trisul Securities & Invt. Ltd.,100,327.0,32700.0,2025-07-10 14:59:01.427661
2025-07-10,2260,2025071004023547,CHL,Kohinoor Investment & Securities Pvt. Ltd.,Trishakti Securities Public Limited,81,327.0,26487.0,2025-07-10 14:59:11.988423
2025-07-10,1910,2025071004023693,CHL,Kohinoor Investment & Securities Pvt. Ltd.,Dynamic Money Managers Securities Pvt. Ltd.,200,327.0,65400.0,2025-07-10 14:59:22.032734
2025-07-10,1742,2025071004023736,CHL,Kohinoor Investment & Securities Pvt. Ltd.,Siprabi Securities Pvt. Ltd.,90,327.0,29430.0,2025-07-10 14:59:26.092651
2025-07-10,1320,2025071004023877,CHL,Kohinoor Investment & Securities Pvt. Ltd.,Sri Hari Securities Pvt. Ltd.,242,327.0,79134.0,2025-07-10 14:59:32.848787
2025-07-10,1105,2025071004023948,CHL,Trisul Securities & Invt. Ltd.,Sri Hari Securities Pvt. Ltd.,10,327.0,3270.0,2025-07-10 14:59:38.341838
2025-07-10,688,2025071004024079,CHL,Arun Securities (PVT) Ltd.,Sri Hari Securities Pvt. Ltd.,88,326.0,28688.0,2025-07-10 14:59:48.401794
2025-07-10,666,2025071004024088,CHL,Arun Securities (PVT) Ltd.,Bhrikuti Stock Broking Co. Pvt. Ltd.,112,326.0,36512.0,2025-07-10 14:59:49.017624
2025-07-10,490,2025071004024132,CHL,Sewa Securities Pvt. Ltd.,Bhrikuti Stock Broking Co. Pvt. Ltd.,88,326.0,28688.0,2025-07-10 14:59:52.544450
