Date,S.N.,contract_id,symbol,buyer_broker,seller_broker,volume,price,amount,transaction_time
2025-07-10,88279,2025071001000130,HBL,Linch Stock Market Ltd.,Deevyaa Securities & Stock House Pvt. Ltd,100,223.0,22300.0,2025-07-10 11:01:58.275545
2025-07-10,87888,2025071001000281,HBL,J.F. Securites (PVT) Ltd.,Sani Securities Company Ltd.,21,224.0,4704.0,2025-07-10 11:04:03.266708
2025-07-10,87546,2025071001000437,HBL,Trisul Securities & Invt. Ltd.,Oxford Securities Pvt. Ltd.,10,227.9,2279.0,2025-07-10 11:05:37.238283
2025-07-10,87438,2025071001000478,HBL,Aakashbhairab Securities Ltd.,Oxford Securities Pvt. Ltd.,26,227.9,5925.4,2025-07-10 11:06:07.619336
2025-07-10,87437,2025071001000479,HBL,Aakashbhairab Securities Ltd.,Vision Securities Pvt. Ltd,1000,227.9,227900.0,2025-07-10 11:06:07.619393
2025-07-10,87436,2025071001000480,HBL,Aakashbhairab Securities Ltd.,Aryatara Investment & Securities,50,227.9,11395.0,2025-07-10 11:06:07.619420
2025-07-10,87435,2025071001000481,HBL,Aakashbhairab Securities Ltd.,Trishakti Securities Public Limited,91,227.9,20738.9,2025-07-10 11:06:07.619450
2025-07-10,87434,2025071001000482,HBL,Aakashbhairab Securities Ltd.,Naasa Securities Co. Ltd.,92,227.9,20966.8,2025-07-10 11:06:07.619498
2025-07-10,87433,2025071001000483,HBL,Aakashbhairab Securities Ltd.,Online Securities Pvt. Ltd.,30,228.0,6840.0,2025-07-10 11:06:07.619528
2025-07-10,87432,2025071001000484,HBL,Aakashbhairab Securities Ltd.,Dynamic Money Managers Securities Pvt. Ltd.,100,228.4,22840.0,2025-07-10 11:06:07.619554
2025-07-10,87431,2025071001000485,HBL,Aakashbhairab Securities Ltd.,Online Securities Pvt. Ltd.,270,228.4,61668.0,2025-07-10 11:06:07.619582
2025-07-10,87430,2025071001000486,HBL,Aakashbhairab Securities Ltd.,Online Securities Pvt. Ltd.,200,232.0,46400.0,2025-07-10 11:06:07.619608
2025-07-10,87429,2025071001000487,HBL,Aakashbhairab Securities Ltd.,Vision Securities Pvt. Ltd,30,232.4,6972.0,2025-07-10 11:06:07.619632
2025-07-10,87332,2025071001000536,HBL,Aakashbhairab Securities Ltd.,Kohinoor Investment & Securities Pvt. Ltd.,50,232.4,11620.0,2025-07-10 11:06:31.341375
2025-07-10,87285,2025071001000554,HBL,Kohinoor Investment & Securities Pvt. Ltd.,Trishakti Securities Public Limited,10,235.0,2350.0,2025-07-10 11:06:44.427556
2025-07-10,87282,2025071001000556,HBL,Kohinoor Investment & Securities Pvt. Ltd.,Sani Securities Company Ltd.,70,235.0,16450.0,2025-07-10 11:06:44.791708
2025-07-10,87268,2025071001000562,HBL,Aakashbhairab Securities Ltd.,Online Securities Pvt. Ltd.,61,232.4,14176.4,2025-07-10 11:06:50.559154
2025-07-10,87228,2025071001000585,HBL,Trishakti Securities Public Limited,Aakashbhairab Securities Ltd.,3000,232.0,696000.0,2025-07-10 11:07:00.758768
2025-07-10,87226,2025071001000587,HBL,Trishakti Securities Public Limited,Online Securities Pvt. Ltd.,300,232.0,69600.0,2025-07-10 11:07:01.829341
2025-07-10,87216,2025071001000591,HBL,Trishakti Securities Public Limited,Siprabi Securities Pvt. Ltd.,20,232.0,4640.0,2025-07-10 11:07:04.530852
2025-07-10,87203,2025071001000598,HBL,Trishakti Securities Public Limited,Naasa Securities Co. Ltd.,1680,232.0,389760.0,2025-07-10 11:07:07.299592
2025-07-10,87126,2025071001000626,HBL,KALASH STOCK MARKET PVT. LTD.,Naasa Securities Co. Ltd.,95,232.0,22040.0,2025-07-10 11:07:30.726092
2025-07-10,86800,2025071001000774,HBL,Naasa Securities Co. Ltd.,Kumari Securities Private Limited,130,228.0,29640.0,2025-07-10 11:08:59.690533
2025-07-10,86456,2025071001000959,HBL,Trisul Securities & Invt. Ltd.,Sewa Securities Pvt. Ltd.,10,228.0,2280.0,2025-07-10 11:10:11.806590
2025-07-10,86455,2025071001000960,HBL,Trisul Securities & Invt. Ltd.,Kumari Securities Private Limited,10,228.9,2289.0,2025-07-10 11:10:11.806670
2025-07-10,86271,2025071001001067,HBL,Naasa Securities Co. Ltd.,Deevyaa Securities & Stock House Pvt. Ltd,10,228.0,2280.0,2025-07-10 11:10:43.440961
2025-07-10,86163,2025071001001109,HBL,South Asian Bulls Pvt. Ltd.,Oxford Securities Pvt. Ltd.,100,226.0,22600.0,2025-07-10 11:11:06.981376
2025-07-10,86066,2025071001001142,HBL,Trisul Securities & Invt. Ltd.,Deevyaa Securities & Stock House Pvt. Ltd,10,228.0,2280.0,2025-07-10 11:11:31.598169
2025-07-10,85816,2025071001001220,HBL,Sani Securities Company Ltd.,Deevyaa Securities & Stock House Pvt. Ltd,61,228.0,13908.0,2025-07-10 11:12:31.322490
2025-07-10,85792,2025071001001230,HBL,Sundhara Securities Limited,Deevyaa Securities & Stock House Pvt. Ltd,19,228.0,4332.0,2025-07-10 11:12:37.461190
2025-07-10,85791,2025071001001231,HBL,Sundhara Securities Limited,Kumari Securities Private Limited,30,228.0,6840.0,2025-07-10 11:12:37.461432
2025-07-10,85790,2025071001001232,HBL,Sundhara Securities Limited,Oxford Securities Pvt. Ltd.,151,228.0,34428.0,2025-07-10 11:12:37.461591
2025-07-10,85709,2025071001001259,HBL,Aakashbhairab Securities Ltd.,Oxford Securities Pvt. Ltd.,869,228.0,198132.0,2025-07-10 11:12:55.867949
2025-07-10,85708,2025071001001260,HBL,Aakashbhairab Securities Ltd.,Sri Hari Securities Pvt. Ltd.,100,228.0,22800.0,2025-07-10 11:12:55.868062
2025-07-10,85707,2025071001001261,HBL,Aakashbhairab Securities Ltd.,Malla & Malla Stock Broking Company Pvt. Limited,31,228.0,7068.0,2025-07-10 11:12:55.868114
2025-07-10,85116,2025071001001469,HBL,Naasa Securities Co. Ltd.,Malla & Malla Stock Broking Company Pvt. Limited,35,228.0,7980.0,2025-07-10 11:14:59.639590
2025-07-10,85000,2025071001001503,HBL,Secured Securities Ltd.,Malla & Malla Stock Broking Company Pvt. Limited,234,228.0,53352.0,2025-07-10 11:15:19.124634
2025-07-10,84999,2025071001001504,HBL,Secured Securities Ltd.,Bhrikuti Stock Broking Co. Pvt. Ltd.,10,228.0,2280.0,2025-07-10 11:15:19.124923
2025-07-10,84998,2025071001001505,HBL,Secured Securities Ltd.,Asian Securities Private Ltd.,256,228.0,58368.0,2025-07-10 11:15:19.125187
2025-07-10,84676,2025071001001643,HBL,Trisul Securities & Invt. Ltd.,Trishakti Securities Public Limited,10,227.8,2278.0,2025-07-10 11:16:21.203984
2025-07-10,84630,2025071001001663,HBL,Online Securities Pvt. Ltd.,Trishakti Securities Public Limited,81,227.8,18451.8,2025-07-10 11:16:35.544295
2025-07-10,84454,2025071001001747,HBL,South Asian Bulls Pvt. Ltd.,Primo Securities (PVT) Ltd.,13,226.7,2947.1,2025-07-10 11:17:05.913616
2025-07-10,84407,2025071001001764,HBL,South Asian Bulls Pvt. Ltd.,ABC Securities Private Limited,100,226.7,22670.0,2025-07-10 11:17:16.464140
2025-07-10,84107,2025071001001879,HBL,South Asian Bulls Pvt. Ltd.,Asian Securities Private Ltd.,144,228.0,32832.0,2025-07-10 11:18:18.088461
2025-07-10,84106,2025071001001880,HBL,South Asian Bulls Pvt. Ltd.,ABC Securities Private Limited,1000,228.0,228000.0,2025-07-10 11:18:18.088602
2025-07-10,84105,2025071001001881,HBL,South Asian Bulls Pvt. Ltd.,Bhrikuti Stock Broking Co. Pvt. Ltd.,11,228.0,2508.0,2025-07-10 11:18:18.088682
2025-07-10,84028,2025071001001922,HBL,Sri Hari Securities Pvt. Ltd.,Oxford Securities Pvt. Ltd.,50,228.8,11440.0,2025-07-10 11:18:41.419088
2025-07-10,83804,2025071001002011,HBL,Kalika Securities Pvt. Ltd.,Bhrikuti Stock Broking Co. Pvt. Ltd.,10,228.0,2280.0,2025-07-10 11:19:31.204193
2025-07-10,83803,2025071001002012,HBL,Kalika Securities Pvt. Ltd.,Malla & Malla Stock Broking Company Pvt. Limited,247,228.0,56316.0,2025-07-10 11:19:31.204341
2025-07-10,83693,2025071001002056,HBL,Himalayan Brokerage Company Limited,Secured Securities Ltd.,30,227.1,6813.0,2025-07-10 11:19:51.777549
2025-07-10,83270,2025071001002259,HBL,Himalayan Brokerage Company Limited,Investment Management Nepal Pvt. Ltd.,103,227.1,23391.3,2025-07-10 11:21:07.027481
2025-07-10,83085,2025071001002350,HBL,Primo Securities (PVT) Ltd.,Malla & Malla Stock Broking Company Pvt. Limited,253,228.0,57684.0,2025-07-10 11:21:42.895880
2025-07-10,83084,2025071001002351,HBL,Primo Securities (PVT) Ltd.,Aryatara Investment & Securities,50,228.0,11400.0,2025-07-10 11:21:42.896169
2025-07-10,82748,2025071001002521,HBL,Sanima Securities Limited,Sewa Securities Pvt. Ltd.,275,228.0,62700.0,2025-07-10 11:22:45.870126
2025-07-10,82193,2025071001002739,HBL,Sanima Securities Limited,Secured Securities Ltd.,50,228.0,11400.0,2025-07-10 11:24:32.757342
2025-07-10,82006,2025071001002823,HBL,Sanima Securities Limited,ABC Securities Private Limited,875,228.0,199500.0,2025-07-10 11:25:01.595461
2025-07-10,82005,2025071001002824,HBL,Sanima Securities Limited,ABC Securities Private Limited,100,228.0,22800.0,2025-07-10 11:25:01.595642
2025-07-10,82004,2025071001002825,HBL,Vision Securities Pvt. Ltd,ABC Securities Private Limited,15,228.0,3420.0,2025-07-10 11:25:01.595715
2025-07-10,82003,2025071001002826,HBL,Naasa Securities Co. Ltd.,ABC Securities Private Limited,10,228.0,2280.0,2025-07-10 11:25:01.595783
2025-07-10,81993,2025071001002832,HBL,Naasa Securities Co. Ltd.,Asian Securities Private Ltd.,10,228.0,2280.0,2025-07-10 11:25:03.050790
2025-07-10,81050,2025071001003253,HBL,Himalayan Brokerage Company Limited,Naasa Securities Co. Ltd.,100,227.1,22710.0,2025-07-10 11:27:28.667271
2025-07-10,81043,2025071001003254,HBL,Sani Securities Company Ltd.,Market Securities & Exchange (PVT) Ltd.,20,227.2,4544.0,2025-07-10 11:27:29.599120
2025-07-10,81042,2025071001003255,HBL,Sani Securities Company Ltd.,South Asian Bulls Pvt. Ltd.,1080,227.9,246132.0,2025-07-10 11:27:29.599318
2025-07-10,80391,2025071001003507,HBL,Himalayan Brokerage Company Limited,Aakashbhairab Securities Ltd.,383,227.1,86979.3,2025-07-10 11:29:11.730787
2025-07-10,80329,2025071001003527,HBL,Himalayan Brokerage Company Limited,Naasa Securities Co. Ltd.,24,227.1,5450.4,2025-07-10 11:29:19.091308
2025-07-10,79961,2025071001003673,HBL,Himalayan Brokerage Company Limited,Oxford Securities Pvt. Ltd.,50,227.1,11355.0,2025-07-10 11:30:31.043235
2025-07-10,79712,2025071001003795,HBL,Himalayan Brokerage Company Limited,Trishakti Securities Public Limited,30,227.1,6813.0,2025-07-10 11:31:23.023750
2025-07-10,79395,2025071001003899,HBL,Himalayan Brokerage Company Limited,Naasa Securities Co. Ltd.,280,227.1,63588.0,2025-07-10 11:32:26.034009
2025-07-10,79394,2025071001003900,HBL,Naasa Securities Co. Ltd.,Naasa Securities Co. Ltd.,370,227.1,84027.0,2025-07-10 11:32:26.034356
2025-07-10,79172,2025071001003967,HBL,Naasa Securities Co. Ltd.,Naasa Securities Co. Ltd.,70,227.1,15897.0,2025-07-10 11:33:03.684425
2025-07-10,79171,2025071001003968,HBL,Online Securities Pvt. Ltd.,Naasa Securities Co. Ltd.,10,227.0,2270.0,2025-07-10 11:33:03.684585
2025-07-10,79170,2025071001003969,HBL,South Asian Bulls Pvt. Ltd.,Naasa Securities Co. Ltd.,570,227.0,129390.0,2025-07-10 11:33:03.684662
2025-07-10,79120,2025071001003985,HBL,South Asian Bulls Pvt. Ltd.,Kumari Securities Private Limited,50,227.0,11350.0,2025-07-10 11:33:14.423951
2025-07-10,79052,2025071001004010,HBL,South Asian Bulls Pvt. Ltd.,Sani Securities Company Ltd.,64,227.0,14528.0,2025-07-10 11:33:29.497805
2025-07-10,78988,2025071001004047,HBL,South Asian Bulls Pvt. Ltd.,Midas Stock Broking Company Private Limited,500,227.0,113500.0,2025-07-10 11:33:39.801515
2025-07-10,78867,2025071001004102,HBL,South Asian Bulls Pvt. Ltd.,Dynamic Money Managers Securities Pvt. Ltd.,100,227.0,22700.0,2025-07-10 11:34:04.308360
2025-07-10,78776,2025071001004131,HBL,South Asian Bulls Pvt. Ltd.,Sani Securities Company Ltd.,800,227.0,181600.0,2025-07-10 11:34:24.076674
2025-07-10,78736,2025071001004143,HBL,Trisul Securities & Invt. Ltd.,Nagarik Stock Dealer ,10,227.7,2277.0,2025-07-10 11:34:32.318673
2025-07-10,78637,2025071001004189,HBL,South Asian Bulls Pvt. Ltd.,Investment Management Nepal Pvt. Ltd.,10,227.0,2270.0,2025-07-10 11:34:53.467968
2025-07-10,78471,2025071001004251,HBL,South Asian Bulls Pvt. Ltd.,Naasa Securities Co. Ltd.,125,227.0,28375.0,2025-07-10 11:35:20.954905
2025-07-10,78143,2025071001004368,HBL,South Asian Bulls Pvt. Ltd.,Nagarik Stock Dealer ,40,227.0,9080.0,2025-07-10 11:36:23.238251
2025-07-10,78026,2025071001004401,HBL,Naasa Securities Co. Ltd.,Asian Securities Private Ltd.,22,227.6,5007.2,2025-07-10 11:36:48.863494
2025-07-10,78013,2025071001004406,HBL,South Asian Bulls Pvt. Ltd.,Market Securities & Exchange (PVT) Ltd.,28,227.0,6356.0,2025-07-10 11:36:53.559052
2025-07-10,77652,2025071001004510,HBL,South Asian Bulls Pvt. Ltd.,Investment Management Nepal Pvt. Ltd.,103,227.0,23381.0,2025-07-10 11:37:58.467124
2025-07-10,77399,2025071001004603,HBL,Primo Securities (PVT) Ltd.,Asian Securities Private Ltd.,123,227.6,27994.8,2025-07-10 11:38:50.143039
2025-07-10,77131,2025071001004716,HBL,Primo Securities (PVT) Ltd.,Trishakti Securities Public Limited,77,227.6,17525.2,2025-07-10 11:39:42.075401
2025-07-10,77130,2025071001004717,HBL,South Asian Bulls Pvt. Ltd.,Trishakti Securities Public Limited,43,227.0,9761.0,2025-07-10 11:39:42.075588
2025-07-10,76959,2025071001004753,HBL,South Asian Bulls Pvt. Ltd.,Opal Securities Investment (PVT) Ltd.,100,227.0,22700.0,2025-07-10 11:40:08.904191
2025-07-10,76919,2025071001004766,HBL,South Asian Bulls Pvt. Ltd.,Dynamic Money Managers Securities Pvt. Ltd.,1000,227.0,227000.0,2025-07-10 11:40:18.648488
2025-07-10,76556,2025071001004883,HBL,Dipshikha Dhitopatra Karobar Co. Pvt Ltd.,Sipla Securities Private Limited,42,227.0,9534.0,2025-07-10 11:41:42.643882
2025-07-10,76234,2025071001005022,HBL,Deevyaa Securities & Stock House Pvt. Ltd,Premier Securities Company Ltd.,100,226.7,22670.0,2025-07-10 11:43:00.808902
2025-07-10,76080,2025071001005090,HBL,Deevyaa Securities & Stock House Pvt. Ltd,Imperial Securities Company Pvt. Ltd.,100,226.7,22670.0,2025-07-10 11:43:32.474711
2025-07-10,75973,2025071001005139,HBL,Primo Securities (PVT) Ltd.,Imperial Securities Company Pvt. Ltd.,500,226.6,113300.0,2025-07-10 11:43:54.726260
2025-07-10,75972,2025071001005140,HBL,Aryatara Investment & Securities,Imperial Securities Company Pvt. Ltd.,100,226.6,22660.0,2025-07-10 11:43:54.726670
2025-07-10,75899,2025071001005177,HBL,Kalika Securities Pvt. Ltd.,Imperial Securities Company Pvt. Ltd.,300,226.5,67950.0,2025-07-10 11:44:16.056114
2025-07-10,75838,2025071001005210,HBL,Trisul Securities & Invt. Ltd.,ABC Securities Private Limited,10,226.9,2269.0,2025-07-10 11:44:33.723830
2025-07-10,75832,2025071001005213,HBL,Kalika Securities Pvt. Ltd.,Sumeru Securities Pvt. Ltd.,200,226.5,45300.0,2025-07-10 11:44:34.691313
2025-07-10,75430,2025071001005375,HBL,Nepal Stock House (PVT) Ltd.,Imperial Securities Company Pvt. Ltd.,15,226.7,3400.5,2025-07-10 11:46:11.877471
2025-07-10,75429,2025071001005376,HBL,Nepal Stock House (PVT) Ltd.,ABC Securities Private Limited,990,226.9,224631.0,2025-07-10 11:46:11.877514
2025-07-10,75428,2025071001005377,HBL,Nepal Stock House (PVT) Ltd.,Sipla Securities Private Limited,958,227.0,217466.0,2025-07-10 11:46:11.877539
2025-07-10,75427,2025071001005378,HBL,Nepal Stock House (PVT) Ltd.,Naasa Securities Co. Ltd.,10,227.0,2270.0,2025-07-10 11:46:11.877571
2025-07-10,75426,2025071001005379,HBL,Nepal Stock House (PVT) Ltd.,Online Securities Pvt. Ltd.,27,227.5,6142.5,2025-07-10 11:46:11.877605
2025-07-10,75371,2025071001005395,HBL,Naasa Securities Co. Ltd.,Linch Stock Market Ltd.,40,226.7,9068.0,2025-07-10 11:46:23.032904
2025-07-10,75295,2025071001005418,HBL,Nepal Stock House (PVT) Ltd.,Online Securities Pvt. Ltd.,143,227.5,32532.5,2025-07-10 11:46:36.191604
2025-07-10,75294,2025071001005419,HBL,Nepal Stock House (PVT) Ltd.,Nagarik Stock Dealer ,230,227.7,52371.0,2025-07-10 11:46:36.191715
2025-07-10,75293,2025071001005420,HBL,Nepal Stock House (PVT) Ltd.,ABC Securities Private Limited,627,227.7,142767.9,2025-07-10 11:46:36.191794
2025-07-10,74941,2025071001005578,HBL,ABC Securities Private Limited,Oxford Securities Pvt. Ltd.,15,227.0,3405.0,2025-07-10 11:48:07.796758
2025-07-10,74940,2025071001005579,HBL,ABC Securities Private Limited,ABC Securities Private Limited,85,227.7,19354.5,2025-07-10 11:48:07.796958
2025-07-10,74694,2025071001005720,HBL,Naasa Securities Co. Ltd.,ABC Securities Private Limited,38,227.7,8652.6,2025-07-10 11:48:58.889442
2025-07-10,74533,2025071001005803,HBL,Trisul Securities & Invt. Ltd.,Shree Krishna Securities Ltd.,200,226.6,45320.0,2025-07-10 11:49:33.464361
2025-07-10,74019,2025071001006037,HBL,Trisul Securities & Invt. Ltd.,ABC Securities Private Limited,10,227.7,2277.0,2025-07-10 11:51:11.450138
2025-07-10,73403,2025071001006332,HBL,Himalayan Securities Limited,Opal Securities Investment (PVT) Ltd.,10,227.5,2275.0,2025-07-10 11:53:15.032835
2025-07-10,73402,2025071001006333,HBL,Himalayan Securities Limited,ABC Securities Private Limited,1000,227.6,227600.0,2025-07-10 11:53:15.032882
2025-07-10,73401,2025071001006334,HBL,Himalayan Securities Limited,ABC Securities Private Limited,240,227.7,54648.0,2025-07-10 11:53:15.032908
2025-07-10,73400,2025071001006335,HBL,Himalayan Securities Limited,Sewa Securities Pvt. Ltd.,1000,227.7,227700.0,2025-07-10 11:53:15.032931
2025-07-10,73399,2025071001006336,HBL,Himalayan Securities Limited,Sumeru Securities Pvt. Ltd.,100,227.7,22770.0,2025-07-10 11:53:15.032955
2025-07-10,73398,2025071001006337,HBL,Himalayan Securities Limited,Market Securities & Exchange (PVT) Ltd.,1000,227.8,227800.0,2025-07-10 11:53:15.032987
2025-07-10,73397,2025071001006338,HBL,Himalayan Securities Limited,South Asian Bulls Pvt. Ltd.,225,227.9,51277.5,2025-07-10 11:53:15.033014
2025-07-10,73396,2025071001006339,HBL,Himalayan Securities Limited,South Asian Bulls Pvt. Ltd.,50,227.9,11395.0,2025-07-10 11:53:15.033059
2025-07-10,73395,2025071001006340,HBL,Himalayan Securities Limited,Dynamic Money Managers Securities Pvt. Ltd.,100,227.9,22790.0,2025-07-10 11:53:15.033091
2025-07-10,73394,2025071001006341,HBL,Himalayan Securities Limited,Asian Securities Private Ltd.,224,228.0,51072.0,2025-07-10 11:53:15.033118
2025-07-10,73393,2025071001006342,HBL,Himalayan Securities Limited,Online Securities Pvt. Ltd.,40,228.0,9120.0,2025-07-10 11:53:15.033151
2025-07-10,73392,2025071001006343,HBL,Himalayan Securities Limited,Kumari Securities Private Limited,100,228.0,22800.0,2025-07-10 11:53:15.033177
2025-07-10,73391,2025071001006344,HBL,Himalayan Securities Limited,Dipshikha Dhitopatra Karobar Co. Pvt Ltd.,100,228.0,22800.0,2025-07-10 11:53:15.033202
2025-07-10,73390,2025071001006345,HBL,Himalayan Securities Limited,Dynamic Money Managers Securities Pvt. Ltd.,811,228.0,184908.0,2025-07-10 11:53:15.033226
2025-07-10,72993,2025071001006538,HBL,Himalayan Securities Limited,Dynamic Money Managers Securities Pvt. Ltd.,48,228.0,10944.0,2025-07-10 11:54:32.463305
2025-07-10,72992,2025071001006539,HBL,Himalayan Securities Limited,Dakshinkali Investment & Securities Pvt. Ltd.,150,228.0,34200.0,2025-07-10 11:54:32.463410
2025-07-10,72991,2025071001006540,HBL,Himalayan Securities Limited,Secured Securities Ltd.,292,228.0,66576.0,2025-07-10 11:54:32.463484
2025-07-10,72990,2025071001006541,HBL,Himalayan Securities Limited,Dipshikha Dhitopatra Karobar Co. Pvt Ltd.,100,228.0,22800.0,2025-07-10 11:54:32.463557
2025-07-10,72989,2025071001006542,HBL,Himalayan Securities Limited,Malla & Malla Stock Broking Company Pvt. Limited,100,228.0,22800.0,2025-07-10 11:54:32.463631
2025-07-10,72988,2025071001006543,HBL,Himalayan Securities Limited,J.F. Securites (PVT) Ltd.,100,228.0,22800.0,2025-07-10 11:54:32.463732
2025-07-10,72987,2025071001006544,HBL,Himalayan Securities Limited,Sani Securities Company Ltd.,2000,228.0,456000.0,2025-07-10 11:54:32.463826
2025-07-10,72986,2025071001006545,HBL,Himalayan Securities Limited,Sri Hari Securities Pvt. Ltd.,210,228.0,47880.0,2025-07-10 11:54:32.463904
2025-07-10,72808,2025071001006642,HBL,Himalayan Securities Limited,Vision Securities Pvt. Ltd,566,227.9,128991.4,2025-07-10 11:55:07.568426
2025-07-10,72807,2025071001006643,HBL,Himalayan Securities Limited,Sri Hari Securities Pvt. Ltd.,434,228.0,98952.0,2025-07-10 11:55:07.568523
2025-07-10,72652,2025071001006757,HBL,Imperial Securities Company Pvt. Ltd.,ABC Securities Private Limited,300,227.9,68370.0,2025-07-10 11:55:37.737167
2025-07-10,72519,2025071001006844,HBL,Trisul Securities & Invt. Ltd.,Aryatara Investment & Securities,15,227.2,3408.0,2025-07-10 11:55:58.751860
2025-07-10,72488,2025071001006855,HBL,Dipshikha Dhitopatra Karobar Co. Pvt Ltd.,ABC Securities Private Limited,200,227.9,45580.0,2025-07-10 11:56:04.184806
2025-07-10,72437,2025071001006898,HBL,Himalayan Securities Limited,ABC Securities Private Limited,1000,227.9,227900.0,2025-07-10 11:56:10.728349
2025-07-10,71895,2025071001007145,HBL,Online Securities Pvt. Ltd.,Creative Securities Pvt Ltd,500,227.9,113950.0,2025-07-10 11:57:43.124820
2025-07-10,71859,2025071001007153,HBL,Premier Securities Company Ltd.,Market Securities & Exchange (PVT) Ltd.,10,227.3,2273.0,2025-07-10 11:57:49.487733
2025-07-10,71599,2025071001007269,HBL,Siprabi Securities Pvt. Ltd.,Sri Hari Securities Pvt. Ltd.,15,228.0,3420.0,2025-07-10 11:58:29.736077
2025-07-10,70518,2025071001007765,HBL,Trisul Securities & Invt. Ltd.,ABC Securities Private Limited,991,227.9,225848.9,2025-07-10 12:01:57.055405
2025-07-10,70192,2025071001007890,HBL,Naasa Securities Co. Ltd.,Sri Hari Securities Pvt. Ltd.,10,228.0,2280.0,2025-07-10 12:02:59.718361
2025-07-10,69957,2025071001007982,HBL,Naasa Securities Co. Ltd.,Sri Hari Securities Pvt. Ltd.,10,228.0,2280.0,2025-07-10 12:03:50.970425
2025-07-10,69802,2025071001008075,HBL,Premier Securities Company Ltd.,K.B.L. Securities Limited ,190,227.3,43187.0,2025-07-10 12:04:17.062535
2025-07-10,69801,2025071001008076,HBL,Imperial Securities Company Pvt. Ltd.,K.B.L. Securities Limited ,810,227.2,184032.0,2025-07-10 12:04:17.062634
2025-07-10,69681,2025071001008131,HBL,Trishakti Securities Public Limited,ABC Securities Private Limited,500,227.9,113950.0,2025-07-10 12:04:45.255093
2025-07-10,68931,2025071001008494,HBL,Naasa Securities Co. Ltd.,Sri Hari Securities Pvt. Ltd.,10,228.0,2280.0,2025-07-10 12:07:04.691600
2025-07-10,68377,2025071001008649,HBL,Imperial Securities Company Pvt. Ltd.,ABC Securities Private Limited,25,227.7,5692.5,2025-07-10 12:08:27.998386
2025-07-10,68376,2025071001008650,HBL,Capital Max Securities Ltd,ABC Securities Private Limited,86,227.6,19573.6,2025-07-10 12:08:27.998633
2025-07-10,68375,2025071001008651,HBL,Kumari Securities Private Limited,ABC Securities Private Limited,398,227.5,90545.0,2025-07-10 12:08:27.998728
2025-07-10,67763,2025071001008888,HBL,Kumari Securities Private Limited,South Asian Bulls Pvt. Ltd.,211,227.5,48002.5,2025-07-10 12:10:17.286879
2025-07-10,67388,2025071001009086,HBL,Kumari Securities Private Limited,Linch Stock Market Ltd.,10,227.5,2275.0,2025-07-10 12:11:32.271176
2025-07-10,66951,2025071001009288,HBL,Kumari Securities Private Limited,ABC Securities Private Limited,381,227.5,86677.5,2025-07-10 12:12:58.026014
2025-07-10,66950,2025071001009289,HBL,Imperial Securities Company Pvt. Ltd.,ABC Securities Private Limited,190,227.2,43168.0,2025-07-10 12:12:58.026499
2025-07-10,66949,2025071001009290,HBL,Opal Securities Investment (PVT) Ltd.,ABC Securities Private Limited,1500,227.1,340650.0,2025-07-10 12:12:58.026892
2025-07-10,66948,2025071001009291,HBL,Premier Securities Company Ltd.,ABC Securities Private Limited,100,227.1,22710.0,2025-07-10 12:12:58.027264
2025-07-10,66947,2025071001009292,HBL,Capital Hub P. Ltd,ABC Securities Private Limited,2500,227.0,567500.0,2025-07-10 12:12:58.027603
2025-07-10,66946,2025071001009293,HBL,Sumeru Securities Pvt. Ltd.,ABC Securities Private Limited,20,227.0,4540.0,2025-07-10 12:12:58.027948
2025-07-10,66945,2025071001009294,HBL,Vision Securities Pvt. Ltd,ABC Securities Private Limited,309,227.0,70143.0,2025-07-10 12:12:58.028289
2025-07-10,66892,2025071001009321,HBL,Nepal Stock House (PVT) Ltd.,ABC Securities Private Limited,50,227.9,11395.0,2025-07-10 12:13:11.170825
2025-07-10,66219,2025071001009657,HBL,SUN SECURITIES PVT LTD,ABC Securities Private Limited,100,227.9,22790.0,2025-07-10 12:15:35.801185
2025-07-10,65779,2025071001009861,HBL,Vision Securities Pvt. Ltd,Naasa Securities Co. Ltd.,85,227.0,19295.0,2025-07-10 12:17:06.448573
2025-07-10,65685,2025071001009907,HBL,Shree Krishna Securities Ltd.,Sipla Securities Private Limited,20554,227.7,4680145.8,2025-07-10 12:17:20.976959
2025-07-10,65637,2025071001009926,HBL,Creative Securities Pvt Ltd,Kohinoor Investment & Securities Pvt. Ltd.,10,227.0,2270.0,2025-07-10 12:17:33.875999
2025-07-10,65636,2025071001009927,HBL,Aryatara Investment & Securities,Kohinoor Investment & Securities Pvt. Ltd.,41,227.0,9307.0,2025-07-10 12:17:33.876211
2025-07-10,64803,2025071001010355,HBL,Aryatara Investment & Securities,Kohinoor Investment & Securities Pvt. Ltd.,200,227.0,45400.0,2025-07-10 12:19:29.392068
2025-07-10,64667,2025071001010425,HBL,Sri Hari Securities Pvt. Ltd.,ABC Securities Private Limited,850,227.9,193715.0,2025-07-10 12:19:56.294712
2025-07-10,64666,2025071001010426,HBL,Sri Hari Securities Pvt. Ltd.,Dynamic Money Managers Securities Pvt. Ltd.,200,227.9,45580.0,2025-07-10 12:19:56.294923
2025-07-10,64665,2025071001010427,HBL,Sri Hari Securities Pvt. Ltd.,ABC Securities Private Limited,950,227.9,216505.0,2025-07-10 12:19:56.295014
2025-07-10,64582,2025071001010476,HBL,MILKY WAY SHARE BROKER COMPANY LTD ,ABC Securities Private Limited,50,227.9,11395.0,2025-07-10 12:20:03.899568
2025-07-10,64565,2025071001010481,HBL,MILKY WAY SHARE BROKER COMPANY LTD ,Sani Securities Company Ltd.,15,227.9,3418.5,2025-07-10 12:20:07.314099
2025-07-10,64341,2025071001010620,HBL,MILKY WAY SHARE BROKER COMPANY LTD ,Sri Hari Securities Pvt. Ltd.,311,228.0,70908.0,2025-07-10 12:20:38.012568
2025-07-10,64340,2025071001010621,HBL,MILKY WAY SHARE BROKER COMPANY LTD ,Sani Securities Company Ltd.,100,228.0,22800.0,2025-07-10 12:20:38.012981
2025-07-10,64339,2025071001010622,HBL,MILKY WAY SHARE BROKER COMPANY LTD ,Naasa Securities Co. Ltd.,329,228.0,75012.0,2025-07-10 12:20:38.013259
2025-07-10,64338,2025071001010623,HBL,MILKY WAY SHARE BROKER COMPANY LTD ,Online Securities Pvt. Ltd.,176,228.0,40128.0,2025-07-10 12:20:38.013514
2025-07-10,64337,2025071001010624,HBL,MILKY WAY SHARE BROKER COMPANY LTD ,KALASH STOCK MARKET PVT. LTD.,19,228.0,4332.0,2025-07-10 12:20:38.013766
2025-07-10,64063,2025071001010764,HBL,Aryatara Investment & Securities,Ashutosh Brokerage & Securities (PVT) Ltd.,22,227.0,4994.0,2025-07-10 12:21:23.769915
2025-07-10,64062,2025071001010765,HBL,Dakshinkali Investment & Securities Pvt. Ltd.,Ashutosh Brokerage & Securities (PVT) Ltd.,10,227.0,2270.0,2025-07-10 12:21:23.770353
2025-07-10,64048,2025071001010778,HBL,Dipshikha Dhitopatra Karobar Co. Pvt Ltd.,Ashutosh Brokerage & Securities (PVT) Ltd.,32,227.0,7264.0,2025-07-10 12:21:24.800553
2025-07-10,63229,2025071001011270,HBL,Online Securities Pvt. Ltd.,Vision Securities Pvt. Ltd,100,228.0,22800.0,2025-07-10 12:23:04.760578
2025-07-10,62557,2025071001011635,HBL,ABC Securities Private Limited,Vision Securities Pvt. Ltd,100,228.0,22800.0,2025-07-10 12:24:13.404689
2025-07-10,61987,2025071001011942,HBL,Cristal Kanchanjanga Securites Pvt. Ltd.,Vision Securities Pvt. Ltd,300,228.0,68400.0,2025-07-10 12:25:08.283075
2025-07-10,61986,2025071001011943,HBL,Cristal Kanchanjanga Securites Pvt. Ltd.,Sundhara Securities Limited,200,228.0,45600.0,2025-07-10 12:25:08.283308
2025-07-10,61985,2025071001011944,HBL,Cristal Kanchanjanga Securites Pvt. Ltd.,Imperial Securities Company Pvt. Ltd.,250,228.0,57000.0,2025-07-10 12:25:08.283405
2025-07-10,61984,2025071001011945,HBL,Cristal Kanchanjanga Securites Pvt. Ltd.,Linch Stock Market Ltd.,250,228.0,57000.0,2025-07-10 12:25:08.283491
2025-07-10,61865,2025071001012033,HBL,Sri Hari Securities Pvt. Ltd.,Linch Stock Market Ltd.,43,228.0,9804.0,2025-07-10 12:25:20.025585
2025-07-10,61864,2025071001012034,HBL,Sri Hari Securities Pvt. Ltd.,Premier Securities Company Ltd.,97,228.0,22116.0,2025-07-10 12:25:20.025796
2025-07-10,61863,2025071001012035,HBL,Sri Hari Securities Pvt. Ltd.,Property Wiard Limited,360,228.0,82080.0,2025-07-10 12:25:20.025945
2025-07-10,61658,2025071001012151,HBL,Kohinoor Investment & Securities Pvt. Ltd.,Property Wiard Limited,140,228.0,31920.0,2025-07-10 12:25:48.014585
2025-07-10,61526,2025071001012261,HBL,Premier Securities Company Ltd.,Dipshikha Dhitopatra Karobar Co. Pvt Ltd.,10,228.2,2282.0,2025-07-10 12:25:54.403438
2025-07-10,61525,2025071001012262,HBL,Premier Securities Company Ltd.,Nagarik Stock Dealer ,30,228.3,6849.0,2025-07-10 12:25:54.403652
2025-07-10,61524,2025071001012263,HBL,Premier Securities Company Ltd.,Dipshikha Dhitopatra Karobar Co. Pvt Ltd.,10,228.5,2285.0,2025-07-10 12:25:54.403743
2025-07-10,61523,2025071001012264,HBL,Premier Securities Company Ltd.,Aryatara Investment & Securities,100,228.7,22870.0,2025-07-10 12:25:54.403833
2025-07-10,61522,2025071001012265,HBL,Premier Securities Company Ltd.,Dipshikha Dhitopatra Karobar Co. Pvt Ltd.,100,228.8,22880.0,2025-07-10 12:25:54.403940
2025-07-10,61521,2025071001012266,HBL,Premier Securities Company Ltd.,Kumari Securities Private Limited,36,228.9,8240.4,2025-07-10 12:25:54.404043
2025-07-10,61520,2025071001012267,HBL,Premier Securities Company Ltd.,ABC Securities Private Limited,714,228.9,163434.6,2025-07-10 12:25:54.404132
2025-07-10,61480,2025071001012281,HBL,Vision Securities Pvt. Ltd,ABC Securities Private Limited,286,228.9,65465.4,2025-07-10 12:26:01.429075
2025-07-10,61479,2025071001012282,HBL,Vision Securities Pvt. Ltd,Sri Hari Securities Pvt. Ltd.,2714,228.9,621234.6,2025-07-10 12:26:01.429302
2025-07-10,60915,2025071001012668,HBL,Sumeru Securities Pvt. Ltd.,Sani Securities Company Ltd.,100,228.4,22840.0,2025-07-10 12:27:03.896919
2025-07-10,60551,2025071001012928,HBL,Thrive Brokerage House Pvt. Ltd,Creative Securities Pvt Ltd,111,228.7,25385.7,2025-07-10 12:27:38.610478
2025-07-10,60345,2025071001013048,HBL,Ashutosh Brokerage & Securities (PVT) Ltd.,Sumeru Securities Pvt. Ltd.,150,229.0,34350.0,2025-07-10 12:28:01.596480
2025-07-10,60344,2025071001013049,HBL,Ashutosh Brokerage & Securities (PVT) Ltd.,Dipshikha Dhitopatra Karobar Co. Pvt Ltd.,10,229.0,2290.0,2025-07-10 12:28:01.596696
2025-07-10,60343,2025071001013050,HBL,Ashutosh Brokerage & Securities (PVT) Ltd.,Market Securities & Exchange (PVT) Ltd.,100,229.0,22900.0,2025-07-10 12:28:01.596816
2025-07-10,60342,2025071001013051,HBL,Ashutosh Brokerage & Securities (PVT) Ltd.,Sumeru Securities Pvt. Ltd.,97,229.0,22213.0,2025-07-10 12:28:01.596914
2025-07-10,60341,2025071001013052,HBL,Ashutosh Brokerage & Securities (PVT) Ltd.,Sani Securities Company Ltd.,2143,229.0,490747.0,2025-07-10 12:28:01.597005
2025-07-10,60338,2025071001013055,HBL,Trishakti Securities Public Limited,Sani Securities Company Ltd.,19,229.0,4351.0,2025-07-10 12:28:02.027556
2025-07-10,60337,2025071001013056,HBL,Trishakti Securities Public Limited,Aryatara Investment & Securities,61,229.0,13969.0,2025-07-10 12:28:02.027784
2025-07-10,60336,2025071001013057,HBL,Trishakti Securities Public Limited,Sri Hari Securities Pvt. Ltd.,2420,229.0,554180.0,2025-07-10 12:28:02.027891
2025-07-10,59537,2025071001013521,HBL,Nepal Stock House (PVT) Ltd.,Sri Hari Securities Pvt. Ltd.,866,229.3,198573.8,2025-07-10 12:29:23.198824
2025-07-10,59536,2025071001013522,HBL,Nepal Stock House (PVT) Ltd.,Dynamic Money Managers Securities Pvt. Ltd.,100,229.4,22940.0,2025-07-10 12:29:23.199048
2025-07-10,59535,2025071001013523,HBL,Nepal Stock House (PVT) Ltd.,Thrive Brokerage House Pvt. Ltd,100,229.5,22950.0,2025-07-10 12:29:23.199145
2025-07-10,59534,2025071001013524,HBL,Nepal Stock House (PVT) Ltd.,Imperial Securities Company Pvt. Ltd.,20,229.7,4594.0,2025-07-10 12:29:23.199251
2025-07-10,59533,2025071001013525,HBL,Nepal Stock House (PVT) Ltd.,Sharepro Securities Private Limited,200,229.7,45940.0,2025-07-10 12:29:23.199346
2025-07-10,59532,2025071001013526,HBL,Nepal Stock House (PVT) Ltd.,ABC Securities Private Limited,2000,229.9,459800.0,2025-07-10 12:29:23.199437
2025-07-10,59531,2025071001013527,HBL,Nepal Stock House (PVT) Ltd.,Naasa Securities Co. Ltd.,1714,230.0,394220.0,2025-07-10 12:29:23.199529
2025-07-10,59380,2025071001013595,HBL,Nepal Stock House (PVT) Ltd.,Naasa Securities Co. Ltd.,286,230.0,65780.0,2025-07-10 12:29:39.275973
2025-07-10,59379,2025071001013596,HBL,Nepal Stock House (PVT) Ltd.,Naasa Securities Co. Ltd.,2000,230.0,460000.0,2025-07-10 12:29:39.276374
2025-07-10,59378,2025071001013597,HBL,Nepal Stock House (PVT) Ltd.,Naasa Securities Co. Ltd.,2000,230.0,460000.0,2025-07-10 12:29:39.276623
2025-07-10,59377,2025071001013598,HBL,Nepal Stock House (PVT) Ltd.,Bhrikuti Stock Broking Co. Pvt. Ltd.,100,230.0,23000.0,2025-07-10 12:29:39.276904
2025-07-10,59376,2025071001013599,HBL,Nepal Stock House (PVT) Ltd.,Naasa Securities Co. Ltd.,370,230.0,85100.0,2025-07-10 12:29:39.277170
2025-07-10,59375,2025071001013600,HBL,Nepal Stock House (PVT) Ltd.,Dipshikha Dhitopatra Karobar Co. Pvt Ltd.,10,230.0,2300.0,2025-07-10 12:29:39.277400
2025-07-10,59374,2025071001013601,HBL,Nepal Stock House (PVT) Ltd.,Sani Securities Company Ltd.,700,230.0,161000.0,2025-07-10 12:29:39.277632
2025-07-10,59373,2025071001013602,HBL,Nepal Stock House (PVT) Ltd.,Midas Stock Broking Company Private Limited,50,230.0,11500.0,2025-07-10 12:29:39.277879
2025-07-10,59372,2025071001013603,HBL,Nepal Stock House (PVT) Ltd.,MILKY WAY SHARE BROKER COMPANY LTD ,15,230.0,3450.0,2025-07-10 12:29:39.278111
2025-07-10,59371,2025071001013604,HBL,Nepal Stock House (PVT) Ltd.,Dipshikha Dhitopatra Karobar Co. Pvt Ltd.,100,230.0,23000.0,2025-07-10 12:29:39.278389
2025-07-10,59370,2025071001013605,HBL,Nepal Stock House (PVT) Ltd.,Kohinoor Investment & Securities Pvt. Ltd.,100,230.0,23000.0,2025-07-10 12:29:39.278615
2025-07-10,59369,2025071001013606,HBL,Nepal Stock House (PVT) Ltd.,Dipshikha Dhitopatra Karobar Co. Pvt Ltd.,100,230.0,23000.0,2025-07-10 12:29:39.278854
2025-07-10,59368,2025071001013607,HBL,Nepal Stock House (PVT) Ltd.,Thrive Brokerage House Pvt. Ltd,100,230.0,23000.0,2025-07-10 12:29:39.279101
2025-07-10,59367,2025071001013608,HBL,Nepal Stock House (PVT) Ltd.,Malla & Malla Stock Broking Company Pvt. Limited,100,230.0,23000.0,2025-07-10 12:29:39.279329
2025-07-10,59366,2025071001013609,HBL,Nepal Stock House (PVT) Ltd.,Sri Hari Securities Pvt. Ltd.,1000,230.0,230000.0,2025-07-10 12:29:39.279557
2025-07-10,59365,2025071001013610,HBL,Nepal Stock House (PVT) Ltd.,Pragyan Securities (PVT) Ltd.,200,230.0,46000.0,2025-07-10 12:29:39.279788
2025-07-10,59364,2025071001013611,HBL,Nepal Stock House (PVT) Ltd.,Naasa Securities Co. Ltd.,1300,230.0,299000.0,2025-07-10 12:29:39.280014
2025-07-10,59363,2025071001013612,HBL,Nepal Stock House (PVT) Ltd.,Deevyaa Securities & Stock House Pvt. Ltd,60,230.0,13800.0,2025-07-10 12:29:39.280259
2025-07-10,59362,2025071001013613,HBL,Nepal Stock House (PVT) Ltd.,Premier Securities Company Ltd.,10,230.0,2300.0,2025-07-10 12:29:39.280516
2025-07-10,59361,2025071001013614,HBL,Nepal Stock House (PVT) Ltd.,Vision Securities Pvt. Ltd,2000,230.0,460000.0,2025-07-10 12:29:39.280738
2025-07-10,59360,2025071001013615,HBL,Nepal Stock House (PVT) Ltd.,Online Securities Pvt. Ltd.,44,230.0,10120.0,2025-07-10 12:29:39.280957
2025-07-10,59359,2025071001013616,HBL,Nepal Stock House (PVT) Ltd.,Sweta Securities Private Limited,300,230.0,69000.0,2025-07-10 12:29:39.281189
2025-07-10,59358,2025071001013617,HBL,Nepal Stock House (PVT) Ltd.,Bhrikuti Stock Broking Co. Pvt. Ltd.,350,230.0,80500.0,2025-07-10 12:29:39.281413
2025-07-10,59357,2025071001013618,HBL,Nepal Stock House (PVT) Ltd.,Midas Stock Broking Company Private Limited,1705,230.0,392150.0,2025-07-10 12:29:39.281635
2025-07-10,58717,2025071001014083,HBL,Sri Hari Securities Pvt. Ltd.,Midas Stock Broking Company Private Limited,295,230.0,67850.0,2025-07-10 12:30:45.229832
2025-07-10,58716,2025071001014084,HBL,Sri Hari Securities Pvt. Ltd.,Imperial Securities Company Pvt. Ltd.,50,230.0,11500.0,2025-07-10 12:30:45.230292
2025-07-10,58715,2025071001014085,HBL,Sri Hari Securities Pvt. Ltd.,Sumeru Securities Pvt. Ltd.,10,230.0,2300.0,2025-07-10 12:30:45.230649
2025-07-10,58714,2025071001014086,HBL,Sri Hari Securities Pvt. Ltd.,Premier Securities Company Ltd.,40,230.0,9200.0,2025-07-10 12:30:45.230987
2025-07-10,58713,2025071001014087,HBL,Sri Hari Securities Pvt. Ltd.,Dynamic Money Managers Securities Pvt. Ltd.,100,231.0,23100.0,2025-07-10 12:30:45.231353
2025-07-10,58712,2025071001014088,HBL,Sri Hari Securities Pvt. Ltd.,Bhrikuti Stock Broking Co. Pvt. Ltd.,100,231.0,23100.0,2025-07-10 12:30:45.231691
2025-07-10,58711,2025071001014089,HBL,Sri Hari Securities Pvt. Ltd.,Imperial Securities Company Pvt. Ltd.,20,231.0,4620.0,2025-07-10 12:30:45.232004
2025-07-10,58710,2025071001014090,HBL,Sri Hari Securities Pvt. Ltd.,Dipshikha Dhitopatra Karobar Co. Pvt Ltd.,100,231.0,23100.0,2025-07-10 12:30:45.232349
2025-07-10,58709,2025071001014091,HBL,Sri Hari Securities Pvt. Ltd.,ABC Securities Private Limited,50,231.0,11550.0,2025-07-10 12:30:45.232673
2025-07-10,58708,2025071001014092,HBL,Sri Hari Securities Pvt. Ltd.,Nagarik Stock Dealer ,440,231.0,101640.0,2025-07-10 12:30:45.233002
2025-07-10,58707,2025071001014093,HBL,Sri Hari Securities Pvt. Ltd.,Kumari Securities Private Limited,108,231.0,24948.0,2025-07-10 12:30:45.233368
2025-07-10,58706,2025071001014094,HBL,Sri Hari Securities Pvt. Ltd.,Neev Securities Pvt. Ltd.,100,231.0,23100.0,2025-07-10 12:30:45.233705
2025-07-10,58607,2025071001014150,HBL,Kumari Securities Private Limited,Market Securities & Exchange (PVT) Ltd.,10,231.2,2312.0,2025-07-10 12:30:54.768188
2025-07-10,58606,2025071001014151,HBL,Kumari Securities Private Limited,MILKY WAY SHARE BROKER COMPANY LTD ,631,231.5,146076.5,2025-07-10 12:30:54.768240
2025-07-10,58605,2025071001014152,HBL,Kumari Securities Private Limited,Arun Securities (PVT) Ltd.,200,231.5,46300.0,2025-07-10 12:30:54.768268
2025-07-10,58604,2025071001014153,HBL,Kumari Securities Private Limited,Market Securities & Exchange (PVT) Ltd.,30,231.5,6945.0,2025-07-10 12:30:54.768293
2025-07-10,58603,2025071001014154,HBL,Kumari Securities Private Limited,Midas Stock Broking Company Private Limited,200,231.5,46300.0,2025-07-10 12:30:54.768329
2025-07-10,58602,2025071001014155,HBL,Kumari Securities Private Limited,Aryatara Investment & Securities,75,231.5,17362.5,2025-07-10 12:30:54.768358
2025-07-10,58601,2025071001014156,HBL,Kumari Securities Private Limited,Shree Krishna Securities Ltd.,174,231.5,40281.0,2025-07-10 12:30:54.768383
2025-07-10,58600,2025071001014157,HBL,Kumari Securities Private Limited,Shree Krishna Securities Ltd.,300,231.6,69480.0,2025-07-10 12:30:54.768409
2025-07-10,58599,2025071001014158,HBL,Kumari Securities Private Limited,J.F. Securites (PVT) Ltd.,50,231.6,11580.0,2025-07-10 12:30:54.768437
2025-07-10,58598,2025071001014159,HBL,Kumari Securities Private Limited,Dipshikha Dhitopatra Karobar Co. Pvt Ltd.,200,231.6,46320.0,2025-07-10 12:30:54.768463
2025-07-10,58597,2025071001014160,HBL,Kumari Securities Private Limited,Primo Securities (PVT) Ltd.,130,231.6,30108.0,2025-07-10 12:30:54.768486
2025-07-10,58472,2025071001014221,HBL,Sri Hari Securities Pvt. Ltd.,J.F. Securites (PVT) Ltd.,43,231.0,9933.0,2025-07-10 12:31:09.153653
2025-07-10,58358,2025071001014271,HBL,Sri Hari Securities Pvt. Ltd.,Vision Securities Pvt. Ltd,544,231.0,125664.0,2025-07-10 12:31:23.258241
2025-07-10,58305,2025071001014293,HBL,Dipshikha Dhitopatra Karobar Co. Pvt Ltd.,Vision Securities Pvt. Ltd,190,231.0,43890.0,2025-07-10 12:31:27.512158
2025-07-10,58238,2025071001014320,HBL,Bhrikuti Stock Broking Co. Pvt. Ltd.,Vision Securities Pvt. Ltd,359,231.0,82929.0,2025-07-10 12:31:33.745392
2025-07-10,57781,2025071001014577,HBL,Bhrikuti Stock Broking Co. Pvt. Ltd.,Primo Securities (PVT) Ltd.,184,229.0,42136.0,2025-07-10 12:32:31.346069
2025-07-10,57727,2025071001014597,HBL,Linch Stock Market Ltd.,Imperial Securities Company Pvt. Ltd.,884,230.0,203320.0,2025-07-10 12:32:39.112051
2025-07-10,57573,2025071001014710,HBL,Bhrikuti Stock Broking Co. Pvt. Ltd.,Dipshikha Dhitopatra Karobar Co. Pvt Ltd.,200,231.0,46200.0,2025-07-10 12:32:59.429525
2025-07-10,57572,2025071001014711,HBL,Bhrikuti Stock Broking Co. Pvt. Ltd.,KALASH STOCK MARKET PVT. LTD.,10,231.0,2310.0,2025-07-10 12:32:59.429860
2025-07-10,57571,2025071001014712,HBL,Bhrikuti Stock Broking Co. Pvt. Ltd.,Vision Securities Pvt. Ltd,92,231.0,21252.0,2025-07-10 12:32:59.430088
2025-07-10,57094,2025071001014938,HBL,Imperial Securities Company Pvt. Ltd.,Sri Hari Securities Pvt. Ltd.,25,231.0,5775.0,2025-07-10 12:33:44.673881
2025-07-10,57093,2025071001014939,HBL,Imperial Securities Company Pvt. Ltd.,Oxford Securities Pvt. Ltd.,15,231.0,3465.0,2025-07-10 12:33:44.674079
2025-07-10,56912,2025071001015016,HBL,Imperial Securities Company Pvt. Ltd.,Secured Securities Ltd.,40,231.0,9240.0,2025-07-10 12:34:06.782054
2025-07-10,56902,2025071001015022,HBL,Secured Securities Ltd.,Secured Securities Ltd.,960,231.0,221760.0,2025-07-10 12:34:08.166304
2025-07-10,56699,2025071001015115,HBL,Premier Securities Company Ltd.,Nagarik Stock Dealer ,20,231.5,4630.0,2025-07-10 12:34:25.174900
2025-07-10,56659,2025071001015139,HBL,Imperial Securities Company Pvt. Ltd.,Nagarik Stock Dealer ,60,231.5,13890.0,2025-07-10 12:34:30.715612
2025-07-10,56650,2025071001015144,HBL,Primo Securities (PVT) Ltd.,Nagarik Stock Dealer ,20,231.5,4630.0,2025-07-10 12:34:33.015198
2025-07-10,56649,2025071001015145,HBL,Primo Securities (PVT) Ltd.,Nagarik Stock Dealer ,240,231.5,55560.0,2025-07-10 12:34:33.015375
2025-07-10,56593,2025071001015171,HBL,Primo Securities (PVT) Ltd.,SUN SECURITIES PVT LTD,610,231.5,141215.0,2025-07-10 12:34:38.381685
2025-07-10,56370,2025071001015273,HBL,Primo Securities (PVT) Ltd.,Vision Securities Pvt. Ltd,10,231.2,2312.0,2025-07-10 12:35:09.575134
2025-07-10,56277,2025071001015312,HBL,Primo Securities (PVT) Ltd.,Property Wiard Limited,100,231.2,23120.0,2025-07-10 12:35:25.036254
2025-07-10,56122,2025071001015364,HBL,Imperial Securities Company Pvt. Ltd.,SUN SECURITIES PVT LTD,200,231.5,46300.0,2025-07-10 12:35:41.808360
2025-07-10,55753,2025071001015532,HBL,Primo Securities (PVT) Ltd.,Online Securities Pvt. Ltd.,50,231.2,11560.0,2025-07-10 12:36:26.984697
2025-07-10,55539,2025071001015631,HBL,Nabil Stock Dealer Ltd.,Online Securities Pvt. Ltd.,13,231.4,3008.2,2025-07-10 12:36:56.111750
2025-07-10,55538,2025071001015632,HBL,Nabil Stock Dealer Ltd.,SUN SECURITIES PVT LTD,87,231.5,20140.5,2025-07-10 12:36:56.111945
2025-07-10,55515,2025071001015636,HBL,Swarna Laxmi Securities Pvt. Ltd.,Online Securities Pvt. Ltd.,150,231.1,34665.0,2025-07-10 12:36:59.324574
2025-07-10,55446,2025071001015665,HBL,Swarna Laxmi Securities Pvt. Ltd.,Naasa Securities Co. Ltd.,250,231.1,57775.0,2025-07-10 12:37:08.610974
2025-07-10,55445,2025071001015666,HBL,S.P.S.A. Securities Limited,Naasa Securities Co. Ltd.,1000,231.1,231100.0,2025-07-10 12:37:08.611173
2025-07-10,55444,2025071001015667,HBL,Secured Securities Ltd.,Naasa Securities Co. Ltd.,7050,231.0,1628550.0,2025-07-10 12:37:08.611261
2025-07-10,55210,2025071001015760,HBL,Secured Securities Ltd.,Hatemalo Financial Services Private Limited,1990,231.0,459690.0,2025-07-10 12:37:32.889687
2025-07-10,55209,2025071001015761,HBL,Linch Stock Market Ltd.,Hatemalo Financial Services Private Limited,10,231.0,2310.0,2025-07-10 12:37:32.889882
2025-07-10,54935,2025071001015868,HBL,Naasa Securities Co. Ltd.,Nagarik Stock Dealer ,250,231.2,57800.0,2025-07-10 12:38:08.153728
2025-07-10,54779,2025071001015968,HBL,Imperial Securities Company Pvt. Ltd.,SUN SECURITIES PVT LTD,20,231.5,4630.0,2025-07-10 12:38:26.116096
2025-07-10,54737,2025071001015994,HBL,Linch Stock Market Ltd.,SUN SECURITIES PVT LTD,303,231.5,70144.5,2025-07-10 12:38:30.560500
2025-07-10,54736,2025071001015995,HBL,Linch Stock Market Ltd.,Nepal Stock House (PVT) Ltd.,386,231.5,89359.0,2025-07-10 12:38:30.560878
2025-07-10,54735,2025071001015996,HBL,Linch Stock Market Ltd.,Sundhara Securities Limited,788,231.5,182422.0,2025-07-10 12:38:30.561130
2025-07-10,54630,2025071001016061,HBL,Linch Stock Market Ltd.,Primo Securities (PVT) Ltd.,250,231.9,57975.0,2025-07-10 12:38:46.897568
2025-07-10,54629,2025071001016062,HBL,Linch Stock Market Ltd.,Sweta Securities Private Limited,150,232.0,34800.0,2025-07-10 12:38:46.897813
2025-07-10,54628,2025071001016063,HBL,Linch Stock Market Ltd.,Dipshikha Dhitopatra Karobar Co. Pvt Ltd.,100,232.0,23200.0,2025-07-10 12:38:46.897908
2025-07-10,54627,2025071001016064,HBL,Linch Stock Market Ltd.,R.B.B. Securities Company Ltd,50,232.0,11600.0,2025-07-10 12:38:46.897992
2025-07-10,54626,2025071001016065,HBL,Linch Stock Market Ltd.,Investment Management Nepal Pvt. Ltd.,79,232.0,18328.0,2025-07-10 12:38:46.898074
2025-07-10,54453,2025071001016155,HBL,Naasa Securities Co. Ltd.,Midas Stock Broking Company Private Limited,500,231.2,115600.0,2025-07-10 12:39:08.955791
2025-07-10,53837,2025071001016459,HBL,Sani Securities Company Ltd.,Sweta Securities Private Limited,200,231.5,46300.0,2025-07-10 12:40:35.533205
2025-07-10,53836,2025071001016460,HBL,Sani Securities Company Ltd.,Nagarik Stock Dealer ,50,231.9,11595.0,2025-07-10 12:40:35.533402
2025-07-10,53835,2025071001016461,HBL,Sani Securities Company Ltd.,Investment Management Nepal Pvt. Ltd.,21,232.0,4872.0,2025-07-10 12:40:35.533481
2025-07-10,53834,2025071001016462,HBL,Sani Securities Company Ltd.,Malla & Malla Stock Broking Company Pvt. Limited,1000,232.0,232000.0,2025-07-10 12:40:35.533562
2025-07-10,53833,2025071001016463,HBL,Sani Securities Company Ltd.,NIMB Stock Markets Limited,200,232.0,46400.0,2025-07-10 12:40:35.533634
2025-07-10,53832,2025071001016464,HBL,Sani Securities Company Ltd.,Naasa Securities Co. Ltd.,529,232.0,122728.0,2025-07-10 12:40:35.533715
2025-07-10,53831,2025071001016465,HBL,Imperial Securities Company Pvt. Ltd.,KALASH STOCK MARKET PVT. LTD.,10,231.3,2313.0,2025-07-10 12:40:35.590861
2025-07-10,53812,2025071001016466,HBL,Imperial Securities Company Pvt. Ltd.,Midas Stock Broking Company Private Limited,140,231.3,32382.0,2025-07-10 12:40:36.462366
2025-07-10,53237,2025071001016662,HBL,Naasa Securities Co. Ltd.,Cristal Kanchanjanga Securites Pvt. Ltd.,170,231.2,39304.0,2025-07-10 12:41:45.430935
2025-07-10,53236,2025071001016663,HBL,Imperial Securities Company Pvt. Ltd.,Cristal Kanchanjanga Securites Pvt. Ltd.,100,231.2,23120.0,2025-07-10 12:41:45.431166
2025-07-10,53235,2025071001016664,HBL,Sani Securities Company Ltd.,Cristal Kanchanjanga Securites Pvt. Ltd.,10,231.0,2310.0,2025-07-10 12:41:45.431269
2025-07-10,53234,2025071001016665,HBL,Naasa Securities Co. Ltd.,Cristal Kanchanjanga Securites Pvt. Ltd.,35,231.0,8085.0,2025-07-10 12:41:45.431346
2025-07-10,52899,2025071001016822,HBL,Nepal Stock House (PVT) Ltd.,Shree Krishna Securities Ltd.,50,230.1,11505.0,2025-07-10 12:42:49.374655
2025-07-10,52877,2025071001016832,HBL,Nepal Stock House (PVT) Ltd.,Naasa Securities Co. Ltd.,31,230.1,7133.1,2025-07-10 12:42:53.070741
2025-07-10,52820,2025071001016855,HBL,Nepal Stock House (PVT) Ltd.,Thrive Brokerage House Pvt. Ltd,222,230.1,51082.2,2025-07-10 12:43:03.139407
2025-07-10,52819,2025071001016856,HBL,Oxford Securities Pvt. Ltd.,Thrive Brokerage House Pvt. Ltd,300,230.1,69030.0,2025-07-10 12:43:03.139632
2025-07-10,52818,2025071001016857,HBL,Asian Securities Private Ltd.,Thrive Brokerage House Pvt. Ltd,4478,230.0,1029940.0,2025-07-10 12:43:03.139716
2025-07-10,52703,2025071001016921,HBL,Dynamic Money Managers Securities Pvt. Ltd.,Cristal Kanchanjanga Securites Pvt. Ltd.,2000,231.0,462000.0,2025-07-10 12:43:21.063889
2025-07-10,52677,2025071001016930,HBL,Sri Hari Securities Pvt. Ltd.,Cristal Kanchanjanga Securites Pvt. Ltd.,130,231.0,30030.0,2025-07-10 12:43:25.605769
2025-07-10,52486,2025071001017009,HBL,Asian Securities Private Ltd.,Asian Securities Private Ltd.,522,230.0,120060.0,2025-07-10 12:43:55.225764
2025-07-10,52485,2025071001017010,HBL,Asian Securities Private Ltd.,Asian Securities Private Ltd.,20,230.0,4600.0,2025-07-10 12:43:55.226009
2025-07-10,52259,2025071001017131,HBL,Dynamic Money Managers Securities Pvt. Ltd.,Aryatara Investment & Securities,500,230.0,115000.0,2025-07-10 12:44:33.361368
2025-07-10,52210,2025071001017157,HBL,Dynamic Money Managers Securities Pvt. Ltd.,Agrawal Securities (PVT) Ltd.,500,230.0,115000.0,2025-07-10 12:44:44.361378
2025-07-10,51698,2025071001017415,HBL,Creative Securities Pvt Ltd,Agrawal Securities (PVT) Ltd.,500,230.0,115000.0,2025-07-10 12:46:06.992768
2025-07-10,51530,2025071001017505,HBL,Malla & Malla Stock Broking Company Pvt. Limited,Aryatara Investment & Securities,200,230.0,46000.0,2025-07-10 12:46:37.166168
2025-07-10,51419,2025071001017560,HBL,Cristal Kanchanjanga Securites Pvt. Ltd.,ABC Securities Private Limited,3500,229.8,804300.0,2025-07-10 12:46:59.436506
2025-07-10,51397,2025071001017566,HBL,J.F. Securites (PVT) Ltd.,Aryatara Investment & Securities,100,230.0,23000.0,2025-07-10 12:47:02.433582
2025-07-10,51396,2025071001017567,HBL,J.F. Securites (PVT) Ltd.,Asian Securities Private Ltd.,400,230.9,92360.0,2025-07-10 12:47:02.433809
2025-07-10,50471,2025071001017915,HBL,Secured Securities Ltd.,Siprabi Securities Pvt. Ltd.,100,230.1,23010.0,2025-07-10 12:49:39.918364
2025-07-10,50299,2025071001017988,HBL,Secured Securities Ltd.,Online Securities Pvt. Ltd.,100,230.1,23010.0,2025-07-10 12:50:13.845552
2025-07-10,50238,2025071001018005,HBL,Secured Securities Ltd.,Machhapuchchhre Securities Limited,30,230.1,6903.0,2025-07-10 12:50:23.004817
2025-07-10,50183,2025071001018034,HBL,Secured Securities Ltd.,Aryatara Investment & Securities,200,230.1,46020.0,2025-07-10 12:50:31.876251
2025-07-10,49612,2025071001018314,HBL,Secured Securities Ltd.,Naasa Securities Co. Ltd.,300,230.1,69030.0,2025-07-10 12:52:25.385496
2025-07-10,49384,2025071001018425,HBL,Secured Securities Ltd.,Naasa Securities Co. Ltd.,258,230.1,59365.8,2025-07-10 12:53:15.638357
2025-07-10,48940,2025071001018555,HBL,Secured Securities Ltd.,Imperial Securities Company Pvt. Ltd.,12,230.1,2761.2,2025-07-10 12:54:37.687926
2025-07-10,48939,2025071001018556,HBL,Arun Securities (PVT) Ltd.,Imperial Securities Company Pvt. Ltd.,84,230.1,19328.4,2025-07-10 12:54:37.688155
2025-07-10,48929,2025071001018559,HBL,Arun Securities (PVT) Ltd.,Sajilo Broker Limited,100,230.1,23010.0,2025-07-10 12:54:42.095663
2025-07-10,48799,2025071001018584,HBL,Arun Securities (PVT) Ltd.,Sajilo Broker Limited,100,230.1,23010.0,2025-07-10 12:54:59.146993
2025-07-10,48716,2025071001018622,HBL,Arun Securities (PVT) Ltd.,Dipshikha Dhitopatra Karobar Co. Pvt Ltd.,493,230.1,113439.3,2025-07-10 12:55:12.835770
2025-07-10,48635,2025071001018650,HBL,Primo Securities (PVT) Ltd.,Pragyan Securities (PVT) Ltd.,200,230.0,46000.0,2025-07-10 12:55:31.438622
2025-07-10,48634,2025071001018651,HBL,Imperial Securities Company Pvt. Ltd.,Pragyan Securities (PVT) Ltd.,200,230.0,46000.0,2025-07-10 12:55:31.438901
2025-07-10,48621,2025071001018659,HBL,Imperial Securities Company Pvt. Ltd.,Malla & Malla Stock Broking Company Pvt. Limited,247,230.0,56810.0,2025-07-10 12:55:33.880647
2025-07-10,48552,2025071001018694,HBL,Imperial Securities Company Pvt. Ltd.,Vision Securities Pvt. Ltd,53,230.0,12190.0,2025-07-10 12:55:42.814350
2025-07-10,48551,2025071001018695,HBL,Thrive Brokerage House Pvt. Ltd,Vision Securities Pvt. Ltd,150,230.0,34500.0,2025-07-10 12:55:42.814720
2025-07-10,48550,2025071001018696,HBL,NIMB Stock Markets Limited,Vision Securities Pvt. Ltd,297,230.0,68310.0,2025-07-10 12:55:42.814969
2025-07-10,48205,2025071001018835,HBL,NIMB Stock Markets Limited,Oxford Securities Pvt. Ltd.,18,230.0,4140.0,2025-07-10 12:56:52.269829
2025-07-10,47865,2025071001018983,HBL,NIMB Stock Markets Limited,Deevyaa Securities & Stock House Pvt. Ltd,70,230.7,16149.0,2025-07-10 12:57:47.289120
2025-07-10,47864,2025071001018984,HBL,NIMB Stock Markets Limited,Asian Securities Private Ltd.,238,230.7,54906.6,2025-07-10 12:57:47.289512
2025-07-10,47863,2025071001018985,HBL,NIMB Stock Markets Limited,Linch Stock Market Ltd.,443,230.8,102244.4,2025-07-10 12:57:47.289794
2025-07-10,47862,2025071001018986,HBL,NIMB Stock Markets Limited,Asian Securities Private Ltd.,600,230.9,138540.0,2025-07-10 12:57:47.290082
2025-07-10,47861,2025071001018987,HBL,NIMB Stock Markets Limited,Dynamic Money Managers Securities Pvt. Ltd.,100,230.9,23090.0,2025-07-10 12:57:47.290372
2025-07-10,47860,2025071001018988,HBL,NIMB Stock Markets Limited,Dipshikha Dhitopatra Karobar Co. Pvt Ltd.,200,230.9,46180.0,2025-07-10 12:57:47.290663
2025-07-10,47859,2025071001018989,HBL,NIMB Stock Markets Limited,Cristal Kanchanjanga Securites Pvt. Ltd.,7555,231.0,1745205.0,2025-07-10 12:57:47.290758
2025-07-10,47858,2025071001018990,HBL,NIMB Stock Markets Limited,Imperial Securities Company Pvt. Ltd.,420,231.0,97020.0,2025-07-10 12:57:47.290858
2025-07-10,47857,2025071001018991,HBL,NIMB Stock Markets Limited,Sani Securities Company Ltd.,200,231.0,46200.0,2025-07-10 12:57:47.290990
2025-07-10,47624,2025071001019063,HBL,NIMB Stock Markets Limited,Asian Securities Private Ltd.,859,231.0,198429.0,2025-07-10 12:58:19.930302
2025-07-10,47585,2025071001019078,HBL,Agrawal Securities (PVT) Ltd.,Asian Securities Private Ltd.,20,231.0,4620.0,2025-07-10 12:58:26.026897
2025-07-10,47555,2025071001019089,HBL,Sewa Securities Pvt. Ltd.,Himalayan Brokerage Company Limited,50,230.0,11500.0,2025-07-10 12:58:30.214529
2025-07-10,47336,2025071001019173,HBL,Aakashbhairab Securities Ltd.,Himalayan Brokerage Company Limited,9950,230.0,2288500.0,2025-07-10 12:59:06.175399
2025-07-10,47035,2025071001019344,HBL,Aakashbhairab Securities Ltd.,Sundhara Securities Limited,50,230.0,11500.0,2025-07-10 12:59:46.119390
2025-07-10,47034,2025071001019345,HBL,Cristal Kanchanjanga Securites Pvt. Ltd.,Sundhara Securities Limited,950,229.8,218310.0,2025-07-10 12:59:46.119424
2025-07-10,46966,2025071001019373,HBL,Cristal Kanchanjanga Securites Pvt. Ltd.,Sani Securities Company Ltd.,65,229.8,14937.0,2025-07-10 12:59:56.392516
2025-07-10,46952,2025071001019374,HBL,Cristal Kanchanjanga Securites Pvt. Ltd.,Sajilo Broker Limited,485,229.8,111453.0,2025-07-10 12:59:57.198195
2025-07-10,46951,2025071001019375,HBL,Primo Securities (PVT) Ltd.,Sajilo Broker Limited,15,229.8,3447.0,2025-07-10 12:59:57.198407
2025-07-10,46271,2025071001019682,HBL,Primo Securities (PVT) Ltd.,Thrive Brokerage House Pvt. Ltd,65,229.8,14937.0,2025-07-10 13:01:54.211610
2025-07-10,45998,2025071001019765,HBL,Primo Securities (PVT) Ltd.,Trisul Securities & Invt. Ltd.,20,229.8,4596.0,2025-07-10 13:02:32.723631
2025-07-10,45997,2025071001019766,HBL,Bhrikuti Stock Broking Co. Pvt. Ltd.,Trisul Securities & Invt. Ltd.,80,229.3,18344.0,2025-07-10 13:02:32.723868
2025-07-10,45815,2025071001019824,HBL,Midas Stock Broking Company Private Limited,Deevyaa Securities & Stock House Pvt. Ltd,40,231.0,9240.0,2025-07-10 13:03:14.152273
2025-07-10,45814,2025071001019825,HBL,Midas Stock Broking Company Private Limited,Creative Securities Pvt Ltd,60,231.0,13860.0,2025-07-10 13:03:14.152702
2025-07-10,45042,2025071001020124,HBL,Imperial Securities Company Pvt. Ltd.,Sani Securities Company Ltd.,300,231.0,69300.0,2025-07-10 13:05:38.482853
2025-07-10,45018,2025071001020139,HBL,Asian Securities Private Ltd.,Malla & Malla Stock Broking Company Pvt. Limited,100,230.0,23000.0,2025-07-10 13:05:45.568178
2025-07-10,44606,2025071001020339,HBL,Malla & Malla Stock Broking Company Pvt. Limited,Midas Stock Broking Company Private Limited,10,231.3,2313.0,2025-07-10 13:06:59.017831
2025-07-10,44605,2025071001020340,HBL,Malla & Malla Stock Broking Company Pvt. Limited,South Asian Bulls Pvt. Ltd.,50,231.3,11565.0,2025-07-10 13:06:59.018257
2025-07-10,44604,2025071001020341,HBL,Malla & Malla Stock Broking Company Pvt. Limited,Vision Securities Pvt. Ltd,20,231.5,4630.0,2025-07-10 13:06:59.018511
2025-07-10,44603,2025071001020342,HBL,Malla & Malla Stock Broking Company Pvt. Limited,Trishakti Securities Public Limited,120,231.7,27804.0,2025-07-10 13:06:59.018767
2025-07-10,44498,2025071001020399,HBL,Thrive Brokerage House Pvt. Ltd,Agrawal Securities (PVT) Ltd.,10,231.0,2310.0,2025-07-10 13:07:28.151342
2025-07-10,44389,2025071001020448,HBL,Dipshikha Dhitopatra Karobar Co. Pvt Ltd.,Cristal Kanchanjanga Securites Pvt. Ltd.,300,231.7,69510.0,2025-07-10 13:07:59.653406
2025-07-10,43960,2025071001020665,HBL,Oxford Securities Pvt. Ltd.,Nepal Stock House (PVT) Ltd.,15,231.6,3474.0,2025-07-10 13:09:54.429514
2025-07-10,43253,2025071001020933,HBL,Sri Hari Securities Pvt. Ltd.,Nepal Stock House (PVT) Ltd.,50,231.6,11580.0,2025-07-10 13:12:31.234308
2025-07-10,43094,2025071001020997,HBL,Dipshikha Dhitopatra Karobar Co. Pvt Ltd.,Nepal Stock House (PVT) Ltd.,13,231.6,3010.8,2025-07-10 13:13:01.060550
2025-07-10,42859,2025071001021099,HBL,Thrive Brokerage House Pvt. Ltd,Trishakti Securities Public Limited,40,231.0,9240.0,2025-07-10 13:14:07.239381
2025-07-10,42858,2025071001021100,HBL,Dipshikha Dhitopatra Karobar Co. Pvt Ltd.,Trishakti Securities Public Limited,100,231.0,23100.0,2025-07-10 13:14:07.239953
2025-07-10,42857,2025071001021101,HBL,Trishakti Securities Public Limited,Trishakti Securities Public Limited,100,230.2,23020.0,2025-07-10 13:14:07.240255
2025-07-10,42856,2025071001021102,HBL,Elite Stock House Limited,Trishakti Securities Public Limited,50,230.2,11510.0,2025-07-10 13:14:07.240526
2025-07-10,42855,2025071001021103,HBL,Agrawal Securities (PVT) Ltd.,Trishakti Securities Public Limited,1000,230.1,230100.0,2025-07-10 13:14:07.240804
2025-07-10,42854,2025071001021104,HBL,Asian Securities Private Ltd.,Trishakti Securities Public Limited,900,230.0,207000.0,2025-07-10 13:14:07.241092
2025-07-10,42853,2025071001021105,HBL,Naasa Securities Co. Ltd.,Trishakti Securities Public Limited,2000,230.0,460000.0,2025-07-10 13:14:07.241373
2025-07-10,42852,2025071001021106,HBL,Agrawal Securities (PVT) Ltd.,Trishakti Securities Public Limited,45,230.0,10350.0,2025-07-10 13:14:07.241626
2025-07-10,42851,2025071001021107,HBL,Midas Stock Broking Company Private Limited,Trishakti Securities Public Limited,20,230.0,4600.0,2025-07-10 13:14:07.241893
2025-07-10,42850,2025071001021108,HBL,KALASH STOCK MARKET PVT. LTD.,Trishakti Securities Public Limited,109,230.0,25070.0,2025-07-10 13:14:07.242153
2025-07-10,42849,2025071001021109,HBL,Dipshikha Dhitopatra Karobar Co. Pvt Ltd.,Trishakti Securities Public Limited,20,230.0,4600.0,2025-07-10 13:14:07.242410
2025-07-10,42793,2025071001021134,HBL,Bhrikuti Stock Broking Co. Pvt. Ltd.,Trishakti Securities Public Limited,200,229.2,45840.0,2025-07-10 13:14:19.327431
2025-07-10,42792,2025071001021135,HBL,Himalayan Securities Limited,Trishakti Securities Public Limited,50,229.1,11455.0,2025-07-10 13:14:19.327678
2025-07-10,42791,2025071001021136,HBL,Cristal Kanchanjanga Securites Pvt. Ltd.,Trishakti Securities Public Limited,4750,229.1,1088225.0,2025-07-10 13:14:19.327817
2025-07-10,42497,2025071001021224,HBL,Cristal Kanchanjanga Securites Pvt. Ltd.,Imperial Securities Company Pvt. Ltd.,142,229.1,32532.2,2025-07-10 13:15:22.350231
2025-07-10,41819,2025071001021483,HBL,Himalayan Brokerage Company Limited,Trishakti Securities Public Limited,100,230.0,23000.0,2025-07-10 13:17:57.834422
2025-07-10,40188,2025071001022223,HBL,Sani Securities Company Ltd.,Investment Management Nepal Pvt. Ltd.,20,229.2,4584.0,2025-07-10 13:23:32.715715
2025-07-10,39883,2025071001022312,HBL,Sani Securities Company Ltd.,Primo Securities (PVT) Ltd.,80,229.2,18336.0,2025-07-10 13:24:31.707021
2025-07-10,39882,2025071001022313,HBL,Secured Securities Ltd.,Primo Securities (PVT) Ltd.,100,229.2,22920.0,2025-07-10 13:24:31.707286
2025-07-10,39881,2025071001022314,HBL,Cristal Kanchanjanga Securites Pvt. Ltd.,Primo Securities (PVT) Ltd.,108,229.1,24742.8,2025-07-10 13:24:31.707397
2025-07-10,39880,2025071001022315,HBL,Trishakti Securities Public Limited,Primo Securities (PVT) Ltd.,100,229.1,22910.0,2025-07-10 13:24:31.707496
2025-07-10,39879,2025071001022316,HBL,Imperial Securities Company Pvt. Ltd.,Primo Securities (PVT) Ltd.,200,229.0,45800.0,2025-07-10 13:24:31.707586
2025-07-10,39878,2025071001022317,HBL,Sundhara Securities Limited,Primo Securities (PVT) Ltd.,50,229.0,11450.0,2025-07-10 13:24:31.707688
2025-07-10,39877,2025071001022318,HBL,J.F. Securites (PVT) Ltd.,Primo Securities (PVT) Ltd.,250,229.0,57250.0,2025-07-10 13:24:31.707782
2025-07-10,39876,2025071001022319,HBL,Aryatara Investment & Securities,Primo Securities (PVT) Ltd.,70,229.0,16030.0,2025-07-10 13:24:31.707874
2025-07-10,39875,2025071001022320,HBL,Ashutosh Brokerage & Securities (PVT) Ltd.,Primo Securities (PVT) Ltd.,42,229.0,9618.0,2025-07-10 13:24:31.707965
2025-07-10,39661,2025071001022397,HBL,Ashutosh Brokerage & Securities (PVT) Ltd.,Online Securities Pvt. Ltd.,68,229.0,15572.0,2025-07-10 13:25:10.231640
2025-07-10,39660,2025071001022398,HBL,Dipshikha Dhitopatra Karobar Co. Pvt Ltd.,Online Securities Pvt. Ltd.,60,229.0,13740.0,2025-07-10 13:25:10.232141
2025-07-10,39659,2025071001022399,HBL,Aryatara Investment & Securities,Online Securities Pvt. Ltd.,21,228.1,4790.1,2025-07-10 13:25:10.232588
2025-07-10,39658,2025071001022400,HBL,Primo Securities (PVT) Ltd.,Online Securities Pvt. Ltd.,200,228.1,45620.0,2025-07-10 13:25:10.233010
2025-07-10,39657,2025071001022401,HBL,Dipshikha Dhitopatra Karobar Co. Pvt Ltd.,Online Securities Pvt. Ltd.,250,228.0,57000.0,2025-07-10 13:25:10.233447
2025-07-10,39656,2025071001022402,HBL,Kohinoor Investment & Securities Pvt. Ltd.,Online Securities Pvt. Ltd.,595,228.0,135660.0,2025-07-10 13:25:10.233846
2025-07-10,38662,2025071001022793,HBL,Dipshikha Dhitopatra Karobar Co. Pvt Ltd.,Sri Hari Securities Pvt. Ltd.,250,228.1,57025.0,2025-07-10 13:28:36.014490
2025-07-10,38195,2025071001022933,HBL,Dipshikha Dhitopatra Karobar Co. Pvt Ltd.,Creative Securities Pvt Ltd,240,228.1,54744.0,2025-07-10 13:30:27.206953
2025-07-10,37305,2025071001023220,HBL,Dipshikha Dhitopatra Karobar Co. Pvt Ltd.,Sewa Securities Pvt. Ltd.,10,228.1,2281.0,2025-07-10 13:33:19.635132
2025-07-10,37147,2025071001023306,HBL,Kohinoor Investment & Securities Pvt. Ltd.,Secured Securities Ltd.,11,228.0,2508.0,2025-07-10 13:33:43.971836
2025-07-10,36607,2025071001023518,HBL,Thrive Brokerage House Pvt. Ltd,Vision Securities Pvt. Ltd,600,229.9,137940.0,2025-07-10 13:35:26.755953
2025-07-10,36301,2025071001023644,HBL,Kohinoor Investment & Securities Pvt. Ltd.,Sani Securities Company Ltd.,50,228.0,11400.0,2025-07-10 13:36:38.962794
2025-07-10,35944,2025071001023743,HBL,Kohinoor Investment & Securities Pvt. Ltd.,Opal Securities Investment (PVT) Ltd.,50,228.0,11400.0,2025-07-10 13:37:49.160003
2025-07-10,35540,2025071001023916,HBL,Kohinoor Investment & Securities Pvt. Ltd.,Elite Stock House Limited,90,228.0,20520.0,2025-07-10 13:39:18.951650
2025-07-10,35508,2025071001023931,HBL,Kohinoor Investment & Securities Pvt. Ltd.,Oxford Securities Pvt. Ltd.,54,228.0,12312.0,2025-07-10 13:39:26.090785
2025-07-10,35507,2025071001023932,HBL,Bhrikuti Stock Broking Co. Pvt. Ltd.,Oxford Securities Pvt. Ltd.,46,228.0,10488.0,2025-07-10 13:39:26.091265
2025-07-10,34948,2025071001024126,HBL,Bhrikuti Stock Broking Co. Pvt. Ltd.,Dynamic Money Managers Securities Pvt. Ltd.,42,228.0,9576.0,2025-07-10 13:41:17.062446
2025-07-10,33710,2025071001024637,HBL,Bhrikuti Stock Broking Co. Pvt. Ltd.,Siprabi Securities Pvt. Ltd.,12,228.0,2736.0,2025-07-10 13:44:58.784747
2025-07-10,33709,2025071001024638,HBL,Himalayan Securities Limited,Siprabi Securities Pvt. Ltd.,10,228.0,2280.0,2025-07-10 13:44:58.785225
2025-07-10,33708,2025071001024639,HBL,Trishakti Securities Public Limited,Siprabi Securities Pvt. Ltd.,100,227.5,22750.0,2025-07-10 13:44:58.785522
2025-07-10,33707,2025071001024640,HBL,Online Securities Pvt. Ltd.,Siprabi Securities Pvt. Ltd.,200,227.3,45460.0,2025-07-10 13:44:58.785807
2025-07-10,33706,2025071001024641,HBL,Bhrikuti Stock Broking Co. Pvt. Ltd.,Siprabi Securities Pvt. Ltd.,70,227.2,15904.0,2025-07-10 13:44:58.786102
2025-07-10,33705,2025071001024642,HBL,Dipshikha Dhitopatra Karobar Co. Pvt Ltd.,Siprabi Securities Pvt. Ltd.,108,227.2,24537.6,2025-07-10 13:44:58.786381
2025-07-10,33417,2025071001024741,HBL,Himalayan Securities Limited,Bhrikuti Stock Broking Co. Pvt. Ltd.,20,227.4,4548.0,2025-07-10 13:45:52.092119
2025-07-10,33416,2025071001024742,HBL,Dipshikha Dhitopatra Karobar Co. Pvt Ltd.,Bhrikuti Stock Broking Co. Pvt. Ltd.,273,227.2,62025.6,2025-07-10 13:45:52.092232
2025-07-10,33255,2025071001024796,HBL,Oxford Securities Pvt. Ltd.,Thrive Brokerage House Pvt. Ltd,18,228.0,4104.0,2025-07-10 13:46:43.866266
2025-07-10,32321,2025071001025171,HBL,Dakshinkali Investment & Securities Pvt. Ltd.,Thrive Brokerage House Pvt. Ltd,332,228.0,75696.0,2025-07-10 13:50:02.668001
2025-07-10,32154,2025071001025235,HBL,Dakshinkali Investment & Securities Pvt. Ltd.,Deevyaa Securities & Stock House Pvt. Ltd,168,228.0,38304.0,2025-07-10 13:50:45.172214
2025-07-10,32153,2025071001025236,HBL,Arun Securities (PVT) Ltd.,Deevyaa Securities & Stock House Pvt. Ltd,300,227.3,68190.0,2025-07-10 13:50:45.172467
2025-07-10,32152,2025071001025237,HBL,Naasa Securities Co. Ltd.,Deevyaa Securities & Stock House Pvt. Ltd,801,227.3,182067.3,2025-07-10 13:50:45.172569
2025-07-10,31594,2025071001025401,HBL,Naasa Securities Co. Ltd.,Deevyaa Securities & Stock House Pvt. Ltd,162,227.3,36822.6,2025-07-10 13:52:43.753846
2025-07-10,30911,2025071001025658,HBL,Aryatara Investment & Securities,Oxford Securities Pvt. Ltd.,100,227.9,22790.0,2025-07-10 13:55:44.900923
2025-07-10,30887,2025071001025666,HBL,Kohinoor Investment & Securities Pvt. Ltd.,Premier Securities Company Ltd.,200,228.0,45600.0,2025-07-10 13:55:53.983874
2025-07-10,30861,2025071001025681,HBL,Bhrikuti Stock Broking Co. Pvt. Ltd.,Premier Securities Company Ltd.,100,228.0,22800.0,2025-07-10 13:56:01.508421
2025-07-10,30596,2025071001025759,HBL,Aryatara Investment & Securities,Naasa Securities Co. Ltd.,100,229.0,22900.0,2025-07-10 13:57:14.187700
2025-07-10,30418,2025071001025826,HBL,Sri Hari Securities Pvt. Ltd.,Vision Securities Pvt. Ltd,238,229.9,54716.2,2025-07-10 13:57:55.848610
2025-07-10,30417,2025071001025827,HBL,Sri Hari Securities Pvt. Ltd.,Midas Stock Broking Company Private Limited,12,229.9,2758.8,2025-07-10 13:57:55.849134
2025-07-10,30250,2025071001025897,HBL,Aryatara Investment & Securities,Midas Stock Broking Company Private Limited,288,229.9,66211.2,2025-07-10 13:58:37.225628
2025-07-10,30249,2025071001025898,HBL,Aryatara Investment & Securities,South Asian Bulls Pvt. Ltd.,12,229.9,2758.8,2025-07-10 13:58:37.225906
2025-07-10,29885,2025071001026001,HBL,Aryatara Investment & Securities,South Asian Bulls Pvt. Ltd.,35,229.9,8046.5,2025-07-10 13:59:50.182900
2025-07-10,29276,2025071001026267,HBL,Nepal Stock House (PVT) Ltd.,Trishakti Securities Public Limited,516,230.0,118680.0,2025-07-10 14:02:15.448938
2025-07-10,29275,2025071001026268,HBL,Nepal Stock House (PVT) Ltd.,Sewa Securities Pvt. Ltd.,10,230.0,2300.0,2025-07-10 14:02:15.449516
2025-07-10,29274,2025071001026269,HBL,Nepal Stock House (PVT) Ltd.,Vision Securities Pvt. Ltd,474,230.0,109020.0,2025-07-10 14:02:15.449913
2025-07-10,28388,2025071001026598,HBL,Sri Hari Securities Pvt. Ltd.,Vision Securities Pvt. Ltd,100,230.0,23000.0,2025-07-10 14:05:33.801562
2025-07-10,28370,2025071001026605,HBL,Investment Management Nepal Pvt. Ltd.,Vision Securities Pvt. Ltd,100,230.0,23000.0,2025-07-10 14:05:41.114265
2025-07-10,27505,2025071001026968,HBL,Online Securities Pvt. Ltd.,Sani Securities Company Ltd.,300,228.1,68430.0,2025-07-10 14:08:57.572107
2025-07-10,27504,2025071001026969,HBL,Aryatara Investment & Securities,Sani Securities Company Ltd.,50,228.1,11405.0,2025-07-10 14:08:57.572819
2025-07-10,27333,2025071001027029,HBL,Midas Stock Broking Company Private Limited,Sani Securities Company Ltd.,150,228.0,34200.0,2025-07-10 14:09:21.260021
2025-07-10,27069,2025071001027111,HBL,Midas Stock Broking Company Private Limited,Oxford Securities Pvt. Ltd.,150,228.0,34200.0,2025-07-10 14:10:40.212554
2025-07-10,27068,2025071001027112,HBL,Bhrikuti Stock Broking Co. Pvt. Ltd.,Oxford Securities Pvt. Ltd.,38,228.0,8664.0,2025-07-10 14:10:40.213060
2025-07-10,26076,2025071001027446,HBL,Naasa Securities Co. Ltd.,Himalayan Brokerage Company Limited,20,229.0,4580.0,2025-07-10 14:14:30.791888
2025-07-10,25986,2025071001027479,HBL,Siprabi Securities Pvt. Ltd.,Himalayan Brokerage Company Limited,80,229.0,18320.0,2025-07-10 14:15:02.264625
2025-07-10,25985,2025071001027480,HBL,Siprabi Securities Pvt. Ltd.,Online Securities Pvt. Ltd.,350,229.0,80150.0,2025-07-10 14:15:02.264917
2025-07-10,25881,2025071001027524,HBL,Aryatara Investment & Securities,Sani Securities Company Ltd.,10,228.5,2285.0,2025-07-10 14:15:31.441370
2025-07-10,25108,2025071001027843,HBL,Vision Securities Pvt. Ltd,Ashutosh Brokerage & Securities (PVT) Ltd.,200,228.4,45680.0,2025-07-10 14:18:12.428132
2025-07-10,24738,2025071001028003,HBL,Vision Securities Pvt. Ltd,Online Securities Pvt. Ltd.,237,228.4,54130.8,2025-07-10 14:19:35.499191
2025-07-10,24737,2025071001028004,HBL,Shree Krishna Securities Ltd.,Online Securities Pvt. Ltd.,11,228.0,2508.0,2025-07-10 14:19:35.499483
2025-07-10,22574,2025071001028763,HBL,Online Securities Pvt. Ltd.,Malla & Malla Stock Broking Company Pvt. Limited,49,227.8,11162.2,2025-07-10 14:25:45.313231
2025-07-10,22342,2025071001028853,HBL,Online Securities Pvt. Ltd.,Aryatara Investment & Securities,151,227.8,34397.8,2025-07-10 14:26:27.893407
2025-07-10,22341,2025071001028854,HBL,Dipshikha Dhitopatra Karobar Co. Pvt Ltd.,Aryatara Investment & Securities,49,227.8,11162.2,2025-07-10 14:26:27.893690
2025-07-10,22270,2025071001028884,HBL,Dipshikha Dhitopatra Karobar Co. Pvt Ltd.,Online Securities Pvt. Ltd.,70,227.8,15946.0,2025-07-10 14:26:45.272204
2025-07-10,22269,2025071001028885,HBL,Online Securities Pvt. Ltd.,Online Securities Pvt. Ltd.,1332,227.8,303429.6,2025-07-10 14:26:45.272738
2025-07-10,22183,2025071001028933,HBL,Online Securities Pvt. Ltd.,Online Securities Pvt. Ltd.,263,227.8,59911.4,2025-07-10 14:27:00.868050
2025-07-10,22182,2025071001028934,HBL,Investment Management Nepal Pvt. Ltd.,Online Securities Pvt. Ltd.,237,227.7,53964.9,2025-07-10 14:27:00.868554
2025-07-10,21191,2025071001029217,HBL,Dynamic Money Managers Securities Pvt. Ltd.,Sewa Securities Pvt. Ltd.,100,228.0,22800.0,2025-07-10 14:29:39.996539
2025-07-10,21190,2025071001029218,HBL,Dynamic Money Managers Securities Pvt. Ltd.,Cristal Kanchanjanga Securites Pvt. Ltd.,900,228.0,205200.0,2025-07-10 14:29:39.997100
2025-07-10,20600,2025071001029393,HBL,Investment Management Nepal Pvt. Ltd.,Vision Securities Pvt. Ltd,763,227.7,173735.1,2025-07-10 14:31:25.161612
2025-07-10,20599,2025071001029394,HBL,Linch Stock Market Ltd.,Vision Securities Pvt. Ltd,237,227.7,53964.9,2025-07-10 14:31:25.161969
2025-07-10,20472,2025071001029444,HBL,Dynamic Money Managers Securities Pvt. Ltd.,Asian Securities Private Ltd.,500,227.8,113900.0,2025-07-10 14:31:50.835626
2025-07-10,20290,2025071001029522,HBL,Linch Stock Market Ltd.,Vision Securities Pvt. Ltd,1000,227.7,227700.0,2025-07-10 14:32:24.717158
2025-07-10,20264,2025071001029538,HBL,Linch Stock Market Ltd.,Imperial Securities Company Pvt. Ltd.,25,227.7,5692.5,2025-07-10 14:32:27.378762
2025-07-10,20163,2025071001029568,HBL,Linch Stock Market Ltd.,South Asian Bulls Pvt. Ltd.,200,227.7,45540.0,2025-07-10 14:32:46.529340
2025-07-10,20060,2025071001029611,HBL,Trisul Securities & Invt. Ltd.,Asian Securities Private Ltd.,60,227.8,13668.0,2025-07-10 14:33:05.752220
2025-07-10,20008,2025071001029628,HBL,Linch Stock Market Ltd.,Vision Securities Pvt. Ltd,538,227.7,122502.6,2025-07-10 14:33:16.211163
2025-07-10,19649,2025071001029778,HBL,KALASH STOCK MARKET PVT. LTD.,Vision Securities Pvt. Ltd,462,227.7,105197.4,2025-07-10 14:34:09.602385
2025-07-10,19648,2025071001029779,HBL,KALASH STOCK MARKET PVT. LTD.,ABC Securities Private Limited,100,227.7,22770.0,2025-07-10 14:34:09.602890
2025-07-10,19647,2025071001029780,HBL,KALASH STOCK MARKET PVT. LTD.,Asian Securities Private Ltd.,90,227.8,20502.0,2025-07-10 14:34:09.603222
2025-07-10,19646,2025071001029781,HBL,KALASH STOCK MARKET PVT. LTD.,Sani Securities Company Ltd.,300,227.9,68370.0,2025-07-10 14:34:09.603583
2025-07-10,19645,2025071001029782,HBL,KALASH STOCK MARKET PVT. LTD.,Cristal Kanchanjanga Securites Pvt. Ltd.,48,228.0,10944.0,2025-07-10 14:34:09.603882
2025-07-10,19373,2025071001029894,HBL,Sewa Securities Pvt. Ltd.,Online Securities Pvt. Ltd.,18,227.8,4100.4,2025-07-10 14:35:01.484569
2025-07-10,19196,2025071001029964,HBL,Sewa Securities Pvt. Ltd.,Sani Securities Company Ltd.,112,227.8,25513.6,2025-07-10 14:35:26.392814
2025-07-10,19195,2025071001029965,HBL,Aryatara Investment & Securities,Sani Securities Company Ltd.,23,227.8,5239.4,2025-07-10 14:35:26.393362
2025-07-10,19194,2025071001029966,HBL,Aryatara Investment & Securities,Premier Securities Company Ltd.,77,227.8,17540.6,2025-07-10 14:35:26.670293
2025-07-10,19193,2025071001029967,HBL,KALASH STOCK MARKET PVT. LTD.,Premier Securities Company Ltd.,99,227.7,22542.3,2025-07-10 14:35:26.670637
2025-07-10,18783,2025071001030107,HBL,KALASH STOCK MARKET PVT. LTD.,Dipshikha Dhitopatra Karobar Co. Pvt Ltd.,201,227.7,45767.7,2025-07-10 14:36:16.978628
2025-07-10,18782,2025071001030108,HBL,Online Securities Pvt. Ltd.,Dipshikha Dhitopatra Karobar Co. Pvt Ltd.,200,227.7,45540.0,2025-07-10 14:36:16.978915
2025-07-10,18341,2025071001030311,HBL,Thrive Brokerage House Pvt. Ltd,Sajilo Broker Limited,94,227.6,21394.4,2025-07-10 14:37:04.760264
2025-07-10,18325,2025071001030316,HBL,Online Securities Pvt. Ltd.,Dipshikha Dhitopatra Karobar Co. Pvt Ltd.,90,227.7,20493.0,2025-07-10 14:37:07.971662
2025-07-10,18210,2025071001030333,HBL,Sri Hari Securities Pvt. Ltd.,Cristal Kanchanjanga Securites Pvt. Ltd.,25,228.0,5700.0,2025-07-10 14:37:18.952942
2025-07-10,18171,2025071001030347,HBL,Vision Securities Pvt. Ltd,Cristal Kanchanjanga Securites Pvt. Ltd.,27,228.0,6156.0,2025-07-10 14:37:22.147178
2025-07-10,18170,2025071001030348,HBL,Vision Securities Pvt. Ltd,Thrive Brokerage House Pvt. Ltd,280,228.0,63840.0,2025-07-10 14:37:22.147468
2025-07-10,17976,2025071001030399,HBL,KALASH STOCK MARKET PVT. LTD.,Thrive Brokerage House Pvt. Ltd,220,228.0,50160.0,2025-07-10 14:37:49.383177
2025-07-10,17975,2025071001030400,HBL,KALASH STOCK MARKET PVT. LTD.,Creative Securities Pvt Ltd,50,228.0,11400.0,2025-07-10 14:37:49.383469
2025-07-10,17889,2025071001030419,HBL,KALASH STOCK MARKET PVT. LTD.,Dipshikha Dhitopatra Karobar Co. Pvt Ltd.,10,228.0,2280.0,2025-07-10 14:38:06.291724
2025-07-10,17431,2025071001030633,HBL,KALASH STOCK MARKET PVT. LTD.,Trishakti Securities Public Limited,720,228.0,164160.0,2025-07-10 14:39:12.592977
2025-07-10,17430,2025071001030634,HBL,Bhrikuti Stock Broking Co. Pvt. Ltd.,Trishakti Securities Public Limited,17,228.0,3876.0,2025-07-10 14:39:12.593039
2025-07-10,17429,2025071001030635,HBL,Thrive Brokerage House Pvt. Ltd,Trishakti Securities Public Limited,356,227.6,81025.6,2025-07-10 14:39:12.593093
2025-07-10,17428,2025071001030636,HBL,Neev Securities Pvt. Ltd.,Trishakti Securities Public Limited,1250,227.6,284500.0,2025-07-10 14:39:12.593130
2025-07-10,17427,2025071001030637,HBL,Cristal Kanchanjanga Securites Pvt. Ltd.,Trishakti Securities Public Limited,5000,227.6,1138000.0,2025-07-10 14:39:12.593158
2025-07-10,17426,2025071001030638,HBL,Primo Securities (PVT) Ltd.,Trishakti Securities Public Limited,45,227.5,10237.5,2025-07-10 14:39:12.593197
2025-07-10,17425,2025071001030639,HBL,Kohinoor Investment & Securities Pvt. Ltd.,Trishakti Securities Public Limited,100,227.5,22750.0,2025-07-10 14:39:12.593235
2025-07-10,17424,2025071001030640,HBL,Agrawal Securities (PVT) Ltd.,Trishakti Securities Public Limited,1000,227.4,227400.0,2025-07-10 14:39:12.593280
2025-07-10,17423,2025071001030641,HBL,Sumeru Securities Pvt. Ltd.,Trishakti Securities Public Limited,50,227.3,11365.0,2025-07-10 14:39:12.593320
2025-07-10,17422,2025071001030642,HBL,Kalika Securities Pvt. Ltd.,Trishakti Securities Public Limited,200,227.3,45460.0,2025-07-10 14:39:12.593360
2025-07-10,17421,2025071001030643,HBL,Thrive Brokerage House Pvt. Ltd,Trishakti Securities Public Limited,1262,227.2,286726.4,2025-07-10 14:39:12.593407
2025-07-10,17173,2025071001030745,HBL,Thrive Brokerage House Pvt. Ltd,Swarna Laxmi Securities Pvt. Ltd.,738,227.2,167673.6,2025-07-10 14:39:46.564952
2025-07-10,17172,2025071001030746,HBL,Sumeru Securities Pvt. Ltd.,Swarna Laxmi Securities Pvt. Ltd.,50,227.2,11360.0,2025-07-10 14:39:46.565225
2025-07-10,17171,2025071001030747,HBL,Dipshikha Dhitopatra Karobar Co. Pvt Ltd.,Swarna Laxmi Securities Pvt. Ltd.,68,227.0,15436.0,2025-07-10 14:39:46.565334
2025-07-10,17170,2025071001030748,HBL,Premier Securities Company Ltd.,Swarna Laxmi Securities Pvt. Ltd.,30,227.0,6810.0,2025-07-10 14:39:46.565798
2025-07-10,17169,2025071001030749,HBL,Neev Securities Pvt. Ltd.,Swarna Laxmi Securities Pvt. Ltd.,110,227.0,24970.0,2025-07-10 14:39:46.566128
2025-07-10,15418,2025071001031426,HBL,Vision Securities Pvt. Ltd,Sundhara Securities Limited,15,227.5,3412.5,2025-07-10 14:43:19.835161
2025-07-10,15417,2025071001031427,HBL,Dipshikha Dhitopatra Karobar Co. Pvt Ltd.,Sundhara Securities Limited,88,227.5,20020.0,2025-07-10 14:43:19.835643
2025-07-10,13908,2025071001031906,HBL,Vision Securities Pvt. Ltd,Sani Securities Company Ltd.,100,228.5,22850.0,2025-07-10 14:45:36.890376
2025-07-10,13455,2025071001032054,HBL,Naasa Securities Co. Ltd.,Aryatara Investment & Securities,100,228.0,22800.0,2025-07-10 14:46:33.199453
2025-07-10,12404,2025071001032388,HBL,Aryatara Investment & Securities,Naasa Securities Co. Ltd.,10,228.3,2283.0,2025-07-10 14:48:30.134652
2025-07-10,10421,2025071001033108,HBL,Indira securities pvt. ltd,Sani Securities Company Ltd.,290,228.5,66265.0,2025-07-10 14:51:29.892422
2025-07-10,10420,2025071001033109,HBL,Indira securities pvt. ltd,Sumeru Securities Pvt. Ltd.,200,228.5,45700.0,2025-07-10 14:51:29.893137
2025-07-10,10419,2025071001033110,HBL,Indira securities pvt. ltd,Bhrikuti Stock Broking Co. Pvt. Ltd.,56,228.5,12796.0,2025-07-10 14:51:29.893642
2025-07-10,10418,2025071001033111,HBL,Indira securities pvt. ltd,Vision Securities Pvt. Ltd,943,228.7,215664.1,2025-07-10 14:51:29.894067
2025-07-10,10417,2025071001033112,HBL,Indira securities pvt. ltd,Sani Securities Company Ltd.,149,229.0,34121.0,2025-07-10 14:51:29.894443
2025-07-10,10416,2025071001033113,HBL,Indira securities pvt. ltd,Neev Securities Pvt. Ltd.,104,229.0,23816.0,2025-07-10 14:51:29.894863
2025-07-10,10415,2025071001033114,HBL,Indira securities pvt. ltd,Sani Securities Company Ltd.,258,229.0,59082.0,2025-07-10 14:51:29.895222
2025-07-10,8559,2025071001033676,HBL,Asian Securities Private Ltd.,Trishakti Securities Public Limited,250,228.0,57000.0,2025-07-10 14:53:43.866185
2025-07-10,8413,2025071001033726,HBL,Naasa Securities Co. Ltd.,Sani Securities Company Ltd.,256,229.0,58624.0,2025-07-10 14:53:55.491335
2025-07-10,8412,2025071001033727,HBL,Naasa Securities Co. Ltd.,Naasa Securities Co. Ltd.,101,229.0,23129.0,2025-07-10 14:53:55.491588
2025-07-10,8411,2025071001033728,HBL,Naasa Securities Co. Ltd.,Sani Securities Company Ltd.,100,229.0,22900.0,2025-07-10 14:53:55.491695
2025-07-10,8410,2025071001033729,HBL,Naasa Securities Co. Ltd.,Bhrikuti Stock Broking Co. Pvt. Ltd.,100,229.0,22900.0,2025-07-10 14:53:55.491810
2025-07-10,8409,2025071001033730,HBL,Naasa Securities Co. Ltd.,Siprabi Securities Pvt. Ltd.,112,229.6,25715.2,2025-07-10 14:53:55.491949
2025-07-10,8408,2025071001033731,HBL,Naasa Securities Co. Ltd.,J.F. Securites (PVT) Ltd.,280,229.7,64316.0,2025-07-10 14:53:55.492085
2025-07-10,8407,2025071001033732,HBL,Naasa Securities Co. Ltd.,Dipshikha Dhitopatra Karobar Co. Pvt Ltd.,51,229.7,11714.7,2025-07-10 14:53:55.492211
2025-07-10,7904,2025071001033903,HBL,Vision Securities Pvt. Ltd,R.B.B. Securities Company Ltd,20,229.0,4580.0,2025-07-10 14:54:30.412566
2025-07-10,7456,2025071001034036,HBL,Sewa Securities Pvt. Ltd.,R.B.B. Securities Company Ltd,100,229.0,22900.0,2025-07-10 14:55:05.786235
2025-07-10,6780,2025071001034204,HBL,Online Securities Pvt. Ltd.,Sani Securities Company Ltd.,32,228.5,7312.0,2025-07-10 14:55:51.887806
2025-07-10,6779,2025071001034205,HBL,Asian Securities Private Ltd.,Sani Securities Company Ltd.,121,228.0,27588.0,2025-07-10 14:55:51.888082
2025-07-10,6069,2025071001034425,HBL,Online Securities Pvt. Ltd.,Kohinoor Investment & Securities Pvt. Ltd.,90,228.7,20583.0,2025-07-10 14:56:33.618856
2025-07-10,5324,2025071001034699,HBL,Agrawal Securities (PVT) Ltd.,R.B.B. Securities Company Ltd,20,229.0,4580.0,2025-07-10 14:57:15.286893
2025-07-10,3708,2025071001035281,HBL,Imperial Securities Company Pvt. Ltd.,R.B.B. Securities Company Ltd,30,229.0,6870.0,2025-07-10 14:58:23.231104
2025-07-10,3707,2025071001035282,HBL,Imperial Securities Company Pvt. Ltd.,Linch Stock Market Ltd.,20,229.0,4580.0,2025-07-10 14:58:23.231378
2025-07-10,3706,2025071001035283,HBL,Imperial Securities Company Pvt. Ltd.,Kumari Securities Private Limited,50,229.0,11450.0,2025-07-10 14:58:23.231484
2025-07-10,3705,2025071001035284,HBL,Imperial Securities Company Pvt. Ltd.,Aryatara Investment & Securities,400,229.0,91600.0,2025-07-10 14:58:23.231588
2025-07-10,2496,2025071001035732,HBL,N.M.B. SECURITIES LIMITED,Kumari Securities Private Limited,700,228.9,160230.0,2025-07-10 14:59:06.759859
2025-07-10,2236,2025071001035820,HBL,Himalayan Brokerage Company Limited,Aryatara Investment & Securities,200,228.5,45700.0,2025-07-10 14:59:12.605289
2025-07-10,2235,2025071001035821,HBL,Sani Securities Company Ltd.,Aryatara Investment & Securities,300,228.5,68550.0,2025-07-10 14:59:12.605732
2025-07-10,1263,2025071001036139,HBL,Nepal Investment And Securities Trading Private Limited,Aryatara Investment & Securities,100,228.4,22840.0,2025-07-10 14:59:34.305701
2025-07-10,1183,2025071001036165,HBL,Nepal Investment And Securities Trading Private Limited,Aryatara Investment & Securities,95,228.4,21698.0,2025-07-10 14:59:36.600151
2025-07-10,1145,2025071001036180,HBL,Dynamic Money Managers Securities Pvt. Ltd.,Aryatara Investment & Securities,905,228.4,206702.0,2025-07-10 14:59:37.448160
2025-07-10,979,2025071001036239,HBL,Dynamic Money Managers Securities Pvt. Ltd.,Sumeru Securities Pvt. Ltd.,95,228.5,21707.5,2025-07-10 14:59:40.332329
2025-07-10,978,2025071001036240,HBL,Sani Securities Company Ltd.,Sumeru Securities Pvt. Ltd.,105,228.5,23992.5,2025-07-10 14:59:40.332620
