Date,S.N.,Contract ID,Symbol,Buyer Broker,Seller Broker,volume,rate,amount,transaction_time
2025-07-10,88608,2025071005000004,NRN,Naasa Securities Co. Ltd.,SHUBHAKAMANA SECURITIES PVT. LTD,100,2364.9,236490.0,2025-07-10 10:46:00.018631
2025-07-10,88607,2025071005000005,NRN,Sumeru Securities Pvt. Ltd.,SHUBHAKAMANA SECURITIES PVT. LTD,20,2364.9,47298.0,2025-07-10 10:46:00.018656
2025-07-10,88553,2025071005000010,NRN,Naasa Securities Co. Ltd.,Naasa Securities Co. Ltd.,100,2318.0,231800.0,2025-07-10 11:00:01.279430
2025-07-10,88552,2025071005000011,NRN,South Asian Bulls Pvt. Ltd.,Naasa Securities Co. Ltd.,100,2280.0,228000.0,2025-07-10 11:00:01.279471
2025-07-10,88551,2025071005000012,NRN,South Asian Bulls Pvt. Ltd.,Naasa Securities Co. Ltd.,100,2280.0,228000.0,2025-07-10 11:00:04.590761
2025-07-10,88550,2025071005000013,NRN,Naasa Securities Co. Ltd.,Naasa Securities Co. Ltd.,200,2280.0,456000.0,2025-07-10 11:00:04.590851
2025-07-10,88547,2025071005000014,NRN,Naasa Securities Co. Ltd.,Naasa Securities Co. Ltd.,100,2272.0,227200.0,2025-07-10 11:00:07.913428
2025-07-10,88545,2025071005000015,NRN,Naasa Securities Co. Ltd.,Naasa Securities Co. Ltd.,59000,2230.0,131570000.0,2025-07-10 11:00:13.485292
2025-07-10,88529,2025071005000016,NRN,Imperial Securities Company Pvt. Ltd.,Naasa Securities Co. Ltd.,200,2250.0,450000.0,2025-07-10 11:00:22.760234
2025-07-10,88528,2025071005000017,NRN,SHUBHAKAMANA SECURITIES PVT. LTD,Naasa Securities Co. Ltd.,200,2250.0,450000.0,2025-07-10 11:00:22.760308
2025-07-10,88527,2025071005000018,NRN,Himalayan Brokerage Company Limited,Naasa Securities Co. Ltd.,100,2235.0,223500.0,2025-07-10 11:00:22.760342
2025-07-10,88526,2025071005000019,NRN,Prabhu Stock Market Limited,Naasa Securities Co. Ltd.,2000,2231.0,4462000.0,2025-07-10 11:00:22.760387
2025-07-10,88525,2025071005000020,NRN,Naasa Securities Co. Ltd.,Naasa Securities Co. Ltd.,47500,2230.0,105925000.0,2025-07-10 11:00:22.760405
2025-07-10,88499,2025071005000024,NRN,South Asian Bulls Pvt. Ltd.,Naasa Securities Co. Ltd.,100,2251.0,225100.0,2025-07-10 11:00:31.860602
2025-07-10,88498,2025071005000025,NRN,Miyo Securities Pvt Ltd,Naasa Securities Co. Ltd.,800,2250.0,1800000.0,2025-07-10 11:00:31.860695
2025-07-10,88497,2025071005000026,NRN,Vision Securities Pvt. Ltd,Naasa Securities Co. Ltd.,50,2240.0,112000.0,2025-07-10 11:00:31.860819
2025-07-10,88496,2025071005000027,NRN,SHUBHAKAMANA SECURITIES PVT. LTD,Naasa Securities Co. Ltd.,100,2235.1,223510.0,2025-07-10 11:00:31.860886
2025-07-10,88495,2025071005000028,NRN,Imperial Securities Company Pvt. Ltd.,Naasa Securities Co. Ltd.,50,2235.0,111750.0,2025-07-10 11:00:31.860951
2025-07-10,88494,2025071005000029,NRN,INDEX SECURITIES LIMITED,Naasa Securities Co. Ltd.,2500,2235.0,5587500.0,2025-07-10 11:00:31.861015
2025-07-10,88493,2025071005000030,NRN,Market Securities & Exchange (PVT) Ltd.,Naasa Securities Co. Ltd.,1000,2235.0,2235000.0,2025-07-10 11:00:31.861078
2025-07-10,88492,2025071005000031,NRN,Vision Securities Pvt. Ltd,Naasa Securities Co. Ltd.,50,2235.0,111750.0,2025-07-10 11:00:31.861141
2025-07-10,88491,2025071005000032,NRN,Prabhu Stock Market Limited,Naasa Securities Co. Ltd.,1000,2231.0,2231000.0,2025-07-10 11:00:31.861205
2025-07-10,88490,2025071005000033,NRN,Prabhu Stock Market Limited,Naasa Securities Co. Ltd.,1000,2231.0,2231000.0,2025-07-10 11:00:31.861271
2025-07-10,88489,2025071005000034,NRN,Naasa Securities Co. Ltd.,Naasa Securities Co. Ltd.,34500,2230.0,76935000.0,2025-07-10 11:00:31.861350
2025-07-10,88488,2025071005000035,NRN,Naasa Securities Co. Ltd.,Naasa Securities Co. Ltd.,17850,2230.0,39805500.0,2025-07-10 11:00:31.861413
2025-07-10,88379,2025071005000046,NRN,Naasa Securities Co. Ltd.,ABC Securities Private Limited,10,2274.6,22746.0,2025-07-10 11:01:25.023788
2025-07-10,88299,2025071005000051,NRN,Sumeru Securities Pvt. Ltd.,Naasa Securities Co. Ltd.,100,2300.0,230000.0,2025-07-10 11:01:52.051604
2025-07-10,88187,2025071005000063,NRN,Midas Stock Broking Company Private Limited,Naasa Securities Co. Ltd.,40,2320.1,92804.0,2025-07-10 11:02:30.442435
2025-07-10,88062,2025071005000073,NRN,Naasa Securities Co. Ltd.,Siprabi Securities Pvt. Ltd.,100,2340.0,234000.0,2025-07-10 11:03:07.933574
2025-07-10,88042,2025071005000078,NRN,Naasa Securities Co. Ltd.,SHUBHAKAMANA SECURITIES PVT. LTD,30,2340.0,70200.0,2025-07-10 11:03:12.956528
2025-07-10,88040,2025071005000079,NRN,Naasa Securities Co. Ltd.,Naasa Securities Co. Ltd.,70,2340.0,163800.0,2025-07-10 11:03:13.016929
2025-07-10,88011,2025071005000081,NRN,Citizens Share Broker Limited,Naasa Securities Co. Ltd.,30,2340.0,70200.0,2025-07-10 11:03:18.887931
2025-07-10,88010,2025071005000082,NRN,Citizens Share Broker Limited,Magnet Securities and Investment Company Private Limited,100,2346.0,234600.0,2025-07-10 11:03:18.887997
2025-07-10,88009,2025071005000083,NRN,Citizens Share Broker Limited,Sri Hari Securities Pvt. Ltd.,50,2346.0,117300.0,2025-07-10 11:03:18.888027
2025-07-10,88008,2025071005000084,NRN,Citizens Share Broker Limited,Siprabi Securities Pvt. Ltd.,100,2350.0,235000.0,2025-07-10 11:03:18.888051
2025-07-10,88007,2025071005000085,NRN,Citizens Share Broker Limited,SHUBHAKAMANA SECURITIES PVT. LTD,100,2353.0,235300.0,2025-07-10 11:03:18.888100
2025-07-10,88006,2025071005000086,NRN,Citizens Share Broker Limited,Himalayan Brokerage Company Limited,58,2355.0,136590.0,2025-07-10 11:03:18.888124
2025-07-10,88005,2025071005000087,NRN,Citizens Share Broker Limited,Trisul Securities & Invt. Ltd.,30,2355.0,70650.0,2025-07-10 11:03:18.888153
2025-07-10,88004,2025071005000088,NRN,Citizens Share Broker Limited,Miyo Securities Pvt Ltd,32,2359.0,75488.0,2025-07-10 11:03:18.888187
2025-07-10,87980,2025071005000090,NRN,Sanima Securities Limited,Oxford Securities Pvt. Ltd.,11,2358.9,25947.9,2025-07-10 11:03:26.828751
2025-07-10,87958,2025071005000095,NRN,Sanima Securities Limited,Sweta Securities Private Limited,21,2358.9,49536.9,2025-07-10 11:03:38.576383
2025-07-10,87955,2025071005000097,NRN,Sanima Securities Limited,Sri Hari Securities Pvt. Ltd.,22,2358.9,51895.8,2025-07-10 11:03:40.764726
2025-07-10,87953,2025071005000098,NRN,Dipshikha Dhitopatra Karobar Co. Pvt Ltd.,Sri Hari Securities Pvt. Ltd.,30,2358.0,70740.0,2025-07-10 11:03:41.361777
2025-07-10,87585,2025071005000136,NRN,SHUBHAKAMANA SECURITIES PVT. LTD,Sweta Securities Private Limited,100,2350.0,235000.0,2025-07-10 11:05:25.421527
2025-07-10,87578,2025071005000138,NRN,Naasa Securities Co. Ltd.,Nepal Stock House (PVT) Ltd.,20,2350.0,47000.0,2025-07-10 11:05:27.651017
2025-07-10,87577,2025071005000139,NRN,Naasa Securities Co. Ltd.,Imperial Securities Company Pvt. Ltd.,180,2350.0,423000.0,2025-07-10 11:05:27.651178
2025-07-10,87507,2025071005000155,NRN,Aryatara Investment & Securities,Secured Securities Ltd.,30,2349.9,70497.0,2025-07-10 11:05:50.440605
2025-07-10,87506,2025071005000156,NRN,Aryatara Investment & Securities,Imperial Securities Company Pvt. Ltd.,10,2350.0,23500.0,2025-07-10 11:05:50.440759
2025-07-10,87349,2025071005000179,NRN,Market Securities & Exchange (PVT) Ltd.,Imperial Securities Company Pvt. Ltd.,10,2350.0,23500.0,2025-07-10 11:06:28.050681
2025-07-10,87348,2025071005000180,NRN,Market Securities & Exchange (PVT) Ltd.,Naasa Securities Co. Ltd.,10,2350.0,23500.0,2025-07-10 11:06:28.050851
2025-07-10,87284,2025071005000184,NRN,Sani Securities Company Ltd.,KALASH STOCK MARKET PVT. LTD.,200,2335.0,467000.0,2025-07-10 11:06:44.582308
2025-07-10,87200,2025071005000198,NRN,Naasa Securities Co. Ltd.,KALASH STOCK MARKET PVT. LTD.,100,2336.0,233600.0,2025-07-10 11:07:09.662593
2025-07-10,87096,2025071005000205,NRN,INDEX SECURITIES LIMITED,KALASH STOCK MARKET PVT. LTD.,100,2345.0,234500.0,2025-07-10 11:07:36.316084
2025-07-10,86996,2025071005000211,NRN,Naasa Securities Co. Ltd.,Naasa Securities Co. Ltd.,100,2336.0,233600.0,2025-07-10 11:08:09.262186
2025-07-10,86995,2025071005000212,NRN,Sani Securities Company Ltd.,Naasa Securities Co. Ltd.,17,2336.0,39712.0,2025-07-10 11:08:09.262398
2025-07-10,86867,2025071005000230,NRN,INDEX SECURITIES LIMITED,Naasa Securities Co. Ltd.,100,2336.0,233600.0,2025-07-10 11:08:41.754128
2025-07-10,86837,2025071005000232,NRN,Naasa Securities Co. Ltd.,Premier Securities Company Ltd.,16,2344.0,37504.0,2025-07-10 11:08:47.837744
2025-07-10,86816,2025071005000233,NRN,Nepal Stock House (PVT) Ltd.,Aryatara Investment & Securities,40,2335.0,93400.0,2025-07-10 11:08:52.389762
2025-07-10,86815,2025071005000234,NRN,Secured Securities Ltd.,Aryatara Investment & Securities,10,2335.0,23350.0,2025-07-10 11:08:52.389973
2025-07-10,86594,2025071005000259,NRN,Secured Securities Ltd.,ABC Securities Private Limited,11,2335.0,25685.0,2025-07-10 11:09:50.307246
2025-07-10,86368,2025071005000278,NRN,Secured Securities Ltd.,Online Securities Pvt. Ltd.,29,2335.0,67715.0,2025-07-10 11:10:27.674643
2025-07-10,86249,2025071005000296,NRN,Trisul Securities & Invt. Ltd.,KALASH STOCK MARKET PVT. LTD.,20,2335.0,46700.0,2025-07-10 11:10:48.310885
2025-07-10,86248,2025071005000297,NRN,Sri Hari Securities Pvt. Ltd.,KALASH STOCK MARKET PVT. LTD.,180,2333.0,419940.0,2025-07-10 11:10:48.311086
2025-07-10,85959,2025071005000348,NRN,SUN SECURITIES PVT LTD,KALASH STOCK MARKET PVT. LTD.,200,2333.1,466620.0,2025-07-10 11:11:57.495444
2025-07-10,85487,2025071005000408,NRN,Market Securities & Exchange (PVT) Ltd.,Premier Securities Company Ltd.,84,2335.0,196140.0,2025-07-10 11:13:41.560288
2025-07-10,85462,2025071005000412,NRN,Midas Stock Broking Company Private Limited,Linch Stock Market Ltd.,100,2340.0,234000.0,2025-07-10 11:13:48.088479
2025-07-10,85461,2025071005000413,NRN,Midas Stock Broking Company Private Limited,Siprabi Securities Pvt. Ltd.,20,2340.0,46800.0,2025-07-10 11:13:48.088674
2025-07-10,85380,2025071005000425,NRN,Market Securities & Exchange (PVT) Ltd.,Aryatara Investment & Securities,11,2343.8,25781.8,2025-07-10 11:14:11.138566
2025-07-10,85251,2025071005000451,NRN,Market Securities & Exchange (PVT) Ltd.,KALASH STOCK MARKET PVT. LTD.,16,2343.9,37502.4,2025-07-10 11:14:38.277248
2025-07-10,85210,2025071005000458,NRN,Sri Hari Securities Pvt. Ltd.,KALASH STOCK MARKET PVT. LTD.,84,2343.9,196887.6,2025-07-10 11:14:45.773628
2025-07-10,85209,2025071005000459,NRN,Sri Hari Securities Pvt. Ltd.,Naasa Securities Co. Ltd.,78,2344.0,182832.0,2025-07-10 11:14:45.773817
2025-07-10,85151,2025071005000468,NRN,Thrive Brokerage House Pvt. Ltd,Naasa Securities Co. Ltd.,22,2344.0,51568.0,2025-07-10 11:14:55.200954
2025-07-10,85150,2025071005000469,NRN,Thrive Brokerage House Pvt. Ltd,Vision Securities Pvt. Ltd,11,2344.0,25784.0,2025-07-10 11:14:55.201178
2025-07-10,85071,2025071005000483,NRN,Sharepro Securities Private Limited,Naasa Securities Co. Ltd.,100,2345.0,234500.0,2025-07-10 11:15:07.119254
2025-07-10,84839,2025071005000513,NRN,Sharepro Securities Private Limited,Dynamic Money Managers Securities Pvt. Ltd.,400,2345.2,938080.0,2025-07-10 11:15:51.212977
2025-07-10,84838,2025071005000514,NRN,SUN SECURITIES PVT LTD,Dynamic Money Managers Securities Pvt. Ltd.,100,2345.1,234510.0,2025-07-10 11:15:51.213192
2025-07-10,84836,2025071005000516,NRN,SUN SECURITIES PVT LTD,Kumari Securities Private Limited,11,2345.1,25796.1,2025-07-10 11:15:51.891338
2025-07-10,84821,2025071005000523,NRN,Midas Stock Broking Company Private Limited,Miyo Securities Pvt Ltd,381,2349.9,895311.9,2025-07-10 11:15:57.401394
2025-07-10,84820,2025071005000524,NRN,Midas Stock Broking Company Private Limited,Naasa Securities Co. Ltd.,90,2350.0,211500.0,2025-07-10 11:15:57.401794
2025-07-10,84819,2025071005000525,NRN,Midas Stock Broking Company Private Limited,Trademow Securities Private Limited,30,2350.0,70500.0,2025-07-10 11:15:57.402068
2025-07-10,84818,2025071005000526,NRN,Midas Stock Broking Company Private Limited,Global IME Securities Limited,499,2350.0,1172650.0,2025-07-10 11:15:57.402381
2025-07-10,84767,2025071005000540,NRN,Miyo Securities Pvt Ltd,Nepal Stock House (PVT) Ltd.,50,2350.0,117500.0,2025-07-10 11:16:07.712552
2025-07-10,84766,2025071005000541,NRN,Miyo Securities Pvt Ltd,Nepal Stock House (PVT) Ltd.,120,2350.0,282000.0,2025-07-10 11:16:07.712785
2025-07-10,84765,2025071005000542,NRN,Miyo Securities Pvt Ltd,Siprabi Securities Pvt. Ltd.,100,2350.0,235000.0,2025-07-10 11:16:07.712910
2025-07-10,84764,2025071005000543,NRN,Miyo Securities Pvt Ltd,Nagarik Stock Dealer ,500,2350.0,1175000.0,2025-07-10 11:16:07.713004
2025-07-10,84689,2025071005000549,NRN,Kumari Securities Private Limited,Trisul Securities & Invt. Ltd.,20,2355.0,47100.0,2025-07-10 11:16:19.237028
2025-07-10,84688,2025071005000550,NRN,Kumari Securities Private Limited,Property Wiard Limited,100,2355.0,235500.0,2025-07-10 11:16:19.237308
2025-07-10,84687,2025071005000551,NRN,Kumari Securities Private Limited,Naasa Securities Co. Ltd.,11,2355.0,25905.0,2025-07-10 11:16:19.237410
2025-07-10,84617,2025071005000557,NRN,Market Securities & Exchange (PVT) Ltd.,Sri Hari Securities Pvt. Ltd.,10,2356.9,23569.0,2025-07-10 11:16:37.885030
2025-07-10,84435,2025071005000593,NRN,J.F. Securites (PVT) Ltd.,Sri Hari Securities Pvt. Ltd.,10,2356.9,23569.0,2025-07-10 11:17:08.648597
2025-07-10,84429,2025071005000594,NRN,Property Wiard Limited,Sri Hari Securities Pvt. Ltd.,20,2356.9,47138.0,2025-07-10 11:17:10.142284
2025-07-10,84384,2025071005000600,NRN,Kumari Securities Private Limited,Imperial Securities Company Pvt. Ltd.,149,2356.0,351044.0,2025-07-10 11:17:20.665253
2025-07-10,84041,2025071005000656,NRN,SUN SECURITIES PVT LTD,NIMB Stock Markets Limited,500,2350.6,1175300.0,2025-07-10 11:18:38.088389
2025-07-10,83870,2025071005000679,NRN,Bhrikuti Stock Broking Co. Pvt. Ltd.,Aryatara Investment & Securities,10,2350.6,23506.0,2025-07-10 11:19:15.502574
2025-07-10,83867,2025071005000681,NRN,Bhrikuti Stock Broking Co. Pvt. Ltd.,Trisul Securities & Invt. Ltd.,10,2350.6,23506.0,2025-07-10 11:19:17.000495
2025-07-10,83801,2025071005000693,NRN,Sani Securities Company Ltd.,Miyo Securities Pvt Ltd,10,2355.0,23550.0,2025-07-10 11:19:31.421877
2025-07-10,83800,2025071005000694,NRN,Sani Securities Company Ltd.,KALASH STOCK MARKET PVT. LTD.,100,2355.0,235500.0,2025-07-10 11:19:31.422331
2025-07-10,83799,2025071005000695,NRN,Sani Securities Company Ltd.,Imperial Securities Company Pvt. Ltd.,51,2356.0,120156.0,2025-07-10 11:19:31.422624
2025-07-10,83798,2025071005000696,NRN,Sani Securities Company Ltd.,Sri Hari Securities Pvt. Ltd.,39,2356.7,91911.3,2025-07-10 11:19:31.422940
2025-07-10,83433,2025071005000748,NRN,Linch Stock Market Ltd.,Sri Hari Securities Pvt. Ltd.,145,2355.9,341605.5,2025-07-10 11:20:33.960910
2025-07-10,83411,2025071005000750,NRN,Sanima Securities Limited,J.F. Securites (PVT) Ltd.,11,2350.8,25858.8,2025-07-10 11:20:39.097243
2025-07-10,83410,2025071005000751,NRN,SUN SECURITIES PVT LTD,J.F. Securites (PVT) Ltd.,89,2350.7,209212.3,2025-07-10 11:20:39.097502
2025-07-10,82995,2025071005000792,NRN,Primo Securities (PVT) Ltd.,Sri Hari Securities Pvt. Ltd.,24,2351.0,56424.0,2025-07-10 11:21:57.277741
2025-07-10,82935,2025071005000799,NRN,Bhrikuti Stock Broking Co. Pvt. Ltd.,South Asian Bulls Pvt. Ltd.,30,2350.8,70524.0,2025-07-10 11:22:09.074291
2025-07-10,82934,2025071005000800,NRN,SUN SECURITIES PVT LTD,South Asian Bulls Pvt. Ltd.,20,2350.7,47014.0,2025-07-10 11:22:09.074805
2025-07-10,82783,2025071005000827,NRN,Sanima Securities Limited,Global IME Securities Limited,11,2351.1,25862.1,2025-07-10 11:22:38.981708
2025-07-10,82782,2025071005000828,NRN,ABC Securities Private Limited,Global IME Securities Limited,10,2351.0,23510.0,2025-07-10 11:22:38.981961
2025-07-10,82781,2025071005000829,NRN,Cristal Kanchanjanga Securites Pvt. Ltd.,Global IME Securities Limited,100,2351.0,235100.0,2025-07-10 11:22:38.982066
2025-07-10,82780,2025071005000830,NRN,Midas Stock Broking Company Private Limited,Global IME Securities Limited,40,2351.0,94040.0,2025-07-10 11:22:38.982166
2025-07-10,82779,2025071005000831,NRN,SUN SECURITIES PVT LTD,Global IME Securities Limited,100,2350.9,235090.0,2025-07-10 11:22:38.982269
2025-07-10,82778,2025071005000832,NRN,SUN SECURITIES PVT LTD,Global IME Securities Limited,280,2350.7,658196.0,2025-07-10 11:22:38.982377
2025-07-10,82777,2025071005000833,NRN,Bhrikuti Stock Broking Co. Pvt. Ltd.,Global IME Securities Limited,80,2350.6,188048.0,2025-07-10 11:22:38.982482
2025-07-10,82776,2025071005000834,NRN,Bhrikuti Stock Broking Co. Pvt. Ltd.,Global IME Securities Limited,50,2350.6,117530.0,2025-07-10 11:22:38.982582
2025-07-10,82775,2025071005000835,NRN,Nabil Stock Dealer Ltd.,Global IME Securities Limited,50,2350.2,117510.0,2025-07-10 11:22:38.982681
2025-07-10,82774,2025071005000836,NRN,Miyo Securities Pvt Ltd,Global IME Securities Limited,280,2350.0,658000.0,2025-07-10 11:22:38.982802
2025-07-10,82755,2025071005000837,NRN,Miyo Securities Pvt Ltd,Aryatara Investment & Securities,340,2350.0,799000.0,2025-07-10 11:22:43.264422
2025-07-10,82676,2025071005000855,NRN,Vision Securities Pvt. Ltd,KALASH STOCK MARKET PVT. LTD.,200,2345.0,469000.0,2025-07-10 11:22:59.523111
2025-07-10,82675,2025071005000856,NRN,Vision Securities Pvt. Ltd,KALASH STOCK MARKET PVT. LTD.,200,2345.0,469000.0,2025-07-10 11:22:59.523385
2025-07-10,82547,2025071005000876,NRN,Vision Securities Pvt. Ltd,Imperial Securities Company Pvt. Ltd.,100,2345.0,234500.0,2025-07-10 11:23:21.520517
2025-07-10,82161,2025071005000921,NRN,Investment Management Nepal Pvt. Ltd.,Linch Stock Market Ltd.,100,2346.1,234610.0,2025-07-10 11:24:38.725178
2025-07-10,82098,2025071005000931,NRN,Primo Securities (PVT) Ltd.,KALASH STOCK MARKET PVT. LTD.,200,2349.9,469980.0,2025-07-10 11:24:45.521764
2025-07-10,82008,2025071005000946,NRN,Dipshikha Dhitopatra Karobar Co. Pvt Ltd.,Aryatara Investment & Securities,110,2350.0,258500.0,2025-07-10 11:25:00.901326
2025-07-10,82007,2025071005000947,NRN,Dipshikha Dhitopatra Karobar Co. Pvt Ltd.,Linch Stock Market Ltd.,40,2350.0,94000.0,2025-07-10 11:25:00.901591
2025-07-10,81914,2025071005000962,NRN,Dipshikha Dhitopatra Karobar Co. Pvt Ltd.,Linch Stock Market Ltd.,60,2350.0,141000.0,2025-07-10 11:25:16.068594
2025-07-10,81913,2025071005000963,NRN,Dipshikha Dhitopatra Karobar Co. Pvt Ltd.,Sweta Securities Private Limited,40,2350.0,94000.0,2025-07-10 11:25:16.068843
2025-07-10,81845,2025071005000973,NRN,Investment Management Nepal Pvt. Ltd.,Kumari Securities Private Limited,11,2346.1,25807.1,2025-07-10 11:25:28.300509
2025-07-10,81463,2025071005001022,NRN,Investment Management Nepal Pvt. Ltd.,Naasa Securities Co. Ltd.,89,2346.1,208802.9,2025-07-10 11:26:22.285519
2025-07-10,81462,2025071005001023,NRN,Oxford Securities Pvt. Ltd.,Naasa Securities Co. Ltd.,200,2346.1,469220.0,2025-07-10 11:26:22.285824
2025-07-10,81461,2025071005001024,NRN,Vision Securities Pvt. Ltd,Naasa Securities Co. Ltd.,100,2345.0,234500.0,2025-07-10 11:26:22.286013
2025-07-10,81460,2025071005001025,NRN,Investment Management Nepal Pvt. Ltd.,Naasa Securities Co. Ltd.,10,2345.0,23450.0,2025-07-10 11:26:22.286122
2025-07-10,81459,2025071005001026,NRN,Premier Securities Company Ltd.,Naasa Securities Co. Ltd.,200,2345.0,469000.0,2025-07-10 11:26:22.286225
2025-07-10,81458,2025071005001027,NRN,Thrive Brokerage House Pvt. Ltd,Naasa Securities Co. Ltd.,67,2344.0,157048.0,2025-07-10 11:26:22.286343
2025-07-10,81457,2025071005001028,NRN,Market Securities & Exchange (PVT) Ltd.,Naasa Securities Co. Ltd.,39,2343.8,91408.2,2025-07-10 11:26:22.286448
2025-07-10,81456,2025071005001029,NRN,Vision Securities Pvt. Ltd,Naasa Securities Co. Ltd.,100,2343.0,234300.0,2025-07-10 11:26:22.286554
2025-07-10,81455,2025071005001030,NRN,Vision Securities Pvt. Ltd,Naasa Securities Co. Ltd.,200,2341.0,468200.0,2025-07-10 11:26:22.286668
2025-07-10,81454,2025071005001031,NRN,Midas Stock Broking Company Private Limited,Naasa Securities Co. Ltd.,80,2340.0,187200.0,2025-07-10 11:26:22.286768
2025-07-10,81453,2025071005001032,NRN,ABC Securities Private Limited,Naasa Securities Co. Ltd.,10,2340.0,23400.0,2025-07-10 11:26:22.286867
2025-07-10,81452,2025071005001033,NRN,Aryatara Investment & Securities,Naasa Securities Co. Ltd.,30,2340.0,70200.0,2025-07-10 11:26:22.286973
2025-07-10,81234,2025071005001067,NRN,Dipshikha Dhitopatra Karobar Co. Pvt Ltd.,Naasa Securities Co. Ltd.,150,2340.0,351000.0,2025-07-10 11:27:02.134236
2025-07-10,81160,2025071005001074,NRN,Trademow Securities Private Limited,Vision Securities Pvt. Ltd,1,2350.0,2350.0,2025-07-10 11:27:10.543221
2025-07-10,80850,2025071005001124,NRN,Miyo Securities Pvt Ltd,KALASH STOCK MARKET PVT. LTD.,100,2335.0,233500.0,2025-07-10 11:27:59.432505
2025-07-10,80718,2025071005001149,NRN,Trademow Securities Private Limited,Premier Securities Company Ltd.,30,2335.2,70056.0,2025-07-10 11:28:21.697410
2025-07-10,80630,2025071005001161,NRN,Midas Stock Broking Company Private Limited,Hatemalo Financial Services Private Limited,21,2335.1,49037.1,2025-07-10 11:28:32.085736
2025-07-10,80606,2025071005001165,NRN,Midas Stock Broking Company Private Limited,Naasa Securities Co. Ltd.,179,2335.1,417982.9,2025-07-10 11:28:35.854300
2025-07-10,80605,2025071005001166,NRN,Miyo Securities Pvt Ltd,Naasa Securities Co. Ltd.,100,2335.0,233500.0,2025-07-10 11:28:35.854563
2025-07-10,80604,2025071005001167,NRN,Naasa Securities Co. Ltd.,Naasa Securities Co. Ltd.,40,2335.0,93400.0,2025-07-10 11:28:35.854669
2025-07-10,80603,2025071005001168,NRN,Premier Securities Company Ltd.,Naasa Securities Co. Ltd.,200,2335.0,467000.0,2025-07-10 11:28:35.854771
2025-07-10,80602,2025071005001169,NRN,Oxford Securities Pvt. Ltd.,Naasa Securities Co. Ltd.,200,2335.0,467000.0,2025-07-10 11:28:35.854874
2025-07-10,80601,2025071005001170,NRN,Miyo Securities Pvt Ltd,Naasa Securities Co. Ltd.,200,2333.2,466640.0,2025-07-10 11:28:35.854979
2025-07-10,80600,2025071005001171,NRN,Miyo Securities Pvt Ltd,Naasa Securities Co. Ltd.,200,2333.1,466620.0,2025-07-10 11:28:35.855086
2025-07-10,80599,2025071005001172,NRN,Sani Securities Company Ltd.,Naasa Securities Co. Ltd.,100,2332.1,233210.0,2025-07-10 11:28:35.855203
2025-07-10,80598,2025071005001173,NRN,Aryatara Investment & Securities,Naasa Securities Co. Ltd.,50,2332.0,116600.0,2025-07-10 11:28:35.855308
2025-07-10,80597,2025071005001174,NRN,SHUBHAKAMANA SECURITIES PVT. LTD,Naasa Securities Co. Ltd.,100,2331.0,233100.0,2025-07-10 11:28:35.855416
2025-07-10,80596,2025071005001175,NRN,Primo Securities (PVT) Ltd.,Naasa Securities Co. Ltd.,100,2330.0,233000.0,2025-07-10 11:28:35.855520
2025-07-10,80595,2025071005001176,NRN,S.P.S.A. Securities Limited,Naasa Securities Co. Ltd.,50,2330.0,116500.0,2025-07-10 11:28:35.855619
2025-07-10,80594,2025071005001177,NRN,Naasa Securities Co. Ltd.,Naasa Securities Co. Ltd.,15,2330.0,34950.0,2025-07-10 11:28:35.855724
2025-07-10,80593,2025071005001178,NRN,Citizens Share Broker Limited,Naasa Securities Co. Ltd.,50,2330.0,116500.0,2025-07-10 11:28:35.855840
2025-07-10,80114,2025071005001260,NRN,K.B.L. Securities Limited ,Naasa Securities Co. Ltd.,20,2329.0,46580.0,2025-07-10 11:30:01.337555
2025-07-10,80113,2025071005001261,NRN,Dipshikha Dhitopatra Karobar Co. Pvt Ltd.,Naasa Securities Co. Ltd.,20,2329.0,46580.0,2025-07-10 11:30:01.337850
2025-07-10,80112,2025071005001262,NRN,Citizens Share Broker Limited,Naasa Securities Co. Ltd.,50,2328.0,116400.0,2025-07-10 11:30:01.337958
2025-07-10,80010,2025071005001278,NRN,Citizens Share Broker Limited,Vision Securities Pvt. Ltd,100,2327.0,232700.0,2025-07-10 11:30:20.106145
2025-07-10,80003,2025071005001279,NRN,Nabil Stock Dealer Ltd.,Naasa Securities Co. Ltd.,50,2330.0,116500.0,2025-07-10 11:30:23.367269
2025-07-10,79870,2025071005001290,NRN,Secured Securities Ltd.,ABC Securities Private Limited,11,2326.0,25586.0,2025-07-10 11:30:52.191150
2025-07-10,79816,2025071005001298,NRN,Agrawal Securities (PVT) Ltd.,Linch Stock Market Ltd.,11,2326.0,25586.0,2025-07-10 11:31:02.348851
2025-07-10,79631,2025071005001335,NRN,Dynamic Money Managers Securities Pvt. Ltd.,Naasa Securities Co. Ltd.,91,2330.0,212030.0,2025-07-10 11:31:41.296103
2025-07-10,79548,2025071005001352,NRN,Midas Stock Broking Company Private Limited,Capital Max Securities Ltd,15,2330.0,34950.0,2025-07-10 11:31:58.423087
2025-07-10,79547,2025071005001353,NRN,Midas Stock Broking Company Private Limited,Vision Securities Pvt. Ltd,85,2330.0,198050.0,2025-07-10 11:31:58.423605
2025-07-10,79541,2025071005001354,NRN,Midas Stock Broking Company Private Limited,Imperial Securities Company Pvt. Ltd.,11,2326.0,25586.0,2025-07-10 11:32:00.180541
2025-07-10,79276,2025071005001401,NRN,Midas Stock Broking Company Private Limited,Kohinoor Investment & Securities Pvt. Ltd.,11,2326.0,25586.0,2025-07-10 11:32:48.509672
2025-07-10,79264,2025071005001402,NRN,Midas Stock Broking Company Private Limited,Primo Securities (PVT) Ltd.,11,2326.0,25586.0,2025-07-10 11:32:49.661164
2025-07-10,79250,2025071005001406,NRN,Midas Stock Broking Company Private Limited,Premier Securities Company Ltd.,70,2326.0,162820.0,2025-07-10 11:32:52.458773
2025-07-10,79222,2025071005001418,NRN,Nagarik Stock Dealer ,Vision Securities Pvt. Ltd,15,2330.0,34950.0,2025-07-10 11:32:54.548653
2025-07-10,78829,2025071005001479,NRN,Midas Stock Broking Company Private Limited,Online Securities Pvt. Ltd.,11,2333.0,25663.0,2025-07-10 11:34:09.973901
2025-07-10,78828,2025071005001480,NRN,Midas Stock Broking Company Private Limited,KALASH STOCK MARKET PVT. LTD.,189,2334.0,441126.0,2025-07-10 11:34:09.974469
2025-07-10,78674,2025071005001506,NRN,S.P.S.A. Securities Limited,KALASH STOCK MARKET PVT. LTD.,11,2334.0,25674.0,2025-07-10 11:34:46.294081
2025-07-10,78564,2025071005001516,NRN,S.P.S.A. Securities Limited,Naasa Securities Co. Ltd.,11,2334.0,25674.0,2025-07-10 11:35:07.602930
2025-07-10,78517,2025071005001521,NRN,Nabil Stock Dealer Ltd.,BHOLE GANESH SECURITIES LTD,20,2335.0,46700.0,2025-07-10 11:35:12.066470
2025-07-10,78433,2025071005001540,NRN,S.P.S.A. Securities Limited,Naasa Securities Co. Ltd.,68,2334.0,158712.0,2025-07-10 11:35:28.051382
2025-07-10,78432,2025071005001541,NRN,Oxford Securities Pvt. Ltd.,Naasa Securities Co. Ltd.,500,2334.0,1167000.0,2025-07-10 11:35:28.051716
2025-07-10,78431,2025071005001542,NRN,Nepal Stock House (PVT) Ltd.,Naasa Securities Co. Ltd.,200,2332.0,466400.0,2025-07-10 11:35:28.051844
2025-07-10,78430,2025071005001543,NRN,Dynamic Money Managers Securities Pvt. Ltd.,Naasa Securities Co. Ltd.,200,2331.2,466240.0,2025-07-10 11:35:28.051954
2025-07-10,78429,2025071005001544,NRN,Sharepro Securities Private Limited,Naasa Securities Co. Ltd.,100,2331.1,233110.0,2025-07-10 11:35:28.052063
2025-07-10,78428,2025071005001545,NRN,Nagarik Stock Dealer ,Naasa Securities Co. Ltd.,35,2331.0,81585.0,2025-07-10 11:35:28.052170
2025-07-10,78187,2025071005001582,NRN,Oxford Securities Pvt. Ltd.,Midas Stock Broking Company Private Limited,11,2327.0,25597.0,2025-07-10 11:36:13.513164
2025-07-10,78120,2025071005001591,NRN,Kohinoor Investment & Securities Pvt. Ltd.,Shree Krishna Securities Ltd.,43,2329.0,100147.0,2025-07-10 11:36:31.646699
2025-07-10,78042,2025071005001608,NRN,Oxford Securities Pvt. Ltd.,Shree Krishna Securities Ltd.,489,2327.0,1137903.0,2025-07-10 11:36:46.080849
2025-07-10,78041,2025071005001609,NRN,Naasa Securities Co. Ltd.,Shree Krishna Securities Ltd.,10,2327.0,23270.0,2025-07-10 11:36:46.081142
2025-07-10,78040,2025071005001610,NRN,Midas Stock Broking Company Private Limited,Shree Krishna Securities Ltd.,97,2326.0,225622.0,2025-07-10 11:36:46.081257
2025-07-10,78039,2025071005001611,NRN,Agrawal Securities (PVT) Ltd.,Shree Krishna Securities Ltd.,11,2326.0,25586.0,2025-07-10 11:36:46.081377
2025-07-10,78038,2025071005001612,NRN,Opal Securities Investment (PVT) Ltd.,Shree Krishna Securities Ltd.,385,2326.0,895510.0,2025-07-10 11:36:46.081481
2025-07-10,78037,2025071005001613,NRN,KALASH STOCK MARKET PVT. LTD.,Shree Krishna Securities Ltd.,100,2326.0,232600.0,2025-07-10 11:36:46.081604
2025-07-10,78036,2025071005001614,NRN,Bhrikuti Stock Broking Co. Pvt. Ltd.,Shree Krishna Securities Ltd.,200,2325.1,465020.0,2025-07-10 11:36:46.081711
2025-07-10,78035,2025071005001615,NRN,Miyo Securities Pvt Ltd,Shree Krishna Securities Ltd.,200,2325.0,465000.0,2025-07-10 11:36:46.081820
2025-07-10,78034,2025071005001616,NRN,Miyo Securities Pvt Ltd,Shree Krishna Securities Ltd.,200,2325.0,465000.0,2025-07-10 11:36:46.081932
2025-07-10,78033,2025071005001617,NRN,Naasa Securities Co. Ltd.,Shree Krishna Securities Ltd.,100,2325.0,232500.0,2025-07-10 11:36:46.082060
2025-07-10,77733,2025071005001670,NRN,Dynamic Money Managers Securities Pvt. Ltd.,Shree Krishna Securities Ltd.,100,2329.0,232900.0,2025-07-10 11:37:41.577513
2025-07-10,77653,2025071005001691,NRN,Midas Stock Broking Company Private Limited,Sajilo Broker Limited,100,2325.0,232500.0,2025-07-10 11:37:58.089070
2025-07-10,77594,2025071005001712,NRN,Midas Stock Broking Company Private Limited,Aryatara Investment & Securities,11,2325.0,25575.0,2025-07-10 11:38:09.156136
2025-07-10,76787,2025071005001878,NRN,Midas Stock Broking Company Private Limited,Malla & Malla Stock Broking Company Pvt. Limited,89,2325.0,206925.0,2025-07-10 11:40:46.303690
2025-07-10,76786,2025071005001879,NRN,Cristal Kanchanjanga Securites Pvt. Ltd.,Malla & Malla Stock Broking Company Pvt. Limited,50,2325.0,116250.0,2025-07-10 11:40:46.303988
2025-07-10,76564,2025071005001923,NRN,Midas Stock Broking Company Private Limited,Aryatara Investment & Securities,11,2325.0,25575.0,2025-07-10 11:41:39.949797
2025-07-10,76461,2025071005001944,NRN,Midas Stock Broking Company Private Limited,Shree Krishna Securities Ltd.,39,2325.0,90675.0,2025-07-10 11:42:04.252664
2025-07-10,76460,2025071005001945,NRN,Vision Securities Pvt. Ltd,Shree Krishna Securities Ltd.,26,2322.1,60374.6,2025-07-10 11:42:04.252994
2025-07-10,76383,2025071005001955,NRN,Citizens Share Broker Limited,Vision Securities Pvt. Ltd,250,2329.0,582250.0,2025-07-10 11:42:25.846300
2025-07-10,76382,2025071005001956,NRN,Citizens Share Broker Limited,Naasa Securities Co. Ltd.,500,2330.0,1165000.0,2025-07-10 11:42:25.846354
2025-07-10,75926,2025071005002029,NRN,Aryatara Investment & Securities,Naasa Securities Co. Ltd.,40,2330.0,93200.0,2025-07-10 11:44:06.127430
2025-07-10,75912,2025071005002031,NRN,Neev Securities Pvt. Ltd.,Naasa Securities Co. Ltd.,80,2330.0,186400.0,2025-07-10 11:44:09.678944
2025-07-10,75894,2025071005002033,NRN,Oxford Securities Pvt. Ltd.,Naasa Securities Co. Ltd.,277,2330.0,645410.0,2025-07-10 11:44:18.514134
2025-07-10,75893,2025071005002034,NRN,Oxford Securities Pvt. Ltd.,Kohinoor Investment & Securities Pvt. Ltd.,11,2330.0,25630.0,2025-07-10 11:44:18.514442
2025-07-10,75788,2025071005002045,NRN,Oxford Securities Pvt. Ltd.,Thrive Brokerage House Pvt. Ltd,11,2330.0,25630.0,2025-07-10 11:44:48.778603
2025-07-10,75568,2025071005002086,NRN,Sharepro Securities Private Limited,Naasa Securities Co. Ltd.,200,2331.1,466220.0,2025-07-10 11:45:40.562895
2025-07-10,75567,2025071005002087,NRN,Agrawal Securities (PVT) Ltd.,Naasa Securities Co. Ltd.,10,2331.0,23310.0,2025-07-10 11:45:40.563215
2025-07-10,75566,2025071005002088,NRN,Sumeru Securities Pvt. Ltd.,Naasa Securities Co. Ltd.,20,2331.0,46620.0,2025-07-10 11:45:40.563342
2025-07-10,75565,2025071005002089,NRN,Oxford Securities Pvt. Ltd.,Naasa Securities Co. Ltd.,201,2330.0,468330.0,2025-07-10 11:45:40.563456
2025-07-10,75191,2025071005002146,NRN,Property Wiard Limited,Naasa Securities Co. Ltd.,200,2330.0,466000.0,2025-07-10 11:46:58.501603
2025-07-10,74787,2025071005002211,NRN,Naasa Securities Co. Ltd.,Siprabi Securities Pvt. Ltd.,11,2326.3,25589.3,2025-07-10 11:48:42.987609
2025-07-10,74669,2025071005002224,NRN,Sani Securities Company Ltd.,Naasa Securities Co. Ltd.,74,2330.0,172420.0,2025-07-10 11:49:02.667028
2025-07-10,74514,2025071005002239,NRN,Dynamic Money Managers Securities Pvt. Ltd.,Naasa Securities Co. Ltd.,150,2330.0,349500.0,2025-07-10 11:49:36.863032
2025-07-10,74452,2025071005002245,NRN,Kohinoor Investment & Securities Pvt. Ltd.,Naasa Securities Co. Ltd.,145,2330.0,337850.0,2025-07-10 11:49:50.825109
2025-07-10,74451,2025071005002246,NRN,Kohinoor Investment & Securities Pvt. Ltd.,Miyo Securities Pvt Ltd,200,2330.0,466000.0,2025-07-10 11:49:50.825438
2025-07-10,74450,2025071005002247,NRN,Kohinoor Investment & Securities Pvt. Ltd.,Sewa Securities Pvt. Ltd.,11,2330.0,25630.0,2025-07-10 11:49:50.825558
2025-07-10,74448,2025071005002248,NRN,Imperial Securities Company Pvt. Ltd.,Sewa Securities Pvt. Ltd.,100,2326.4,232640.0,2025-07-10 11:49:51.777099
2025-07-10,74447,2025071005002249,NRN,Agrawal Securities (PVT) Ltd.,Sewa Securities Pvt. Ltd.,10,2326.2,23262.0,2025-07-10 11:49:51.777397
2025-07-10,74446,2025071005002250,NRN,Naasa Securities Co. Ltd.,Sewa Securities Pvt. Ltd.,33,2326.1,76761.3,2025-07-10 11:49:51.777556
2025-07-10,74445,2025071005002251,NRN,SHUBHAKAMANA SECURITIES PVT. LTD,Sewa Securities Pvt. Ltd.,200,2325.0,465000.0,2025-07-10 11:49:51.777685
2025-07-10,74444,2025071005002252,NRN,Prabhu Stock Market Limited,Sewa Securities Pvt. Ltd.,50,2323.0,116150.0,2025-07-10 11:49:51.777813
2025-07-10,74443,2025071005002253,NRN,Miyo Securities Pvt Ltd,Sewa Securities Pvt. Ltd.,107,2323.0,248561.0,2025-07-10 11:49:51.777938
2025-07-10,74140,2025071005002275,NRN,Nepal Stock House (PVT) Ltd.,BHOLE GANESH SECURITIES LTD,23,2330.0,53590.0,2025-07-10 11:50:53.232972
2025-07-10,74055,2025071005002287,NRN,Nepal Stock House (PVT) Ltd.,Sumeru Securities Pvt. Ltd.,77,2330.0,179410.0,2025-07-10 11:51:07.779569
2025-07-10,73944,2025071005002310,NRN,Dynamic Money Managers Securities Pvt. Ltd.,Sumeru Securities Pvt. Ltd.,21,2330.0,48930.0,2025-07-10 11:51:28.466144
2025-07-10,73922,2025071005002319,NRN,Miyo Securities Pvt Ltd,Primo Securities (PVT) Ltd.,11,2330.0,25630.0,2025-07-10 11:51:35.136765
2025-07-10,73891,2025071005002326,NRN,Trademow Securities Private Limited,Sumeru Securities Pvt. Ltd.,100,2331.0,233100.0,2025-07-10 11:51:41.627210
2025-07-10,73818,2025071005002345,NRN,Dynamic Money Managers Securities Pvt. Ltd.,Sumeru Securities Pvt. Ltd.,100,2331.0,233100.0,2025-07-10 11:51:53.949124
2025-07-10,73606,2025071005002368,NRN,Miyo Securities Pvt Ltd,Online Securities Pvt. Ltd.,30,2335.0,70050.0,2025-07-10 11:52:37.328923
2025-07-10,73551,2025071005002378,NRN,Sharepro Securities Private Limited,Ashutosh Brokerage & Securities (PVT) Ltd.,100,2330.1,233010.0,2025-07-10 11:52:48.967639
2025-07-10,72773,2025071005002481,NRN,Sharepro Securities Private Limited,Naasa Securities Co. Ltd.,10,2330.5,23305.0,2025-07-10 11:55:20.512446
2025-07-10,72772,2025071005002482,NRN,Sharepro Securities Private Limited,Naasa Securities Co. Ltd.,10,2330.4,23304.0,2025-07-10 11:55:20.512500
2025-07-10,72771,2025071005002483,NRN,Sharepro Securities Private Limited,Naasa Securities Co. Ltd.,10,2330.3,23303.0,2025-07-10 11:55:20.512527
2025-07-10,72770,2025071005002484,NRN,Sharepro Securities Private Limited,Naasa Securities Co. Ltd.,10,2330.2,23302.0,2025-07-10 11:55:20.512552
2025-07-10,72769,2025071005002485,NRN,Sharepro Securities Private Limited,Naasa Securities Co. Ltd.,10,2330.1,23301.0,2025-07-10 11:55:20.512579
2025-07-10,72510,2025071005002507,NRN,Kalika Securities Pvt. Ltd.,Miyo Securities Pvt Ltd,100,2330.0,233000.0,2025-07-10 11:55:59.898151
2025-07-10,72304,2025071005002531,NRN,Nepal Stock House (PVT) Ltd.,Himalayan Brokerage Company Limited,50,2330.0,116500.0,2025-07-10 11:56:43.642914
2025-07-10,71696,2025071005002590,NRN,Midas Stock Broking Company Private Limited,ABC Securities Private Limited,10,2330.0,23300.0,2025-07-10 11:58:14.654591
2025-07-10,71695,2025071005002591,NRN,Midas Stock Broking Company Private Limited,SHUBHAKAMANA SECURITIES PVT. LTD,50,2334.0,116700.0,2025-07-10 11:58:14.654640
2025-07-10,71694,2025071005002592,NRN,Midas Stock Broking Company Private Limited,KALASH STOCK MARKET PVT. LTD.,100,2334.9,233490.0,2025-07-10 11:58:14.654669
2025-07-10,71693,2025071005002593,NRN,Midas Stock Broking Company Private Limited,Online Securities Pvt. Ltd.,70,2335.0,163450.0,2025-07-10 11:58:14.654694
2025-07-10,71692,2025071005002594,NRN,Midas Stock Broking Company Private Limited,Infinity Securities Limited,100,2335.0,233500.0,2025-07-10 11:58:14.654718
2025-07-10,71691,2025071005002595,NRN,Midas Stock Broking Company Private Limited,KALASH STOCK MARKET PVT. LTD.,70,2335.0,163450.0,2025-07-10 11:58:14.654741
2025-07-10,71023,2025071005002694,NRN,Vision Securities Pvt. Ltd,Naasa Securities Co. Ltd.,74,2330.0,172420.0,2025-07-10 12:00:11.575660
2025-07-10,70603,2025071005002749,NRN,Sani Securities Company Ltd.,Naasa Securities Co. Ltd.,46,2330.0,107180.0,2025-07-10 12:01:46.547881
2025-07-10,70434,2025071005002778,NRN,Agrawal Securities (PVT) Ltd.,Naasa Securities Co. Ltd.,10,2330.0,23300.0,2025-07-10 12:02:17.543228
2025-07-10,70403,2025071005002783,NRN,Kohinoor Investment & Securities Pvt. Ltd.,Naasa Securities Co. Ltd.,250,2330.0,582500.0,2025-07-10 12:02:23.664184
2025-07-10,70144,2025071005002830,NRN,Nabil Stock Dealer Ltd.,Naasa Securities Co. Ltd.,50,2330.0,116500.0,2025-07-10 12:03:13.168701
2025-07-10,70113,2025071005002847,NRN,Sharepro Securities Private Limited,Naasa Securities Co. Ltd.,50,2330.0,116500.0,2025-07-10 12:03:19.437296
2025-07-10,70096,2025071005002849,NRN,Sweta Securities Private Limited,Naasa Securities Co. Ltd.,50,2330.0,116500.0,2025-07-10 12:03:22.072527
2025-07-10,70089,2025071005002850,NRN,Kalika Securities Pvt. Ltd.,Naasa Securities Co. Ltd.,43,2330.0,100190.0,2025-07-10 12:03:24.960635
2025-07-10,70079,2025071005002851,NRN,Sani Securities Company Ltd.,Naasa Securities Co. Ltd.,100,2330.0,233000.0,2025-07-10 12:03:26.780755
2025-07-10,70055,2025071005002853,NRN,Midas Stock Broking Company Private Limited,Naasa Securities Co. Ltd.,100,2330.0,233000.0,2025-07-10 12:03:30.113460
2025-07-10,70043,2025071005002855,NRN,Miyo Securities Pvt Ltd,Naasa Securities Co. Ltd.,177,2330.0,412410.0,2025-07-10 12:03:32.439404
2025-07-10,70042,2025071005002856,NRN,Miyo Securities Pvt Ltd,Linch Stock Market Ltd.,11,2330.0,25630.0,2025-07-10 12:03:32.439994
2025-07-10,69867,2025071005002873,NRN,Sani Securities Company Ltd.,Capital Max Securities Ltd,110,2333.0,256630.0,2025-07-10 12:04:09.377448
2025-07-10,69476,2025071005002918,NRN,Sani Securities Company Ltd.,Sani Securities Company Ltd.,11,2333.0,25663.0,2025-07-10 12:05:23.361788
2025-07-10,69406,2025071005002924,NRN,Bhrikuti Stock Broking Co. Pvt. Ltd.,KALASH STOCK MARKET PVT. LTD.,10,2335.0,23350.0,2025-07-10 12:05:36.440950
2025-07-10,69092,2025071005002982,NRN,Sani Securities Company Ltd.,Naasa Securities Co. Ltd.,79,2333.0,184307.0,2025-07-10 12:06:29.343830
2025-07-10,69091,2025071005002983,NRN,Secured Securities Ltd.,Naasa Securities Co. Ltd.,100,2333.0,233300.0,2025-07-10 12:06:29.344211
2025-07-10,69090,2025071005002984,NRN,Sharepro Securities Private Limited,Naasa Securities Co. Ltd.,280,2330.1,652428.0,2025-07-10 12:06:29.344356
2025-07-10,69089,2025071005002985,NRN,Miyo Securities Pvt Ltd,Naasa Securities Co. Ltd.,232,2330.0,540560.0,2025-07-10 12:06:29.344486
2025-07-10,69088,2025071005002986,NRN,NIMB Stock Markets Limited,Naasa Securities Co. Ltd.,100,2330.0,233000.0,2025-07-10 12:06:29.344617
2025-07-10,69035,2025071005002994,NRN,Market Securities & Exchange (PVT) Ltd.,Naasa Securities Co. Ltd.,200,2330.0,466000.0,2025-07-10 12:06:41.517002
2025-07-10,68995,2025071005002997,NRN,Naasa Securities Co. Ltd.,Naasa Securities Co. Ltd.,359,2330.0,836470.0,2025-07-10 12:06:51.959479
2025-07-10,68902,2025071005003012,NRN,Secured Securities Ltd.,Naasa Securities Co. Ltd.,100,2330.0,233000.0,2025-07-10 12:07:09.468570
2025-07-10,68850,2025071005003016,NRN,Dynamic Money Managers Securities Pvt. Ltd.,Naasa Securities Co. Ltd.,200,2330.0,466000.0,2025-07-10 12:07:16.452569
2025-07-10,68813,2025071005003023,NRN,Bhrikuti Stock Broking Co. Pvt. Ltd.,Naasa Securities Co. Ltd.,120,2330.0,279600.0,2025-07-10 12:07:22.125651
2025-07-10,68810,2025071005003024,NRN,Sweta Securities Private Limited,Naasa Securities Co. Ltd.,30,2330.0,69900.0,2025-07-10 12:07:22.230542
2025-07-10,68727,2025071005003028,NRN,Dynamic Money Managers Securities Pvt. Ltd.,Naasa Securities Co. Ltd.,200,2330.0,466000.0,2025-07-10 12:07:30.765772
2025-07-10,66889,2025071005003284,NRN,Kohinoor Investment & Securities Pvt. Ltd.,Himalayan Brokerage Company Limited,50,2331.0,116550.0,2025-07-10 12:13:13.551963
2025-07-10,66800,2025071005003292,NRN,Sri Hari Securities Pvt. Ltd.,Himalayan Brokerage Company Limited,120,2330.5,279660.0,2025-07-10 12:13:25.590330
2025-07-10,66799,2025071005003293,NRN,Sweta Securities Private Limited,Himalayan Brokerage Company Limited,50,2330.1,116505.0,2025-07-10 12:13:25.590698
2025-07-10,66798,2025071005003294,NRN,Secured Securities Ltd.,Himalayan Brokerage Company Limited,100,2330.0,233000.0,2025-07-10 12:13:25.590834
2025-07-10,66797,2025071005003295,NRN,Sri Hari Securities Pvt. Ltd.,Himalayan Brokerage Company Limited,230,2330.0,535900.0,2025-07-10 12:13:25.590964
2025-07-10,66628,2025071005003323,NRN,Sri Hari Securities Pvt. Ltd.,Sani Securities Company Ltd.,50,2330.0,116500.0,2025-07-10 12:14:01.923943
2025-07-10,66589,2025071005003325,NRN,Sweta Securities Private Limited,Linch Stock Market Ltd.,11,2331.0,25641.0,2025-07-10 12:14:10.023152
2025-07-10,66308,2025071005003361,NRN,Investment Management Nepal Pvt. Ltd.,KALASH STOCK MARKET PVT. LTD.,20,2335.0,46700.0,2025-07-10 12:15:22.291011
2025-07-10,66307,2025071005003362,NRN,Investment Management Nepal Pvt. Ltd.,Siprabi Securities Pvt. Ltd.,10,2335.0,23350.0,2025-07-10 12:15:22.291362
2025-07-10,65845,2025071005003405,NRN,Sundhara Securities Limited,Asian Securities Private Ltd.,50,2335.0,116750.0,2025-07-10 12:16:52.754623
2025-07-10,65081,2025071005003511,NRN,Sundhara Securities Limited,Trisul Securities & Invt. Ltd.,11,2338.0,25718.0,2025-07-10 12:19:04.329387
2025-07-10,65080,2025071005003512,NRN,Sundhara Securities Limited,Indira securities pvt. ltd,11,2338.5,25723.5,2025-07-10 12:19:04.329734
2025-07-10,65079,2025071005003513,NRN,Sundhara Securities Limited,Infinity Securities Limited,178,2339.0,416342.0,2025-07-10 12:19:04.329873
2025-07-10,65078,2025071005003514,NRN,Investment Management Nepal Pvt. Ltd.,Naasa Securities Co. Ltd.,100,2332.0,233200.0,2025-07-10 12:19:04.641222
2025-07-10,65077,2025071005003515,NRN,Hatemalo Financial Services Private Limited,Naasa Securities Co. Ltd.,120,2331.1,279732.0,2025-07-10 12:19:04.641644
2025-07-10,65076,2025071005003516,NRN,Market Securities & Exchange (PVT) Ltd.,Naasa Securities Co. Ltd.,50,2330.2,116510.0,2025-07-10 12:19:04.641795
2025-07-10,65075,2025071005003517,NRN,Sri Hari Securities Pvt. Ltd.,Naasa Securities Co. Ltd.,20,2330.0,46600.0,2025-07-10 12:19:04.641927
2025-07-10,65074,2025071005003518,NRN,Naasa Securities Co. Ltd.,Naasa Securities Co. Ltd.,100,2330.0,233000.0,2025-07-10 12:19:04.642076
2025-07-10,65073,2025071005003519,NRN,Market Securities & Exchange (PVT) Ltd.,Naasa Securities Co. Ltd.,100,2330.0,233000.0,2025-07-10 12:19:04.642233
2025-07-10,65072,2025071005003520,NRN,Kumari Securities Private Limited,Naasa Securities Co. Ltd.,20,2330.0,46600.0,2025-07-10 12:19:04.642372
2025-07-10,64870,2025071005003529,NRN,Sani Securities Company Ltd.,Naasa Securities Co. Ltd.,200,2329.0,465800.0,2025-07-10 12:19:24.949594
2025-07-10,64869,2025071005003530,NRN,Arun Securities (PVT) Ltd.,Naasa Securities Co. Ltd.,42,2327.2,97742.4,2025-07-10 12:19:24.949954
2025-07-10,64868,2025071005003531,NRN,J.F. Securites (PVT) Ltd.,Naasa Securities Co. Ltd.,500,2327.1,1163550.0,2025-07-10 12:19:24.950103
2025-07-10,64867,2025071005003532,NRN,Investment Management Nepal Pvt. Ltd.,Naasa Securities Co. Ltd.,10,2327.0,23270.0,2025-07-10 12:19:24.950235
2025-07-10,64866,2025071005003533,NRN,Aryatara Investment & Securities,Naasa Securities Co. Ltd.,250,2327.0,581750.0,2025-07-10 12:19:24.950435
2025-07-10,64865,2025071005003534,NRN,KALASH STOCK MARKET PVT. LTD.,Naasa Securities Co. Ltd.,50,2326.3,116315.0,2025-07-10 12:19:24.950624
2025-07-10,64864,2025071005003535,NRN,Agrawal Securities (PVT) Ltd.,Naasa Securities Co. Ltd.,10,2326.1,23261.0,2025-07-10 12:19:24.950858
2025-07-10,64863,2025071005003536,NRN,Naasa Securities Co. Ltd.,Naasa Securities Co. Ltd.,50,2326.1,116305.0,2025-07-10 12:19:24.951048
2025-07-10,64862,2025071005003537,NRN,Nepal Stock House (PVT) Ltd.,Naasa Securities Co. Ltd.,200,2326.0,465200.0,2025-07-10 12:19:24.951207
2025-07-10,64861,2025071005003538,NRN,Naasa Securities Co. Ltd.,Naasa Securities Co. Ltd.,55,2325.0,127875.0,2025-07-10 12:19:24.951365
2025-07-10,64860,2025071005003539,NRN,Ashutosh Brokerage & Securities (PVT) Ltd.,Naasa Securities Co. Ltd.,10,2325.0,23250.0,2025-07-10 12:19:24.951498
2025-07-10,64859,2025071005003540,NRN,Aryatara Investment & Securities,Naasa Securities Co. Ltd.,10,2325.0,23250.0,2025-07-10 12:19:24.951651
2025-07-10,64858,2025071005003541,NRN,Online Securities Pvt. Ltd.,Naasa Securities Co. Ltd.,50,2325.0,116250.0,2025-07-10 12:19:24.951843
2025-07-10,64857,2025071005003542,NRN,Dipshikha Dhitopatra Karobar Co. Pvt Ltd.,Naasa Securities Co. Ltd.,50,2324.0,116200.0,2025-07-10 12:19:24.952034
2025-07-10,64856,2025071005003543,NRN,Naasa Securities Co. Ltd.,Naasa Securities Co. Ltd.,10,2323.1,23231.0,2025-07-10 12:19:24.952196
2025-07-10,64855,2025071005003544,NRN,Miyo Securities Pvt Ltd,Naasa Securities Co. Ltd.,93,2323.0,216039.0,2025-07-10 12:19:24.952345
2025-07-10,64854,2025071005003545,NRN,Kohinoor Investment & Securities Pvt. Ltd.,Naasa Securities Co. Ltd.,200,2323.0,464600.0,2025-07-10 12:19:24.952522
2025-07-10,64853,2025071005003546,NRN,INDEX SECURITIES LIMITED,Naasa Securities Co. Ltd.,20,2322.2,46444.0,2025-07-10 12:19:24.952703
2025-07-10,64852,2025071005003547,NRN,Miyo Securities Pvt Ltd,Naasa Securities Co. Ltd.,200,2322.2,464440.0,2025-07-10 12:19:24.952843
2025-07-10,64851,2025071005003548,NRN,Neev Securities Pvt. Ltd.,Naasa Securities Co. Ltd.,100,2320.4,232040.0,2025-07-10 12:19:24.952973
2025-07-10,64850,2025071005003549,NRN,Neev Securities Pvt. Ltd.,Naasa Securities Co. Ltd.,200,2320.3,464060.0,2025-07-10 12:19:24.953133
2025-07-10,64849,2025071005003550,NRN,Neev Securities Pvt. Ltd.,Naasa Securities Co. Ltd.,200,2320.2,464040.0,2025-07-10 12:19:24.953325
2025-07-10,64848,2025071005003551,NRN,Midas Stock Broking Company Private Limited,Naasa Securities Co. Ltd.,10,2320.1,23201.0,2025-07-10 12:19:24.953514
2025-07-10,64847,2025071005003552,NRN,Miyo Securities Pvt Ltd,Naasa Securities Co. Ltd.,200,2320.1,464020.0,2025-07-10 12:19:24.953657
2025-07-10,64846,2025071005003553,NRN,Agrawal Securities (PVT) Ltd.,Naasa Securities Co. Ltd.,10,2320.1,23201.0,2025-07-10 12:19:24.953791
2025-07-10,64845,2025071005003554,NRN,Miyo Securities Pvt Ltd,Naasa Securities Co. Ltd.,200,2320.1,464020.0,2025-07-10 12:19:24.953968
2025-07-10,64844,2025071005003555,NRN,Miyo Securities Pvt Ltd,Naasa Securities Co. Ltd.,500,2320.0,1160000.0,2025-07-10 12:19:24.954202
2025-07-10,64843,2025071005003556,NRN,SUN SECURITIES PVT LTD,Naasa Securities Co. Ltd.,300,2320.0,696000.0,2025-07-10 12:19:24.954447
2025-07-10,64842,2025071005003557,NRN,Neev Securities Pvt. Ltd.,Naasa Securities Co. Ltd.,100,2320.0,232000.0,2025-07-10 12:19:24.954738
2025-07-10,64841,2025071005003558,NRN,Naasa Securities Co. Ltd.,Naasa Securities Co. Ltd.,10,2320.0,23200.0,2025-07-10 12:19:24.955040
2025-07-10,64840,2025071005003559,NRN,Investment Management Nepal Pvt. Ltd.,Naasa Securities Co. Ltd.,10,2320.0,23200.0,2025-07-10 12:19:24.955187
2025-07-10,64839,2025071005003560,NRN,Imperial Securities Company Pvt. Ltd.,Naasa Securities Co. Ltd.,10,2320.0,23200.0,2025-07-10 12:19:24.955309
2025-07-10,64838,2025071005003561,NRN,Ashutosh Brokerage & Securities (PVT) Ltd.,Naasa Securities Co. Ltd.,200,2320.0,464000.0,2025-07-10 12:19:24.955486
2025-07-10,64411,2025071005003585,NRN,Sundhara Securities Limited,Naasa Securities Co. Ltd.,58,2320.0,134560.0,2025-07-10 12:20:26.709301
2025-07-10,64196,2025071005003604,NRN,Dynamic Money Managers Securities Pvt. Ltd.,Naasa Securities Co. Ltd.,200,2320.0,464000.0,2025-07-10 12:20:59.672116
2025-07-10,64130,2025071005003618,NRN,Dynamic Money Managers Securities Pvt. Ltd.,Naasa Securities Co. Ltd.,200,2320.0,464000.0,2025-07-10 12:21:12.893370
2025-07-10,64033,2025071005003643,NRN,Dynamic Money Managers Securities Pvt. Ltd.,Naasa Securities Co. Ltd.,200,2320.0,464000.0,2025-07-10 12:21:27.022842
2025-07-10,63938,2025071005003660,NRN,Dynamic Money Managers Securities Pvt. Ltd.,Naasa Securities Co. Ltd.,200,2320.0,464000.0,2025-07-10 12:21:43.739159
2025-07-10,63708,2025071005003694,NRN,Sani Securities Company Ltd.,Sani Securities Company Ltd.,100,2319.0,231900.0,2025-07-10 12:22:15.953837
2025-07-10,63668,2025071005003696,NRN,Trademow Securities Private Limited,Naasa Securities Co. Ltd.,10,2320.0,23200.0,2025-07-10 12:22:21.499797
2025-07-10,63450,2025071005003703,NRN,Sani Securities Company Ltd.,Nepal Stock House (PVT) Ltd.,110,2319.0,255090.0,2025-07-10 12:22:42.653855
2025-07-10,63449,2025071005003704,NRN,Naasa Securities Co. Ltd.,Nepal Stock House (PVT) Ltd.,100,2318.0,231800.0,2025-07-10 12:22:42.654165
2025-07-10,63448,2025071005003705,NRN,Imperial Securities Company Pvt. Ltd.,Nepal Stock House (PVT) Ltd.,100,2315.1,231510.0,2025-07-10 12:22:42.654292
2025-07-10,63447,2025071005003706,NRN,Miyo Securities Pvt Ltd,Nepal Stock House (PVT) Ltd.,500,2315.0,1157500.0,2025-07-10 12:22:42.654421
2025-07-10,63446,2025071005003707,NRN,Miyo Securities Pvt Ltd,Nepal Stock House (PVT) Ltd.,190,2315.0,439850.0,2025-07-10 12:22:42.654541
2025-07-10,62687,2025071005003758,NRN,Agrawal Securities (PVT) Ltd.,Aryatara Investment & Securities,20,2316.0,46320.0,2025-07-10 12:23:57.773591
2025-07-10,62686,2025071005003759,NRN,Dipshikha Dhitopatra Karobar Co. Pvt Ltd.,Aryatara Investment & Securities,20,2316.0,46320.0,2025-07-10 12:23:57.773650
2025-07-10,62650,2025071005003778,NRN,Dipshikha Dhitopatra Karobar Co. Pvt Ltd.,Miyo Securities Pvt Ltd,30,2316.0,69480.0,2025-07-10 12:24:02.006646
2025-07-10,62649,2025071005003779,NRN,Linch Stock Market Ltd.,Miyo Securities Pvt Ltd,40,2316.0,92640.0,2025-07-10 12:24:02.007236
2025-07-10,62648,2025071005003780,NRN,Miyo Securities Pvt Ltd,Miyo Securities Pvt Ltd,10,2315.0,23150.0,2025-07-10 12:24:02.007666
2025-07-10,62647,2025071005003781,NRN,Miyo Securities Pvt Ltd,Miyo Securities Pvt Ltd,200,2315.0,463000.0,2025-07-10 12:24:02.008045
2025-07-10,62646,2025071005003782,NRN,Naasa Securities Co. Ltd.,Miyo Securities Pvt Ltd,150,2315.0,347250.0,2025-07-10 12:24:02.008432
2025-07-10,62645,2025071005003783,NRN,Nepal Stock House (PVT) Ltd.,Miyo Securities Pvt Ltd,20,2315.0,46300.0,2025-07-10 12:24:02.008804
2025-07-10,62644,2025071005003784,NRN,Market Securities & Exchange (PVT) Ltd.,Miyo Securities Pvt Ltd,40,2315.0,92600.0,2025-07-10 12:24:02.646901
2025-07-10,62568,2025071005003789,NRN,Naasa Securities Co. Ltd.,Premier Securities Company Ltd.,200,2312.0,462400.0,2025-07-10 12:24:12.832563
2025-07-10,62567,2025071005003790,NRN,Secured Securities Ltd.,Premier Securities Company Ltd.,30,2311.0,69330.0,2025-07-10 12:24:12.832619
2025-07-10,62566,2025071005003791,NRN,Imperial Securities Company Pvt. Ltd.,Premier Securities Company Ltd.,100,2310.1,231010.0,2025-07-10 12:24:12.832652
2025-07-10,62565,2025071005003792,NRN,Thrive Brokerage House Pvt. Ltd,Premier Securities Company Ltd.,100,2310.1,231010.0,2025-07-10 12:24:12.832686
2025-07-10,62564,2025071005003793,NRN,Miyo Securities Pvt Ltd,Premier Securities Company Ltd.,500,2310.0,1155000.0,2025-07-10 12:24:12.832713
2025-07-10,62563,2025071005003794,NRN,Vision Securities Pvt. Ltd,Premier Securities Company Ltd.,200,2310.0,462000.0,2025-07-10 12:24:12.832748
2025-07-10,62562,2025071005003795,NRN,Miyo Securities Pvt Ltd,Premier Securities Company Ltd.,92,2310.0,212520.0,2025-07-10 12:24:12.832780
2025-07-10,62428,2025071005003799,NRN,Miyo Securities Pvt Ltd,Linch Stock Market Ltd.,100,2310.0,231000.0,2025-07-10 12:24:24.695273
2025-07-10,62270,2025071005003831,NRN,Sani Securities Company Ltd.,Miyo Securities Pvt Ltd,210,2315.0,486150.0,2025-07-10 12:24:39.976159
2025-07-10,62059,2025071005003865,NRN,Secured Securities Ltd.,Miyo Securities Pvt Ltd,68,2315.0,157420.0,2025-07-10 12:25:04.789011
2025-07-10,61966,2025071005003870,NRN,Secured Securities Ltd.,Bhrikuti Stock Broking Co. Pvt. Ltd.,32,2315.0,74080.0,2025-07-10 12:25:10.020414
2025-07-10,61965,2025071005003871,NRN,Neev Securities Pvt. Ltd.,Bhrikuti Stock Broking Co. Pvt. Ltd.,30,2315.0,69450.0,2025-07-10 12:25:10.020957
2025-07-10,61964,2025071005003872,NRN,Miyo Securities Pvt Ltd,Bhrikuti Stock Broking Co. Pvt. Ltd.,200,2310.0,462000.0,2025-07-10 12:25:10.021332
2025-07-10,61963,2025071005003873,NRN,Miyo Securities Pvt Ltd,Bhrikuti Stock Broking Co. Pvt. Ltd.,200,2310.0,462000.0,2025-07-10 12:25:10.021680
2025-07-10,61724,2025071005003888,NRN,Dynamic Money Managers Securities Pvt. Ltd.,Bhrikuti Stock Broking Co. Pvt. Ltd.,10,2310.0,23100.0,2025-07-10 12:25:35.748917
2025-07-10,61508,2025071005003908,NRN,Neev Securities Pvt. Ltd.,Bhrikuti Stock Broking Co. Pvt. Ltd.,20,2310.0,46200.0,2025-07-10 12:25:56.465133
2025-07-10,61507,2025071005003909,NRN,Miyo Securities Pvt Ltd,Bhrikuti Stock Broking Co. Pvt. Ltd.,8,2310.0,18480.0,2025-07-10 12:25:56.465350
2025-07-10,61504,2025071005003910,NRN,Secured Securities Ltd.,Bhrikuti Stock Broking Co. Pvt. Ltd.,10,2305.0,23050.0,2025-07-10 12:25:57.482257
2025-07-10,60507,2025071005004015,NRN,SHUBHAKAMANA SECURITIES PVT. LTD,Nepal Stock House (PVT) Ltd.,50,2310.0,115500.0,2025-07-10 12:27:44.958709
2025-07-10,60506,2025071005004016,NRN,Kohinoor Investment & Securities Pvt. Ltd.,Nepal Stock House (PVT) Ltd.,25,2310.0,57750.0,2025-07-10 12:27:44.959148
2025-07-10,60505,2025071005004017,NRN,Nepal Stock House (PVT) Ltd.,Nepal Stock House (PVT) Ltd.,50,2308.0,115400.0,2025-07-10 12:27:44.959355
2025-07-10,60504,2025071005004018,NRN,Dipshikha Dhitopatra Karobar Co. Pvt Ltd.,Nepal Stock House (PVT) Ltd.,50,2307.1,115355.0,2025-07-10 12:27:44.959534
2025-07-10,60503,2025071005004019,NRN,Sani Securities Company Ltd.,Nepal Stock House (PVT) Ltd.,25,2307.0,57675.0,2025-07-10 12:27:44.959716
2025-07-10,60316,2025071005004036,NRN,Sani Securities Company Ltd.,Creative Securities Pvt Ltd,185,2307.0,426795.0,2025-07-10 12:28:06.993176
2025-07-10,60167,2025071005004047,NRN,Secured Securities Ltd.,Creative Securities Pvt Ltd,65,2307.0,149955.0,2025-07-10 12:28:25.319033
2025-07-10,59749,2025071005004086,NRN,Trademow Securities Private Limited,Creative Securities Pvt Ltd,20,2315.0,46300.0,2025-07-10 12:29:04.337245
2025-07-10,59675,2025071005004091,NRN,Sewa Securities Pvt. Ltd.,Asian Securities Private Ltd.,18,2310.1,41581.8,2025-07-10 12:29:12.137298
2025-07-10,59118,2025071005004158,NRN,Trademow Securities Private Limited,Asian Securities Private Ltd.,20,2310.0,46200.0,2025-07-10 12:30:10.478065
2025-07-10,57956,2025071005004289,NRN,Investment Management Nepal Pvt. Ltd.,Asian Securities Private Ltd.,50,2307.2,115360.0,2025-07-10 12:32:11.513434
2025-07-10,57955,2025071005004290,NRN,Sumeru Securities Pvt. Ltd.,Asian Securities Private Ltd.,20,2307.1,46142.0,2025-07-10 12:32:11.513770
2025-07-10,57954,2025071005004291,NRN,Secured Securities Ltd.,Asian Securities Private Ltd.,35,2307.0,80745.0,2025-07-10 12:32:11.513902
2025-07-10,57953,2025071005004292,NRN,Dynamic Money Managers Securities Pvt. Ltd.,Asian Securities Private Ltd.,10,2307.0,23070.0,2025-07-10 12:32:11.514032
2025-07-10,57831,2025071005004300,NRN,Secured Securities Ltd.,Capital Max Securities Ltd,10,2305.0,23050.0,2025-07-10 12:32:23.848903
2025-07-10,57830,2025071005004301,NRN,Sweta Securities Private Limited,Capital Max Securities Ltd,10,2305.0,23050.0,2025-07-10 12:32:23.849223
2025-07-10,57829,2025071005004302,NRN,Agrawal Securities (PVT) Ltd.,Capital Max Securities Ltd,20,2303.0,46060.0,2025-07-10 12:32:23.849372
2025-07-10,57828,2025071005004303,NRN,S.P.S.A. Securities Limited,Capital Max Securities Ltd,50,2302.0,115100.0,2025-07-10 12:32:23.849501
2025-07-10,57827,2025071005004304,NRN,Sri Hari Securities Pvt. Ltd.,Capital Max Securities Ltd,10,2302.0,23020.0,2025-07-10 12:32:23.849627
2025-07-10,57711,2025071005004326,NRN,Sri Hari Securities Pvt. Ltd.,MILKY WAY SHARE BROKER COMPANY LTD ,10,2302.0,23020.0,2025-07-10 12:32:43.368132
2025-07-10,57557,2025071005004332,NRN,Kohinoor Investment & Securities Pvt. Ltd.,Asian Securities Private Ltd.,50,2307.0,115350.0,2025-07-10 12:33:00.867499
2025-07-10,57095,2025071005004381,NRN,Naasa Securities Co. Ltd.,Secured Securities Ltd.,100,2307.0,230700.0,2025-07-10 12:33:44.604971
2025-07-10,56695,2025071005004411,NRN,SHUBHAKAMANA SECURITIES PVT. LTD,Bhrikuti Stock Broking Co. Pvt. Ltd.,11,2305.1,25356.1,2025-07-10 12:34:26.036955
2025-07-10,56458,2025071005004449,NRN,SHUBHAKAMANA SECURITIES PVT. LTD,Sanima Securities Limited,39,2306.1,89937.9,2025-07-10 12:34:55.051518
2025-07-10,56457,2025071005004450,NRN,Dynamic Money Managers Securities Pvt. Ltd.,Sanima Securities Limited,15,2306.0,34590.0,2025-07-10 12:34:55.052107
2025-07-10,56365,2025071005004468,NRN,Dynamic Money Managers Securities Pvt. Ltd.,Creative Securities Pvt Ltd,85,2306.0,196010.0,2025-07-10 12:35:11.194516
2025-07-10,56364,2025071005004469,NRN,Sweta Securities Private Limited,Creative Securities Pvt Ltd,30,2305.1,69153.0,2025-07-10 12:35:11.194887
2025-07-10,56363,2025071005004470,NRN,Trademow Securities Private Limited,Creative Securities Pvt Ltd,115,2305.0,265075.0,2025-07-10 12:35:11.195021
2025-07-10,56310,2025071005004483,NRN,Online Securities Pvt. Ltd.,Naasa Securities Co. Ltd.,180,2305.2,414936.0,2025-07-10 12:35:18.394103
2025-07-10,56309,2025071005004484,NRN,Trademow Securities Private Limited,Naasa Securities Co. Ltd.,10,2305.0,23050.0,2025-07-10 12:35:18.394771
2025-07-10,56308,2025071005004485,NRN,Naasa Securities Co. Ltd.,Naasa Securities Co. Ltd.,10,2305.0,23050.0,2025-07-10 12:35:18.395209
2025-07-10,56307,2025071005004486,NRN,Nagarik Stock Dealer ,Naasa Securities Co. Ltd.,300,2304.1,691230.0,2025-07-10 12:35:18.395855
2025-07-10,56218,2025071005004495,NRN,Nagarik Stock Dealer ,Capital Max Securities Ltd,200,2304.1,460820.0,2025-07-10 12:35:32.690773
2025-07-10,56032,2025071005004509,NRN,Premier Securities Company Ltd.,Neev Securities Pvt. Ltd.,500,2304.0,1152000.0,2025-07-10 12:35:52.580427
2025-07-10,55995,2025071005004523,NRN,Sri Hari Securities Pvt. Ltd.,Creative Securities Pvt Ltd,280,2304.1,645148.0,2025-07-10 12:36:00.456680
2025-07-10,55994,2025071005004524,NRN,Premier Securities Company Ltd.,Creative Securities Pvt Ltd,220,2304.0,506880.0,2025-07-10 12:36:00.457056
2025-07-10,55895,2025071005004539,NRN,Premier Securities Company Ltd.,Primo Securities (PVT) Ltd.,28,2304.0,64512.0,2025-07-10 12:36:13.686115
2025-07-10,55731,2025071005004564,NRN,Naasa Securities Co. Ltd.,Capital Max Securities Ltd,50,2313.9,115695.0,2025-07-10 12:36:31.255697
2025-07-10,55511,2025071005004591,NRN,Bhrikuti Stock Broking Co. Pvt. Ltd.,Hatemalo Financial Services Private Limited,115,2305.0,265075.0,2025-07-10 12:36:59.781219
2025-07-10,55510,2025071005004592,NRN,Premier Securities Company Ltd.,Hatemalo Financial Services Private Limited,252,2304.0,580608.0,2025-07-10 12:36:59.781846
2025-07-10,55509,2025071005004593,NRN,Online Securities Pvt. Ltd.,Hatemalo Financial Services Private Limited,200,2304.0,460800.0,2025-07-10 12:36:59.782237
2025-07-10,55508,2025071005004594,NRN,Premier Securities Company Ltd.,Hatemalo Financial Services Private Limited,33,2304.0,76032.0,2025-07-10 12:36:59.782647
2025-07-10,54963,2025071005004667,NRN,NIMB Stock Markets Limited,Naasa Securities Co. Ltd.,50,2318.0,115900.0,2025-07-10 12:38:03.730073
2025-07-10,54718,2025071005004698,NRN,INDEX SECURITIES LIMITED,Kohinoor Investment & Securities Pvt. Ltd.,11,2310.1,25411.1,2025-07-10 12:38:34.964260
2025-07-10,54262,2025071005004740,NRN,Sewa Securities Pvt. Ltd.,Naasa Securities Co. Ltd.,20,2318.0,46360.0,2025-07-10 12:39:34.476912
2025-07-10,54230,2025071005004747,NRN,Sani Securities Company Ltd.,Naasa Securities Co. Ltd.,80,2318.0,185440.0,2025-07-10 12:39:38.744833
2025-07-10,54229,2025071005004748,NRN,Sani Securities Company Ltd.,Secured Securities Ltd.,101,2318.0,234118.0,2025-07-10 12:39:38.745502
2025-07-10,53521,2025071005004813,NRN,Dynamic Money Managers Securities Pvt. Ltd.,Miyo Securities Pvt Ltd,500,2319.9,1159950.0,2025-07-10 12:41:05.665535
2025-07-10,53304,2025071005004836,NRN,Naasa Securities Co. Ltd.,Naasa Securities Co. Ltd.,72,2320.0,167040.0,2025-07-10 12:41:29.257646
2025-07-10,53169,2025071005004846,NRN,INDEX SECURITIES LIMITED,Oxford Securities Pvt. Ltd.,10,2311.1,23111.0,2025-07-10 12:41:54.445011
2025-07-10,52917,2025071005004877,NRN,Sani Securities Company Ltd.,Asian Securities Private Ltd.,10,2315.0,23150.0,2025-07-10 12:42:43.852288
2025-07-10,52482,2025071005004930,NRN,Neev Securities Pvt. Ltd.,Miyo Securities Pvt Ltd,200,2318.0,463600.0,2025-07-10 12:43:56.163585
2025-07-10,52481,2025071005004931,NRN,Neev Securities Pvt. Ltd.,Naasa Securities Co. Ltd.,50,2319.0,115950.0,2025-07-10 12:43:56.163950
2025-07-10,52480,2025071005004932,NRN,Neev Securities Pvt. Ltd.,ABC Securities Private Limited,10,2320.0,23200.0,2025-07-10 12:43:56.164095
2025-07-10,52479,2025071005004933,NRN,Neev Securities Pvt. Ltd.,Neev Securities Pvt. Ltd.,240,2320.0,556800.0,2025-07-10 12:43:56.164226
2025-07-10,52361,2025071005004951,NRN,Naasa Securities Co. Ltd.,Neev Securities Pvt. Ltd.,20,2320.0,46400.0,2025-07-10 12:44:15.398712
2025-07-10,52284,2025071005004954,NRN,Market Securities & Exchange (PVT) Ltd.,Neev Securities Pvt. Ltd.,20,2320.0,46400.0,2025-07-10 12:44:24.707836
2025-07-10,51982,2025071005004987,NRN,Sri Hari Securities Pvt. Ltd.,Sani Securities Company Ltd.,10,2318.0,23180.0,2025-07-10 12:45:26.203487
2025-07-10,51459,2025071005005040,NRN,Sani Securities Company Ltd.,Sani Securities Company Ltd.,10,2318.0,23180.0,2025-07-10 12:46:50.388189
2025-07-10,51458,2025071005005041,NRN,Sani Securities Company Ltd.,Miyo Securities Pvt Ltd,60,2318.0,139080.0,2025-07-10 12:46:50.388889
2025-07-10,51412,2025071005005045,NRN,Nepal Stock House (PVT) Ltd.,Linch Stock Market Ltd.,1000,2319.0,2319000.0,2025-07-10 12:46:59.923006
2025-07-10,50838,2025071005005123,NRN,Naasa Securities Co. Ltd.,Linch Stock Market Ltd.,210,2319.0,486990.0,2025-07-10 12:48:46.630437
2025-07-10,50786,2025071005005132,NRN,Midas Stock Broking Company Private Limited,Linch Stock Market Ltd.,790,2319.0,1832010.0,2025-07-10 12:48:59.988193
2025-07-10,50357,2025071005005224,NRN,Nepal Stock House (PVT) Ltd.,Naasa Securities Co. Ltd.,20,2318.0,46360.0,2025-07-10 12:50:03.685194
2025-07-10,50356,2025071005005225,NRN,Midas Stock Broking Company Private Limited,Naasa Securities Co. Ltd.,80,2318.0,185440.0,2025-07-10 12:50:03.685545
2025-07-10,49954,2025071005005318,NRN,Midas Stock Broking Company Private Limited,Naasa Securities Co. Ltd.,130,2319.0,301470.0,2025-07-10 12:51:14.733032
2025-07-10,48981,2025071005005474,NRN,Midas Stock Broking Company Private Limited,Naasa Securities Co. Ltd.,100,2319.0,231900.0,2025-07-10 12:54:28.618235
2025-07-10,48948,2025071005005477,NRN,Citizens Share Broker Limited,NIMB Stock Markets Limited,200,2318.0,463600.0,2025-07-10 12:54:35.911796
2025-07-10,48947,2025071005005478,NRN,Citizens Share Broker Limited,Naasa Securities Co. Ltd.,15,2319.0,34785.0,2025-07-10 12:54:35.912124
2025-07-10,48945,2025071005005479,NRN,SHUBHAKAMANA SECURITIES PVT. LTD,Naasa Securities Co. Ltd.,25,2319.0,57975.0,2025-07-10 12:54:36.597902
2025-07-10,48555,2025071005005541,NRN,Nepal Stock House (PVT) Ltd.,Trisul Securities & Invt. Ltd.,20,2317.0,46340.0,2025-07-10 12:55:42.376532
2025-07-10,48233,2025071005005577,NRN,Nepal Stock House (PVT) Ltd.,Deevyaa Securities & Stock House Pvt. Ltd,50,2317.0,115850.0,2025-07-10 12:56:44.516209
2025-07-10,48196,2025071005005583,NRN,Nepal Stock House (PVT) Ltd.,Sani Securities Company Ltd.,30,2317.0,69510.0,2025-07-10 12:56:53.831172
2025-07-10,48195,2025071005005584,NRN,Deevyaa Securities & Stock House Pvt. Ltd,Sani Securities Company Ltd.,10,2317.0,23170.0,2025-07-10 12:56:53.831870
2025-07-10,48194,2025071005005585,NRN,Sweta Securities Private Limited,Sani Securities Company Ltd.,20,2317.0,46340.0,2025-07-10 12:56:53.832306
2025-07-10,48193,2025071005005586,NRN,Market Securities & Exchange (PVT) Ltd.,Sani Securities Company Ltd.,10,2316.0,23160.0,2025-07-10 12:56:53.832734
2025-07-10,48192,2025071005005587,NRN,Nagarik Stock Dealer ,Sani Securities Company Ltd.,100,2315.0,231500.0,2025-07-10 12:56:53.833154
2025-07-10,48191,2025071005005588,NRN,Neev Securities Pvt. Ltd.,Sani Securities Company Ltd.,30,2315.0,69450.0,2025-07-10 12:56:53.833590
2025-07-10,47798,2025071005005634,NRN,Neev Securities Pvt. Ltd.,Premier Securities Company Ltd.,50,2315.0,115750.0,2025-07-10 12:57:52.484934
2025-07-10,47603,2025071005005695,NRN,Neev Securities Pvt. Ltd.,Asian Securities Private Ltd.,11,2315.0,25465.0,2025-07-10 12:58:22.945905
2025-07-10,47550,2025071005005702,NRN,Neev Securities Pvt. Ltd.,Miyo Securities Pvt Ltd,20,2315.0,46300.0,2025-07-10 12:58:30.900260
2025-07-10,47207,2025071005005730,NRN,Neev Securities Pvt. Ltd.,Miyo Securities Pvt Ltd,15,2315.0,34725.0,2025-07-10 12:59:25.091885
2025-07-10,47052,2025071005005737,NRN,Neev Securities Pvt. Ltd.,Neev Securities Pvt. Ltd.,74,2315.0,171310.0,2025-07-10 12:59:44.081184
2025-07-10,47051,2025071005005738,NRN,Secured Securities Ltd.,Neev Securities Pvt. Ltd.,50,2315.0,115750.0,2025-07-10 12:59:44.081526
2025-07-10,46884,2025071005005760,NRN,Naasa Securities Co. Ltd.,Neev Securities Pvt. Ltd.,20,2315.0,46300.0,2025-07-10 13:00:03.588971
2025-07-10,46643,2025071005005804,NRN,Sharepro Securities Private Limited,BHOLE GANESH SECURITIES LTD,20,2318.0,46360.0,2025-07-10 13:00:45.794208
2025-07-10,46347,2025071005005845,NRN,Aryatara Investment & Securities,SUN SECURITIES PVT LTD,100,2313.0,231300.0,2025-07-10 13:01:39.429041
2025-07-10,46147,2025071005005872,NRN,Aryatara Investment & Securities,SHUBHAKAMANA SECURITIES PVT. LTD,150,2313.0,346950.0,2025-07-10 13:02:13.799696
2025-07-10,46146,2025071005005873,NRN,Himalayan Brokerage Company Limited,SHUBHAKAMANA SECURITIES PVT. LTD,100,2312.0,231200.0,2025-07-10 13:02:13.799790
2025-07-10,46145,2025071005005874,NRN,Market Securities & Exchange (PVT) Ltd.,SHUBHAKAMANA SECURITIES PVT. LTD,25,2312.0,57800.0,2025-07-10 13:02:13.799846
2025-07-10,46144,2025071005005875,NRN,S.P.S.A. Securities Limited,SHUBHAKAMANA SECURITIES PVT. LTD,225,2311.0,519975.0,2025-07-10 13:02:13.799874
2025-07-10,46087,2025071005005888,NRN,S.P.S.A. Securities Limited,SHUBHAKAMANA SECURITIES PVT. LTD,75,2311.0,173325.0,2025-07-10 13:02:22.824582
2025-07-10,46086,2025071005005889,NRN,Naasa Securities Co. Ltd.,SHUBHAKAMANA SECURITIES PVT. LTD,15,2311.0,34665.0,2025-07-10 13:02:22.824706
2025-07-10,45823,2025071005005940,NRN,Naasa Securities Co. Ltd.,SUN SECURITIES PVT LTD,35,2311.0,80885.0,2025-07-10 13:03:11.795355
2025-07-10,45514,2025071005006016,NRN,Naasa Securities Co. Ltd.,SUN SECURITIES PVT LTD,10,2310.5,23105.0,2025-07-10 13:04:12.978711
2025-07-10,45513,2025071005006017,NRN,Naasa Securities Co. Ltd.,SUN SECURITIES PVT LTD,10,2310.4,23104.0,2025-07-10 13:04:12.979085
2025-07-10,45512,2025071005006018,NRN,Naasa Securities Co. Ltd.,SUN SECURITIES PVT LTD,10,2310.3,23103.0,2025-07-10 13:04:12.979231
2025-07-10,45511,2025071005006019,NRN,Investment Management Nepal Pvt. Ltd.,SUN SECURITIES PVT LTD,35,2310.1,80853.5,2025-07-10 13:04:12.979390
2025-07-10,45284,2025071005006053,NRN,Investment Management Nepal Pvt. Ltd.,SHUBHAKAMANA SECURITIES PVT. LTD,15,2310.1,34651.5,2025-07-10 13:04:58.230031
2025-07-10,45283,2025071005006054,NRN,Sumeru Securities Pvt. Ltd.,SHUBHAKAMANA SECURITIES PVT. LTD,100,2310.0,231000.0,2025-07-10 13:04:58.230083
2025-07-10,45282,2025071005006055,NRN,Neev Securities Pvt. Ltd.,SHUBHAKAMANA SECURITIES PVT. LTD,85,2310.0,196350.0,2025-07-10 13:04:58.230115
2025-07-10,45085,2025071005006108,NRN,Sewa Securities Pvt. Ltd.,Naasa Securities Co. Ltd.,50,2310.1,115505.0,2025-07-10 13:05:29.502633
2025-07-10,44965,2025071005006121,NRN,Neev Securities Pvt. Ltd.,Himalayan Brokerage Company Limited,15,2310.0,34650.0,2025-07-10 13:05:57.519066
2025-07-10,44964,2025071005006122,NRN,Asian Securities Private Ltd.,Himalayan Brokerage Company Limited,35,2307.0,80745.0,2025-07-10 13:05:57.519451
2025-07-10,44804,2025071005006136,NRN,Asian Securities Private Ltd.,Midas Stock Broking Company Private Limited,50,2307.0,115350.0,2025-07-10 13:06:22.373486
2025-07-10,44648,2025071005006159,NRN,Asian Securities Private Ltd.,Opal Securities Investment (PVT) Ltd.,15,2307.0,34605.0,2025-07-10 13:06:52.462239
2025-07-10,44500,2025071005006174,NRN,Naasa Securities Co. Ltd.,SHUBHAKAMANA SECURITIES PVT. LTD,200,2307.0,461400.0,2025-07-10 13:07:26.604571
2025-07-10,44431,2025071005006187,NRN,Sewa Securities Pvt. Ltd.,Sri Hari Securities Pvt. Ltd.,11,2307.0,25377.0,2025-07-10 13:07:51.387182
2025-07-10,44405,2025071005006190,NRN,Investment Management Nepal Pvt. Ltd.,SHUBHAKAMANA SECURITIES PVT. LTD,10,2305.0,23050.0,2025-07-10 13:07:55.694994
2025-07-10,44404,2025071005006191,NRN,Bhrikuti Stock Broking Co. Pvt. Ltd.,SHUBHAKAMANA SECURITIES PVT. LTD,10,2305.0,23050.0,2025-07-10 13:07:55.695115
2025-07-10,44403,2025071005006192,NRN,Premier Securities Company Ltd.,SHUBHAKAMANA SECURITIES PVT. LTD,467,2304.0,1075968.0,2025-07-10 13:07:55.695226
2025-07-10,44402,2025071005006193,NRN,Miyo Securities Pvt Ltd,SHUBHAKAMANA SECURITIES PVT. LTD,13,2303.2,29941.6,2025-07-10 13:07:55.695327
2025-07-10,44139,2025071005006230,NRN,Sundhara Securities Limited,Property Wiard Limited,10,2309.0,23090.0,2025-07-10 13:09:06.604946
2025-07-10,44138,2025071005006231,NRN,Sundhara Securities Limited,Linch Stock Market Ltd.,10,2310.0,23100.0,2025-07-10 13:09:06.605295
2025-07-10,43979,2025071005006255,NRN,Naasa Securities Co. Ltd.,KALASH STOCK MARKET PVT. LTD.,300,2303.3,690990.0,2025-07-10 13:09:49.807206
2025-07-10,43972,2025071005006256,NRN,Neev Securities Pvt. Ltd.,Linch Stock Market Ltd.,144,2310.0,332640.0,2025-07-10 13:09:51.026617
2025-07-10,43944,2025071005006258,NRN,Naasa Securities Co. Ltd.,Ashutosh Brokerage & Securities (PVT) Ltd.,200,2303.3,460660.0,2025-07-10 13:09:58.600365
2025-07-10,43914,2025071005006269,NRN,Naasa Securities Co. Ltd.,Dipshikha Dhitopatra Karobar Co. Pvt Ltd.,11,2303.3,25336.3,2025-07-10 13:10:05.163498
2025-07-10,43861,2025071005006276,NRN,Sundhara Securities Limited,Linch Stock Market Ltd.,10,2310.0,23100.0,2025-07-10 13:10:15.917894
2025-07-10,43735,2025071005006300,NRN,Magnet Securities and Investment Company Private Limited,Kohinoor Investment & Securities Pvt. Ltd.,11,2303.4,25337.4,2025-07-10 13:10:47.353987
2025-07-10,43647,2025071005006309,NRN,Malla & Malla Stock Broking Company Pvt. Limited,Sani Securities Company Ltd.,50,2309.9,115495.0,2025-07-10 13:11:09.268850
2025-07-10,43646,2025071005006310,NRN,Malla & Malla Stock Broking Company Pvt. Limited,Linch Stock Market Ltd.,150,2310.0,346500.0,2025-07-10 13:11:09.269225
2025-07-10,43614,2025071005006317,NRN,Malla & Malla Stock Broking Company Pvt. Limited,Linch Stock Market Ltd.,200,2310.0,462000.0,2025-07-10 13:11:17.300397
2025-07-10,43586,2025071005006319,NRN,Malla & Malla Stock Broking Company Pvt. Limited,Linch Stock Market Ltd.,100,2310.0,231000.0,2025-07-10 13:11:24.323045
2025-07-10,43217,2025071005006381,NRN,Magnet Securities and Investment Company Private Limited,Neev Securities Pvt. Ltd.,179,2303.6,412344.4,2025-07-10 13:12:40.898938
2025-07-10,43216,2025071005006382,NRN,Naasa Securities Co. Ltd.,Neev Securities Pvt. Ltd.,41,2303.5,94443.5,2025-07-10 13:12:40.899034
2025-07-10,43088,2025071005006397,NRN,Sundhara Securities Limited,Naasa Securities Co. Ltd.,10,2309.0,23090.0,2025-07-10 13:13:02.684396
2025-07-10,42997,2025071005006413,NRN,Sharepro Securities Private Limited,Naasa Securities Co. Ltd.,50,2309.0,115450.0,2025-07-10 13:13:30.975651
2025-07-10,42891,2025071005006442,NRN,Sundhara Securities Limited,Linch Stock Market Ltd.,20,2310.0,46200.0,2025-07-10 13:13:58.940988
2025-07-10,42885,2025071005006443,NRN,Sharepro Securities Private Limited,Naasa Securities Co. Ltd.,90,2309.0,207810.0,2025-07-10 13:13:59.646785
2025-07-10,42864,2025071005006445,NRN,Kalika Securities Pvt. Ltd.,Linch Stock Market Ltd.,100,2310.0,231000.0,2025-07-10 13:14:04.965261
2025-07-10,42708,2025071005006474,NRN,ABC Securities Private Limited,Naasa Securities Co. Ltd.,52,2305.0,119860.0,2025-07-10 13:14:33.028414
2025-07-10,42641,2025071005006484,NRN,ABC Securities Private Limited,Sani Securities Company Ltd.,48,2305.0,110640.0,2025-07-10 13:14:46.830492
2025-07-10,42640,2025071005006485,NRN,Prabhu Stock Market Limited,Sani Securities Company Ltd.,61,2305.0,140605.0,2025-07-10 13:14:46.831189
2025-07-10,42555,2025071005006500,NRN,Secured Securities Ltd.,Naasa Securities Co. Ltd.,50,2309.0,115450.0,2025-07-10 13:15:07.819865
2025-07-10,42551,2025071005006502,NRN,Secured Securities Ltd.,BHOLE GANESH SECURITIES LTD,50,2309.0,115450.0,2025-07-10 13:15:09.691321
2025-07-10,42389,2025071005006517,NRN,Sundhara Securities Limited,BHOLE GANESH SECURITIES LTD,30,2309.0,69270.0,2025-07-10 13:15:37.360448
2025-07-10,42388,2025071005006518,NRN,Sundhara Securities Limited,Naasa Securities Co. Ltd.,23,2309.9,53127.7,2025-07-10 13:15:37.361113
2025-07-10,41967,2025071005006575,NRN,Citizens Share Broker Limited,ABC Securities Private Limited,100,2306.0,230600.0,2025-07-10 13:17:14.940204
2025-07-10,41887,2025071005006588,NRN,Sundhara Securities Limited,Thrive Brokerage House Pvt. Ltd,11,2309.9,25408.9,2025-07-10 13:17:38.677691
2025-07-10,41645,2025071005006632,NRN,Oxford Securities Pvt. Ltd.,Linch Stock Market Ltd.,266,2309.0,614194.0,2025-07-10 13:18:35.842051
2025-07-10,41544,2025071005006649,NRN,Sundhara Securities Limited,Primo Securities (PVT) Ltd.,63,2309.5,145498.5,2025-07-10 13:19:10.135497
2025-07-10,41396,2025071005006665,NRN,Oxford Securities Pvt. Ltd.,Thrive Brokerage House Pvt. Ltd,11,2309.0,25399.0,2025-07-10 13:19:36.208371
2025-07-10,41272,2025071005006689,NRN,Oxford Securities Pvt. Ltd.,Thrive Brokerage House Pvt. Ltd,11,2309.0,25399.0,2025-07-10 13:20:02.341277
2025-07-10,41239,2025071005006693,NRN,Sani Securities Company Ltd.,Naasa Securities Co. Ltd.,11,2310.0,25410.0,2025-07-10 13:20:10.087654
2025-07-10,41238,2025071005006694,NRN,Sani Securities Company Ltd.,Investment Management Nepal Pvt. Ltd.,11,2310.0,25410.0,2025-07-10 13:20:10.088042
2025-07-10,41057,2025071005006721,NRN,Sani Securities Company Ltd.,Sharepro Securities Private Limited,50,2310.0,115500.0,2025-07-10 13:20:42.894647
2025-07-10,41054,2025071005006722,NRN,Sani Securities Company Ltd.,Miyo Securities Pvt Ltd,100,2310.0,231000.0,2025-07-10 13:20:43.940848
2025-07-10,40961,2025071005006741,NRN,Sri Hari Securities Pvt. Ltd.,INDEX SECURITIES LIMITED,50,2310.1,115505.0,2025-07-10 13:21:09.407611
2025-07-10,40436,2025071005006802,NRN,Sani Securities Company Ltd.,Kumari Securities Private Limited,11,2310.0,25410.0,2025-07-10 13:22:40.514720
2025-07-10,40338,2025071005006816,NRN,Sani Securities Company Ltd.,Secured Securities Ltd.,17,2310.0,39270.0,2025-07-10 13:23:00.423347
2025-07-10,40337,2025071005006817,NRN,Nepal Stock House (PVT) Ltd.,Secured Securities Ltd.,100,2307.0,230700.0,2025-07-10 13:23:00.423735
2025-07-10,40336,2025071005006818,NRN,Prabhu Stock Market Limited,Secured Securities Ltd.,39,2305.0,89895.0,2025-07-10 13:23:00.423884
2025-07-10,40335,2025071005006819,NRN,Imperial Securities Company Pvt. Ltd.,Secured Securities Ltd.,59,2305.0,135995.0,2025-07-10 13:23:00.424036
2025-07-10,40198,2025071005006845,NRN,Imperial Securities Company Pvt. Ltd.,Nepal Stock House (PVT) Ltd.,151,2305.0,348055.0,2025-07-10 13:23:32.464556
2025-07-10,40197,2025071005006846,NRN,Investment Management Nepal Pvt. Ltd.,Nepal Stock House (PVT) Ltd.,10,2305.0,23050.0,2025-07-10 13:23:32.464635
2025-07-10,40196,2025071005006847,NRN,Naasa Securities Co. Ltd.,Nepal Stock House (PVT) Ltd.,500,2303.7,1151850.0,2025-07-10 13:23:32.464683
2025-07-10,40195,2025071005006848,NRN,Garima Securities Limited,Nepal Stock House (PVT) Ltd.,16,2303.7,36859.2,2025-07-10 13:23:32.464707
2025-07-10,40194,2025071005006849,NRN,Sri Hari Securities Pvt. Ltd.,Nepal Stock House (PVT) Ltd.,20,2303.6,46072.0,2025-07-10 13:23:32.464752
2025-07-10,40193,2025071005006850,NRN,R.B.B. Securities Company Ltd,Nepal Stock House (PVT) Ltd.,100,2303.6,230360.0,2025-07-10 13:23:32.464780
2025-07-10,40192,2025071005006851,NRN,Naasa Securities Co. Ltd.,Nepal Stock House (PVT) Ltd.,14,2303.5,32249.0,2025-07-10 13:23:32.464805
2025-07-10,40191,2025071005006852,NRN,Sewa Securities Pvt. Ltd.,Nepal Stock House (PVT) Ltd.,100,2303.5,230350.0,2025-07-10 13:23:32.464829
2025-07-10,40190,2025071005006853,NRN,Naasa Securities Co. Ltd.,Nepal Stock House (PVT) Ltd.,89,2303.3,204993.7,2025-07-10 13:23:32.464861
2025-07-10,39003,2025071005007019,NRN,SHUBHAKAMANA SECURITIES PVT. LTD,Agrawal Securities (PVT) Ltd.,11,2304.0,25344.0,2025-07-10 13:27:19.344921
2025-07-10,38752,2025071005007063,NRN,SHUBHAKAMANA SECURITIES PVT. LTD,KALASH STOCK MARKET PVT. LTD.,189,2304.0,435456.0,2025-07-10 13:28:18.375570
2025-07-10,38751,2025071005007064,NRN,Bhrikuti Stock Broking Co. Pvt. Ltd.,KALASH STOCK MARKET PVT. LTD.,122,2304.0,281088.0,2025-07-10 13:28:18.376002
2025-07-10,38750,2025071005007065,NRN,Naasa Securities Co. Ltd.,KALASH STOCK MARKET PVT. LTD.,189,2303.3,435323.7,2025-07-10 13:28:18.376183
2025-07-10,38589,2025071005007084,NRN,Naasa Securities Co. Ltd.,KALASH STOCK MARKET PVT. LTD.,11,2303.3,25336.3,2025-07-10 13:28:47.476479
2025-07-10,38588,2025071005007085,NRN,J.F. Securites (PVT) Ltd.,KALASH STOCK MARKET PVT. LTD.,100,2303.3,230330.0,2025-07-10 13:28:47.476855
2025-07-10,38587,2025071005007086,NRN,Oxford Securities Pvt. Ltd.,KALASH STOCK MARKET PVT. LTD.,200,2303.3,460660.0,2025-07-10 13:28:47.477030
2025-07-10,38586,2025071005007087,NRN,Naasa Securities Co. Ltd.,KALASH STOCK MARKET PVT. LTD.,20,2303.3,46066.0,2025-07-10 13:28:47.477209
2025-07-10,38585,2025071005007088,NRN,Miyo Securities Pvt Ltd,KALASH STOCK MARKET PVT. LTD.,169,2303.2,389240.8,2025-07-10 13:28:47.477383
2025-07-10,38536,2025071005007102,NRN,Miyo Securities Pvt Ltd,Midas Stock Broking Company Private Limited,11,2303.2,25335.2,2025-07-10 13:29:01.956136
2025-07-10,38442,2025071005007117,NRN,Miyo Securities Pvt Ltd,KALASH STOCK MARKET PVT. LTD.,200,2302.0,460400.0,2025-07-10 13:29:24.588038
2025-07-10,38396,2025071005007135,NRN,Miyo Securities Pvt Ltd,Market Securities & Exchange (PVT) Ltd.,11,2302.0,25322.0,2025-07-10 13:29:34.527857
2025-07-10,38291,2025071005007144,NRN,Miyo Securities Pvt Ltd,Miyo Securities Pvt Ltd,30,2302.0,69060.0,2025-07-10 13:30:04.702976
2025-07-10,38275,2025071005007148,NRN,Miyo Securities Pvt Ltd,Midas Stock Broking Company Private Limited,76,2302.0,174952.0,2025-07-10 13:30:11.260566
2025-07-10,38193,2025071005007174,NRN,Miyo Securities Pvt Ltd,SHUBHAKAMANA SECURITIES PVT. LTD,83,2302.0,191066.0,2025-07-10 13:30:27.379582
2025-07-10,38192,2025071005007175,NRN,Neev Securities Pvt. Ltd.,SHUBHAKAMANA SECURITIES PVT. LTD,500,2302.0,1151000.0,2025-07-10 13:30:27.380304
2025-07-10,38191,2025071005007176,NRN,Elite Stock House Limited,SHUBHAKAMANA SECURITIES PVT. LTD,50,2301.0,115050.0,2025-07-10 13:30:27.380859
2025-07-10,38190,2025071005007177,NRN,Sweta Securities Private Limited,SHUBHAKAMANA SECURITIES PVT. LTD,300,2301.0,690300.0,2025-07-10 13:30:27.381450
2025-07-10,38189,2025071005007178,NRN,Investment Management Nepal Pvt. Ltd.,SHUBHAKAMANA SECURITIES PVT. LTD,20,2300.2,46004.0,2025-07-10 13:30:27.382113
2025-07-10,38188,2025071005007179,NRN,Sri Hari Securities Pvt. Ltd.,SHUBHAKAMANA SECURITIES PVT. LTD,30,2300.2,69006.0,2025-07-10 13:30:27.382745
2025-07-10,38187,2025071005007180,NRN,R.B.B. Securities Company Ltd,SHUBHAKAMANA SECURITIES PVT. LTD,500,2300.1,1150050.0,2025-07-10 13:30:27.383414
2025-07-10,38186,2025071005007181,NRN,Himalayan Brokerage Company Limited,SHUBHAKAMANA SECURITIES PVT. LTD,17,2300.0,39100.0,2025-07-10 13:30:27.384085
2025-07-10,38003,2025071005007216,NRN,Himalayan Brokerage Company Limited,Shree Krishna Securities Ltd.,83,2300.0,190900.0,2025-07-10 13:31:03.182131
2025-07-10,38002,2025071005007217,NRN,Sweta Securities Private Limited,Shree Krishna Securities Ltd.,30,2300.0,69000.0,2025-07-10 13:31:03.182197
2025-07-10,38001,2025071005007218,NRN,Miyo Securities Pvt Ltd,Shree Krishna Securities Ltd.,500,2300.0,1150000.0,2025-07-10 13:31:03.182221
2025-07-10,38000,2025071005007219,NRN,Aryatara Investment & Securities,Shree Krishna Securities Ltd.,150,2300.0,345000.0,2025-07-10 13:31:03.182268
2025-07-10,37999,2025071005007220,NRN,Kohinoor Investment & Securities Pvt. Ltd.,Shree Krishna Securities Ltd.,30,2300.0,69000.0,2025-07-10 13:31:03.182303
2025-07-10,37998,2025071005007221,NRN,Miyo Securities Pvt Ltd,Shree Krishna Securities Ltd.,200,2300.0,460000.0,2025-07-10 13:31:03.182334
2025-07-10,37997,2025071005007222,NRN,Miyo Securities Pvt Ltd,Shree Krishna Securities Ltd.,300,2300.0,690000.0,2025-07-10 13:31:03.182356
2025-07-10,37996,2025071005007223,NRN,Miyo Securities Pvt Ltd,Shree Krishna Securities Ltd.,200,2300.0,460000.0,2025-07-10 13:31:03.182377
2025-07-10,37995,2025071005007224,NRN,Kumari Securities Private Limited,Shree Krishna Securities Ltd.,210,2300.0,483000.0,2025-07-10 13:31:03.182415
2025-07-10,37994,2025071005007225,NRN,Kumari Securities Private Limited,Shree Krishna Securities Ltd.,200,2300.0,460000.0,2025-07-10 13:31:03.182441
2025-07-10,37993,2025071005007226,NRN,Naasa Securities Co. Ltd.,Shree Krishna Securities Ltd.,50,2300.0,115000.0,2025-07-10 13:31:03.182462
2025-07-10,37992,2025071005007227,NRN,Ashutosh Brokerage & Securities (PVT) Ltd.,Shree Krishna Securities Ltd.,25,2300.0,57500.0,2025-07-10 13:31:03.182482
2025-07-10,37991,2025071005007228,NRN,Sharepro Securities Private Limited,Shree Krishna Securities Ltd.,22,2300.0,50600.0,2025-07-10 13:31:03.182504
2025-07-10,37956,2025071005007249,NRN,Sharepro Securities Private Limited,Kohinoor Investment & Securities Pvt. Ltd.,978,2300.0,2249400.0,2025-07-10 13:31:09.527122
2025-07-10,37955,2025071005007250,NRN,Naasa Securities Co. Ltd.,Kohinoor Investment & Securities Pvt. Ltd.,22,2300.0,50600.0,2025-07-10 13:31:09.527800
2025-07-10,37932,2025071005007251,NRN,Naasa Securities Co. Ltd.,Online Securities Pvt. Ltd.,11,2300.0,25300.0,2025-07-10 13:31:12.143691
2025-07-10,37889,2025071005007257,NRN,Naasa Securities Co. Ltd.,Bhrikuti Stock Broking Co. Pvt. Ltd.,17,2300.0,39100.0,2025-07-10 13:31:22.139488
2025-07-10,37888,2025071005007258,NRN,Secured Securities Ltd.,Bhrikuti Stock Broking Co. Pvt. Ltd.,33,2300.0,75900.0,2025-07-10 13:31:22.139539
2025-07-10,37742,2025071005007283,NRN,Primo Securities (PVT) Ltd.,NIMB Stock Markets Limited,10,2301.0,23010.0,2025-07-10 13:31:47.625282
2025-07-10,37741,2025071005007284,NRN,Secured Securities Ltd.,NIMB Stock Markets Limited,67,2300.0,154100.0,2025-07-10 13:31:47.625664
2025-07-10,37740,2025071005007285,NRN,Premier Securities Company Ltd.,NIMB Stock Markets Limited,120,2300.0,276000.0,2025-07-10 13:31:47.625808
2025-07-10,37713,2025071005007295,NRN,Dipshikha Dhitopatra Karobar Co. Pvt Ltd.,Property Wiard Limited,10,2300.0,23000.0,2025-07-10 13:31:57.033382
2025-07-10,37712,2025071005007296,NRN,Citizens Share Broker Limited,Property Wiard Limited,10,2300.0,23000.0,2025-07-10 13:31:57.034079
2025-07-10,37666,2025071005007300,NRN,Citizens Share Broker Limited,Bhrikuti Stock Broking Co. Pvt. Ltd.,90,2300.0,207000.0,2025-07-10 13:32:03.417913
2025-07-10,37665,2025071005007301,NRN,Investment Management Nepal Pvt. Ltd.,Bhrikuti Stock Broking Co. Pvt. Ltd.,10,2300.0,23000.0,2025-07-10 13:32:03.418306
2025-07-10,37664,2025071005007302,NRN,Trishakti Securities Public Limited,Bhrikuti Stock Broking Co. Pvt. Ltd.,50,2300.0,115000.0,2025-07-10 13:32:03.418458
2025-07-10,37663,2025071005007303,NRN,Agrawal Securities (PVT) Ltd.,Bhrikuti Stock Broking Co. Pvt. Ltd.,50,2300.0,115000.0,2025-07-10 13:32:03.418594
2025-07-10,37551,2025071005007325,NRN,Kumari Securities Private Limited,J.F. Securites (PVT) Ltd.,40,2300.0,92000.0,2025-07-10 13:32:32.155335
2025-07-10,37479,2025071005007332,NRN,Miyo Securities Pvt Ltd,Property Wiard Limited,10,2300.0,23000.0,2025-07-10 13:32:49.184896
2025-07-10,37332,2025071005007354,NRN,Miyo Securities Pvt Ltd,Property Wiard Limited,10,2300.0,23000.0,2025-07-10 13:33:15.263428
2025-07-10,37315,2025071005007355,NRN,Nepal Stock House (PVT) Ltd.,ABC Securities Private Limited,10,2305.0,23050.0,2025-07-10 13:33:17.637420
2025-07-10,37314,2025071005007356,NRN,Nepal Stock House (PVT) Ltd.,Nabil Stock Dealer Ltd.,30,2308.9,69267.0,2025-07-10 13:33:17.637807
2025-07-10,37296,2025071005007357,NRN,Miyo Securities Pvt Ltd,Vision Securities Pvt. Ltd,11,2300.0,25300.0,2025-07-10 13:33:23.018641
2025-07-10,37163,2025071005007374,NRN,Miyo Securities Pvt Ltd,Property Wiard Limited,10,2300.0,23000.0,2025-07-10 13:33:41.340425
2025-07-10,37052,2025071005007388,NRN,Siprabi Securities Pvt. Ltd.,BHOLE GANESH SECURITIES LTD,10,2300.0,23000.0,2025-07-10 13:34:08.544045
2025-07-10,36977,2025071005007393,NRN,Neev Securities Pvt. Ltd.,Trisul Securities & Invt. Ltd.,100,2297.0,229700.0,2025-07-10 13:34:17.263838
2025-07-10,36826,2025071005007406,NRN,Neev Securities Pvt. Ltd.,Trademow Securities Private Limited,70,2297.0,160790.0,2025-07-10 13:34:42.639511
2025-07-10,36682,2025071005007423,NRN,Neev Securities Pvt. Ltd.,Investment Management Nepal Pvt. Ltd.,25,2297.0,57425.0,2025-07-10 13:35:11.700440
2025-07-10,36634,2025071005007431,NRN,Neev Securities Pvt. Ltd.,BHOLE GANESH SECURITIES LTD,190,2297.0,436430.0,2025-07-10 13:35:19.706996
2025-07-10,36316,2025071005007472,NRN,Naasa Securities Co. Ltd.,Asian Securities Private Ltd.,100,2300.0,230000.0,2025-07-10 13:36:32.249928
2025-07-10,36202,2025071005007479,NRN,Neev Securities Pvt. Ltd.,Miyo Securities Pvt Ltd,15,2297.0,34455.0,2025-07-10 13:36:58.963480
2025-07-10,36127,2025071005007480,NRN,Naasa Securities Co. Ltd.,Siprabi Securities Pvt. Ltd.,10,2300.0,23000.0,2025-07-10 13:37:12.403685
2025-07-10,36126,2025071005007481,NRN,Naasa Securities Co. Ltd.,J.F. Securites (PVT) Ltd.,10,2300.0,23000.0,2025-07-10 13:37:12.404121
2025-07-10,36003,2025071005007494,NRN,Naasa Securities Co. Ltd.,Asian Securities Private Ltd.,40,2300.0,92000.0,2025-07-10 13:37:36.769182
2025-07-10,35830,2025071005007522,NRN,Naasa Securities Co. Ltd.,Nepal Stock House (PVT) Ltd.,40,2300.0,92000.0,2025-07-10 13:38:12.597440
2025-07-10,35829,2025071005007523,NRN,Bhrikuti Stock Broking Co. Pvt. Ltd.,Nepal Stock House (PVT) Ltd.,10,2300.0,23000.0,2025-07-10 13:38:12.597798
2025-07-10,35721,2025071005007537,NRN,Primo Securities (PVT) Ltd.,Asian Securities Private Ltd.,10,2300.1,23001.0,2025-07-10 13:38:36.024190
2025-07-10,35720,2025071005007538,NRN,Oxford Securities Pvt. Ltd.,Asian Securities Private Ltd.,50,2300.0,115000.0,2025-07-10 13:38:36.024587
2025-07-10,35524,2025071005007561,NRN,Sharepro Securities Private Limited,Sani Securities Company Ltd.,100,2300.2,230020.0,2025-07-10 13:39:23.091542
2025-07-10,35473,2025071005007569,NRN,Sharepro Securities Private Limited,Dakshinkali Investment & Securities Pvt. Ltd.,20,2300.2,46004.0,2025-07-10 13:39:31.512296
2025-07-10,35398,2025071005007576,NRN,Sharepro Securities Private Limited,Cristal Kanchanjanga Securites Pvt. Ltd.,11,2300.2,25302.2,2025-07-10 13:39:46.745614
2025-07-10,35274,2025071005007609,NRN,Sharepro Securities Private Limited,Cristal Kanchanjanga Securites Pvt. Ltd.,11,2300.2,25302.2,2025-07-10 13:40:09.836299
2025-07-10,35267,2025071005007612,NRN,SUN SECURITIES PVT LTD,Property Wiard Limited,100,2303.0,230300.0,2025-07-10 13:40:11.093388
2025-07-10,35188,2025071005007622,NRN,Sharepro Securities Private Limited,Trisul Securities & Invt. Ltd.,30,2300.2,69006.0,2025-07-10 13:40:23.670348
2025-07-10,34851,2025071005007673,NRN,Sharepro Securities Private Limited,Kohinoor Investment & Securities Pvt. Ltd.,16,2300.2,36803.2,2025-07-10 13:41:43.836902
2025-07-10,34534,2025071005007725,NRN,Trishakti Securities Public Limited,Bhrikuti Stock Broking Co. Pvt. Ltd.,11,2305.0,25355.0,2025-07-10 13:42:57.798484
2025-07-10,34533,2025071005007726,NRN,Trishakti Securities Public Limited,Nabil Stock Dealer Ltd.,270,2305.0,622350.0,2025-07-10 13:42:57.798866
2025-07-10,34532,2025071005007727,NRN,Trishakti Securities Public Limited,Premier Securities Company Ltd.,500,2305.0,1152500.0,2025-07-10 13:42:57.799013
2025-07-10,34383,2025071005007744,NRN,Sharepro Securities Private Limited,Agrawal Securities (PVT) Ltd.,12,2300.2,27602.4,2025-07-10 13:43:30.047645
2025-07-10,34382,2025071005007745,NRN,Siprabi Securities Pvt. Ltd.,Agrawal Securities (PVT) Ltd.,30,2300.0,69000.0,2025-07-10 13:43:30.048057
2025-07-10,34381,2025071005007746,NRN,Siprabi Securities Pvt. Ltd.,Agrawal Securities (PVT) Ltd.,10,2300.0,23000.0,2025-07-10 13:43:30.048239
2025-07-10,34380,2025071005007747,NRN,Naasa Securities Co. Ltd.,Agrawal Securities (PVT) Ltd.,100,2300.0,230000.0,2025-07-10 13:43:30.048415
2025-07-10,34379,2025071005007748,NRN,Indira securities pvt. ltd,Agrawal Securities (PVT) Ltd.,10,2300.0,23000.0,2025-07-10 13:43:30.048587
2025-07-10,34378,2025071005007749,NRN,Sani Securities Company Ltd.,Agrawal Securities (PVT) Ltd.,10,2300.0,23000.0,2025-07-10 13:43:30.048756
2025-07-10,34377,2025071005007750,NRN,Asian Securities Private Ltd.,Agrawal Securities (PVT) Ltd.,28,2299.0,64372.0,2025-07-10 13:43:30.048930
2025-07-10,33822,2025071005007794,NRN,Bhrikuti Stock Broking Co. Pvt. Ltd.,Magnet Securities and Investment Company Private Limited,180,2300.0,414000.0,2025-07-10 13:44:40.754520
2025-07-10,33805,2025071005007797,NRN,Bhrikuti Stock Broking Co. Pvt. Ltd.,Agrawal Securities (PVT) Ltd.,10,2300.0,23000.0,2025-07-10 13:44:44.757093
2025-07-10,33804,2025071005007798,NRN,Asian Securities Private Ltd.,Agrawal Securities (PVT) Ltd.,14,2299.0,32186.0,2025-07-10 13:44:44.757138
2025-07-10,33548,2025071005007835,NRN,Neev Securities Pvt. Ltd.,Vision Securities Pvt. Ltd,11,2297.0,25267.0,2025-07-10 13:45:33.783472
2025-07-10,33540,2025071005007839,NRN,Aryatara Investment & Securities,Naasa Securities Co. Ltd.,60,2300.0,138000.0,2025-07-10 13:45:35.864561
2025-07-10,33223,2025071005007891,NRN,Aryatara Investment & Securities,Dynamic Money Managers Securities Pvt. Ltd.,100,2304.0,230400.0,2025-07-10 13:46:51.764053
2025-07-10,33222,2025071005007892,NRN,Aryatara Investment & Securities,Dynamic Money Managers Securities Pvt. Ltd.,100,2304.0,230400.0,2025-07-10 13:46:51.764502
2025-07-10,33198,2025071005007901,NRN,Aryatara Investment & Securities,Creative Securities Pvt Ltd,11,2304.0,25344.0,2025-07-10 13:46:53.870675
2025-07-10,32312,2025071005008014,NRN,Aryatara Investment & Securities,Naasa Securities Co. Ltd.,100,2300.0,230000.0,2025-07-10 13:50:06.017011
2025-07-10,32311,2025071005008015,NRN,Nepal Stock House (PVT) Ltd.,Naasa Securities Co. Ltd.,20,2300.0,46000.0,2025-07-10 13:50:06.017424
2025-07-10,32223,2025071005008034,NRN,Bhrikuti Stock Broking Co. Pvt. Ltd.,Naasa Securities Co. Ltd.,10,2300.0,23000.0,2025-07-10 13:50:30.023793
2025-07-10,32191,2025071005008049,NRN,Midas Stock Broking Company Private Limited,Naasa Securities Co. Ltd.,100,2300.0,230000.0,2025-07-10 13:50:35.965179
2025-07-10,32103,2025071005008063,NRN,Naasa Securities Co. Ltd.,Trishakti Securities Public Limited,11,2299.0,25289.0,2025-07-10 13:50:53.562988
2025-07-10,32048,2025071005008076,NRN,Sewa Securities Pvt. Ltd.,Naasa Securities Co. Ltd.,20,2300.0,46000.0,2025-07-10 13:51:04.086426
2025-07-10,31987,2025071005008084,NRN,Oxford Securities Pvt. Ltd.,Naasa Securities Co. Ltd.,239,2300.0,549700.0,2025-07-10 13:51:15.592050
2025-07-10,31574,2025071005008169,NRN,Oxford Securities Pvt. Ltd.,Naasa Securities Co. Ltd.,20,2300.0,46000.0,2025-07-10 13:52:51.853497
2025-07-10,31573,2025071005008170,NRN,Aryatara Investment & Securities,Naasa Securities Co. Ltd.,289,2300.0,664700.0,2025-07-10 13:52:51.853850
2025-07-10,31561,2025071005008172,NRN,Dipshikha Dhitopatra Karobar Co. Pvt Ltd.,Naasa Securities Co. Ltd.,191,2300.0,439300.0,2025-07-10 13:52:54.588227
2025-07-10,31122,2025071005008271,NRN,Dipshikha Dhitopatra Karobar Co. Pvt Ltd.,Online Securities Pvt. Ltd.,59,2300.0,135700.0,2025-07-10 13:54:48.013636
2025-07-10,31022,2025071005008295,NRN,INDEX SECURITIES LIMITED,Online Securities Pvt. Ltd.,10,2300.0,23000.0,2025-07-10 13:55:12.340683
2025-07-10,30907,2025071005008323,NRN,Sewa Securities Pvt. Ltd.,Online Securities Pvt. Ltd.,31,2300.0,71300.0,2025-07-10 13:55:44.972184
2025-07-10,30762,2025071005008340,NRN,Naasa Securities Co. Ltd.,Naasa Securities Co. Ltd.,89,2299.0,204611.0,2025-07-10 13:56:18.136978
2025-07-10,30761,2025071005008341,NRN,Indira securities pvt. ltd,Naasa Securities Co. Ltd.,10,2298.0,22980.0,2025-07-10 13:56:18.137896
2025-07-10,30633,2025071005008359,NRN,Sri Hari Securities Pvt. Ltd.,J.F. Securites (PVT) Ltd.,10,2298.0,22980.0,2025-07-10 13:56:59.878912
2025-07-10,30632,2025071005008360,NRN,Sani Securities Company Ltd.,J.F. Securites (PVT) Ltd.,10,2298.0,22980.0,2025-07-10 13:56:59.879007
2025-07-10,30631,2025071005008361,NRN,Neev Securities Pvt. Ltd.,J.F. Securites (PVT) Ltd.,80,2297.0,183760.0,2025-07-10 13:56:59.879109
2025-07-10,30431,2025071005008410,NRN,Secured Securities Ltd.,Naasa Securities Co. Ltd.,15,2297.1,34456.5,2025-07-10 13:57:53.138718
2025-07-10,30430,2025071005008411,NRN,Vision Securities Pvt. Ltd,Naasa Securities Co. Ltd.,85,2297.0,195245.0,2025-07-10 13:57:53.139092
2025-07-10,30195,2025071005008462,NRN,Premier Securities Company Ltd.,Siprabi Securities Pvt. Ltd.,10,2300.0,23000.0,2025-07-10 13:58:46.295400
2025-07-10,30034,2025071005008478,NRN,Trishakti Securities Public Limited,Creative Securities Pvt Ltd,11,2304.0,25344.0,2025-07-10 13:59:21.116149
2025-07-10,30033,2025071005008479,NRN,Trishakti Securities Public Limited,KALASH STOCK MARKET PVT. LTD.,60,2305.0,138300.0,2025-07-10 13:59:21.116579
2025-07-10,30032,2025071005008480,NRN,Trishakti Securities Public Limited,NIMB Stock Markets Limited,200,2305.0,461000.0,2025-07-10 13:59:21.116746
2025-07-10,29804,2025071005008506,NRN,Trademow Securities Private Limited,Sweta Securities Private Limited,10,2305.0,23050.0,2025-07-10 14:00:06.856112
2025-07-10,28974,2025071005008627,NRN,Garima Securities Limited,Nagarik Stock Dealer ,11,2305.0,25355.0,2025-07-10 14:03:20.415157
2025-07-10,28591,2025071005008653,NRN,Himalayan Securities Limited,Kohinoor Investment & Securities Pvt. Ltd.,10,2307.0,23070.0,2025-07-10 14:04:48.853858
2025-07-10,28491,2025071005008671,NRN,Citizens Share Broker Limited,Property Wiard Limited,10,2310.0,23100.0,2025-07-10 14:05:10.879719
2025-07-10,28490,2025071005008672,NRN,Citizens Share Broker Limited,Online Securities Pvt. Ltd.,10,2310.0,23100.0,2025-07-10 14:05:10.879774
2025-07-10,28472,2025071005008675,NRN,Citizens Share Broker Limited,Online Securities Pvt. Ltd.,10,2310.0,23100.0,2025-07-10 14:05:15.893869
2025-07-10,28415,2025071005008686,NRN,ABC Securities Private Limited,Online Securities Pvt. Ltd.,50,2310.0,115500.0,2025-07-10 14:05:29.503491
2025-07-10,28133,2025071005008748,NRN,Dynamic Money Managers Securities Pvt. Ltd.,Online Securities Pvt. Ltd.,95,2310.0,219450.0,2025-07-10 14:06:35.569230
2025-07-10,28006,2025071005008771,NRN,Dynamic Money Managers Securities Pvt. Ltd.,Sundhara Securities Limited,10,2310.0,23100.0,2025-07-10 14:07:00.031117
2025-07-10,27982,2025071005008774,NRN,Siprabi Securities Pvt. Ltd.,Sundhara Securities Limited,30,2310.0,69300.0,2025-07-10 14:07:05.449893
2025-07-10,27981,2025071005008775,NRN,Siprabi Securities Pvt. Ltd.,Dipshikha Dhitopatra Karobar Co. Pvt Ltd.,20,2310.0,46200.0,2025-07-10 14:07:05.450295
2025-07-10,27670,2025071005008827,NRN,Premier Securities Company Ltd.,Dipshikha Dhitopatra Karobar Co. Pvt Ltd.,40,2310.0,92400.0,2025-07-10 14:08:15.023762
2025-07-10,27572,2025071005008835,NRN,BHOLE GANESH SECURITIES LTD,Midas Stock Broking Company Private Limited,100,2311.0,231100.0,2025-07-10 14:08:38.445502
2025-07-10,27571,2025071005008836,NRN,BHOLE GANESH SECURITIES LTD,Agrawal Securities (PVT) Ltd.,11,2311.0,25421.0,2025-07-10 14:08:38.446256
2025-07-10,27300,2025071005008866,NRN,Primo Securities (PVT) Ltd.,Agrawal Securities (PVT) Ltd.,10,2312.0,23120.0,2025-07-10 14:09:31.693218
2025-07-10,26885,2025071005008923,NRN,Premier Securities Company Ltd.,Prabhu Stock Market Limited,60,2310.0,138600.0,2025-07-10 14:11:26.089906
2025-07-10,26884,2025071005008924,NRN,ABC Securities Private Limited,Prabhu Stock Market Limited,440,2310.0,1016400.0,2025-07-10 14:11:26.090639
2025-07-10,26718,2025071005008949,NRN,Indira securities pvt. ltd,Naasa Securities Co. Ltd.,50,2313.0,115650.0,2025-07-10 14:11:54.668363
2025-07-10,26635,2025071005008963,NRN,Indira securities pvt. ltd,Imperial Securities Company Pvt. Ltd.,11,2315.0,25465.0,2025-07-10 14:12:06.704489
2025-07-10,26634,2025071005008964,NRN,Indira securities pvt. ltd,Premier Securities Company Ltd.,11,2315.0,25465.0,2025-07-10 14:12:06.704558
2025-07-10,26633,2025071005008965,NRN,Indira securities pvt. ltd,Imperial Securities Company Pvt. Ltd.,11,2315.0,25465.0,2025-07-10 14:12:06.704584
2025-07-10,26241,2025071005009052,NRN,Bhrikuti Stock Broking Co. Pvt. Ltd.,Siprabi Securities Pvt. Ltd.,11,2315.0,25465.0,2025-07-10 14:13:45.877440
2025-07-10,26038,2025071005009095,NRN,Bhrikuti Stock Broking Co. Pvt. Ltd.,Naasa Securities Co. Ltd.,50,2318.0,115900.0,2025-07-10 14:14:46.424745
2025-07-10,25990,2025071005009108,NRN,Bhrikuti Stock Broking Co. Pvt. Ltd.,Vision Securities Pvt. Ltd,51,2318.0,118218.0,2025-07-10 14:15:01.694757
2025-07-10,25989,2025071005009109,NRN,Sharepro Securities Private Limited,Vision Securities Pvt. Ltd,199,2316.1,460903.9,2025-07-10 14:15:01.695503
2025-07-10,25891,2025071005009128,NRN,Sharepro Securities Private Limited,Sweta Securities Private Limited,321,2316.1,743468.1,2025-07-10 14:15:27.839668
2025-07-10,25890,2025071005009129,NRN,ABC Securities Private Limited,Sweta Securities Private Limited,479,2316.0,1109364.0,2025-07-10 14:15:27.840432
2025-07-10,25854,2025071005009131,NRN,ABC Securities Private Limited,Citizens Share Broker Limited,21,2316.0,48636.0,2025-07-10 14:15:37.760262
2025-07-10,25853,2025071005009132,NRN,Capital Max Securities Ltd,Citizens Share Broker Limited,100,2316.0,231600.0,2025-07-10 14:15:37.760704
2025-07-10,25852,2025071005009133,NRN,Aryatara Investment & Securities,Citizens Share Broker Limited,10,2315.0,23150.0,2025-07-10 14:15:37.760857
2025-07-10,25802,2025071005009141,NRN,Imperial Securities Company Pvt. Ltd.,Citizens Share Broker Limited,40,2310.2,92408.0,2025-07-10 14:15:54.811206
2025-07-10,25801,2025071005009142,NRN,Naasa Securities Co. Ltd.,Citizens Share Broker Limited,17,2310.2,39273.4,2025-07-10 14:15:54.811574
2025-07-10,25800,2025071005009143,NRN,ABC Securities Private Limited,Citizens Share Broker Limited,60,2310.0,138600.0,2025-07-10 14:15:54.811822
2025-07-10,25799,2025071005009144,NRN,Naasa Securities Co. Ltd.,Citizens Share Broker Limited,18,2310.0,41580.0,2025-07-10 14:15:54.812004
2025-07-10,25747,2025071005009146,NRN,ABC Securities Private Limited,Citizens Share Broker Limited,200,2307.0,461400.0,2025-07-10 14:16:07.853326
2025-07-10,25746,2025071005009147,NRN,Naasa Securities Co. Ltd.,Citizens Share Broker Limited,30,2307.0,69210.0,2025-07-10 14:16:07.853666
2025-07-10,25745,2025071005009148,NRN,Citizens Share Broker Limited,Citizens Share Broker Limited,254,2301.0,584454.0,2025-07-10 14:16:07.853821
2025-07-10,24519,2025071005009345,NRN,Primo Securities (PVT) Ltd.,Sani Securities Company Ltd.,11,2306.0,25366.0,2025-07-10 14:20:22.578755
2025-07-10,23736,2025071005009441,NRN,Primo Securities (PVT) Ltd.,Naasa Securities Co. Ltd.,289,2306.0,666434.0,2025-07-10 14:22:42.223865
2025-07-10,23555,2025071005009458,NRN,Bhrikuti Stock Broking Co. Pvt. Ltd.,Naasa Securities Co. Ltd.,100,2306.0,230600.0,2025-07-10 14:23:17.558533
2025-07-10,23554,2025071005009459,NRN,ABC Securities Private Limited,Naasa Securities Co. Ltd.,112,2305.0,258160.0,2025-07-10 14:23:17.559310
2025-07-10,23427,2025071005009469,NRN,ABC Securities Private Limited,Naasa Securities Co. Ltd.,888,2305.0,2046840.0,2025-07-10 14:23:38.822184
