Date,S.N.,Contract ID,Symbol,Buyer Broker,Seller Broker,volume,rate,amount,transaction_time
2025-07-10,88301,2025071004000091,RHPL,Kumari Securities Private Limited,Sanima Securities Limited,35,344.0,12040.0,2025-07-10 11:01:50.262877
2025-07-10,88300,2025071004000092,RHPL,Online Securities Pvt. Ltd.,Sanima Securities Limited,45,342.1,15394.5,2025-07-10 11:01:50.263031
2025-07-10,88283,2025071004000099,RHPL,Siprabi Securities Pvt. Ltd.,Kumari Securities Private Limited,50,342.2,17110.0,2025-07-10 11:01:56.088941
2025-07-10,88140,2025071004000150,RHPL,Siprabi Securities Pvt. Ltd.,Dynamic Money Managers Securities Pvt. Ltd.,270,342.3,92421.0,2025-07-10 11:02:45.382517
2025-07-10,88065,2025071004000178,RHPL,Siprabi Securities Pvt. Ltd.,Kumari Securities Private Limited,20,342.3,6846.0,2025-07-10 11:03:05.648555
2025-07-10,87951,2025071004000222,RHPL,Kumari Securities Private Limited,Sri Hari Securities Pvt. Ltd.,40,342.5,13700.0,2025-07-10 11:03:42.010729
2025-07-10,87836,2025071004000263,RHPL,Sundhara Securities Limited,Creative Securities Pvt Ltd,200,344.0,68800.0,2025-07-10 11:04:18.489914
2025-07-10,87499,2025071004000362,RHPL,Sani Securities Company Ltd.,Aryatara Investment & Securities,52,345.0,17940.0,2025-07-10 11:05:51.918510
2025-07-10,87447,2025071004000381,RHPL,Online Securities Pvt. Ltd.,Aryatara Investment & Securities,100,345.0,34500.0,2025-07-10 11:06:06.055586
2025-07-10,87393,2025071004000395,RHPL,Siprabi Securities Pvt. Ltd.,Aryatara Investment & Securities,10,343.7,3437.0,2025-07-10 11:06:21.692965
2025-07-10,87392,2025071004000396,RHPL,Sweta Securities Private Limited,Aryatara Investment & Securities,98,345.0,33810.0,2025-07-10 11:06:21.756636
2025-07-10,87391,2025071004000397,RHPL,Sweta Securities Private Limited,Sani Securities Company Ltd.,47,345.4,16233.8,2025-07-10 11:06:21.756740
2025-07-10,87287,2025071004000422,RHPL,Sani Securities Company Ltd.,Sani Securities Company Ltd.,50,345.4,17270.0,2025-07-10 11:06:43.776779
2025-07-10,87204,2025071004000445,RHPL,Sani Securities Company Ltd.,Sani Securities Company Ltd.,50,345.4,17270.0,2025-07-10 11:07:07.277137
2025-07-10,87189,2025071004000452,RHPL,Online Securities Pvt. Ltd.,Aryatara Investment & Securities,10,345.0,3450.0,2025-07-10 11:07:14.096586
2025-07-10,87142,2025071004000472,RHPL,Online Securities Pvt. Ltd.,Sani Securities Company Ltd.,23,345.4,7944.2,2025-07-10 11:07:27.178533
2025-07-10,87141,2025071004000473,RHPL,Online Securities Pvt. Ltd.,Trisul Securities & Invt. Ltd.,30,346.0,10380.0,2025-07-10 11:07:27.178664
2025-07-10,87056,2025071004000512,RHPL,Vision Securities Pvt. Ltd,Online Securities Pvt. Ltd.,100,346.5,34650.0,2025-07-10 11:07:48.734885
2025-07-10,87038,2025071004000520,RHPL,Siprabi Securities Pvt. Ltd.,Online Securities Pvt. Ltd.,340,346.5,117810.0,2025-07-10 11:07:57.199108
2025-07-10,86968,2025071004000535,RHPL,Linch Stock Market Ltd.,Online Securities Pvt. Ltd.,10,346.5,3465.0,2025-07-10 11:08:16.682169
2025-07-10,86705,2025071004000605,RHPL,Online Securities Pvt. Ltd.,SUN SECURITIES PVT LTD,40,346.0,13840.0,2025-07-10 11:09:24.204590
2025-07-10,86698,2025071004000607,RHPL,Dipshikha Dhitopatra Karobar Co. Pvt Ltd.,Online Securities Pvt. Ltd.,46,346.5,15939.0,2025-07-10 11:09:27.069338
2025-07-10,86158,2025071004000743,RHPL,Online Securities Pvt. Ltd.,Sani Securities Company Ltd.,100,345.1,34510.0,2025-07-10 11:11:08.159127
2025-07-10,86157,2025071004000744,RHPL,Sani Securities Company Ltd.,Sani Securities Company Ltd.,20,345.1,6902.0,2025-07-10 11:11:08.159286
2025-07-10,86115,2025071004000757,RHPL,Online Securities Pvt. Ltd.,Sundhara Securities Limited,80,345.0,27600.0,2025-07-10 11:11:18.016014
2025-07-10,86078,2025071004000773,RHPL,Linch Stock Market Ltd.,Dynamic Money Managers Securities Pvt. Ltd.,20,345.0,6900.0,2025-07-10 11:11:27.609467
2025-07-10,86077,2025071004000774,RHPL,Oxford Securities Pvt. Ltd.,Dynamic Money Managers Securities Pvt. Ltd.,280,345.0,96600.0,2025-07-10 11:11:27.609730
2025-07-10,85910,2025071004000827,RHPL,Oxford Securities Pvt. Ltd.,Kalika Securities Pvt. Ltd.,40,345.0,13800.0,2025-07-10 11:12:08.712762
2025-07-10,85826,2025071004000863,RHPL,Sundhara Securities Limited,Sani Securities Company Ltd.,60,345.1,20706.0,2025-07-10 11:12:29.408475
2025-07-10,85584,2025071004000927,RHPL,Naasa Securities Co. Ltd.,Sani Securities Company Ltd.,50,345.1,17255.0,2025-07-10 11:13:20.643008
2025-07-10,85574,2025071004000929,RHPL,Oxford Securities Pvt. Ltd.,Linch Stock Market Ltd.,80,345.0,27600.0,2025-07-10 11:13:22.666927
2025-07-10,85573,2025071004000930,RHPL,Sani Securities Company Ltd.,Linch Stock Market Ltd.,50,345.0,17250.0,2025-07-10 11:13:22.667141
2025-07-10,85572,2025071004000931,RHPL,Sundhara Securities Limited,Linch Stock Market Ltd.,50,345.0,17250.0,2025-07-10 11:13:22.667226
2025-07-10,85522,2025071004000938,RHPL,Asian Securities Private Ltd.,Linch Stock Market Ltd.,20,345.0,6900.0,2025-07-10 11:13:34.839097
2025-07-10,85489,2025071004000947,RHPL,Aryatara Investment & Securities,Dipshikha Dhitopatra Karobar Co. Pvt Ltd.,100,344.0,34400.0,2025-07-10 11:13:41.085331
2025-07-10,85391,2025071004000975,RHPL,Vision Securities Pvt. Ltd,Dipshikha Dhitopatra Karobar Co. Pvt Ltd.,50,343.8,17190.0,2025-07-10 11:14:09.263243
2025-07-10,85390,2025071004000976,RHPL,Sani Securities Company Ltd.,Dipshikha Dhitopatra Karobar Co. Pvt Ltd.,50,343.8,17190.0,2025-07-10 11:14:09.263396
2025-07-10,85389,2025071004000977,RHPL,Trishakti Securities Public Limited,Dipshikha Dhitopatra Karobar Co. Pvt Ltd.,70,343.6,24052.0,2025-07-10 11:14:09.263461
2025-07-10,85335,2025071004000996,RHPL,Trishakti Securities Public Limited,Imperial Securities Company Pvt. Ltd.,130,343.6,44668.0,2025-07-10 11:14:21.803274
2025-07-10,85334,2025071004000997,RHPL,Asian Securities Private Ltd.,Imperial Securities Company Pvt. Ltd.,70,343.5,24045.0,2025-07-10 11:14:21.803461
2025-07-10,85074,2025071004001074,RHPL,Sani Securities Company Ltd.,Sani Securities Company Ltd.,30,344.0,10320.0,2025-07-10 11:15:06.791691
2025-07-10,85073,2025071004001075,RHPL,Malla & Malla Stock Broking Company Pvt. Limited,Sani Securities Company Ltd.,70,343.7,24059.0,2025-07-10 11:15:06.791864
2025-07-10,85003,2025071004001097,RHPL,Online Securities Pvt. Ltd.,Naasa Securities Co. Ltd.,100,345.0,34500.0,2025-07-10 11:15:18.745256
2025-07-10,85002,2025071004001098,RHPL,Online Securities Pvt. Ltd.,Hatemalo Financial Services Private Limited,20,345.0,6900.0,2025-07-10 11:15:18.745405
2025-07-10,85001,2025071004001099,RHPL,Online Securities Pvt. Ltd.,Linch Stock Market Ltd.,191,345.0,65895.0,2025-07-10 11:15:18.745469
2025-07-10,84774,2025071004001165,RHPL,Trisul Securities & Invt. Ltd.,Sani Securities Company Ltd.,30,345.1,10353.0,2025-07-10 11:16:06.062969
2025-07-10,84771,2025071004001166,RHPL,Shree Krishna Securities Ltd.,Dipshikha Dhitopatra Karobar Co. Pvt Ltd.,70,344.0,24080.0,2025-07-10 11:16:06.355160
2025-07-10,84448,2025071004001236,RHPL,Sundhara Securities Limited,Linch Stock Market Ltd.,100,344.3,34430.0,2025-07-10 11:17:07.137803
2025-07-10,84447,2025071004001237,RHPL,Online Securities Pvt. Ltd.,Linch Stock Market Ltd.,150,344.2,51630.0,2025-07-10 11:17:07.138112
2025-07-10,84446,2025071004001238,RHPL,Shree Krishna Securities Ltd.,Linch Stock Market Ltd.,250,344.0,86000.0,2025-07-10 11:17:07.138310
2025-07-10,84366,2025071004001268,RHPL,Thrive Brokerage House Pvt. Ltd,Dipshikha Dhitopatra Karobar Co. Pvt Ltd.,780,345.0,269100.0,2025-07-10 11:17:23.742731
2025-07-10,84291,2025071004001282,RHPL,Trisul Securities & Invt. Ltd.,Sani Securities Company Ltd.,30,345.1,10353.0,2025-07-10 11:17:40.135224
2025-07-10,84270,2025071004001286,RHPL,Thrive Brokerage House Pvt. Ltd,Indira securities pvt. ltd,40,345.0,13800.0,2025-07-10 11:17:47.887792
2025-07-10,84238,2025071004001296,RHPL,Thrive Brokerage House Pvt. Ltd,Deevyaa Securities & Stock House Pvt. Ltd,30,345.0,10350.0,2025-07-10 11:17:52.271128
2025-07-10,84202,2025071004001307,RHPL,Thrive Brokerage House Pvt. Ltd,Sri Hari Securities Pvt. Ltd.,60,345.0,20700.0,2025-07-10 11:17:58.796668
2025-07-10,84052,2025071004001334,RHPL,Thrive Brokerage House Pvt. Ltd,Kohinoor Investment & Securities Pvt. Ltd.,20,345.0,6900.0,2025-07-10 11:18:33.454182
2025-07-10,84047,2025071004001337,RHPL,Aryatara Investment & Securities,Sani Securities Company Ltd.,100,345.1,34510.0,2025-07-10 11:18:36.097033
2025-07-10,84044,2025071004001339,RHPL,Sweta Securities Private Limited,Sani Securities Company Ltd.,146,345.1,50384.6,2025-07-10 11:18:36.775750
2025-07-10,83986,2025071004001352,RHPL,Vision Securities Pvt. Ltd,Sani Securities Company Ltd.,50,345.1,17255.0,2025-07-10 11:18:48.864480
2025-07-10,83983,2025071004001355,RHPL,Malla & Malla Stock Broking Company Pvt. Limited,Sani Securities Company Ltd.,34,345.1,11733.4,2025-07-10 11:18:49.096585
2025-07-10,83690,2025071004001438,RHPL,Imperial Securities Company Pvt. Ltd.,South Asian Bulls Pvt. Ltd.,30,346.0,10380.0,2025-07-10 11:19:52.482493
2025-07-10,83609,2025071004001465,RHPL,Sani Securities Company Ltd.,South Asian Bulls Pvt. Ltd.,28,346.0,9688.0,2025-07-10 11:20:01.781618
2025-07-10,83390,2025071004001527,RHPL,Sweta Securities Private Limited,South Asian Bulls Pvt. Ltd.,22,346.0,7612.0,2025-07-10 11:20:43.593765
2025-07-10,83090,2025071004001593,RHPL,Sweta Securities Private Limited,Kumari Securities Private Limited,28,346.0,9688.0,2025-07-10 11:21:42.492950
2025-07-10,83089,2025071004001594,RHPL,Online Securities Pvt. Ltd.,Kumari Securities Private Limited,72,346.0,24912.0,2025-07-10 11:21:42.493130
2025-07-10,83021,2025071004001602,RHPL,Online Securities Pvt. Ltd.,Sewa Securities Pvt. Ltd.,20,346.0,6920.0,2025-07-10 11:21:51.795176
2025-07-10,82414,2025071004001735,RHPL,Dynamic Money Managers Securities Pvt. Ltd.,Deevyaa Securities & Stock House Pvt. Ltd,30,347.0,10410.0,2025-07-10 11:23:46.033657
2025-07-10,82413,2025071004001736,RHPL,Dynamic Money Managers Securities Pvt. Ltd.,Naasa Securities Co. Ltd.,70,347.0,24290.0,2025-07-10 11:23:46.033859
2025-07-10,82412,2025071004001737,RHPL,Dynamic Money Managers Securities Pvt. Ltd.,Online Securities Pvt. Ltd.,504,347.9,175341.6,2025-07-10 11:23:46.033951
2025-07-10,82411,2025071004001738,RHPL,Dynamic Money Managers Securities Pvt. Ltd.,Sundhara Securities Limited,140,348.0,48720.0,2025-07-10 11:23:46.034026
2025-07-10,82410,2025071004001739,RHPL,Dynamic Money Managers Securities Pvt. Ltd.,Vision Securities Pvt. Ltd,80,348.0,27840.0,2025-07-10 11:23:46.034102
2025-07-10,82409,2025071004001740,RHPL,Dynamic Money Managers Securities Pvt. Ltd.,Imperial Securities Company Pvt. Ltd.,40,348.0,13920.0,2025-07-10 11:23:46.034173
2025-07-10,82408,2025071004001741,RHPL,Dynamic Money Managers Securities Pvt. Ltd.,Arun Securities (PVT) Ltd.,40,348.0,13920.0,2025-07-10 11:23:46.034243
2025-07-10,82407,2025071004001742,RHPL,Dynamic Money Managers Securities Pvt. Ltd.,Kumari Securities Private Limited,80,348.0,27840.0,2025-07-10 11:23:46.034328
2025-07-10,82406,2025071004001743,RHPL,Dynamic Money Managers Securities Pvt. Ltd.,Deevyaa Securities & Stock House Pvt. Ltd,30,348.0,10440.0,2025-07-10 11:23:46.034395
2025-07-10,82342,2025071004001759,RHPL,Dynamic Money Managers Securities Pvt. Ltd.,Dynamic Money Managers Securities Pvt. Ltd.,80,348.0,27840.0,2025-07-10 11:24:03.471432
2025-07-10,82265,2025071004001769,RHPL,Dynamic Money Managers Securities Pvt. Ltd.,Sri Hari Securities Pvt. Ltd.,300,348.0,104400.0,2025-07-10 11:24:13.667772
2025-07-10,81594,2025071004001949,RHPL,Sani Securities Company Ltd.,Kohinoor Investment & Securities Pvt. Ltd.,10,346.1,3461.0,2025-07-10 11:26:02.135962
2025-07-10,81360,2025071004002012,RHPL,Sani Securities Company Ltd.,Trishakti Securities Public Limited,10,346.1,3461.0,2025-07-10 11:26:36.579184
2025-07-10,81359,2025071004002013,RHPL,Online Securities Pvt. Ltd.,Trishakti Securities Public Limited,40,346.0,13840.0,2025-07-10 11:26:36.579577
2025-07-10,81124,2025071004002069,RHPL,Online Securities Pvt. Ltd.,Online Securities Pvt. Ltd.,68,346.0,23528.0,2025-07-10 11:27:15.352172
2025-07-10,81123,2025071004002070,RHPL,Linch Stock Market Ltd.,Online Securities Pvt. Ltd.,60,346.0,20760.0,2025-07-10 11:27:15.352538
2025-07-10,81122,2025071004002071,RHPL,Linch Stock Market Ltd.,Online Securities Pvt. Ltd.,1000,345.5,345500.0,2025-07-10 11:27:15.352781
2025-07-10,81121,2025071004002072,RHPL,Naasa Securities Co. Ltd.,Online Securities Pvt. Ltd.,25,345.5,8637.5,2025-07-10 11:27:15.353012
2025-07-10,81031,2025071004002102,RHPL,Online Securities Pvt. Ltd.,Market Securities & Exchange (PVT) Ltd.,250,345.2,86300.0,2025-07-10 11:27:30.989471
2025-07-10,81030,2025071004002103,RHPL,Kumari Securities Private Limited,Market Securities & Exchange (PVT) Ltd.,150,345.2,51780.0,2025-07-10 11:27:30.989682
2025-07-10,80820,2025071004002161,RHPL,Trishakti Securities Public Limited,Online Securities Pvt. Ltd.,100,345.5,34550.0,2025-07-10 11:28:06.313210
2025-07-10,80491,2025071004002250,RHPL,Kumari Securities Private Limited,Ashutosh Brokerage & Securities (PVT) Ltd.,30,345.2,10356.0,2025-07-10 11:28:52.845714
2025-07-10,80172,2025071004002368,RHPL,Kumari Securities Private Limited,Kohinoor Investment & Securities Pvt. Ltd.,30,345.2,10356.0,2025-07-10 11:29:47.473303
2025-07-10,80053,2025071004002406,RHPL,Kumari Securities Private Limited,Kohinoor Investment & Securities Pvt. Ltd.,30,345.2,10356.0,2025-07-10 11:30:10.611102
2025-07-10,79923,2025071004002432,RHPL,Kumari Securities Private Limited,Premier Securities Company Ltd.,240,345.2,82848.0,2025-07-10 11:30:38.824900
2025-07-10,79871,2025071004002443,RHPL,Malla & Malla Stock Broking Company Pvt. Limited,Premier Securities Company Ltd.,196,345.1,67639.6,2025-07-10 11:30:51.896675
2025-07-10,79671,2025071004002489,RHPL,Thrive Brokerage House Pvt. Ltd,Sani Securities Company Ltd.,50,345.0,17250.0,2025-07-10 11:31:30.445662
2025-07-10,79456,2025071004002545,RHPL,Primo Securities (PVT) Ltd.,Creative Securities Pvt Ltd,100,345.0,34500.0,2025-07-10 11:32:13.318049
2025-07-10,79455,2025071004002546,RHPL,Oxford Securities Pvt. Ltd.,Creative Securities Pvt Ltd,300,345.0,103500.0,2025-07-10 11:32:13.318308
2025-07-10,79422,2025071004002563,RHPL,Imperial Securities Company Pvt. Ltd.,Naasa Securities Co. Ltd.,40,344.1,13764.0,2025-07-10 11:32:18.934075
2025-07-10,79181,2025071004002647,RHPL,Imperial Securities Company Pvt. Ltd.,Sumeru Securities Pvt. Ltd.,10,344.1,3441.0,2025-07-10 11:33:02.954966
2025-07-10,79180,2025071004002648,RHPL,Asian Securities Private Ltd.,Sumeru Securities Pvt. Ltd.,20,344.1,6882.0,2025-07-10 11:33:02.955364
2025-07-10,79134,2025071004002664,RHPL,Sani Securities Company Ltd.,Sumeru Securities Pvt. Ltd.,10,344.1,3441.0,2025-07-10 11:33:11.367234
2025-07-10,79071,2025071004002684,RHPL,Kumari Securities Private Limited,Sumeru Securities Pvt. Ltd.,10,344.1,3441.0,2025-07-10 11:33:24.583505
2025-07-10,79054,2025071004002689,RHPL,Sumeru Securities Pvt. Ltd.,Sumeru Securities Pvt. Ltd.,50,344.1,17205.0,2025-07-10 11:33:29.040469
2025-07-10,78882,2025071004002723,RHPL,Sumeru Securities Pvt. Ltd.,Premier Securities Company Ltd.,20,344.1,6882.0,2025-07-10 11:34:01.799206
2025-07-10,78881,2025071004002724,RHPL,Shree Krishna Securities Ltd.,Premier Securities Company Ltd.,44,344.0,15136.0,2025-07-10 11:34:01.799452
2025-07-10,78591,2025071004002824,RHPL,Asian Securities Private Ltd.,Sri Hari Securities Pvt. Ltd.,10,344.1,3441.0,2025-07-10 11:34:59.950599
2025-07-10,78590,2025071004002825,RHPL,Sumeru Securities Pvt. Ltd.,Sri Hari Securities Pvt. Ltd.,150,344.1,51615.0,2025-07-10 11:34:59.950804
2025-07-10,78547,2025071004002836,RHPL,Sumeru Securities Pvt. Ltd.,Sani Securities Company Ltd.,49,344.1,16860.9,2025-07-10 11:35:09.677398
2025-07-10,78546,2025071004002837,RHPL,Shree Krishna Securities Ltd.,Sani Securities Company Ltd.,136,344.0,46784.0,2025-07-10 11:35:09.677454
2025-07-10,78545,2025071004002838,RHPL,Primo Securities (PVT) Ltd.,Sani Securities Company Ltd.,200,344.0,68800.0,2025-07-10 11:35:09.677483
2025-07-10,78544,2025071004002839,RHPL,Trisul Securities & Invt. Ltd.,Sani Securities Company Ltd.,30,344.0,10320.0,2025-07-10 11:35:09.677522
2025-07-10,78543,2025071004002840,RHPL,Creative Securities Pvt Ltd,Sani Securities Company Ltd.,100,344.0,34400.0,2025-07-10 11:35:09.677547
2025-07-10,78542,2025071004002841,RHPL,Kalika Securities Pvt. Ltd.,Sani Securities Company Ltd.,25,344.0,8600.0,2025-07-10 11:35:09.677569
2025-07-10,78541,2025071004002842,RHPL,Asian Securities Private Ltd.,Sani Securities Company Ltd.,1000,344.0,344000.0,2025-07-10 11:35:09.677595
2025-07-10,78540,2025071004002843,RHPL,Blue Chip Securities Ltd,Sani Securities Company Ltd.,235,344.0,80840.0,2025-07-10 11:35:09.677618
2025-07-10,78539,2025071004002844,RHPL,Dipshikha Dhitopatra Karobar Co. Pvt Ltd.,Sani Securities Company Ltd.,87,344.0,29928.0,2025-07-10 11:35:09.677642
2025-07-10,78538,2025071004002845,RHPL,Oxford Securities Pvt. Ltd.,Sani Securities Company Ltd.,138,344.0,47472.0,2025-07-10 11:35:09.677719
2025-07-10,78458,2025071004002865,RHPL,Oxford Securities Pvt. Ltd.,South Asian Bulls Pvt. Ltd.,1000,344.0,344000.0,2025-07-10 11:35:21.844376
2025-07-10,78394,2025071004002873,RHPL,Oxford Securities Pvt. Ltd.,Agrawal Securities (PVT) Ltd.,1559,344.0,536296.0,2025-07-10 11:35:31.097351
2025-07-10,78385,2025071004002874,RHPL,Infinity Securities Limited,Nepal Investment And Securities Trading Private Limited,50,345.0,17250.0,2025-07-10 11:35:34.092712
2025-07-10,78298,2025071004002899,RHPL,Infinity Securities Limited,Vision Securities Pvt. Ltd,2750,345.0,948750.0,2025-07-10 11:35:51.761164
2025-07-10,78121,2025071004002925,RHPL,Oxford Securities Pvt. Ltd.,Shree Krishna Securities Ltd.,70,344.0,24080.0,2025-07-10 11:36:30.969847
2025-07-10,78119,2025071004002926,RHPL,Oxford Securities Pvt. Ltd.,Neev Securities Pvt. Ltd.,233,344.0,80152.0,2025-07-10 11:36:31.820012
2025-07-10,78009,2025071004002960,RHPL,Asian Securities Private Ltd.,Naasa Securities Co. Ltd.,30,343.5,10305.0,2025-07-10 11:36:54.011143
2025-07-10,77981,2025071004002983,RHPL,Naasa Securities Co. Ltd.,Midas Stock Broking Company Private Limited,40,343.4,13736.0,2025-07-10 11:36:57.713599
2025-07-10,77841,2025071004003022,RHPL,Sundhara Securities Limited,Naasa Securities Co. Ltd.,70,343.5,24045.0,2025-07-10 11:37:20.177814
2025-07-10,77666,2025071004003088,RHPL,ABC Securities Private Limited,Neev Securities Pvt. Ltd.,100,344.0,34400.0,2025-07-10 11:37:55.222724
2025-07-10,77485,2025071004003130,RHPL,Market Securities & Exchange (PVT) Ltd.,Neev Securities Pvt. Ltd.,100,344.0,34400.0,2025-07-10 11:38:25.893203
2025-07-10,77156,2025071004003206,RHPL,Sani Securities Company Ltd.,Neev Securities Pvt. Ltd.,167,344.0,57448.0,2025-07-10 11:39:40.530440
2025-07-10,76972,2025071004003275,RHPL,Sani Securities Company Ltd.,Naasa Securities Co. Ltd.,33,344.0,11352.0,2025-07-10 11:40:08.365648
2025-07-10,76971,2025071004003276,RHPL,Vision Securities Pvt. Ltd,Naasa Securities Co. Ltd.,200,343.5,68700.0,2025-07-10 11:40:08.366068
2025-07-10,76970,2025071004003277,RHPL,Naasa Securities Co. Ltd.,Naasa Securities Co. Ltd.,160,343.4,54944.0,2025-07-10 11:40:08.366346
2025-07-10,76969,2025071004003278,RHPL,Imperial Securities Company Pvt. Ltd.,Naasa Securities Co. Ltd.,100,343.1,34310.0,2025-07-10 11:40:08.366593
2025-07-10,76968,2025071004003279,RHPL,Creative Securities Pvt Ltd,Naasa Securities Co. Ltd.,50,343.0,17150.0,2025-07-10 11:40:08.366853
2025-07-10,76967,2025071004003280,RHPL,Neev Securities Pvt. Ltd.,Naasa Securities Co. Ltd.,140,343.0,48020.0,2025-07-10 11:40:08.367114
2025-07-10,76966,2025071004003281,RHPL,J.F. Securites (PVT) Ltd.,Naasa Securities Co. Ltd.,10,343.0,3430.0,2025-07-10 11:40:08.367379
2025-07-10,76965,2025071004003282,RHPL,Primo Securities (PVT) Ltd.,Naasa Securities Co. Ltd.,200,343.0,68600.0,2025-07-10 11:40:08.367622
2025-07-10,76964,2025071004003283,RHPL,Naasa Securities Co. Ltd.,Naasa Securities Co. Ltd.,200,343.0,68600.0,2025-07-10 11:40:08.367881
2025-07-10,76963,2025071004003284,RHPL,Naasa Securities Co. Ltd.,Naasa Securities Co. Ltd.,20,343.0,6860.0,2025-07-10 11:40:08.368115
2025-07-10,76962,2025071004003285,RHPL,Online Securities Pvt. Ltd.,Naasa Securities Co. Ltd.,100,343.0,34300.0,2025-07-10 11:40:08.368378
2025-07-10,76961,2025071004003286,RHPL,Shree Krishna Securities Ltd.,Naasa Securities Co. Ltd.,205,343.0,70315.0,2025-07-10 11:40:08.368614
2025-07-10,76960,2025071004003287,RHPL,Sani Securities Company Ltd.,Naasa Securities Co. Ltd.,100,343.0,34300.0,2025-07-10 11:40:08.368856
2025-07-10,76957,2025071004003289,RHPL,Sani Securities Company Ltd.,Naasa Securities Co. Ltd.,100,343.0,34300.0,2025-07-10 11:40:09.830132
2025-07-10,76933,2025071004003300,RHPL,Naasa Securities Co. Ltd.,Naasa Securities Co. Ltd.,116,343.0,39788.0,2025-07-10 11:40:15.166477
2025-07-10,76674,2025071004003362,RHPL,Oxford Securities Pvt. Ltd.,Naasa Securities Co. Ltd.,63,342.6,21583.8,2025-07-10 11:41:09.958013
2025-07-10,76671,2025071004003364,RHPL,Aryatara Investment & Securities,Naasa Securities Co. Ltd.,100,343.0,34300.0,2025-07-10 11:41:11.761247
2025-07-10,76475,2025071004003421,RHPL,Trisul Securities & Invt. Ltd.,Naasa Securities Co. Ltd.,10,343.0,3430.0,2025-07-10 11:42:02.647063
2025-07-10,76378,2025071004003444,RHPL,Naasa Securities Co. Ltd.,Naasa Securities Co. Ltd.,300,343.0,102900.0,2025-07-10 11:42:26.815521
2025-07-10,76329,2025071004003450,RHPL,Imperial Securities Company Pvt. Ltd.,Indira securities pvt. ltd,10,342.8,3428.0,2025-07-10 11:42:37.186679
2025-07-10,76193,2025071004003486,RHPL,Oxford Securities Pvt. Ltd.,Dipshikha Dhitopatra Karobar Co. Pvt Ltd.,47,342.6,16102.2,2025-07-10 11:43:08.637190
2025-07-10,75918,2025071004003540,RHPL,Sani Securities Company Ltd.,Sundhara Securities Limited,40,342.6,13704.0,2025-07-10 11:44:07.750947
2025-07-10,75833,2025071004003555,RHPL,Market Securities & Exchange (PVT) Ltd.,Himalayan Brokerage Company Limited,40,342.6,13704.0,2025-07-10 11:44:34.469483
2025-07-10,75809,2025071004003574,RHPL,Market Securities & Exchange (PVT) Ltd.,Aryatara Investment & Securities,50,342.6,17130.0,2025-07-10 11:44:37.393479
2025-07-10,75638,2025071004003617,RHPL,Market Securities & Exchange (PVT) Ltd.,Trishakti Securities Public Limited,10,342.6,3426.0,2025-07-10 11:45:30.321511
2025-07-10,75637,2025071004003618,RHPL,Dipshikha Dhitopatra Karobar Co. Pvt Ltd.,Trishakti Securities Public Limited,10,342.6,3426.0,2025-07-10 11:45:30.321908
2025-07-10,75461,2025071004003671,RHPL,Trisul Securities & Invt. Ltd.,Neev Securities Pvt. Ltd.,10,342.6,3426.0,2025-07-10 11:46:06.402499
2025-07-10,75460,2025071004003672,RHPL,Sundhara Securities Limited,Neev Securities Pvt. Ltd.,20,342.6,6852.0,2025-07-10 11:46:06.402912
2025-07-10,75451,2025071004003676,RHPL,Sundhara Securities Limited,Linch Stock Market Ltd.,30,342.6,10278.0,2025-07-10 11:46:07.850352
2025-07-10,75442,2025071004003679,RHPL,Primo Securities (PVT) Ltd.,Linch Stock Market Ltd.,20,342.6,6852.0,2025-07-10 11:46:11.108214
2025-07-10,75422,2025071004003680,RHPL,Primo Securities (PVT) Ltd.,Nagarik Stock Dealer ,100,342.7,34270.0,2025-07-10 11:46:13.509669
2025-07-10,75421,2025071004003681,RHPL,Naasa Securities Co. Ltd.,Nagarik Stock Dealer ,200,342.5,68500.0,2025-07-10 11:46:13.509939
2025-07-10,75420,2025071004003682,RHPL,Creative Securities Pvt Ltd,Nagarik Stock Dealer ,300,342.5,102750.0,2025-07-10 11:46:13.510035
2025-07-10,75419,2025071004003683,RHPL,Oxford Securities Pvt. Ltd.,Nagarik Stock Dealer ,500,342.4,171200.0,2025-07-10 11:46:13.510122
2025-07-10,75418,2025071004003684,RHPL,Siprabi Securities Pvt. Ltd.,Nagarik Stock Dealer ,210,342.3,71883.0,2025-07-10 11:46:13.510210
2025-07-10,75417,2025071004003685,RHPL,Thrive Brokerage House Pvt. Ltd,Nagarik Stock Dealer ,40,342.3,13692.0,2025-07-10 11:46:13.510302
2025-07-10,75416,2025071004003686,RHPL,Aryatara Investment & Securities,Nagarik Stock Dealer ,30,342.3,10269.0,2025-07-10 11:46:13.510399
2025-07-10,75415,2025071004003687,RHPL,Nepal Stock House (PVT) Ltd.,Nagarik Stock Dealer ,100,342.3,34230.0,2025-07-10 11:46:13.510493
2025-07-10,75414,2025071004003688,RHPL,Vision Securities Pvt. Ltd,Nagarik Stock Dealer ,200,342.1,68420.0,2025-07-10 11:46:13.510618
2025-07-10,75413,2025071004003689,RHPL,Asian Securities Private Ltd.,Nagarik Stock Dealer ,200,342.1,68420.0,2025-07-10 11:46:13.510709
2025-07-10,75412,2025071004003690,RHPL,Vision Securities Pvt. Ltd,Nagarik Stock Dealer ,120,342.1,41052.0,2025-07-10 11:46:13.510798
2025-07-10,75332,2025071004003719,RHPL,Vision Securities Pvt. Ltd,Siprabi Securities Pvt. Ltd.,480,342.1,164208.0,2025-07-10 11:46:32.165527
2025-07-10,75331,2025071004003720,RHPL,Ashutosh Brokerage & Securities (PVT) Ltd.,Siprabi Securities Pvt. Ltd.,100,342.0,34200.0,2025-07-10 11:46:32.165766
2025-07-10,75330,2025071004003721,RHPL,Online Securities Pvt. Ltd.,Siprabi Securities Pvt. Ltd.,100,342.0,34200.0,2025-07-10 11:46:32.165855
2025-07-10,75329,2025071004003722,RHPL,Linch Stock Market Ltd.,Siprabi Securities Pvt. Ltd.,50,342.0,17100.0,2025-07-10 11:46:32.165941
2025-07-10,75328,2025071004003723,RHPL,Premier Securities Company Ltd.,Siprabi Securities Pvt. Ltd.,1000,342.0,342000.0,2025-07-10 11:46:32.166025
2025-07-10,75327,2025071004003724,RHPL,Naasa Securities Co. Ltd.,Siprabi Securities Pvt. Ltd.,21,342.0,7182.0,2025-07-10 11:46:32.166121
2025-07-10,75326,2025071004003725,RHPL,Naasa Securities Co. Ltd.,Siprabi Securities Pvt. Ltd.,45,342.0,15390.0,2025-07-10 11:46:32.166218
2025-07-10,75325,2025071004003726,RHPL,Linch Stock Market Ltd.,Siprabi Securities Pvt. Ltd.,205,342.0,70110.0,2025-07-10 11:46:32.166329
2025-07-10,75324,2025071004003727,RHPL,Oxford Securities Pvt. Ltd.,Siprabi Securities Pvt. Ltd.,1999,342.0,683658.0,2025-07-10 11:46:32.166414
2025-07-10,75060,2025071004003801,RHPL,Oxford Securities Pvt. Ltd.,Opal Securities Investment (PVT) Ltd.,250,342.0,85500.0,2025-07-10 11:47:35.086051
2025-07-10,75023,2025071004003811,RHPL,Oxford Securities Pvt. Ltd.,Online Securities Pvt. Ltd.,751,342.0,256842.0,2025-07-10 11:47:45.725124
2025-07-10,75022,2025071004003812,RHPL,ABC Securities Private Limited,Online Securities Pvt. Ltd.,20,342.0,6840.0,2025-07-10 11:47:45.725335
2025-07-10,75021,2025071004003813,RHPL,Opal Securities Investment (PVT) Ltd.,Online Securities Pvt. Ltd.,500,342.0,171000.0,2025-07-10 11:47:45.725422
2025-07-10,75020,2025071004003814,RHPL,Dipshikha Dhitopatra Karobar Co. Pvt Ltd.,Online Securities Pvt. Ltd.,10,342.0,3420.0,2025-07-10 11:47:45.725512
2025-07-10,75019,2025071004003815,RHPL,Sani Securities Company Ltd.,Online Securities Pvt. Ltd.,65,342.0,22230.0,2025-07-10 11:47:45.725596
2025-07-10,75018,2025071004003816,RHPL,Kumari Securities Private Limited,Online Securities Pvt. Ltd.,1200,342.0,410400.0,2025-07-10 11:47:45.725678
2025-07-10,75017,2025071004003817,RHPL,Kumari Securities Private Limited,Online Securities Pvt. Ltd.,150,341.1,51165.0,2025-07-10 11:47:45.725763
2025-07-10,75016,2025071004003818,RHPL,Agrawal Securities (PVT) Ltd.,Online Securities Pvt. Ltd.,804,341.1,274244.4,2025-07-10 11:47:45.725847
2025-07-10,74670,2025071004003873,RHPL,Trishakti Securities Public Limited,Creative Securities Pvt Ltd,200,341.2,68240.0,2025-07-10 11:49:02.660254
2025-07-10,74534,2025071004003908,RHPL,Naasa Securities Co. Ltd.,Naasa Securities Co. Ltd.,10,343.0,3430.0,2025-07-10 11:49:33.020519
2025-07-10,74162,2025071004003965,RHPL,Sweta Securities Private Limited,Kohinoor Investment & Securities Pvt. Ltd.,80,341.3,27304.0,2025-07-10 11:50:45.218172
2025-07-10,74101,2025071004003989,RHPL,Sweta Securities Private Limited,Secured Securities Ltd.,30,341.3,10239.0,2025-07-10 11:51:00.792351
2025-07-10,74017,2025071004004017,RHPL,Sweta Securities Private Limited,Aryatara Investment & Securities,37,341.3,12628.1,2025-07-10 11:51:12.282453
2025-07-10,74016,2025071004004018,RHPL,Trishakti Securities Public Limited,Aryatara Investment & Securities,300,341.2,102360.0,2025-07-10 11:51:12.282895
2025-07-10,74015,2025071004004019,RHPL,Online Securities Pvt. Ltd.,Aryatara Investment & Securities,50,341.2,17060.0,2025-07-10 11:51:12.283203
2025-07-10,74014,2025071004004020,RHPL,South Asian Bulls Pvt. Ltd.,Aryatara Investment & Securities,200,341.2,68240.0,2025-07-10 11:51:12.283462
2025-07-10,74013,2025071004004021,RHPL,Agrawal Securities (PVT) Ltd.,Aryatara Investment & Securities,196,341.1,66855.6,2025-07-10 11:51:12.283719
2025-07-10,74012,2025071004004022,RHPL,Linch Stock Market Ltd.,Aryatara Investment & Securities,99,341.0,33759.0,2025-07-10 11:51:12.283964
2025-07-10,74011,2025071004004023,RHPL,Imperial Securities Company Pvt. Ltd.,Aryatara Investment & Securities,45,341.0,15345.0,2025-07-10 11:51:12.284216
2025-07-10,73989,2025071004004028,RHPL,Linch Stock Market Ltd.,Aryatara Investment & Securities,50,341.0,17050.0,2025-07-10 11:51:20.256327
2025-07-10,73918,2025071004004044,RHPL,Aryatara Investment & Securities,Aryatara Investment & Securities,23,340.2,7824.6,2025-07-10 11:51:36.474116
2025-07-10,73889,2025071004004051,RHPL,Aryatara Investment & Securities,Premier Securities Company Ltd.,227,340.2,77225.4,2025-07-10 11:51:41.753772
2025-07-10,73888,2025071004004052,RHPL,Agrawal Securities (PVT) Ltd.,Premier Securities Company Ltd.,50,340.1,17005.0,2025-07-10 11:51:41.753850
2025-07-10,73887,2025071004004053,RHPL,Sumeru Securities Pvt. Ltd.,Premier Securities Company Ltd.,723,340.1,245892.3,2025-07-10 11:51:41.753880
2025-07-10,73723,2025071004004078,RHPL,Arun Securities (PVT) Ltd.,Primo Securities (PVT) Ltd.,500,340.2,170100.0,2025-07-10 11:52:13.665628
2025-07-10,73722,2025071004004079,RHPL,Aryatara Investment & Securities,Primo Securities (PVT) Ltd.,330,340.2,112266.0,2025-07-10 11:52:13.665839
2025-07-10,73721,2025071004004080,RHPL,Sumeru Securities Pvt. Ltd.,Primo Securities (PVT) Ltd.,170,340.1,57817.0,2025-07-10 11:52:13.665924
2025-07-10,73705,2025071004004084,RHPL,Sumeru Securities Pvt. Ltd.,Opal Securities Investment (PVT) Ltd.,107,340.1,36390.7,2025-07-10 11:52:16.528288
2025-07-10,73704,2025071004004085,RHPL,Imperial Securities Company Pvt. Ltd.,Opal Securities Investment (PVT) Ltd.,100,340.1,34010.0,2025-07-10 11:52:16.528524
2025-07-10,73703,2025071004004086,RHPL,Nepal Investment And Securities Trading Private Limited,Opal Securities Investment (PVT) Ltd.,30,340.1,10203.0,2025-07-10 11:52:16.528605
2025-07-10,73702,2025071004004087,RHPL,Siprabi Securities Pvt. Ltd.,Opal Securities Investment (PVT) Ltd.,60,340.1,20406.0,2025-07-10 11:52:16.528687
2025-07-10,73701,2025071004004088,RHPL,Capital Max Securities Ltd,Opal Securities Investment (PVT) Ltd.,20,340.0,6800.0,2025-07-10 11:52:16.528768
2025-07-10,73700,2025071004004089,RHPL,ABC Securities Private Limited,Opal Securities Investment (PVT) Ltd.,500,340.0,170000.0,2025-07-10 11:52:16.528847
2025-07-10,73699,2025071004004090,RHPL,Oxford Securities Pvt. Ltd.,Opal Securities Investment (PVT) Ltd.,100,340.0,34000.0,2025-07-10 11:52:16.528921
2025-07-10,73698,2025071004004091,RHPL,Sundhara Securities Limited,Opal Securities Investment (PVT) Ltd.,1000,340.0,340000.0,2025-07-10 11:52:16.528994
2025-07-10,73697,2025071004004092,RHPL,Neev Securities Pvt. Ltd.,Opal Securities Investment (PVT) Ltd.,250,340.0,85000.0,2025-07-10 11:52:16.529069
2025-07-10,73696,2025071004004093,RHPL,Sumeru Securities Pvt. Ltd.,Opal Securities Investment (PVT) Ltd.,100,340.0,34000.0,2025-07-10 11:52:16.529140
2025-07-10,73695,2025071004004094,RHPL,Premier Securities Company Ltd.,Opal Securities Investment (PVT) Ltd.,50,340.0,17000.0,2025-07-10 11:52:16.529212
2025-07-10,73694,2025071004004095,RHPL,Malla & Malla Stock Broking Company Pvt. Limited,Opal Securities Investment (PVT) Ltd.,100,340.0,34000.0,2025-07-10 11:52:16.529286
2025-07-10,73693,2025071004004096,RHPL,Naasa Securities Co. Ltd.,Opal Securities Investment (PVT) Ltd.,30,340.0,10200.0,2025-07-10 11:52:16.529371
2025-07-10,73692,2025071004004097,RHPL,Dipshikha Dhitopatra Karobar Co. Pvt Ltd.,Opal Securities Investment (PVT) Ltd.,220,340.0,74800.0,2025-07-10 11:52:16.529441
2025-07-10,73691,2025071004004098,RHPL,Vision Securities Pvt. Ltd,Opal Securities Investment (PVT) Ltd.,100,340.0,34000.0,2025-07-10 11:52:16.529511
2025-07-10,73690,2025071004004099,RHPL,Online Securities Pvt. Ltd.,Opal Securities Investment (PVT) Ltd.,500,340.0,170000.0,2025-07-10 11:52:16.529584
2025-07-10,73689,2025071004004100,RHPL,Sipla Securities Private Limited,Opal Securities Investment (PVT) Ltd.,50,340.0,17000.0,2025-07-10 11:52:16.529655
2025-07-10,73688,2025071004004101,RHPL,Online Securities Pvt. Ltd.,Opal Securities Investment (PVT) Ltd.,3000,340.0,1020000.0,2025-07-10 11:52:16.529724
2025-07-10,73687,2025071004004102,RHPL,ABC Securities Private Limited,Opal Securities Investment (PVT) Ltd.,100,340.0,34000.0,2025-07-10 11:52:16.529807
2025-07-10,73686,2025071004004103,RHPL,Investment Management Nepal Pvt. Ltd.,Opal Securities Investment (PVT) Ltd.,100,340.0,34000.0,2025-07-10 11:52:16.529875
2025-07-10,73685,2025071004004104,RHPL,Malla & Malla Stock Broking Company Pvt. Limited,Opal Securities Investment (PVT) Ltd.,108,340.0,36720.0,2025-07-10 11:52:16.529942
2025-07-10,73684,2025071004004105,RHPL,Agrawal Securities (PVT) Ltd.,Opal Securities Investment (PVT) Ltd.,326,340.0,110840.0,2025-07-10 11:52:16.530007
2025-07-10,73652,2025071004004113,RHPL,Imperial Securities Company Pvt. Ltd.,Aryatara Investment & Securities,50,341.0,17050.0,2025-07-10 11:52:25.068060
2025-07-10,73528,2025071004004134,RHPL,Kumari Securities Private Limited,Himalayan Securities Limited,10,340.2,3402.0,2025-07-10 11:52:52.975413
2025-07-10,73527,2025071004004135,RHPL,Vision Securities Pvt. Ltd,Himalayan Securities Limited,500,340.1,170050.0,2025-07-10 11:52:52.975759
2025-07-10,73526,2025071004004136,RHPL,Agrawal Securities (PVT) Ltd.,Himalayan Securities Limited,174,340.0,59160.0,2025-07-10 11:52:52.975975
2025-07-10,73525,2025071004004137,RHPL,Aryatara Investment & Securities,Himalayan Securities Limited,100,340.0,34000.0,2025-07-10 11:52:52.976181
2025-07-10,73524,2025071004004138,RHPL,Trishakti Securities Public Limited,Himalayan Securities Limited,50,340.0,17000.0,2025-07-10 11:52:52.976393
2025-07-10,73523,2025071004004139,RHPL,Aryatara Investment & Securities,Himalayan Securities Limited,500,340.0,170000.0,2025-07-10 11:52:52.976601
2025-07-10,73522,2025071004004140,RHPL,Aryatara Investment & Securities,Himalayan Securities Limited,100,340.0,34000.0,2025-07-10 11:52:52.976818
2025-07-10,73521,2025071004004141,RHPL,Neev Securities Pvt. Ltd.,Himalayan Securities Limited,100,340.0,34000.0,2025-07-10 11:52:52.977010
2025-07-10,73520,2025071004004142,RHPL,ABC Securities Private Limited,Himalayan Securities Limited,50,340.0,17000.0,2025-07-10 11:52:52.977208
2025-07-10,73519,2025071004004143,RHPL,Oxford Securities Pvt. Ltd.,Himalayan Securities Limited,500,340.0,170000.0,2025-07-10 11:52:52.977423
2025-07-10,73518,2025071004004144,RHPL,Citizens Share Broker Limited,Himalayan Securities Limited,886,340.0,301240.0,2025-07-10 11:52:52.977627
2025-07-10,73365,2025071004004172,RHPL,Imperial Securities Company Pvt. Ltd.,Bhrikuti Stock Broking Co. Pvt. Ltd.,50,340.1,17005.0,2025-07-10 11:53:20.266239
2025-07-10,73285,2025071004004195,RHPL,Pragyan Securities (PVT) Ltd.,Aryatara Investment & Securities,300,341.2,102360.0,2025-07-10 11:53:41.106459
2025-07-10,73240,2025071004004208,RHPL,Kumari Securities Private Limited,Aryatara Investment & Securities,60,340.2,20412.0,2025-07-10 11:53:50.537709
2025-07-10,73239,2025071004004209,RHPL,Trisul Securities & Invt. Ltd.,Aryatara Investment & Securities,10,340.1,3401.0,2025-07-10 11:53:50.537944
2025-07-10,73238,2025071004004210,RHPL,Dakshinkali Investment & Securities Pvt. Ltd.,Aryatara Investment & Securities,10,340.1,3401.0,2025-07-10 11:53:50.538018
2025-07-10,73190,2025071004004232,RHPL,J.F. Securites (PVT) Ltd.,Himalayan Securities Limited,10,340.3,3403.0,2025-07-10 11:53:59.169000
2025-07-10,73189,2025071004004233,RHPL,Dakshinkali Investment & Securities Pvt. Ltd.,Himalayan Securities Limited,40,340.1,13604.0,2025-07-10 11:53:59.169349
2025-07-10,73188,2025071004004234,RHPL,Dakshinkali Investment & Securities Pvt. Ltd.,Himalayan Securities Limited,40,340.1,13604.0,2025-07-10 11:53:59.169558
2025-07-10,73187,2025071004004235,RHPL,Trisul Securities & Invt. Ltd.,Himalayan Securities Limited,30,340.1,10203.0,2025-07-10 11:53:59.169782
2025-07-10,73186,2025071004004236,RHPL,Citizens Share Broker Limited,Himalayan Securities Limited,1880,340.0,639200.0,2025-07-10 11:53:59.170128
2025-07-10,73022,2025071004004263,RHPL,Sweta Securities Private Limited,Sumeru Securities Pvt. Ltd.,100,341.0,34100.0,2025-07-10 11:54:28.566899
2025-07-10,72403,2025071004004357,RHPL,Infinity Securities Limited,Aryatara Investment & Securities,100,342.0,34200.0,2025-07-10 11:56:18.959999
2025-07-10,71706,2025071004004550,RHPL,Imperial Securities Company Pvt. Ltd.,Sipla Securities Private Limited,100,340.3,34030.0,2025-07-10 11:58:13.033556
2025-07-10,71592,2025071004004582,RHPL,Pragyan Securities (PVT) Ltd.,Aryatara Investment & Securities,20,340.2,6804.0,2025-07-10 11:58:30.570700
2025-07-10,71401,2025071004004616,RHPL,Opal Securities Investment (PVT) Ltd.,Sipla Securities Private Limited,10,341.0,3410.0,2025-07-10 11:59:09.153474
2025-07-10,71400,2025071004004617,RHPL,ABC Securities Private Limited,Sipla Securities Private Limited,90,340.3,30627.0,2025-07-10 11:59:09.153851
2025-07-10,71304,2025071004004651,RHPL,ABC Securities Private Limited,Agrawal Securities (PVT) Ltd.,145,340.3,49343.5,2025-07-10 11:59:25.697446
2025-07-10,71303,2025071004004652,RHPL,Sani Securities Company Ltd.,Agrawal Securities (PVT) Ltd.,85,340.3,28925.5,2025-07-10 11:59:25.697633
2025-07-10,71114,2025071004004672,RHPL,Pragyan Securities (PVT) Ltd.,Primo Securities (PVT) Ltd.,180,340.2,61236.0,2025-07-10 12:00:00.503254
2025-07-10,71113,2025071004004673,RHPL,Asian Securities Private Ltd.,Primo Securities (PVT) Ltd.,20,340.2,6804.0,2025-07-10 12:00:00.503499
2025-07-10,71112,2025071004004674,RHPL,Opal Securities Investment (PVT) Ltd.,Primo Securities (PVT) Ltd.,10,340.1,3401.0,2025-07-10 12:00:00.503601
2025-07-10,71111,2025071004004675,RHPL,Imperial Securities Company Pvt. Ltd.,Primo Securities (PVT) Ltd.,50,340.1,17005.0,2025-07-10 12:00:00.503683
2025-07-10,71110,2025071004004676,RHPL,Online Securities Pvt. Ltd.,Primo Securities (PVT) Ltd.,30,340.1,10203.0,2025-07-10 12:00:00.503757
2025-07-10,71109,2025071004004677,RHPL,Capital Max Securities Ltd,Primo Securities (PVT) Ltd.,100,340.1,34010.0,2025-07-10 12:00:00.503829
2025-07-10,71108,2025071004004678,RHPL,Cristal Kanchanjanga Securites Pvt. Ltd.,Primo Securities (PVT) Ltd.,200,340.1,68020.0,2025-07-10 12:00:00.503912
2025-07-10,71107,2025071004004679,RHPL,Sumeru Securities Pvt. Ltd.,Primo Securities (PVT) Ltd.,100,340.1,34010.0,2025-07-10 12:00:00.503985
2025-07-10,71106,2025071004004680,RHPL,Aryatara Investment & Securities,Primo Securities (PVT) Ltd.,500,340.1,170050.0,2025-07-10 12:00:00.504059
2025-07-10,71105,2025071004004681,RHPL,Bhrikuti Stock Broking Co. Pvt. Ltd.,Primo Securities (PVT) Ltd.,100,340.1,34010.0,2025-07-10 12:00:00.504140
2025-07-10,71104,2025071004004682,RHPL,Asian Securities Private Ltd.,Primo Securities (PVT) Ltd.,10,340.1,3401.0,2025-07-10 12:00:00.504223
2025-07-10,71103,2025071004004683,RHPL,Citizens Share Broker Limited,Primo Securities (PVT) Ltd.,234,340.0,79560.0,2025-07-10 12:00:00.504330
2025-07-10,71102,2025071004004684,RHPL,Sani Securities Company Ltd.,Primo Securities (PVT) Ltd.,100,340.0,34000.0,2025-07-10 12:00:00.504436
2025-07-10,71101,2025071004004685,RHPL,Sharepro Securities Private Limited,Primo Securities (PVT) Ltd.,1000,340.0,340000.0,2025-07-10 12:00:00.504523
2025-07-10,71100,2025071004004686,RHPL,Deevyaa Securities & Stock House Pvt. Ltd,Primo Securities (PVT) Ltd.,100,340.0,34000.0,2025-07-10 12:00:00.504622
2025-07-10,71099,2025071004004687,RHPL,Nepal Investment And Securities Trading Private Limited,Primo Securities (PVT) Ltd.,100,340.0,34000.0,2025-07-10 12:00:00.504715
2025-07-10,71098,2025071004004688,RHPL,South Asian Bulls Pvt. Ltd.,Primo Securities (PVT) Ltd.,50,340.0,17000.0,2025-07-10 12:00:00.504798
2025-07-10,71097,2025071004004689,RHPL,Aryatara Investment & Securities,Primo Securities (PVT) Ltd.,100,340.0,34000.0,2025-07-10 12:00:00.504876
2025-07-10,71096,2025071004004690,RHPL,Dipshikha Dhitopatra Karobar Co. Pvt Ltd.,Primo Securities (PVT) Ltd.,10,340.0,3400.0,2025-07-10 12:00:00.504948
2025-07-10,71095,2025071004004691,RHPL,Kalika Securities Pvt. Ltd.,Primo Securities (PVT) Ltd.,50,340.0,17000.0,2025-07-10 12:00:00.505020
2025-07-10,71094,2025071004004692,RHPL,Capital Max Securities Ltd,Primo Securities (PVT) Ltd.,300,340.0,102000.0,2025-07-10 12:00:00.505089
2025-07-10,71093,2025071004004693,RHPL,Imperial Securities Company Pvt. Ltd.,Primo Securities (PVT) Ltd.,238,340.0,80920.0,2025-07-10 12:00:00.505157
2025-07-10,71092,2025071004004694,RHPL,Kumari Securities Private Limited,Primo Securities (PVT) Ltd.,100,340.0,34000.0,2025-07-10 12:00:00.505226
2025-07-10,71091,2025071004004695,RHPL,Naasa Securities Co. Ltd.,Primo Securities (PVT) Ltd.,100,340.0,34000.0,2025-07-10 12:00:00.505294
2025-07-10,71090,2025071004004696,RHPL,Premier Securities Company Ltd.,Primo Securities (PVT) Ltd.,10,340.0,3400.0,2025-07-10 12:00:00.505370
2025-07-10,71089,2025071004004697,RHPL,Swarna Laxmi Securities Pvt. Ltd.,Primo Securities (PVT) Ltd.,208,339.1,70532.8,2025-07-10 12:00:00.505454
2025-07-10,70914,2025071004004727,RHPL,Sweta Securities Private Limited,Primo Securities (PVT) Ltd.,200,340.0,68000.0,2025-07-10 12:00:40.748350
2025-07-10,70705,2025071004004798,RHPL,Agrawal Securities (PVT) Ltd.,Agrawal Securities (PVT) Ltd.,20,340.2,6804.0,2025-07-10 12:01:32.902931
2025-07-10,70373,2025071004004858,RHPL,Midas Stock Broking Company Private Limited,Vision Securities Pvt. Ltd,10,340.0,3400.0,2025-07-10 12:02:25.464063
2025-07-10,70372,2025071004004859,RHPL,Siprabi Securities Pvt. Ltd.,Vision Securities Pvt. Ltd,50,340.0,17000.0,2025-07-10 12:02:25.464385
2025-07-10,70241,2025071004004908,RHPL,Sundhara Securities Limited,Vision Securities Pvt. Ltd,40,340.0,13600.0,2025-07-10 12:02:50.056267
2025-07-10,70169,2025071004004933,RHPL,Kumari Securities Private Limited,Linch Stock Market Ltd.,100,339.2,33920.0,2025-07-10 12:03:03.969069
2025-07-10,70168,2025071004004934,RHPL,Swarna Laxmi Securities Pvt. Ltd.,Linch Stock Market Ltd.,192,339.1,65107.2,2025-07-10 12:03:03.969259
2025-07-10,70167,2025071004004935,RHPL,Opal Securities Investment (PVT) Ltd.,Linch Stock Market Ltd.,50,339.1,16955.0,2025-07-10 12:03:03.969356
2025-07-10,70166,2025071004004936,RHPL,Thrive Brokerage House Pvt. Ltd,Linch Stock Market Ltd.,50,339.1,16955.0,2025-07-10 12:03:03.969431
2025-07-10,70165,2025071004004937,RHPL,Aryatara Investment & Securities,Linch Stock Market Ltd.,500,339.1,169550.0,2025-07-10 12:03:03.969505
2025-07-10,70164,2025071004004938,RHPL,Kumari Securities Private Limited,Linch Stock Market Ltd.,108,339.0,36612.0,2025-07-10 12:03:03.969578
2025-07-10,70145,2025071004004940,RHPL,Naasa Securities Co. Ltd.,Agrawal Securities (PVT) Ltd.,10,340.2,3402.0,2025-07-10 12:03:12.716069
2025-07-10,70023,2025071004004975,RHPL,Secured Securities Ltd.,Agrawal Securities (PVT) Ltd.,40,340.2,13608.0,2025-07-10 12:03:38.509740
2025-07-10,70022,2025071004004976,RHPL,Secured Securities Ltd.,Nepal Stock House (PVT) Ltd.,60,340.2,20412.0,2025-07-10 12:03:38.509923
2025-07-10,69997,2025071004004977,RHPL,Kumari Securities Private Limited,Aryatara Investment & Securities,392,339.0,132888.0,2025-07-10 12:03:41.929041
2025-07-10,69899,2025071004004993,RHPL,Creative Securities Pvt Ltd,Nepal Stock House (PVT) Ltd.,291,340.2,98998.2,2025-07-10 12:03:59.518463
2025-07-10,69846,2025071004004998,RHPL,Sharepro Securities Private Limited,Dipshikha Dhitopatra Karobar Co. Pvt Ltd.,180,340.0,61200.0,2025-07-10 12:04:10.628160
2025-07-10,69738,2025071004005026,RHPL,Shree Krishna Securities Ltd.,Dipshikha Dhitopatra Karobar Co. Pvt Ltd.,90,340.0,30600.0,2025-07-10 12:04:26.155416
2025-07-10,69713,2025071004005035,RHPL,Naasa Securities Co. Ltd.,Dipshikha Dhitopatra Karobar Co. Pvt Ltd.,730,340.0,248200.0,2025-07-10 12:04:33.413549
2025-07-10,69553,2025071004005092,RHPL,Naasa Securities Co. Ltd.,Vision Securities Pvt. Ltd,100,339.9,33990.0,2025-07-10 12:05:09.736089
2025-07-10,69552,2025071004005093,RHPL,Naasa Securities Co. Ltd.,Nepal Stock House (PVT) Ltd.,959,340.2,326251.8,2025-07-10 12:05:09.736275
2025-07-10,69478,2025071004005112,RHPL,Naasa Securities Co. Ltd.,Nepal Stock House (PVT) Ltd.,100,340.2,34020.0,2025-07-10 12:05:21.858746
2025-07-10,69475,2025071004005114,RHPL,Naasa Securities Co. Ltd.,Sewa Securities Pvt. Ltd.,70,339.4,23758.0,2025-07-10 12:05:23.678091
2025-07-10,68968,2025071004005230,RHPL,Blue Chip Securities Ltd,Arun Securities (PVT) Ltd.,380,340.0,129200.0,2025-07-10 12:06:55.125540
2025-07-10,68936,2025071004005238,RHPL,Blue Chip Securities Ltd,Sani Securities Company Ltd.,120,340.0,40800.0,2025-07-10 12:07:03.321565
2025-07-10,68933,2025071004005239,RHPL,Sweta Securities Private Limited,Sani Securities Company Ltd.,80,340.0,27200.0,2025-07-10 12:07:04.105414
2025-07-10,68812,2025071004005281,RHPL,Sweta Securities Private Limited,Imperial Securities Company Pvt. Ltd.,35,340.0,11900.0,2025-07-10 12:07:22.164934
2025-07-10,68747,2025071004005325,RHPL,Sweta Securities Private Limited,Opal Securities Investment (PVT) Ltd.,70,340.0,23800.0,2025-07-10 12:07:28.964023
2025-07-10,68508,2025071004005390,RHPL,Sweta Securities Private Limited,Dynamic Money Managers Securities Pvt. Ltd.,15,340.0,5100.0,2025-07-10 12:08:13.798174
2025-07-10,68507,2025071004005391,RHPL,Vision Securities Pvt. Ltd,Dynamic Money Managers Securities Pvt. Ltd.,100,339.5,33950.0,2025-07-10 12:08:13.798435
2025-07-10,68506,2025071004005392,RHPL,Naasa Securities Co. Ltd.,Dynamic Money Managers Securities Pvt. Ltd.,180,339.4,61092.0,2025-07-10 12:08:13.798521
2025-07-10,68505,2025071004005393,RHPL,Sani Securities Company Ltd.,Dynamic Money Managers Securities Pvt. Ltd.,75,339.3,25447.5,2025-07-10 12:08:13.798603
2025-07-10,68504,2025071004005394,RHPL,Trishakti Securities Public Limited,Dynamic Money Managers Securities Pvt. Ltd.,200,339.1,67820.0,2025-07-10 12:08:13.798682
2025-07-10,68503,2025071004005395,RHPL,Aryatara Investment & Securities,Dynamic Money Managers Securities Pvt. Ltd.,300,339.0,101700.0,2025-07-10 12:08:13.798764
2025-07-10,68502,2025071004005396,RHPL,Midas Stock Broking Company Private Limited,Dynamic Money Managers Securities Pvt. Ltd.,20,339.0,6780.0,2025-07-10 12:08:13.798844
2025-07-10,68501,2025071004005397,RHPL,Aryatara Investment & Securities,Dynamic Money Managers Securities Pvt. Ltd.,10,339.0,3390.0,2025-07-10 12:08:13.798922
2025-07-10,68500,2025071004005398,RHPL,Sipla Securities Private Limited,Dynamic Money Managers Securities Pvt. Ltd.,200,339.0,67800.0,2025-07-10 12:08:13.799003
2025-07-10,68499,2025071004005399,RHPL,Sumeru Securities Pvt. Ltd.,Dynamic Money Managers Securities Pvt. Ltd.,200,339.0,67800.0,2025-07-10 12:08:13.799082
2025-07-10,68498,2025071004005400,RHPL,Aryatara Investment & Securities,Dynamic Money Managers Securities Pvt. Ltd.,20,339.0,6780.0,2025-07-10 12:08:13.799166
2025-07-10,68497,2025071004005401,RHPL,Online Securities Pvt. Ltd.,Dynamic Money Managers Securities Pvt. Ltd.,10,339.0,3390.0,2025-07-10 12:08:13.799248
2025-07-10,68496,2025071004005402,RHPL,Primo Securities (PVT) Ltd.,Dynamic Money Managers Securities Pvt. Ltd.,353,339.0,119667.0,2025-07-10 12:08:13.799344
2025-07-10,68495,2025071004005403,RHPL,Oxford Securities Pvt. Ltd.,Dynamic Money Managers Securities Pvt. Ltd.,1317,339.0,446463.0,2025-07-10 12:08:13.799428
2025-07-10,68284,2025071004005460,RHPL,Naasa Securities Co. Ltd.,Sumeru Securities Pvt. Ltd.,80,339.1,27128.0,2025-07-10 12:08:41.585481
2025-07-10,67938,2025071004005571,RHPL,Naasa Securities Co. Ltd.,Vision Securities Pvt. Ltd,200,339.1,67820.0,2025-07-10 12:09:36.746229
2025-07-10,67882,2025071004005582,RHPL,Linch Stock Market Ltd.,Naasa Securities Co. Ltd.,50,339.2,16960.0,2025-07-10 12:09:51.728132
2025-07-10,67881,2025071004005583,RHPL,Naasa Securities Co. Ltd.,Naasa Securities Co. Ltd.,190,339.1,64429.0,2025-07-10 12:09:51.728397
2025-07-10,67502,2025071004005658,RHPL,Bhrikuti Stock Broking Co. Pvt. Ltd.,Sipla Securities Private Limited,1000,340.0,340000.0,2025-07-10 12:11:02.806824
2025-07-10,67360,2025071004005691,RHPL,Imperial Securities Company Pvt. Ltd.,Nepal Investment And Securities Trading Private Limited,80,339.8,27184.0,2025-07-10 12:11:37.842846
2025-07-10,67144,2025071004005745,RHPL,Swarna Laxmi Securities Pvt. Ltd.,Premier Securities Company Ltd.,70,339.2,23744.0,2025-07-10 12:12:18.872915
2025-07-10,66735,2025071004005817,RHPL,Swarna Laxmi Securities Pvt. Ltd.,Investment Management Nepal Pvt. Ltd.,100,339.2,33920.0,2025-07-10 12:13:42.748723
2025-07-10,66532,2025071004005862,RHPL,Naasa Securities Co. Ltd.,Imperial Securities Company Pvt. Ltd.,400,339.5,135800.0,2025-07-10 12:14:29.740056
2025-07-10,66414,2025071004005886,RHPL,Imperial Securities Company Pvt. Ltd.,Imperial Securities Company Pvt. Ltd.,100,339.7,33970.0,2025-07-10 12:14:56.140764
2025-07-10,66318,2025071004005903,RHPL,Swarna Laxmi Securities Pvt. Ltd.,Opal Securities Investment (PVT) Ltd.,250,339.9,84975.0,2025-07-10 12:15:18.316656
2025-07-10,66240,2025071004005916,RHPL,Naasa Securities Co. Ltd.,Nepal Investment And Securities Trading Private Limited,350,340.0,119000.0,2025-07-10 12:15:33.369861
2025-07-10,66239,2025071004005917,RHPL,Naasa Securities Co. Ltd.,Aryatara Investment & Securities,150,340.0,51000.0,2025-07-10 12:15:33.370143
2025-07-10,66238,2025071004005918,RHPL,Naasa Securities Co. Ltd.,South Asian Bulls Pvt. Ltd.,159,340.0,54060.0,2025-07-10 12:15:33.370251
2025-07-10,66237,2025071004005919,RHPL,Naasa Securities Co. Ltd.,ABC Securities Private Limited,50,340.0,17000.0,2025-07-10 12:15:33.370346
2025-07-10,66236,2025071004005920,RHPL,Naasa Securities Co. Ltd.,Imperial Securities Company Pvt. Ltd.,30,340.0,10200.0,2025-07-10 12:15:33.370431
2025-07-10,66235,2025071004005921,RHPL,Naasa Securities Co. Ltd.,Naasa Securities Co. Ltd.,761,340.0,258740.0,2025-07-10 12:15:33.370514
2025-07-10,66184,2025071004005931,RHPL,Swarna Laxmi Securities Pvt. Ltd.,Naasa Securities Co. Ltd.,39,340.0,13260.0,2025-07-10 12:15:48.502718
2025-07-10,66124,2025071004005946,RHPL,Swarna Laxmi Securities Pvt. Ltd.,Imperial Securities Company Pvt. Ltd.,100,340.0,34000.0,2025-07-10 12:16:03.149238
2025-07-10,66082,2025071004005953,RHPL,Swarna Laxmi Securities Pvt. Ltd.,Sundhara Securities Limited,50,340.0,17000.0,2025-07-10 12:16:12.842527
2025-07-10,66072,2025071004005956,RHPL,Aakashbhairab Securities Ltd.,Himalayan Securities Limited,36,341.0,12276.0,2025-07-10 12:16:14.686166
2025-07-10,65782,2025071004006015,RHPL,Swarna Laxmi Securities Pvt. Ltd.,Naasa Securities Co. Ltd.,50,340.0,17000.0,2025-07-10 12:17:05.555235
2025-07-10,65681,2025071004006042,RHPL,Swarna Laxmi Securities Pvt. Ltd.,Imperial Securities Company Pvt. Ltd.,60,340.0,20400.0,2025-07-10 12:17:22.544294
2025-07-10,65680,2025071004006043,RHPL,Sweta Securities Private Limited,Imperial Securities Company Pvt. Ltd.,140,340.0,47600.0,2025-07-10 12:17:22.544553
2025-07-10,65519,2025071004006092,RHPL,Sani Securities Company Ltd.,Oxford Securities Pvt. Ltd.,40,340.0,13600.0,2025-07-10 12:17:51.844812
2025-07-10,65030,2025071004006170,RHPL,Kohinoor Investment & Securities Pvt. Ltd.,Nepal Investment And Securities Trading Private Limited,500,340.5,170250.0,2025-07-10 12:19:14.330625
2025-07-10,65025,2025071004006171,RHPL,Sani Securities Company Ltd.,Bhrikuti Stock Broking Co. Pvt. Ltd.,50,340.0,17000.0,2025-07-10 12:19:14.737951
2025-07-10,65017,2025071004006175,RHPL,Naasa Securities Co. Ltd.,Imperial Securities Company Pvt. Ltd.,25,340.0,8500.0,2025-07-10 12:19:15.745732
2025-07-10,64831,2025071004006201,RHPL,Sundhara Securities Limited,Trisul Securities & Invt. Ltd.,70,340.4,23828.0,2025-07-10 12:19:27.443707
2025-07-10,64830,2025071004006202,RHPL,Sundhara Securities Limited,Nepal Investment And Securities Trading Private Limited,30,340.5,10215.0,2025-07-10 12:19:27.443971
2025-07-10,64613,2025071004006294,RHPL,Naasa Securities Co. Ltd.,Imperial Securities Company Pvt. Ltd.,25,340.0,8500.0,2025-07-10 12:20:00.274835
2025-07-10,64612,2025071004006295,RHPL,Sri Hari Securities Pvt. Ltd.,Imperial Securities Company Pvt. Ltd.,55,339.5,18672.5,2025-07-10 12:20:00.275056
2025-07-10,63895,2025071004006413,RHPL,Sani Securities Company Ltd.,Premier Securities Company Ltd.,20,340.0,6800.0,2025-07-10 12:21:48.534427
2025-07-10,63663,2025071004006456,RHPL,Sweta Securities Private Limited,Premier Securities Company Ltd.,10,340.0,3400.0,2025-07-10 12:22:22.883033
2025-07-10,63653,2025071004006458,RHPL,Imperial Securities Company Pvt. Ltd.,Premier Securities Company Ltd.,100,340.0,34000.0,2025-07-10 12:22:25.978870
2025-07-10,63340,2025071004006503,RHPL,Asian Securities Private Ltd.,Premier Securities Company Ltd.,70,340.0,23800.0,2025-07-10 12:22:52.842707
2025-07-10,62831,2025071004006602,RHPL,Sri Hari Securities Pvt. Ltd.,Kalika Securities Pvt. Ltd.,150,339.5,50925.0,2025-07-10 12:23:46.195859
2025-07-10,62377,2025071004006710,RHPL,Sri Hari Securities Pvt. Ltd.,Shree Krishna Securities Ltd.,263,339.5,89288.5,2025-07-10 12:24:30.314897
2025-07-10,61694,2025071004006775,RHPL,Sri Hari Securities Pvt. Ltd.,Naasa Securities Co. Ltd.,20,339.5,6790.0,2025-07-10 12:25:38.326571
2025-07-10,61339,2025071004006830,RHPL,Market Securities & Exchange (PVT) Ltd.,Premier Securities Company Ltd.,600,340.0,204000.0,2025-07-10 12:26:18.330678
2025-07-10,61338,2025071004006831,RHPL,Market Securities & Exchange (PVT) Ltd.,Dipshikha Dhitopatra Karobar Co. Pvt Ltd.,200,340.0,68000.0,2025-07-10 12:26:18.330907
2025-07-10,60642,2025071004006892,RHPL,Nepal Stock House (PVT) Ltd.,South Asian Bulls Pvt. Ltd.,200,339.6,67920.0,2025-07-10 12:27:27.724093
2025-07-10,60315,2025071004006954,RHPL,Sri Hari Securities Pvt. Ltd.,South Asian Bulls Pvt. Ltd.,12,339.5,4074.0,2025-07-10 12:28:07.034007
2025-07-10,59001,2025071004007181,RHPL,Market Securities & Exchange (PVT) Ltd.,Dipshikha Dhitopatra Karobar Co. Pvt Ltd.,175,340.0,59500.0,2025-07-10 12:30:15.684977
2025-07-10,58589,2025071004007221,RHPL,Sri Hari Securities Pvt. Ltd.,Naasa Securities Co. Ltd.,500,339.5,169750.0,2025-07-10 12:30:55.948810
2025-07-10,58588,2025071004007222,RHPL,KALASH STOCK MARKET PVT. LTD.,Naasa Securities Co. Ltd.,100,339.5,33950.0,2025-07-10 12:30:55.949047
2025-07-10,58417,2025071004007255,RHPL,KALASH STOCK MARKET PVT. LTD.,Imperial Securities Company Pvt. Ltd.,200,339.5,67900.0,2025-07-10 12:31:18.891055
2025-07-10,58275,2025071004007283,RHPL,KALASH STOCK MARKET PVT. LTD.,Trishakti Securities Public Limited,200,339.5,67900.0,2025-07-10 12:31:30.536899
2025-07-10,57845,2025071004007354,RHPL,Naasa Securities Co. Ltd.,Sri Hari Securities Pvt. Ltd.,70,339.3,23751.0,2025-07-10 12:32:21.786145
2025-07-10,57787,2025071004007364,RHPL,Naasa Securities Co. Ltd.,Trishakti Securities Public Limited,30,339.3,10179.0,2025-07-10 12:32:29.849808
2025-07-10,57786,2025071004007365,RHPL,Oxford Securities Pvt. Ltd.,Trishakti Securities Public Limited,10,339.3,3393.0,2025-07-10 12:32:29.850034
2025-07-10,57771,2025071004007367,RHPL,Oxford Securities Pvt. Ltd.,Kumari Securities Private Limited,190,339.3,64467.0,2025-07-10 12:32:32.841892
2025-07-10,57770,2025071004007368,RHPL,Kumari Securities Private Limited,Kumari Securities Private Limited,50,339.3,16965.0,2025-07-10 12:32:32.842149
2025-07-10,57495,2025071004007401,RHPL,Nepal Stock House (PVT) Ltd.,Kumari Securities Private Limited,100,339.3,33930.0,2025-07-10 12:33:08.845792
2025-07-10,57427,2025071004007407,RHPL,Deevyaa Securities & Stock House Pvt. Ltd,Kumari Securities Private Limited,100,339.3,33930.0,2025-07-10 12:33:15.762828
2025-07-10,57230,2025071004007470,RHPL,Dakshinkali Investment & Securities Pvt. Ltd.,Kumari Securities Private Limited,50,339.3,16965.0,2025-07-10 12:33:33.392662
2025-07-10,57197,2025071004007479,RHPL,Naasa Securities Co. Ltd.,Kumari Securities Private Limited,510,339.3,173043.0,2025-07-10 12:33:36.939109
2025-07-10,57196,2025071004007480,RHPL,Naasa Securities Co. Ltd.,Nepal Investment And Securities Trading Private Limited,75,339.3,25447.5,2025-07-10 12:33:36.939393
2025-07-10,56372,2025071004007666,RHPL,Naasa Securities Co. Ltd.,Imperial Securities Company Pvt. Ltd.,30,339.3,10179.0,2025-07-10 12:35:09.454727
2025-07-10,56217,2025071004007691,RHPL,Naasa Securities Co. Ltd.,Bhrikuti Stock Broking Co. Pvt. Ltd.,10,339.3,3393.0,2025-07-10 12:35:33.669841
2025-07-10,56185,2025071004007702,RHPL,Naasa Securities Co. Ltd.,Online Securities Pvt. Ltd.,10,339.3,3393.0,2025-07-10 12:35:38.455800
2025-07-10,56184,2025071004007703,RHPL,Malla & Malla Stock Broking Company Pvt. Limited,Online Securities Pvt. Ltd.,200,339.2,67840.0,2025-07-10 12:35:38.455846
2025-07-10,56183,2025071004007704,RHPL,K.B.L. Securities Limited ,Online Securities Pvt. Ltd.,200,339.1,67820.0,2025-07-10 12:35:38.455875
2025-07-10,56182,2025071004007705,RHPL,Vision Securities Pvt. Ltd,Online Securities Pvt. Ltd.,200,339.1,67820.0,2025-07-10 12:35:38.455901
2025-07-10,56181,2025071004007706,RHPL,Trishakti Securities Public Limited,Online Securities Pvt. Ltd.,1000,339.1,339100.0,2025-07-10 12:35:38.455927
2025-07-10,56180,2025071004007707,RHPL,Oxford Securities Pvt. Ltd.,Online Securities Pvt. Ltd.,1683,339.0,570537.0,2025-07-10 12:35:38.455968
2025-07-10,56179,2025071004007708,RHPL,Cristal Kanchanjanga Securites Pvt. Ltd.,Online Securities Pvt. Ltd.,200,339.0,67800.0,2025-07-10 12:35:38.455996
2025-07-10,56178,2025071004007709,RHPL,Online Securities Pvt. Ltd.,Online Securities Pvt. Ltd.,100,339.0,33900.0,2025-07-10 12:35:38.456020
2025-07-10,56177,2025071004007710,RHPL,Premier Securities Company Ltd.,Online Securities Pvt. Ltd.,10,339.0,3390.0,2025-07-10 12:35:38.456046
2025-07-10,56176,2025071004007711,RHPL,Primo Securities (PVT) Ltd.,Online Securities Pvt. Ltd.,25,339.0,8475.0,2025-07-10 12:35:38.456078
2025-07-10,56175,2025071004007712,RHPL,Siprabi Securities Pvt. Ltd.,Online Securities Pvt. Ltd.,50,339.0,16950.0,2025-07-10 12:35:38.456103
2025-07-10,56174,2025071004007713,RHPL,Sani Securities Company Ltd.,Online Securities Pvt. Ltd.,50,339.0,16950.0,2025-07-10 12:35:38.456128
2025-07-10,56173,2025071004007714,RHPL,Sundhara Securities Limited,Online Securities Pvt. Ltd.,20,338.8,6776.0,2025-07-10 12:35:38.456154
2025-07-10,56172,2025071004007715,RHPL,Online Securities Pvt. Ltd.,Online Securities Pvt. Ltd.,133,338.8,45060.4,2025-07-10 12:35:38.456178
2025-07-10,56171,2025071004007716,RHPL,Nepal Stock House (PVT) Ltd.,Online Securities Pvt. Ltd.,50,338.5,16925.0,2025-07-10 12:35:38.456209
2025-07-10,56170,2025071004007717,RHPL,Online Securities Pvt. Ltd.,Online Securities Pvt. Ltd.,10,338.5,3385.0,2025-07-10 12:35:38.456237
2025-07-10,56169,2025071004007718,RHPL,Sundhara Securities Limited,Online Securities Pvt. Ltd.,30,338.3,10149.0,2025-07-10 12:35:38.456264
2025-07-10,56168,2025071004007719,RHPL,Vision Securities Pvt. Ltd,Online Securities Pvt. Ltd.,50,338.2,16910.0,2025-07-10 12:35:38.456292
2025-07-10,56167,2025071004007720,RHPL,Online Securities Pvt. Ltd.,Online Securities Pvt. Ltd.,50,338.1,16905.0,2025-07-10 12:35:38.456329
2025-07-10,56166,2025071004007721,RHPL,Imperial Securities Company Pvt. Ltd.,Online Securities Pvt. Ltd.,200,338.0,67600.0,2025-07-10 12:35:38.456367
2025-07-10,56165,2025071004007722,RHPL,Ashutosh Brokerage & Securities (PVT) Ltd.,Online Securities Pvt. Ltd.,500,338.0,169000.0,2025-07-10 12:35:38.456403
2025-07-10,56164,2025071004007723,RHPL,Linch Stock Market Ltd.,Online Securities Pvt. Ltd.,80,338.0,27040.0,2025-07-10 12:35:38.456442
2025-07-10,56163,2025071004007724,RHPL,Nepal Stock House (PVT) Ltd.,Online Securities Pvt. Ltd.,100,338.0,33800.0,2025-07-10 12:35:38.456477
2025-07-10,56162,2025071004007725,RHPL,Online Securities Pvt. Ltd.,Online Securities Pvt. Ltd.,50,338.0,16900.0,2025-07-10 12:35:38.456507
2025-07-10,56161,2025071004007726,RHPL,Sharepro Securities Private Limited,Online Securities Pvt. Ltd.,500,338.0,169000.0,2025-07-10 12:35:38.456580
2025-07-10,56160,2025071004007727,RHPL,Sundhara Securities Limited,Online Securities Pvt. Ltd.,50,338.0,16900.0,2025-07-10 12:35:38.456613
2025-07-10,56159,2025071004007728,RHPL,Naasa Securities Co. Ltd.,Online Securities Pvt. Ltd.,10,338.0,3380.0,2025-07-10 12:35:38.456646
2025-07-10,56158,2025071004007729,RHPL,Malla & Malla Stock Broking Company Pvt. Limited,Online Securities Pvt. Ltd.,51,338.0,17238.0,2025-07-10 12:35:38.456672
2025-07-10,56157,2025071004007730,RHPL,Vision Securities Pvt. Ltd,Online Securities Pvt. Ltd.,100,337.5,33750.0,2025-07-10 12:35:38.456698
2025-07-10,56156,2025071004007731,RHPL,Trishakti Securities Public Limited,Online Securities Pvt. Ltd.,310,337.5,104625.0,2025-07-10 12:35:38.456730
2025-07-10,56155,2025071004007732,RHPL,Sundhara Securities Limited,Online Securities Pvt. Ltd.,30,337.2,10116.0,2025-07-10 12:35:38.456759
2025-07-10,56154,2025071004007733,RHPL,Agrawal Securities (PVT) Ltd.,Online Securities Pvt. Ltd.,1000,337.1,337100.0,2025-07-10 12:35:38.456792
2025-07-10,56153,2025071004007734,RHPL,Online Securities Pvt. Ltd.,Online Securities Pvt. Ltd.,1000,337.0,337000.0,2025-07-10 12:35:38.456816
2025-07-10,56152,2025071004007735,RHPL,Sundhara Securities Limited,Online Securities Pvt. Ltd.,189,337.0,63693.0,2025-07-10 12:35:38.456849
2025-07-10,56151,2025071004007736,RHPL,Opal Securities Investment (PVT) Ltd.,Online Securities Pvt. Ltd.,500,337.0,168500.0,2025-07-10 12:35:38.456875
2025-07-10,56150,2025071004007737,RHPL,Nepal Investment And Securities Trading Private Limited,Online Securities Pvt. Ltd.,1000,337.0,337000.0,2025-07-10 12:35:38.456907
2025-07-10,56149,2025071004007738,RHPL,Nepal Investment And Securities Trading Private Limited,Online Securities Pvt. Ltd.,500,337.0,168500.0,2025-07-10 12:35:38.456936
2025-07-10,56148,2025071004007739,RHPL,Aryatara Investment & Securities,Online Securities Pvt. Ltd.,400,337.0,134800.0,2025-07-10 12:35:38.456993
2025-07-10,56147,2025071004007740,RHPL,Siprabi Securities Pvt. Ltd.,Online Securities Pvt. Ltd.,100,337.0,33700.0,2025-07-10 12:35:38.457023
2025-07-10,56146,2025071004007741,RHPL,Imperial Securities Company Pvt. Ltd.,Online Securities Pvt. Ltd.,600,337.0,202200.0,2025-07-10 12:35:38.457048
2025-07-10,56145,2025071004007742,RHPL,ABC Securities Private Limited,Online Securities Pvt. Ltd.,50,336.8,16840.0,2025-07-10 12:35:38.457072
2025-07-10,56144,2025071004007743,RHPL,Premier Securities Company Ltd.,Online Securities Pvt. Ltd.,100,336.2,33620.0,2025-07-10 12:35:38.457109
2025-07-10,56143,2025071004007744,RHPL,Naasa Securities Co. Ltd.,Online Securities Pvt. Ltd.,250,336.2,84050.0,2025-07-10 12:35:38.457134
2025-07-10,56142,2025071004007745,RHPL,Market Securities & Exchange (PVT) Ltd.,Online Securities Pvt. Ltd.,100,336.2,33620.0,2025-07-10 12:35:38.457164
2025-07-10,56141,2025071004007746,RHPL,Asian Securities Private Ltd.,Online Securities Pvt. Ltd.,200,336.1,67220.0,2025-07-10 12:35:38.457190
2025-07-10,56140,2025071004007747,RHPL,Imperial Securities Company Pvt. Ltd.,Online Securities Pvt. Ltd.,100,336.0,33600.0,2025-07-10 12:35:38.457219
2025-07-10,56139,2025071004007748,RHPL,Kumari Securities Private Limited,Online Securities Pvt. Ltd.,50,336.0,16800.0,2025-07-10 12:35:38.457244
2025-07-10,56138,2025071004007749,RHPL,Vision Securities Pvt. Ltd,Online Securities Pvt. Ltd.,200,336.0,67200.0,2025-07-10 12:35:38.457275
2025-07-10,56137,2025071004007750,RHPL,Creative Securities Pvt Ltd,Online Securities Pvt. Ltd.,200,336.0,67200.0,2025-07-10 12:35:38.457301
2025-07-10,56136,2025071004007751,RHPL,Asian Securities Private Ltd.,Online Securities Pvt. Ltd.,50,336.0,16800.0,2025-07-10 12:35:38.457336
2025-07-10,56135,2025071004007752,RHPL,Agrawal Securities (PVT) Ltd.,Online Securities Pvt. Ltd.,200,336.0,67200.0,2025-07-10 12:35:38.457361
2025-07-10,56134,2025071004007753,RHPL,Online Securities Pvt. Ltd.,Online Securities Pvt. Ltd.,359,336.0,120624.0,2025-07-10 12:35:38.457381
2025-07-10,55962,2025071004007782,RHPL,Online Securities Pvt. Ltd.,Asian Securities Private Ltd.,141,336.0,47376.0,2025-07-10 12:36:05.372417
2025-07-10,55805,2025071004007824,RHPL,Online Securities Pvt. Ltd.,Asian Securities Private Ltd.,10,335.9,3359.0,2025-07-10 12:36:19.439509
2025-07-10,55785,2025071004007830,RHPL,Online Securities Pvt. Ltd.,Asian Securities Private Ltd.,10,336.0,3360.0,2025-07-10 12:36:21.925626
2025-07-10,55742,2025071004007840,RHPL,Sundhara Securities Limited,Asian Securities Private Ltd.,100,336.0,33600.0,2025-07-10 12:36:29.996350
2025-07-10,55737,2025071004007842,RHPL,Online Securities Pvt. Ltd.,Oxford Securities Pvt. Ltd.,490,335.9,164591.0,2025-07-10 12:36:31.245043
2025-07-10,55736,2025071004007843,RHPL,Sweta Securities Private Limited,Oxford Securities Pvt. Ltd.,50,335.8,16790.0,2025-07-10 12:36:31.245146
2025-07-10,55735,2025071004007844,RHPL,Online Securities Pvt. Ltd.,Oxford Securities Pvt. Ltd.,200,335.8,67160.0,2025-07-10 12:36:31.245216
2025-07-10,55734,2025071004007845,RHPL,Sumeru Securities Pvt. Ltd.,Oxford Securities Pvt. Ltd.,100,335.6,33560.0,2025-07-10 12:36:31.245292
2025-07-10,55733,2025071004007846,RHPL,Naasa Securities Co. Ltd.,Oxford Securities Pvt. Ltd.,45,335.5,15097.5,2025-07-10 12:36:31.245388
2025-07-10,55732,2025071004007847,RHPL,Dakshinkali Investment & Securities Pvt. Ltd.,Oxford Securities Pvt. Ltd.,215,335.5,72132.5,2025-07-10 12:36:31.245462
2025-07-10,55627,2025071004007869,RHPL,Trisul Securities & Invt. Ltd.,Asian Securities Private Ltd.,10,336.0,3360.0,2025-07-10 12:36:47.469434
2025-07-10,55592,2025071004007874,RHPL,Imperial Securities Company Pvt. Ltd.,Linch Stock Market Ltd.,140,335.9,47026.0,2025-07-10 12:36:50.546532
2025-07-10,55517,2025071004007895,RHPL,Kalika Securities Pvt. Ltd.,Asian Securities Private Ltd.,300,336.0,100800.0,2025-07-10 12:36:59.180502
2025-07-10,55465,2025071004007914,RHPL,Sweta Securities Private Limited,Asian Securities Private Ltd.,149,336.0,50064.0,2025-07-10 12:37:05.040372
2025-07-10,55441,2025071004007915,RHPL,Imperial Securities Company Pvt. Ltd.,Asian Securities Private Ltd.,100,336.0,33600.0,2025-07-10 12:37:09.191718
2025-07-10,55398,2025071004007924,RHPL,Dakshinkali Investment & Securities Pvt. Ltd.,Asian Securities Private Ltd.,50,336.0,16800.0,2025-07-10 12:37:14.004997
2025-07-10,55214,2025071004007988,RHPL,Primo Securities (PVT) Ltd.,Asian Securities Private Ltd.,140,336.0,47040.0,2025-07-10 12:37:32.092250
2025-07-10,55116,2025071004008013,RHPL,Primo Securities (PVT) Ltd.,Sundhara Securities Limited,60,336.0,20160.0,2025-07-10 12:37:46.322122
2025-07-10,55115,2025071004008014,RHPL,Dakshinkali Investment & Securities Pvt. Ltd.,Sundhara Securities Limited,50,336.0,16800.0,2025-07-10 12:37:46.322341
2025-07-10,55114,2025071004008015,RHPL,Imperial Securities Company Pvt. Ltd.,Sundhara Securities Limited,60,335.9,20154.0,2025-07-10 12:37:46.322423
2025-07-10,55113,2025071004008016,RHPL,Thrive Brokerage House Pvt. Ltd,Sundhara Securities Limited,50,335.5,16775.0,2025-07-10 12:37:46.322507
2025-07-10,55112,2025071004008017,RHPL,Primo Securities (PVT) Ltd.,Sundhara Securities Limited,100,335.3,33530.0,2025-07-10 12:37:46.322588
2025-07-10,55111,2025071004008018,RHPL,Imperial Securities Company Pvt. Ltd.,Sundhara Securities Limited,100,335.2,33520.0,2025-07-10 12:37:46.322668
2025-07-10,55110,2025071004008019,RHPL,Thrive Brokerage House Pvt. Ltd,Sundhara Securities Limited,80,335.2,26816.0,2025-07-10 12:37:46.322756
2025-07-10,54791,2025071004008075,RHPL,Kohinoor Investment & Securities Pvt. Ltd.,Imperial Securities Company Pvt. Ltd.,40,339.0,13560.0,2025-07-10 12:38:22.845455
2025-07-10,54617,2025071004008102,RHPL,Kohinoor Investment & Securities Pvt. Ltd.,Opal Securities Investment (PVT) Ltd.,960,339.0,325440.0,2025-07-10 12:38:47.178403
2025-07-10,53993,2025071004008268,RHPL,Primo Securities (PVT) Ltd.,Imperial Securities Company Pvt. Ltd.,20,335.6,6712.0,2025-07-10 12:40:13.954365
2025-07-10,53992,2025071004008269,RHPL,Aakashbhairab Securities Ltd.,Imperial Securities Company Pvt. Ltd.,300,335.5,100650.0,2025-07-10 12:40:13.954838
2025-07-10,53991,2025071004008270,RHPL,Aryatara Investment & Securities,Imperial Securities Company Pvt. Ltd.,180,335.5,60390.0,2025-07-10 12:40:13.955240
2025-07-10,52181,2025071004008660,RHPL,Primo Securities (PVT) Ltd.,Opal Securities Investment (PVT) Ltd.,40,336.3,13452.0,2025-07-10 12:44:50.978040
2025-07-10,51803,2025071004008761,RHPL,Online Securities Pvt. Ltd.,Malla & Malla Stock Broking Company Pvt. Limited,200,337.0,67400.0,2025-07-10 12:45:53.606173
2025-07-10,51623,2025071004008794,RHPL,Imperial Securities Company Pvt. Ltd.,Malla & Malla Stock Broking Company Pvt. Limited,100,337.0,33700.0,2025-07-10 12:46:21.698810
2025-07-10,51605,2025071004008795,RHPL,Primo Securities (PVT) Ltd.,Miyo Securities Pvt Ltd,20,336.3,6726.0,2025-07-10 12:46:26.227676
2025-07-10,51455,2025071004008844,RHPL,Primo Securities (PVT) Ltd.,Kohinoor Investment & Securities Pvt. Ltd.,20,336.3,6726.0,2025-07-10 12:46:51.462106
2025-07-10,51454,2025071004008845,RHPL,Naasa Securities Co. Ltd.,Kohinoor Investment & Securities Pvt. Ltd.,300,336.2,100860.0,2025-07-10 12:46:51.462463
2025-07-10,51413,2025071004008854,RHPL,Vision Securities Pvt. Ltd,Kohinoor Investment & Securities Pvt. Ltd.,12,336.2,4034.4,2025-07-10 12:46:59.815778
2025-07-10,51374,2025071004008869,RHPL,ABC Securities Private Limited,Vision Securities Pvt. Ltd,200,336.1,67220.0,2025-07-10 12:47:07.870596
2025-07-10,51373,2025071004008870,RHPL,Oxford Securities Pvt. Ltd.,Vision Securities Pvt. Ltd,70,336.0,23520.0,2025-07-10 12:47:07.870936
2025-07-10,51372,2025071004008871,RHPL,Investment Management Nepal Pvt. Ltd.,Vision Securities Pvt. Ltd,50,336.0,16800.0,2025-07-10 12:47:07.871076
2025-07-10,51371,2025071004008872,RHPL,Opal Securities Investment (PVT) Ltd.,Vision Securities Pvt. Ltd,10,336.0,3360.0,2025-07-10 12:47:07.871177
2025-07-10,51370,2025071004008873,RHPL,Shree Krishna Securities Ltd.,Vision Securities Pvt. Ltd,170,336.0,57120.0,2025-07-10 12:47:07.871336
2025-07-10,51276,2025071004008891,RHPL,Shree Krishna Securities Ltd.,Secured Securities Ltd.,35,336.0,11760.0,2025-07-10 12:47:31.534636
2025-07-10,51275,2025071004008892,RHPL,Asian Securities Private Ltd.,Secured Securities Ltd.,100,336.0,33600.0,2025-07-10 12:47:31.535114
2025-07-10,51274,2025071004008893,RHPL,Primo Securities (PVT) Ltd.,Secured Securities Ltd.,20,335.7,6714.0,2025-07-10 12:47:31.535437
2025-07-10,51273,2025071004008894,RHPL,Primo Securities (PVT) Ltd.,Secured Securities Ltd.,10,335.6,3356.0,2025-07-10 12:47:31.535726
2025-07-10,51272,2025071004008895,RHPL,Online Securities Pvt. Ltd.,Secured Securities Ltd.,50,335.5,16775.0,2025-07-10 12:47:31.536009
2025-07-10,51271,2025071004008896,RHPL,Premier Securities Company Ltd.,Secured Securities Ltd.,10,335.5,3355.0,2025-07-10 12:47:31.536295
2025-07-10,51270,2025071004008897,RHPL,Agrawal Securities (PVT) Ltd.,Secured Securities Ltd.,300,335.4,100620.0,2025-07-10 12:47:31.536604
2025-07-10,51269,2025071004008898,RHPL,Thrive Brokerage House Pvt. Ltd,Secured Securities Ltd.,20,335.2,6704.0,2025-07-10 12:47:31.536890
2025-07-10,51268,2025071004008899,RHPL,Vision Securities Pvt. Ltd,Secured Securities Ltd.,500,335.2,167600.0,2025-07-10 12:47:31.537476
2025-07-10,51267,2025071004008900,RHPL,Sumeru Securities Pvt. Ltd.,Secured Securities Ltd.,1000,335.1,335100.0,2025-07-10 12:47:31.537779
2025-07-10,51266,2025071004008901,RHPL,Shree Krishna Securities Ltd.,Secured Securities Ltd.,170,335.1,56967.0,2025-07-10 12:47:31.538056
2025-07-10,51265,2025071004008902,RHPL,Deevyaa Securities & Stock House Pvt. Ltd,Secured Securities Ltd.,100,335.1,33510.0,2025-07-10 12:47:31.538347
2025-07-10,51264,2025071004008903,RHPL,Sani Securities Company Ltd.,Secured Securities Ltd.,30,335.1,10053.0,2025-07-10 12:47:31.538636
2025-07-10,51263,2025071004008904,RHPL,Linch Stock Market Ltd.,Secured Securities Ltd.,355,335.1,118960.5,2025-07-10 12:47:31.538909
2025-07-10,51146,2025071004008940,RHPL,Sumeru Securities Pvt. Ltd.,Online Securities Pvt. Ltd.,25,336.0,8400.0,2025-07-10 12:47:49.307251
2025-07-10,51145,2025071004008941,RHPL,Sumeru Securities Pvt. Ltd.,Kohinoor Investment & Securities Pvt. Ltd.,48,336.2,16137.6,2025-07-10 12:47:49.307511
2025-07-10,51144,2025071004008942,RHPL,Sumeru Securities Pvt. Ltd.,Malla & Malla Stock Broking Company Pvt. Limited,15,337.0,5055.0,2025-07-10 12:47:49.307611
2025-07-10,51029,2025071004008972,RHPL,SHUBHAKAMANA SECURITIES PVT. LTD,Sani Securities Company Ltd.,200,336.2,67240.0,2025-07-10 12:48:11.679935
2025-07-10,51028,2025071004008973,RHPL,Nepal Stock House (PVT) Ltd.,Sani Securities Company Ltd.,50,335.0,16750.0,2025-07-10 12:48:11.680197
2025-07-10,51027,2025071004008974,RHPL,Nepal Stock House (PVT) Ltd.,Sani Securities Company Ltd.,50,335.0,16750.0,2025-07-10 12:48:11.680325
2025-07-10,51026,2025071004008975,RHPL,Sundhara Securities Limited,Sani Securities Company Ltd.,500,335.0,167500.0,2025-07-10 12:48:11.680419
2025-07-10,51025,2025071004008976,RHPL,Vision Securities Pvt. Ltd,Sani Securities Company Ltd.,200,335.0,67000.0,2025-07-10 12:48:11.680523
2025-07-10,51024,2025071004008977,RHPL,Nepal Investment And Securities Trading Private Limited,Sani Securities Company Ltd.,30,335.0,10050.0,2025-07-10 12:48:11.680663
2025-07-10,51023,2025071004008978,RHPL,Asian Securities Private Ltd.,Sani Securities Company Ltd.,50,335.0,16750.0,2025-07-10 12:48:11.680791
2025-07-10,51022,2025071004008979,RHPL,South Asian Bulls Pvt. Ltd.,Sani Securities Company Ltd.,50,335.0,16750.0,2025-07-10 12:48:11.680907
2025-07-10,51021,2025071004008980,RHPL,Naasa Securities Co. Ltd.,Sani Securities Company Ltd.,100,335.0,33500.0,2025-07-10 12:48:11.681000
2025-07-10,51020,2025071004008981,RHPL,Online Securities Pvt. Ltd.,Sani Securities Company Ltd.,90,335.0,30150.0,2025-07-10 12:48:11.681105
2025-07-10,50935,2025071004008995,RHPL,Online Securities Pvt. Ltd.,Online Securities Pvt. Ltd.,15,335.0,5025.0,2025-07-10 12:48:29.106945
2025-07-10,50903,2025071004009006,RHPL,Online Securities Pvt. Ltd.,Creative Securities Pvt Ltd,95,335.0,31825.0,2025-07-10 12:48:34.649455
2025-07-10,50902,2025071004009007,RHPL,Aryatara Investment & Securities,Creative Securities Pvt Ltd,100,335.0,33500.0,2025-07-10 12:48:34.649708
2025-07-10,50901,2025071004009008,RHPL,Secured Securities Ltd.,Creative Securities Pvt Ltd,105,335.0,35175.0,2025-07-10 12:48:34.649797
2025-07-10,50232,2025071004009190,RHPL,Primo Securities (PVT) Ltd.,SUN SECURITIES PVT LTD,20,336.1,6722.0,2025-07-10 12:50:24.425191
2025-07-10,50231,2025071004009191,RHPL,Online Securities Pvt. Ltd.,SUN SECURITIES PVT LTD,130,336.0,43680.0,2025-07-10 12:50:24.425448
2025-07-10,49942,2025071004009259,RHPL,Online Securities Pvt. Ltd.,Agrawal Securities (PVT) Ltd.,22,336.0,7392.0,2025-07-10 12:51:16.919755
2025-07-10,49941,2025071004009260,RHPL,Kumari Securities Private Limited,Agrawal Securities (PVT) Ltd.,58,335.6,19464.8,2025-07-10 12:51:16.920009
2025-07-10,49897,2025071004009267,RHPL,Kumari Securities Private Limited,Siprabi Securities Pvt. Ltd.,10,335.6,3356.0,2025-07-10 12:51:23.860893
2025-07-10,49658,2025071004009319,RHPL,Kumari Securities Private Limited,South Asian Bulls Pvt. Ltd.,32,335.6,10739.2,2025-07-10 12:52:13.533673
2025-07-10,49657,2025071004009320,RHPL,Aryatara Investment & Securities,South Asian Bulls Pvt. Ltd.,468,335.5,157014.0,2025-07-10 12:52:13.534164
2025-07-10,49567,2025071004009344,RHPL,Aryatara Investment & Securities,Opal Securities Investment (PVT) Ltd.,32,335.5,10736.0,2025-07-10 12:52:34.706647
2025-07-10,49566,2025071004009345,RHPL,Premier Securities Company Ltd.,Opal Securities Investment (PVT) Ltd.,60,335.2,20112.0,2025-07-10 12:52:34.706912
2025-07-10,49565,2025071004009346,RHPL,Vision Securities Pvt. Ltd,Opal Securities Investment (PVT) Ltd.,200,335.2,67040.0,2025-07-10 12:52:34.707021
2025-07-10,49564,2025071004009347,RHPL,Primo Securities (PVT) Ltd.,Opal Securities Investment (PVT) Ltd.,50,335.1,16755.0,2025-07-10 12:52:34.707116
2025-07-10,49563,2025071004009348,RHPL,Dakshinkali Investment & Securities Pvt. Ltd.,Opal Securities Investment (PVT) Ltd.,20,335.1,6702.0,2025-07-10 12:52:34.707208
2025-07-10,49562,2025071004009349,RHPL,Cristal Kanchanjanga Securites Pvt. Ltd.,Opal Securities Investment (PVT) Ltd.,138,335.1,46243.8,2025-07-10 12:52:34.707304
2025-07-10,48983,2025071004009495,RHPL,Online Securities Pvt. Ltd.,Imperial Securities Company Pvt. Ltd.,30,335.2,10056.0,2025-07-10 12:54:28.491462
2025-07-10,48982,2025071004009496,RHPL,Cristal Kanchanjanga Securites Pvt. Ltd.,Imperial Securities Company Pvt. Ltd.,10,335.1,3351.0,2025-07-10 12:54:28.491952
2025-07-10,48975,2025071004009500,RHPL,Cristal Kanchanjanga Securites Pvt. Ltd.,Oxford Securities Pvt. Ltd.,1660,335.1,556266.0,2025-07-10 12:54:29.436943
2025-07-10,48859,2025071004009558,RHPL,Sundhara Securities Limited,Shree Krishna Securities Ltd.,50,335.2,16760.0,2025-07-10 12:54:53.902332
2025-07-10,48858,2025071004009559,RHPL,Cristal Kanchanjanga Securites Pvt. Ltd.,Shree Krishna Securities Ltd.,950,335.1,318345.0,2025-07-10 12:54:53.902661
2025-07-10,48823,2025071004009568,RHPL,Cristal Kanchanjanga Securites Pvt. Ltd.,Vision Securities Pvt. Ltd,200,335.1,67020.0,2025-07-10 12:54:56.397530
2025-07-10,48762,2025071004009591,RHPL,Secured Securities Ltd.,Pragyan Securities (PVT) Ltd.,250,336.9,84225.0,2025-07-10 12:55:03.263424
2025-07-10,48587,2025071004009631,RHPL,Secured Securities Ltd.,Aryatara Investment & Securities,200,336.9,67380.0,2025-07-10 12:55:39.162825
2025-07-10,48351,2025071004009703,RHPL,Secured Securities Ltd.,Aryatara Investment & Securities,10,336.9,3369.0,2025-07-10 12:56:22.665556
2025-07-10,47882,2025071004009829,RHPL,Bhrikuti Stock Broking Co. Pvt. Ltd.,Malla & Malla Stock Broking Company Pvt. Limited,185,337.0,62345.0,2025-07-10 12:57:45.442098
2025-07-10,47881,2025071004009830,RHPL,Bhrikuti Stock Broking Co. Pvt. Ltd.,Nepal Stock House (PVT) Ltd.,15,337.0,5055.0,2025-07-10 12:57:45.442599
2025-07-10,47784,2025071004009876,RHPL,ABC Securities Private Limited,Nepal Stock House (PVT) Ltd.,90,337.0,30330.0,2025-07-10 12:57:55.437360
2025-07-10,47711,2025071004009884,RHPL,Secured Securities Ltd.,Investment Management Nepal Pvt. Ltd.,16,336.9,5390.4,2025-07-10 12:58:01.553994
2025-07-10,47465,2025071004009915,RHPL,Ashutosh Brokerage & Securities (PVT) Ltd.,Nepal Stock House (PVT) Ltd.,95,337.0,32015.0,2025-07-10 12:58:38.958112
2025-07-10,47464,2025071004009916,RHPL,Ashutosh Brokerage & Securities (PVT) Ltd.,Neev Securities Pvt. Ltd.,100,337.0,33700.0,2025-07-10 12:58:38.958630
2025-07-10,47463,2025071004009917,RHPL,Ashutosh Brokerage & Securities (PVT) Ltd.,Online Securities Pvt. Ltd.,70,337.0,23590.0,2025-07-10 12:58:38.958962
2025-07-10,47462,2025071004009918,RHPL,Ashutosh Brokerage & Securities (PVT) Ltd.,Premier Securities Company Ltd.,40,337.0,13480.0,2025-07-10 12:58:38.959278
2025-07-10,47461,2025071004009919,RHPL,Ashutosh Brokerage & Securities (PVT) Ltd.,Naasa Securities Co. Ltd.,80,337.0,26960.0,2025-07-10 12:58:38.959588
2025-07-10,47460,2025071004009920,RHPL,Ashutosh Brokerage & Securities (PVT) Ltd.,Online Securities Pvt. Ltd.,400,337.0,134800.0,2025-07-10 12:58:38.959880
2025-07-10,47409,2025071004009925,RHPL,Online Securities Pvt. Ltd.,Online Securities Pvt. Ltd.,20,337.0,6740.0,2025-07-10 12:58:50.036990
2025-07-10,47389,2025071004009931,RHPL,Aryatara Investment & Securities,Online Securities Pvt. Ltd.,50,337.0,16850.0,2025-07-10 12:58:57.015048
2025-07-10,45743,2025071004010320,RHPL,Aryatara Investment & Securities,Deevyaa Securities & Stock House Pvt. Ltd,20,337.0,6740.0,2025-07-10 13:03:22.385117
2025-07-10,45742,2025071004010321,RHPL,Sri Hari Securities Pvt. Ltd.,Deevyaa Securities & Stock House Pvt. Ltd,20,337.0,6740.0,2025-07-10 13:03:22.385449
2025-07-10,45703,2025071004010330,RHPL,Sri Hari Securities Pvt. Ltd.,Ashutosh Brokerage & Securities (PVT) Ltd.,10,337.0,3370.0,2025-07-10 13:03:34.047929
2025-07-10,45644,2025071004010350,RHPL,Sri Hari Securities Pvt. Ltd.,KALASH STOCK MARKET PVT. LTD.,40,337.0,13480.0,2025-07-10 13:03:44.665771
2025-07-10,45485,2025071004010402,RHPL,Sri Hari Securities Pvt. Ltd.,Deevyaa Securities & Stock House Pvt. Ltd,130,337.0,43810.0,2025-07-10 13:04:17.750253
2025-07-10,45484,2025071004010403,RHPL,Bhrikuti Stock Broking Co. Pvt. Ltd.,Deevyaa Securities & Stock House Pvt. Ltd,100,337.0,33700.0,2025-07-10 13:04:17.750555
2025-07-10,45483,2025071004010404,RHPL,Secured Securities Ltd.,Deevyaa Securities & Stock House Pvt. Ltd,24,336.9,8085.6,2025-07-10 13:04:17.750668
2025-07-10,45482,2025071004010405,RHPL,ABC Securities Private Limited,Deevyaa Securities & Stock House Pvt. Ltd,146,336.0,49056.0,2025-07-10 13:04:17.750777
2025-07-10,45158,2025071004010463,RHPL,Malla & Malla Stock Broking Company Pvt. Limited,ABC Securities Private Limited,10,337.0,3370.0,2025-07-10 13:05:14.205359
2025-07-10,44769,2025071004010593,RHPL,Bhrikuti Stock Broking Co. Pvt. Ltd.,Midas Stock Broking Company Private Limited,30,337.5,10125.0,2025-07-10 13:06:30.408309
2025-07-10,44465,2025071004010652,RHPL,Sani Securities Company Ltd.,Midas Stock Broking Company Private Limited,10,337.5,3375.0,2025-07-10 13:07:39.637484
2025-07-10,44132,2025071004010729,RHPL,Malla & Malla Stock Broking Company Pvt. Limited,Opal Securities Investment (PVT) Ltd.,15,337.5,5062.5,2025-07-10 13:09:07.768504
2025-07-10,43605,2025071004010849,RHPL,Kumari Securities Private Limited,Aryatara Investment & Securities,50,336.2,16810.0,2025-07-10 13:11:19.288781
2025-07-10,43585,2025071004010857,RHPL,Sani Securities Company Ltd.,Naasa Securities Co. Ltd.,10,337.0,3370.0,2025-07-10 13:11:24.958748
2025-07-10,43581,2025071004010858,RHPL,Sani Securities Company Ltd.,ABC Securities Private Limited,20,337.0,6740.0,2025-07-10 13:11:26.302477
2025-07-10,43482,2025071004010888,RHPL,Sani Securities Company Ltd.,Kohinoor Investment & Securities Pvt. Ltd.,10,337.0,3370.0,2025-07-10 13:11:43.248449
2025-07-10,43348,2025071004010924,RHPL,Primo Securities (PVT) Ltd.,Kohinoor Investment & Securities Pvt. Ltd.,20,337.1,6742.0,2025-07-10 13:12:11.033789
2025-07-10,42810,2025071004011043,RHPL,Linch Stock Market Ltd.,Naasa Securities Co. Ltd.,264,337.2,89020.8,2025-07-10 13:14:13.644284
2025-07-10,41993,2025071004011291,RHPL,Asian Securities Private Ltd.,Bhrikuti Stock Broking Co. Pvt. Ltd.,40,337.3,13492.0,2025-07-10 13:17:09.223886
2025-07-10,41896,2025071004011328,RHPL,Asian Securities Private Ltd.,Kumari Securities Private Limited,70,337.3,23611.0,2025-07-10 13:17:35.905549
2025-07-10,41883,2025071004011330,RHPL,Oxford Securities Pvt. Ltd.,Nepal Investment And Securities Trading Private Limited,30,337.7,10131.0,2025-07-10 13:17:39.374600
2025-07-10,41866,2025071004011337,RHPL,Hatemalo Financial Services Private Limited,Aryatara Investment & Securities,10,337.6,3376.0,2025-07-10 13:17:45.403090
2025-07-10,41535,2025071004011405,RHPL,Kumari Securities Private Limited,Online Securities Pvt. Ltd.,200,337.5,67500.0,2025-07-10 13:19:11.608673
2025-07-10,41534,2025071004011406,RHPL,Trisul Securities & Invt. Ltd.,Online Securities Pvt. Ltd.,100,337.5,33750.0,2025-07-10 13:19:11.609254
2025-07-10,41496,2025071004011422,RHPL,Primo Securities (PVT) Ltd.,Aryatara Investment & Securities,30,337.6,10128.0,2025-07-10 13:19:19.920180
2025-07-10,41489,2025071004011424,RHPL,Trisul Securities & Invt. Ltd.,Naasa Securities Co. Ltd.,340,337.5,114750.0,2025-07-10 13:19:22.817553
2025-07-10,41488,2025071004011425,RHPL,Asian Securities Private Ltd.,Naasa Securities Co. Ltd.,40,337.3,13492.0,2025-07-10 13:19:22.817847
2025-07-10,41487,2025071004011426,RHPL,Linch Stock Market Ltd.,Naasa Securities Co. Ltd.,211,337.2,71149.2,2025-07-10 13:19:22.817977
2025-07-10,41486,2025071004011427,RHPL,Sani Securities Company Ltd.,Naasa Securities Co. Ltd.,470,337.0,158390.0,2025-07-10 13:19:22.818092
2025-07-10,41485,2025071004011428,RHPL,Aryatara Investment & Securities,Naasa Securities Co. Ltd.,50,337.0,16850.0,2025-07-10 13:19:22.818208
2025-07-10,41400,2025071004011433,RHPL,Thrive Brokerage House Pvt. Ltd,Naasa Securities Co. Ltd.,150,337.0,50550.0,2025-07-10 13:19:35.201614
2025-07-10,40965,2025071004011555,RHPL,Primo Securities (PVT) Ltd.,Naasa Securities Co. Ltd.,500,336.2,168100.0,2025-07-10 13:21:08.156439
2025-07-10,40964,2025071004011556,RHPL,Aryatara Investment & Securities,Naasa Securities Co. Ltd.,50,336.1,16805.0,2025-07-10 13:21:08.156748
2025-07-10,40963,2025071004011557,RHPL,Sundhara Securities Limited,Naasa Securities Co. Ltd.,189,336.1,63522.9,2025-07-10 13:21:08.156869
2025-07-10,40347,2025071004011678,RHPL,Dipshikha Dhitopatra Karobar Co. Pvt Ltd.,Deevyaa Securities & Stock House Pvt. Ltd,10,337.0,3370.0,2025-07-10 13:22:57.683607
2025-07-10,40346,2025071004011679,RHPL,Sundhara Securities Limited,Deevyaa Securities & Stock House Pvt. Ltd,30,336.1,10083.0,2025-07-10 13:22:57.683946
2025-07-10,39873,2025071004011872,RHPL,Sundhara Securities Limited,Aryatara Investment & Securities,10,336.1,3361.0,2025-07-10 13:24:32.322385
2025-07-10,39134,2025071004012122,RHPL,J.F. Securites (PVT) Ltd.,Sharepro Securities Private Limited,20,336.2,6724.0,2025-07-10 13:26:53.549662
2025-07-10,38973,2025071004012161,RHPL,J.F. Securites (PVT) Ltd.,Dipshikha Dhitopatra Karobar Co. Pvt Ltd.,80,336.2,26896.0,2025-07-10 13:27:28.823762
2025-07-10,38930,2025071004012177,RHPL,Sundhara Securities Limited,Neev Securities Pvt. Ltd.,60,336.1,20166.0,2025-07-10 13:27:36.269855
2025-07-10,38059,2025071004012436,RHPL,Sundhara Securities Limited,Dipshikha Dhitopatra Karobar Co. Pvt Ltd.,190,336.1,63859.0,2025-07-10 13:30:50.365932
2025-07-10,37569,2025071004012592,RHPL,Sundhara Securities Limited,K.B.L. Securities Limited ,21,336.1,7058.1,2025-07-10 13:32:27.855206
2025-07-10,37568,2025071004012593,RHPL,Vision Securities Pvt. Ltd,K.B.L. Securities Limited ,19,336.1,6385.9,2025-07-10 13:32:27.855559
2025-07-10,37407,2025071004012629,RHPL,Malla & Malla Stock Broking Company Pvt. Limited,Imperial Securities Company Pvt. Ltd.,16,337.0,5392.0,2025-07-10 13:32:58.842908
2025-07-10,37080,2025071004012719,RHPL,Imperial Securities Company Pvt. Ltd.,Imperial Securities Company Pvt. Ltd.,34,337.0,11458.0,2025-07-10 13:34:02.476674
2025-07-10,37020,2025071004012736,RHPL,Sundhara Securities Limited,Nepal Investment And Securities Trading Private Limited,10,337.0,3370.0,2025-07-10 13:34:12.752237
2025-07-10,36993,2025071004012741,RHPL,Sundhara Securities Limited,Aryatara Investment & Securities,30,337.0,10110.0,2025-07-10 13:34:14.134581
2025-07-10,36891,2025071004012767,RHPL,Sundhara Securities Limited,Premier Securities Company Ltd.,40,337.0,13480.0,2025-07-10 13:34:33.466755
2025-07-10,36832,2025071004012776,RHPL,Sani Securities Company Ltd.,Siprabi Securities Pvt. Ltd.,200,336.2,67240.0,2025-07-10 13:34:42.097677
2025-07-10,36831,2025071004012777,RHPL,Naasa Securities Co. Ltd.,Siprabi Securities Pvt. Ltd.,168,336.2,56481.6,2025-07-10 13:34:42.097994
2025-07-10,36830,2025071004012778,RHPL,Vision Securities Pvt. Ltd,Siprabi Securities Pvt. Ltd.,481,336.1,161664.1,2025-07-10 13:34:42.098124
2025-07-10,36829,2025071004012779,RHPL,Naasa Securities Co. Ltd.,Siprabi Securities Pvt. Ltd.,30,336.1,10083.0,2025-07-10 13:34:42.098248
2025-07-10,36828,2025071004012780,RHPL,Oxford Securities Pvt. Ltd.,Siprabi Securities Pvt. Ltd.,500,336.0,168000.0,2025-07-10 13:34:42.098382
2025-07-10,36827,2025071004012781,RHPL,Creative Securities Pvt Ltd,Siprabi Securities Pvt. Ltd.,121,336.0,40656.0,2025-07-10 13:34:42.098506
2025-07-10,36785,2025071004012790,RHPL,Creative Securities Pvt Ltd,Premier Securities Company Ltd.,40,336.0,13440.0,2025-07-10 13:34:52.580897
2025-07-10,36592,2025071004012861,RHPL,Creative Securities Pvt Ltd,Nagarik Stock Dealer ,39,336.0,13104.0,2025-07-10 13:35:29.777157
2025-07-10,36591,2025071004012862,RHPL,Sundhara Securities Limited,Nagarik Stock Dealer ,11,336.0,3696.0,2025-07-10 13:35:29.777526
2025-07-10,36324,2025071004012937,RHPL,Vision Securities Pvt. Ltd,Nepal Stock House (PVT) Ltd.,100,337.0,33700.0,2025-07-10 13:36:30.571477
2025-07-10,35856,2025071004013107,RHPL,Imperial Securities Company Pvt. Ltd.,Naasa Securities Co. Ltd.,16,336.1,5377.6,2025-07-10 13:38:03.280578
2025-07-10,35855,2025071004013108,RHPL,Sundhara Securities Limited,Naasa Securities Co. Ltd.,44,336.0,14784.0,2025-07-10 13:38:03.280909
2025-07-10,35710,2025071004013157,RHPL,Sundhara Securities Limited,Vision Securities Pvt. Ltd,23,336.0,7728.0,2025-07-10 13:38:38.990838
2025-07-10,35709,2025071004013158,RHPL,Sundhara Securities Limited,Vision Securities Pvt. Ltd,17,335.7,5706.9,2025-07-10 13:38:38.991433
2025-07-10,35504,2025071004013226,RHPL,Imperial Securities Company Pvt. Ltd.,Siprabi Securities Pvt. Ltd.,297,335.5,99643.5,2025-07-10 13:39:26.929048
2025-07-10,35503,2025071004013227,RHPL,Aryatara Investment & Securities,Siprabi Securities Pvt. Ltd.,130,335.4,43602.0,2025-07-10 13:39:26.929482
2025-07-10,35502,2025071004013228,RHPL,Aryatara Investment & Securities,Siprabi Securities Pvt. Ltd.,50,335.4,16770.0,2025-07-10 13:39:26.929715
2025-07-10,35501,2025071004013229,RHPL,Trishakti Securities Public Limited,Siprabi Securities Pvt. Ltd.,210,335.3,70413.0,2025-07-10 13:39:26.929925
2025-07-10,35500,2025071004013230,RHPL,Cristal Kanchanjanga Securites Pvt. Ltd.,Siprabi Securities Pvt. Ltd.,903,335.1,302595.3,2025-07-10 13:39:26.930135
2025-07-10,35153,2025071004013325,RHPL,Cristal Kanchanjanga Securites Pvt. Ltd.,Kumari Securities Private Limited,239,335.1,80088.9,2025-07-10 13:40:34.248510
2025-07-10,35152,2025071004013326,RHPL,Sri Hari Securities Pvt. Ltd.,Kumari Securities Private Limited,15,335.1,5026.5,2025-07-10 13:40:34.248884
2025-07-10,35151,2025071004013327,RHPL,Kumari Securities Private Limited,Kumari Securities Private Limited,200,335.1,67020.0,2025-07-10 13:40:34.249017
2025-07-10,35150,2025071004013328,RHPL,Secured Securities Ltd.,Kumari Securities Private Limited,246,335.0,82410.0,2025-07-10 13:40:34.249146
2025-07-10,35058,2025071004013355,RHPL,Secured Securities Ltd.,Aryatara Investment & Securities,1649,335.0,552415.0,2025-07-10 13:40:55.610427
2025-07-10,35057,2025071004013356,RHPL,Secured Securities Ltd.,Aryatara Investment & Securities,351,335.0,117585.0,2025-07-10 13:40:55.610758
2025-07-10,34945,2025071004013393,RHPL,Midas Stock Broking Company Private Limited,Secured Securities Ltd.,30,336.0,10080.0,2025-07-10 13:41:17.607290
2025-07-10,34944,2025071004013394,RHPL,Midas Stock Broking Company Private Limited,Premier Securities Company Ltd.,70,336.0,23520.0,2025-07-10 13:41:17.607946
2025-07-10,34369,2025071004013531,RHPL,Agrawal Securities (PVT) Ltd.,Aryatara Investment & Securities,30,335.2,10056.0,2025-07-10 13:43:31.614567
2025-07-10,34368,2025071004013532,RHPL,Sani Securities Company Ltd.,Aryatara Investment & Securities,10,335.1,3351.0,2025-07-10 13:43:31.614888
2025-07-10,34367,2025071004013533,RHPL,Vision Securities Pvt. Ltd,Aryatara Investment & Securities,20,335.1,6702.0,2025-07-10 13:43:31.615016
2025-07-10,34019,2025071004013606,RHPL,Primo Securities (PVT) Ltd.,SHUBHAKAMANA SECURITIES PVT. LTD,500,335.2,167600.0,2025-07-10 13:44:04.150344
2025-07-10,34018,2025071004013607,RHPL,Vision Securities Pvt. Ltd,SHUBHAKAMANA SECURITIES PVT. LTD,30,335.1,10053.0,2025-07-10 13:44:04.150966
2025-07-10,34017,2025071004013608,RHPL,Primo Securities (PVT) Ltd.,SHUBHAKAMANA SECURITIES PVT. LTD,200,335.1,67020.0,2025-07-10 13:44:04.151363
2025-07-10,34016,2025071004013609,RHPL,Secured Securities Ltd.,SHUBHAKAMANA SECURITIES PVT. LTD,270,335.0,90450.0,2025-07-10 13:44:04.151747
2025-07-10,33778,2025071004013680,RHPL,Shree Krishna Securities Ltd.,SHUBHAKAMANA SECURITIES PVT. LTD,500,335.1,167550.0,2025-07-10 13:44:53.297475
2025-07-10,33774,2025071004013681,RHPL,Secured Securities Ltd.,Dynamic Money Managers Securities Pvt. Ltd.,50,335.0,16750.0,2025-07-10 13:44:54.159590
2025-07-10,33679,2025071004013688,RHPL,Sewa Securities Pvt. Ltd.,SHUBHAKAMANA SECURITIES PVT. LTD,100,335.1,33510.0,2025-07-10 13:45:06.917109
2025-07-10,33629,2025071004013711,RHPL,Secured Securities Ltd.,Naasa Securities Co. Ltd.,30,335.0,10050.0,2025-07-10 13:45:17.025051
2025-07-10,33570,2025071004013725,RHPL,Secured Securities Ltd.,SHUBHAKAMANA SECURITIES PVT. LTD,100,335.1,33510.0,2025-07-10 13:45:31.230819
2025-07-10,33528,2025071004013728,RHPL,Secured Securities Ltd.,Capital Max Securities Ltd,2299,335.0,770165.0,2025-07-10 13:45:37.217793
2025-07-10,33527,2025071004013729,RHPL,Bhrikuti Stock Broking Co. Pvt. Ltd.,Capital Max Securities Ltd,200,335.0,67000.0,2025-07-10 13:45:37.218113
2025-07-10,33526,2025071004013730,RHPL,Nepal Stock House (PVT) Ltd.,Capital Max Securities Ltd,100,335.0,33500.0,2025-07-10 13:45:37.218243
2025-07-10,33525,2025071004013731,RHPL,Naasa Securities Co. Ltd.,Capital Max Securities Ltd,50,335.0,16750.0,2025-07-10 13:45:37.218391
2025-07-10,33524,2025071004013732,RHPL,Shree Krishna Securities Ltd.,Capital Max Securities Ltd,100,335.0,33500.0,2025-07-10 13:45:37.218529
2025-07-10,33523,2025071004013733,RHPL,Online Securities Pvt. Ltd.,Capital Max Securities Ltd,10,335.0,3350.0,2025-07-10 13:45:37.218667
2025-07-10,33522,2025071004013734,RHPL,Dipshikha Dhitopatra Karobar Co. Pvt Ltd.,Capital Max Securities Ltd,95,335.0,31825.0,2025-07-10 13:45:37.218802
2025-07-10,33521,2025071004013735,RHPL,Bhrikuti Stock Broking Co. Pvt. Ltd.,Capital Max Securities Ltd,100,335.0,33500.0,2025-07-10 13:45:37.218948
2025-07-10,33520,2025071004013736,RHPL,Aryatara Investment & Securities,Capital Max Securities Ltd,300,335.0,100500.0,2025-07-10 13:45:37.219083
2025-07-10,33519,2025071004013737,RHPL,Oxford Securities Pvt. Ltd.,Capital Max Securities Ltd,50,335.0,16750.0,2025-07-10 13:45:37.219216
2025-07-10,33518,2025071004013738,RHPL,Imperial Securities Company Pvt. Ltd.,Capital Max Securities Ltd,1000,335.0,335000.0,2025-07-10 13:45:37.219353
2025-07-10,33517,2025071004013739,RHPL,Dipshikha Dhitopatra Karobar Co. Pvt Ltd.,Capital Max Securities Ltd,400,335.0,134000.0,2025-07-10 13:45:37.219469
2025-07-10,33516,2025071004013740,RHPL,Ashutosh Brokerage & Securities (PVT) Ltd.,Capital Max Securities Ltd,50,335.0,16750.0,2025-07-10 13:45:37.219584
2025-07-10,33515,2025071004013741,RHPL,Sweta Securities Private Limited,Capital Max Securities Ltd,150,335.0,50250.0,2025-07-10 13:45:37.219713
2025-07-10,33514,2025071004013742,RHPL,Online Securities Pvt. Ltd.,Capital Max Securities Ltd,100,335.0,33500.0,2025-07-10 13:45:37.219846
2025-07-10,33513,2025071004013743,RHPL,Cristal Kanchanjanga Securites Pvt. Ltd.,Capital Max Securities Ltd,100,335.0,33500.0,2025-07-10 13:45:37.219972
2025-07-10,33512,2025071004013744,RHPL,Premier Securities Company Ltd.,Capital Max Securities Ltd,330,335.0,110550.0,2025-07-10 13:45:37.220110
2025-07-10,33511,2025071004013745,RHPL,Nepal Stock House (PVT) Ltd.,Capital Max Securities Ltd,100,335.0,33500.0,2025-07-10 13:45:37.220232
2025-07-10,33510,2025071004013746,RHPL,Sundhara Securities Limited,Capital Max Securities Ltd,100,335.0,33500.0,2025-07-10 13:45:37.220361
2025-07-10,33509,2025071004013747,RHPL,Dakshinkali Investment & Securities Pvt. Ltd.,Capital Max Securities Ltd,500,335.0,167500.0,2025-07-10 13:45:37.220493
2025-07-10,33508,2025071004013748,RHPL,Aryatara Investment & Securities,Capital Max Securities Ltd,866,335.0,290110.0,2025-07-10 13:45:37.220605
2025-07-10,33412,2025071004013789,RHPL,Aryatara Investment & Securities,Siprabi Securities Pvt. Ltd.,10,335.0,3350.0,2025-07-10 13:45:54.303695
2025-07-10,33389,2025071004013792,RHPL,Aakashbhairab Securities Ltd.,Primo Securities (PVT) Ltd.,10,335.9,3359.0,2025-07-10 13:46:01.900194
2025-07-10,33050,2025071004013909,RHPL,Primo Securities (PVT) Ltd.,Sri Hari Securities Pvt. Ltd.,110,335.1,36861.0,2025-07-10 13:47:20.598630
2025-07-10,32951,2025071004013926,RHPL,Primo Securities (PVT) Ltd.,Sri Hari Securities Pvt. Ltd.,110,335.1,36861.0,2025-07-10 13:47:40.817400
2025-07-10,32932,2025071004013932,RHPL,Primo Securities (PVT) Ltd.,Kumari Securities Private Limited,80,335.1,26808.0,2025-07-10 13:47:44.936660
2025-07-10,32931,2025071004013933,RHPL,Dakshinkali Investment & Securities Pvt. Ltd.,Kumari Securities Private Limited,75,335.1,25132.5,2025-07-10 13:47:44.937221
2025-07-10,32909,2025071004013942,RHPL,Dakshinkali Investment & Securities Pvt. Ltd.,Capital Max Securities Ltd,60,335.1,20106.0,2025-07-10 13:47:49.840228
2025-07-10,32824,2025071004013969,RHPL,Dakshinkali Investment & Securities Pvt. Ltd.,Naasa Securities Co. Ltd.,15,335.1,5026.5,2025-07-10 13:48:14.417095
2025-07-10,32823,2025071004013970,RHPL,Aryatara Investment & Securities,Naasa Securities Co. Ltd.,124,335.0,41540.0,2025-07-10 13:48:14.417435
2025-07-10,32822,2025071004013971,RHPL,Sagarmatha Securities Private Limited,Naasa Securities Co. Ltd.,816,335.0,273360.0,2025-07-10 13:48:14.417554
2025-07-10,32742,2025071004013980,RHPL,Sagarmatha Securities Private Limited,Nepal Investment And Securities Trading Private Limited,659,335.0,220765.0,2025-07-10 13:48:36.462516
2025-07-10,32741,2025071004013981,RHPL,Online Securities Pvt. Ltd.,Nepal Investment And Securities Trading Private Limited,145,335.0,48575.0,2025-07-10 13:48:36.463104
2025-07-10,32740,2025071004013982,RHPL,ABC Securities Private Limited,Nepal Investment And Securities Trading Private Limited,300,335.0,100500.0,2025-07-10 13:48:36.463600
2025-07-10,32739,2025071004013983,RHPL,Kumari Securities Private Limited,Nepal Investment And Securities Trading Private Limited,119,335.0,39865.0,2025-07-10 13:48:36.464007
2025-07-10,32738,2025071004013984,RHPL,Deevyaa Securities & Stock House Pvt. Ltd,Nepal Investment And Securities Trading Private Limited,20,335.0,6700.0,2025-07-10 13:48:36.464540
2025-07-10,32737,2025071004013985,RHPL,Vision Securities Pvt. Ltd,Nepal Investment And Securities Trading Private Limited,200,335.0,67000.0,2025-07-10 13:48:36.465056
2025-07-10,32736,2025071004013986,RHPL,Sumeru Securities Pvt. Ltd.,Nepal Investment And Securities Trading Private Limited,200,335.0,67000.0,2025-07-10 13:48:36.465605
2025-07-10,32735,2025071004013987,RHPL,Primo Securities (PVT) Ltd.,Nepal Investment And Securities Trading Private Limited,500,335.0,167500.0,2025-07-10 13:48:36.466089
2025-07-10,32734,2025071004013988,RHPL,ABC Securities Private Limited,Nepal Investment And Securities Trading Private Limited,100,335.0,33500.0,2025-07-10 13:48:36.466610
2025-07-10,32733,2025071004013989,RHPL,Agrawal Securities (PVT) Ltd.,Nepal Investment And Securities Trading Private Limited,50,335.0,16750.0,2025-07-10 13:48:36.466999
2025-07-10,32732,2025071004013990,RHPL,Imperial Securities Company Pvt. Ltd.,Nepal Investment And Securities Trading Private Limited,40,335.0,13400.0,2025-07-10 13:48:36.467500
2025-07-10,32731,2025071004013991,RHPL,Asian Securities Private Ltd.,Nepal Investment And Securities Trading Private Limited,100,335.0,33500.0,2025-07-10 13:48:36.467978
2025-07-10,32730,2025071004013992,RHPL,Dipshikha Dhitopatra Karobar Co. Pvt Ltd.,Nepal Investment And Securities Trading Private Limited,100,335.0,33500.0,2025-07-10 13:48:36.468415
2025-07-10,32729,2025071004013993,RHPL,Premier Securities Company Ltd.,Nepal Investment And Securities Trading Private Limited,100,335.0,33500.0,2025-07-10 13:48:36.468861
2025-07-10,32728,2025071004013994,RHPL,NIMB Stock Markets Limited,Nepal Investment And Securities Trading Private Limited,200,335.0,67000.0,2025-07-10 13:48:36.469339
2025-07-10,32596,2025071004014019,RHPL,Agrawal Securities (PVT) Ltd.,Siprabi Securities Pvt. Ltd.,20,334.8,6696.0,2025-07-10 13:49:10.988382
2025-07-10,32595,2025071004014020,RHPL,Online Securities Pvt. Ltd.,Siprabi Securities Pvt. Ltd.,20,334.8,6696.0,2025-07-10 13:49:10.988917
2025-07-10,32542,2025071004014034,RHPL,Linch Stock Market Ltd.,Nepal Investment And Securities Trading Private Limited,100,335.0,33500.0,2025-07-10 13:49:22.538665
