Date,S.N.,contract_id,symbol,buyer_broker,seller_broker,volume,price,amount,transaction_time
2025-07-10,87587,2025071003000134,SAPDBL,Deevyaa Securities & Stock House Pvt. Ltd,Hatemalo Financial Services Private Limited,10,1056.1,10561.0,2025-07-10 11:05:24.678006
2025-07-10,87089,2025071003000191,SAPDBL,Online Securities Pvt. Ltd.,Vision Securities Pvt. Ltd,10,1058.1,10581.0,2025-07-10 11:07:41.687060
2025-07-10,87034,2025071003000198,SAPDBL,Deevyaa Securities & Stock House Pvt. Ltd,Imperial Securities Company Pvt. Ltd.,10,1073.0,10730.0,2025-07-10 11:07:58.704526
2025-07-10,87017,2025071003000200,SAPDBL,Deevyaa Securities & Stock House Pvt. Ltd,Blue Chip Securities Ltd,10,1058.0,10580.0,2025-07-10 11:08:03.686148
2025-07-10,85765,2025071003000361,SAPDBL,Asian Securities Private Ltd.,Nepal Stock House (PVT) Ltd.,10,1060.0,10600.0,2025-07-10 11:12:43.597270
2025-07-10,85333,2025071003000460,SAPDBL,Opal Securities Investment (PVT) Ltd.,Nepal Stock House (PVT) Ltd.,10,1065.0,10650.0,2025-07-10 11:14:22.147151
2025-07-10,85265,2025071003000471,SAPDBL,Opal Securities Investment (PVT) Ltd.,Blue Chip Securities Ltd,40,1065.0,42600.0,2025-07-10 11:14:36.905094
2025-07-10,85178,2025071003000488,SAPDBL,Deevyaa Securities & Stock House Pvt. Ltd,South Asian Bulls Pvt. Ltd.,50,1066.0,53300.0,2025-07-10 11:14:53.262937
2025-07-10,85177,2025071003000489,SAPDBL,Ashutosh Brokerage & Securities (PVT) Ltd.,South Asian Bulls Pvt. Ltd.,10,1065.0,10650.0,2025-07-10 11:14:53.263066
2025-07-10,84874,2025071003000541,SAPDBL,J.F. Securites (PVT) Ltd.,Blue Chip Securities Ltd,90,1067.0,96030.0,2025-07-10 11:15:41.093781
2025-07-10,84762,2025071003000557,SAPDBL,Siprabi Securities Pvt. Ltd.,Imperial Securities Company Pvt. Ltd.,27,1072.0,28944.0,2025-07-10 11:16:08.825711
2025-07-10,84761,2025071003000558,SAPDBL,Siprabi Securities Pvt. Ltd.,Vision Securities Pvt. Ltd,23,1072.0,24656.0,2025-07-10 11:16:08.825776
2025-07-10,84667,2025071003000568,SAPDBL,Dipshikha Dhitopatra Karobar Co. Pvt Ltd.,Vision Securities Pvt. Ltd,10,1072.0,10720.0,2025-07-10 11:16:24.523373
2025-07-10,84504,2025071003000589,SAPDBL,Deevyaa Securities & Stock House Pvt. Ltd,Blue Chip Securities Ltd,50,1071.1,53555.0,2025-07-10 11:16:56.878831
2025-07-10,84503,2025071003000590,SAPDBL,Deevyaa Securities & Stock House Pvt. Ltd,Vision Securities Pvt. Ltd,30,1072.0,32160.0,2025-07-10 11:16:56.878982
2025-07-10,84490,2025071003000591,SAPDBL,Vision Securities Pvt. Ltd,Vision Securities Pvt. Ltd,12,1072.0,12864.0,2025-07-10 11:16:58.987739
2025-07-10,84287,2025071003000631,SAPDBL,Kohinoor Investment & Securities Pvt. Ltd.,Vision Securities Pvt. Ltd,30,1072.0,32160.0,2025-07-10 11:17:41.210504
2025-07-10,84074,2025071003000666,SAPDBL,Deevyaa Securities & Stock House Pvt. Ltd,Hatemalo Financial Services Private Limited,10,1067.1,10671.0,2025-07-10 11:18:27.678110
2025-07-10,84017,2025071003000668,SAPDBL,Shree Krishna Securities Ltd.,Dipshikha Dhitopatra Karobar Co. Pvt Ltd.,50,1071.0,53550.0,2025-07-10 11:18:42.174355
2025-07-10,83989,2025071003000675,SAPDBL,Sri Hari Securities Pvt. Ltd.,Dipshikha Dhitopatra Karobar Co. Pvt Ltd.,10,1071.0,10710.0,2025-07-10 11:18:47.496897
2025-07-10,83817,2025071003000705,SAPDBL,Naasa Securities Co. Ltd.,Blue Chip Securities Ltd,13,1070.9,13921.7,2025-07-10 11:19:29.068999
2025-07-10,83584,2025071003000722,SAPDBL,Capital Max Securities Ltd,Dynamic Money Managers Securities Pvt. Ltd.,20,1070.0,21400.0,2025-07-10 11:20:06.069664
2025-07-10,83583,2025071003000723,SAPDBL,Imperial Securities Company Pvt. Ltd.,Dynamic Money Managers Securities Pvt. Ltd.,10,1070.0,10700.0,2025-07-10 11:20:06.069831
2025-07-10,83382,2025071003000752,SAPDBL,Arun Securities (PVT) Ltd.,Dynamic Money Managers Securities Pvt. Ltd.,65,1068.1,69426.5,2025-07-10 11:20:45.027146
2025-07-10,83347,2025071003000757,SAPDBL,Malla & Malla Stock Broking Company Pvt. Limited,Blue Chip Securities Ltd,37,1070.9,39623.3,2025-07-10 11:20:51.751088
2025-07-10,83075,2025071003000804,SAPDBL,Malla & Malla Stock Broking Company Pvt. Limited,Blue Chip Securities Ltd,13,1070.9,13921.7,2025-07-10 11:21:45.212704
2025-07-10,83074,2025071003000805,SAPDBL,Vision Securities Pvt. Ltd,Blue Chip Securities Ltd,90,1070.9,96381.0,2025-07-10 11:21:45.212745
2025-07-10,82941,2025071003000816,SAPDBL,Online Securities Pvt. Ltd.,Dipshikha Dhitopatra Karobar Co. Pvt Ltd.,50,1071.0,53550.0,2025-07-10 11:22:07.212782
2025-07-10,82688,2025071003000862,SAPDBL,Arun Securities (PVT) Ltd.,Blue Chip Securities Ltd,40,1070.9,42836.0,2025-07-10 11:22:57.300073
2025-07-10,82514,2025071003000910,SAPDBL,Arun Securities (PVT) Ltd.,Dipshikha Dhitopatra Karobar Co. Pvt Ltd.,90,1071.0,96390.0,2025-07-10 11:23:27.449134
2025-07-10,82513,2025071003000911,SAPDBL,Arun Securities (PVT) Ltd.,Vision Securities Pvt. Ltd,195,1072.0,209040.0,2025-07-10 11:23:27.449190
2025-07-10,82512,2025071003000912,SAPDBL,Arun Securities (PVT) Ltd.,Siprabi Securities Pvt. Ltd.,95,1072.0,101840.0,2025-07-10 11:23:27.449241
2025-07-10,82395,2025071003000933,SAPDBL,Kalika Securities Pvt. Ltd.,Dipshikha Dhitopatra Karobar Co. Pvt Ltd.,10,1070.9,10709.0,2025-07-10 11:23:51.670586
2025-07-10,82394,2025071003000934,SAPDBL,Online Securities Pvt. Ltd.,Dipshikha Dhitopatra Karobar Co. Pvt Ltd.,100,1070.8,107080.0,2025-07-10 11:23:51.670889
2025-07-10,82393,2025071003000935,SAPDBL,Capital Max Securities Ltd,Dipshikha Dhitopatra Karobar Co. Pvt Ltd.,20,1070.0,21400.0,2025-07-10 11:23:51.671142
2025-07-10,82392,2025071003000936,SAPDBL,Imperial Securities Company Pvt. Ltd.,Dipshikha Dhitopatra Karobar Co. Pvt Ltd.,10,1070.0,10700.0,2025-07-10 11:23:51.671364
2025-07-10,82391,2025071003000937,SAPDBL,Imperial Securities Company Pvt. Ltd.,Dipshikha Dhitopatra Karobar Co. Pvt Ltd.,20,1070.0,21400.0,2025-07-10 11:23:51.769076
2025-07-10,82064,2025071003000986,SAPDBL,Sweta Securities Private Limited,Dipshikha Dhitopatra Karobar Co. Pvt Ltd.,150,1070.0,160500.0,2025-07-10 11:24:49.997315
2025-07-10,82013,2025071003001003,SAPDBL,Arun Securities (PVT) Ltd.,Dipshikha Dhitopatra Karobar Co. Pvt Ltd.,90,1070.0,96300.0,2025-07-10 11:24:59.795951
2025-07-10,82012,2025071003001004,SAPDBL,Arun Securities (PVT) Ltd.,Online Securities Pvt. Ltd.,50,1070.0,53500.0,2025-07-10 11:24:59.795997
2025-07-10,81367,2025071003001070,SAPDBL,J.F. Securites (PVT) Ltd.,Sani Securities Company Ltd.,10,1073.0,10730.0,2025-07-10 11:26:34.491917
2025-07-10,80939,2025071003001146,SAPDBL,SUN SECURITIES PVT LTD,Blue Chip Securities Ltd,15,1073.0,16095.0,2025-07-10 11:27:44.482819
2025-07-10,80720,2025071003001178,SAPDBL,SUN SECURITIES PVT LTD,Imperial Securities Company Pvt. Ltd.,85,1073.0,91205.0,2025-07-10 11:28:21.418754
2025-07-10,80719,2025071003001179,SAPDBL,Nepal Investment And Securities Trading Private Limited,Imperial Securities Company Pvt. Ltd.,185,1069.2,197802.0,2025-07-10 11:28:21.418925
2025-07-10,80132,2025071003001249,SAPDBL,Arun Securities (PVT) Ltd.,Online Securities Pvt. Ltd.,100,1069.3,106930.0,2025-07-10 11:29:55.021712
2025-07-10,79853,2025071003001293,SAPDBL,Nepal Investment And Securities Trading Private Limited,Blue Chip Securities Ltd,300,1069.2,320760.0,2025-07-10 11:30:57.010421
2025-07-10,79553,2025071003001337,SAPDBL,Nepal Investment And Securities Trading Private Limited,Thrive Brokerage House Pvt. Ltd,10,1069.2,10692.0,2025-07-10 11:31:57.386266
2025-07-10,79278,2025071003001386,SAPDBL,Online Securities Pvt. Ltd.,Online Securities Pvt. Ltd.,10,1069.0,10690.0,2025-07-10 11:32:47.353117
2025-07-10,78950,2025071003001441,SAPDBL,Arun Securities (PVT) Ltd.,South Asian Bulls Pvt. Ltd.,35,1068.1,37383.5,2025-07-10 11:33:45.363574
2025-07-10,78714,2025071003001473,SAPDBL,ABC Securities Private Limited,South Asian Bulls Pvt. Ltd.,42,1068.0,44856.0,2025-07-10 11:34:37.738824
2025-07-10,78573,2025071003001498,SAPDBL,J.F. Securites (PVT) Ltd.,South Asian Bulls Pvt. Ltd.,20,1068.0,21360.0,2025-07-10 11:35:04.620407
2025-07-10,78417,2025071003001519,SAPDBL,Shree Krishna Securities Ltd.,Imperial Securities Company Pvt. Ltd.,60,1069.9,64194.0,2025-07-10 11:35:29.714797
2025-07-10,78416,2025071003001520,SAPDBL,Shree Krishna Securities Ltd.,Imperial Securities Company Pvt. Ltd.,60,1069.9,64194.0,2025-07-10 11:35:29.714977
2025-07-10,78381,2025071003001536,SAPDBL,Shree Krishna Securities Ltd.,Sri Hari Securities Pvt. Ltd.,30,1069.9,32097.0,2025-07-10 11:35:35.216396
2025-07-10,78380,2025071003001537,SAPDBL,J.F. Securites (PVT) Ltd.,Sri Hari Securities Pvt. Ltd.,100,1066.0,106600.0,2025-07-10 11:35:35.216740
2025-07-10,78379,2025071003001538,SAPDBL,Thrive Brokerage House Pvt. Ltd,Sri Hari Securities Pvt. Ltd.,970,1066.0,1034020.0,2025-07-10 11:35:35.216932
2025-07-10,78166,2025071003001593,SAPDBL,Imperial Securities Company Pvt. Ltd.,Online Securities Pvt. Ltd.,130,1070.0,139100.0,2025-07-10 11:36:19.160158
2025-07-10,78165,2025071003001594,SAPDBL,Imperial Securities Company Pvt. Ltd.,Online Securities Pvt. Ltd.,270,1070.0,288900.0,2025-07-10 11:36:19.160316
2025-07-10,78137,2025071003001601,SAPDBL,Shree Krishna Securities Ltd.,Online Securities Pvt. Ltd.,150,1070.0,160500.0,2025-07-10 11:36:27.957300
2025-07-10,78025,2025071003001617,SAPDBL,Thrive Brokerage House Pvt. Ltd,Hatemalo Financial Services Private Limited,10,1066.0,10660.0,2025-07-10 11:36:49.288287
2025-07-10,77527,2025071003001688,SAPDBL,Online Securities Pvt. Ltd.,Capital Max Securities Ltd,10,1067.0,10670.0,2025-07-10 11:38:21.101010
2025-07-10,77526,2025071003001689,SAPDBL,Thrive Brokerage House Pvt. Ltd,Capital Max Securities Ltd,20,1066.0,21320.0,2025-07-10 11:38:21.101277
2025-07-10,77525,2025071003001690,SAPDBL,Dynamic Money Managers Securities Pvt. Ltd.,Capital Max Securities Ltd,123,1066.0,131118.0,2025-07-10 11:38:21.101435
2025-07-10,77511,2025071003001691,SAPDBL,Imperial Securities Company Pvt. Ltd.,Capital Max Securities Ltd,10,1066.0,10660.0,2025-07-10 11:38:24.646557
2025-07-10,77439,2025071003001714,SAPDBL,Ashutosh Brokerage & Securities (PVT) Ltd.,Capital Max Securities Ltd,240,1065.0,255600.0,2025-07-10 11:38:41.170957
2025-07-10,77381,2025071003001718,SAPDBL,Sri Hari Securities Pvt. Ltd.,SHUBHAKAMANA SECURITIES PVT. LTD,10,1065.0,10650.0,2025-07-10 11:38:54.503696
2025-07-10,77380,2025071003001719,SAPDBL,Imperial Securities Company Pvt. Ltd.,SHUBHAKAMANA SECURITIES PVT. LTD,10,1065.0,10650.0,2025-07-10 11:38:54.504020
2025-07-10,77212,2025071003001740,SAPDBL,Imperial Securities Company Pvt. Ltd.,Blue Chip Securities Ltd,30,1065.0,31950.0,2025-07-10 11:39:30.542739
2025-07-10,77211,2025071003001741,SAPDBL,Aryatara Investment & Securities,Blue Chip Securities Ltd,360,1063.0,382680.0,2025-07-10 11:39:30.542773
2025-07-10,77076,2025071003001758,SAPDBL,Aryatara Investment & Securities,SHUBHAKAMANA SECURITIES PVT. LTD,30,1063.0,31890.0,2025-07-10 11:39:52.677057
2025-07-10,76837,2025071003001790,SAPDBL,Imperial Securities Company Pvt. Ltd.,Siprabi Securities Pvt. Ltd.,100,1064.0,106400.0,2025-07-10 11:40:38.676939
2025-07-10,76836,2025071003001791,SAPDBL,Aryatara Investment & Securities,Siprabi Securities Pvt. Ltd.,10,1063.0,10630.0,2025-07-10 11:40:38.677134
2025-07-10,76835,2025071003001792,SAPDBL,Vision Securities Pvt. Ltd,Siprabi Securities Pvt. Ltd.,50,1063.0,53150.0,2025-07-10 11:40:38.677211
2025-07-10,76834,2025071003001793,SAPDBL,Malla & Malla Stock Broking Company Pvt. Limited,Siprabi Securities Pvt. Ltd.,152,1062.0,161424.0,2025-07-10 11:40:38.677282
2025-07-10,76833,2025071003001794,SAPDBL,Kumari Securities Private Limited,Siprabi Securities Pvt. Ltd.,500,1062.0,531000.0,2025-07-10 11:40:38.677353
2025-07-10,76832,2025071003001795,SAPDBL,Asian Securities Private Ltd.,Siprabi Securities Pvt. Ltd.,35,1060.0,37100.0,2025-07-10 11:40:38.677444
2025-07-10,76831,2025071003001796,SAPDBL,Sweta Securities Private Limited,Siprabi Securities Pvt. Ltd.,300,1060.0,318000.0,2025-07-10 11:40:38.677514
2025-07-10,76830,2025071003001797,SAPDBL,Opal Securities Investment (PVT) Ltd.,Siprabi Securities Pvt. Ltd.,80,1060.0,84800.0,2025-07-10 11:40:38.677585
2025-07-10,76829,2025071003001798,SAPDBL,Imperial Securities Company Pvt. Ltd.,Siprabi Securities Pvt. Ltd.,10,1060.0,10600.0,2025-07-10 11:40:38.677654
2025-07-10,76828,2025071003001799,SAPDBL,Aryatara Investment & Securities,Siprabi Securities Pvt. Ltd.,263,1060.0,278780.0,2025-07-10 11:40:38.677723
2025-07-10,76142,2025071003001933,SAPDBL,Naasa Securities Co. Ltd.,Capital Max Securities Ltd,24,1060.2,25444.8,2025-07-10 11:43:22.050284
2025-07-10,75507,2025071003002006,SAPDBL,Creative Securities Pvt Ltd,Trisul Securities & Invt. Ltd.,200,1060.1,212020.0,2025-07-10 11:45:54.392436
2025-07-10,74935,2025071003002074,SAPDBL,Online Securities Pvt. Ltd.,Naasa Securities Co. Ltd.,45,1061.0,47745.0,2025-07-10 11:48:08.077001
2025-07-10,74877,2025071003002087,SAPDBL,Online Securities Pvt. Ltd.,Naasa Securities Co. Ltd.,15,1062.0,15930.0,2025-07-10 11:48:24.165881
2025-07-10,74477,2025071003002149,SAPDBL,Imperial Securities Company Pvt. Ltd.,Naasa Securities Co. Ltd.,20,1063.0,21260.0,2025-07-10 11:49:44.070227
2025-07-10,74362,2025071003002184,SAPDBL,Online Securities Pvt. Ltd.,Naasa Securities Co. Ltd.,45,1063.0,47835.0,2025-07-10 11:50:03.121689
2025-07-10,73994,2025071003002248,SAPDBL,Imperial Securities Company Pvt. Ltd.,Dipshikha Dhitopatra Karobar Co. Pvt Ltd.,10,1065.0,10650.0,2025-07-10 11:51:18.605363
2025-07-10,73221,2025071003002335,SAPDBL,Imperial Securities Company Pvt. Ltd.,Linch Stock Market Ltd.,20,1063.0,21260.0,2025-07-10 11:53:53.641898
2025-07-10,72944,2025071003002368,SAPDBL,J.F. Securites (PVT) Ltd.,Linch Stock Market Ltd.,30,1060.2,31806.0,2025-07-10 11:54:41.361276
2025-07-10,72943,2025071003002369,SAPDBL,Creative Securities Pvt Ltd,Linch Stock Market Ltd.,100,1060.1,106010.0,2025-07-10 11:54:41.361636
2025-07-10,72942,2025071003002370,SAPDBL,Aryatara Investment & Securities,Linch Stock Market Ltd.,50,1060.0,53000.0,2025-07-10 11:54:41.361869
2025-07-10,72386,2025071003002433,SAPDBL,Online Securities Pvt. Ltd.,Linch Stock Market Ltd.,40,1063.0,42520.0,2025-07-10 11:56:24.824074
2025-07-10,70849,2025071003002689,SAPDBL,Deevyaa Securities & Stock House Pvt. Ltd,Aryatara Investment & Securities,80,1064.0,85120.0,2025-07-10 12:00:57.235459
2025-07-10,70198,2025071003002792,SAPDBL,Imperial Securities Company Pvt. Ltd.,Imperial Securities Company Pvt. Ltd.,10,1062.0,10620.0,2025-07-10 12:02:57.931981
2025-07-10,70197,2025071003002793,SAPDBL,Nepal Investment And Securities Trading Private Limited,Imperial Securities Company Pvt. Ltd.,95,1062.0,100890.0,2025-07-10 12:02:57.932246
2025-07-10,69601,2025071003002861,SAPDBL,Neev Securities Pvt. Ltd.,Imperial Securities Company Pvt. Ltd.,50,1062.0,53100.0,2025-07-10 12:05:00.441208
2025-07-10,68302,2025071003003096,SAPDBL,Online Securities Pvt. Ltd.,Midas Stock Broking Company Private Limited,10,1063.5,10635.0,2025-07-10 12:08:36.074058
2025-07-10,68244,2025071003003101,SAPDBL,Nepal Investment And Securities Trading Private Limited,Imperial Securities Company Pvt. Ltd.,10,1062.0,10620.0,2025-07-10 12:08:46.248999
2025-07-10,67724,2025071003003187,SAPDBL,Dipshikha Dhitopatra Karobar Co. Pvt Ltd.,Sri Hari Securities Pvt. Ltd.,50,1061.0,53050.0,2025-07-10 12:10:26.312537
2025-07-10,67723,2025071003003188,SAPDBL,Aryatara Investment & Securities,Sri Hari Securities Pvt. Ltd.,20,1060.1,21202.0,2025-07-10 12:10:26.312796
2025-07-10,67722,2025071003003189,SAPDBL,Aryatara Investment & Securities,Sri Hari Securities Pvt. Ltd.,87,1060.0,92220.0,2025-07-10 12:10:26.312883
2025-07-10,67721,2025071003003190,SAPDBL,Imperial Securities Company Pvt. Ltd.,Sri Hari Securities Pvt. Ltd.,100,1060.0,106000.0,2025-07-10 12:10:26.312966
2025-07-10,67720,2025071003003191,SAPDBL,Imperial Securities Company Pvt. Ltd.,Sri Hari Securities Pvt. Ltd.,10,1060.0,10600.0,2025-07-10 12:10:26.313056
2025-07-10,67719,2025071003003192,SAPDBL,Sweta Securities Private Limited,Sri Hari Securities Pvt. Ltd.,200,1060.0,212000.0,2025-07-10 12:10:26.313137
2025-07-10,67718,2025071003003193,SAPDBL,Naasa Securities Co. Ltd.,Sri Hari Securities Pvt. Ltd.,75,1060.0,79500.0,2025-07-10 12:10:26.313218
2025-07-10,67575,2025071003003206,SAPDBL,Agrawal Securities (PVT) Ltd.,Vision Securities Pvt. Ltd,200,1063.0,212600.0,2025-07-10 12:10:45.843646
2025-07-10,67478,2025071003003222,SAPDBL,Agrawal Securities (PVT) Ltd.,Vision Securities Pvt. Ltd,50,1063.0,53150.0,2025-07-10 12:11:08.494657
2025-07-10,67280,2025071003003252,SAPDBL,Agrawal Securities (PVT) Ltd.,Sri Hari Securities Pvt. Ltd.,50,1063.0,53150.0,2025-07-10 12:11:53.346637
2025-07-10,67279,2025071003003253,SAPDBL,Naasa Securities Co. Ltd.,Sri Hari Securities Pvt. Ltd.,20,1063.0,21260.0,2025-07-10 12:11:53.347009
2025-07-10,66979,2025071003003317,SAPDBL,Naasa Securities Co. Ltd.,Sri Hari Securities Pvt. Ltd.,70,1060.0,74200.0,2025-07-10 12:12:52.022629
2025-07-10,66978,2025071003003318,SAPDBL,Nepal Investment And Securities Trading Private Limited,Sri Hari Securities Pvt. Ltd.,10,1060.0,10600.0,2025-07-10 12:12:52.023018
2025-07-10,66977,2025071003003319,SAPDBL,Bhrikuti Stock Broking Co. Pvt. Ltd.,Sri Hari Securities Pvt. Ltd.,10,1060.0,10600.0,2025-07-10 12:12:52.023291
2025-07-10,66972,2025071003003320,SAPDBL,J.F. Securites (PVT) Ltd.,Vision Securities Pvt. Ltd,33,1063.0,35079.0,2025-07-10 12:12:52.803418
2025-07-10,66971,2025071003003321,SAPDBL,J.F. Securites (PVT) Ltd.,Midas Stock Broking Company Private Limited,17,1063.5,18079.5,2025-07-10 12:12:52.803812
2025-07-10,66784,2025071003003358,SAPDBL,Imperial Securities Company Pvt. Ltd.,Sri Hari Securities Pvt. Ltd.,10,1061.0,10610.0,2025-07-10 12:13:31.627985
2025-07-10,66526,2025071003003391,SAPDBL,KALASH STOCK MARKET PVT. LTD.,Sri Hari Securities Pvt. Ltd.,50,1058.1,52905.0,2025-07-10 12:14:31.189937
2025-07-10,66339,2025071003003409,SAPDBL,Ashutosh Brokerage & Securities (PVT) Ltd.,Trishakti Securities Public Limited,28,1058.0,29624.0,2025-07-10 12:15:15.802840
2025-07-10,66338,2025071003003410,SAPDBL,Asian Securities Private Ltd.,Trishakti Securities Public Limited,50,1057.2,52860.0,2025-07-10 12:15:15.803061
2025-07-10,66337,2025071003003411,SAPDBL,Sumeru Securities Pvt. Ltd.,Trishakti Securities Public Limited,242,1057.2,255842.4,2025-07-10 12:15:15.803145
2025-07-10,66159,2025071003003466,SAPDBL,Sumeru Securities Pvt. Ltd.,Trishakti Securities Public Limited,10,1057.2,10572.0,2025-07-10 12:15:55.070835
2025-07-10,66085,2025071003003487,SAPDBL,Sumeru Securities Pvt. Ltd.,Sri Hari Securities Pvt. Ltd.,48,1057.2,50745.6,2025-07-10 12:16:10.513606
2025-07-10,65918,2025071003003526,SAPDBL,J.F. Securites (PVT) Ltd.,Sri Hari Securities Pvt. Ltd.,10,1057.2,10572.0,2025-07-10 12:16:44.646500
2025-07-10,65581,2025071003003572,SAPDBL,Dipshikha Dhitopatra Karobar Co. Pvt Ltd.,Imperial Securities Company Pvt. Ltd.,200,1060.0,212000.0,2025-07-10 12:17:41.769150
2025-07-10,65435,2025071003003607,SAPDBL,Agrawal Securities (PVT) Ltd.,Imperial Securities Company Pvt. Ltd.,23,1060.0,24380.0,2025-07-10 12:18:11.995546
2025-07-10,65286,2025071003003635,SAPDBL,Agrawal Securities (PVT) Ltd.,Blue Chip Securities Ltd,367,1062.9,390084.3,2025-07-10 12:18:32.276376
2025-07-10,65018,2025071003003661,SAPDBL,Agrawal Securities (PVT) Ltd.,Imperial Securities Company Pvt. Ltd.,10,1062.9,10629.0,2025-07-10 12:19:15.743067
2025-07-10,64406,2025071003003724,SAPDBL,Naasa Securities Co. Ltd.,Sri Hari Securities Pvt. Ltd.,134,1057.1,141651.4,2025-07-10 12:20:27.662847
2025-07-10,64287,2025071003003727,SAPDBL,Agrawal Securities (PVT) Ltd.,Trisul Securities & Invt. Ltd.,20,1060.0,21200.0,2025-07-10 12:20:44.903806
2025-07-10,64286,2025071003003728,SAPDBL,Agrawal Securities (PVT) Ltd.,Pragyan Securities (PVT) Ltd.,80,1061.0,84880.0,2025-07-10 12:20:44.904013
2025-07-10,63444,2025071003003870,SAPDBL,Agrawal Securities (PVT) Ltd.,Pragyan Securities (PVT) Ltd.,20,1061.0,21220.0,2025-07-10 12:22:45.044380
2025-07-10,63443,2025071003003871,SAPDBL,Agrawal Securities (PVT) Ltd.,Imperial Securities Company Pvt. Ltd.,180,1062.9,191322.0,2025-07-10 12:22:45.044615
2025-07-10,61429,2025071003004141,SAPDBL,Aryatara Investment & Securities,Trisul Securities & Invt. Ltd.,100,1062.0,106200.0,2025-07-10 12:26:11.253914
2025-07-10,61428,2025071003004142,SAPDBL,Aryatara Investment & Securities,Imperial Securities Company Pvt. Ltd.,10,1062.9,10629.0,2025-07-10 12:26:11.254162
2025-07-10,61427,2025071003004143,SAPDBL,Aryatara Investment & Securities,Dipshikha Dhitopatra Karobar Co. Pvt Ltd.,50,1062.9,53145.0,2025-07-10 12:26:11.254291
2025-07-10,61426,2025071003004144,SAPDBL,Aryatara Investment & Securities,Cristal Kanchanjanga Securites Pvt. Ltd.,100,1063.0,106300.0,2025-07-10 12:26:11.254385
2025-07-10,61425,2025071003004145,SAPDBL,Aryatara Investment & Securities,N.M.B. SECURITIES LIMITED,140,1063.0,148820.0,2025-07-10 12:26:11.254471
2025-07-10,61128,2025071003004166,SAPDBL,Dipshikha Dhitopatra Karobar Co. Pvt Ltd.,Siprabi Securities Pvt. Ltd.,262,1060.0,277720.0,2025-07-10 12:26:45.929075
2025-07-10,61127,2025071003004167,SAPDBL,Dipshikha Dhitopatra Karobar Co. Pvt Ltd.,Siprabi Securities Pvt. Ltd.,50,1060.0,53000.0,2025-07-10 12:26:45.929344
2025-07-10,61126,2025071003004168,SAPDBL,Kohinoor Investment & Securities Pvt. Ltd.,Siprabi Securities Pvt. Ltd.,200,1059.1,211820.0,2025-07-10 12:26:45.929448
2025-07-10,61125,2025071003004169,SAPDBL,Linch Stock Market Ltd.,Siprabi Securities Pvt. Ltd.,20,1059.0,21180.0,2025-07-10 12:26:45.929539
2025-07-10,61124,2025071003004170,SAPDBL,Hatemalo Financial Services Private Limited,Siprabi Securities Pvt. Ltd.,1068,1059.0,1131012.0,2025-07-10 12:26:45.929626
2025-07-10,60519,2025071003004215,SAPDBL,Asian Securities Private Ltd.,Vision Securities Pvt. Ltd,100,1062.0,106200.0,2025-07-10 12:27:43.679149
2025-07-10,59829,2025071003004306,SAPDBL,Online Securities Pvt. Ltd.,Sumeru Securities Pvt. Ltd.,10,1061.5,10615.0,2025-07-10 12:28:57.438905
2025-07-10,59828,2025071003004307,SAPDBL,Imperial Securities Company Pvt. Ltd.,Sumeru Securities Pvt. Ltd.,10,1061.0,10610.0,2025-07-10 12:28:57.439160
2025-07-10,59827,2025071003004308,SAPDBL,Dipshikha Dhitopatra Karobar Co. Pvt Ltd.,Sumeru Securities Pvt. Ltd.,40,1059.1,42364.0,2025-07-10 12:28:57.439249
2025-07-10,59826,2025071003004309,SAPDBL,Hatemalo Financial Services Private Limited,Sumeru Securities Pvt. Ltd.,13940,1059.0,14762460.0,2025-07-10 12:28:57.439330
2025-07-10,59820,2025071003004310,SAPDBL,Hatemalo Financial Services Private Limited,Siprabi Securities Pvt. Ltd.,10000,1059.0,10590000.0,2025-07-10 12:28:58.259014
2025-07-10,59816,2025071003004312,SAPDBL,Hatemalo Financial Services Private Limited,Siprabi Securities Pvt. Ltd.,18000,1059.0,19062000.0,2025-07-10 12:28:59.269555
2025-07-10,59722,2025071003004316,SAPDBL,Secured Securities Ltd.,Imperial Securities Company Pvt. Ltd.,30,1062.0,31860.0,2025-07-10 12:29:09.240358
2025-07-10,57885,2025071003004573,SAPDBL,Sumeru Securities Pvt. Ltd.,Midas Stock Broking Company Private Limited,64,1063.5,68064.0,2025-07-10 12:32:16.387085
2025-07-10,57032,2025071003004727,SAPDBL,Naasa Securities Co. Ltd.,Sri Hari Securities Pvt. Ltd.,34,1061.0,36074.0,2025-07-10 12:33:50.911857
2025-07-10,56399,2025071003004830,SAPDBL,Ashutosh Brokerage & Securities (PVT) Ltd.,Imperial Securities Company Pvt. Ltd.,77,1064.0,81928.0,2025-07-10 12:35:04.270507
2025-07-10,56398,2025071003004831,SAPDBL,Vision Securities Pvt. Ltd,Imperial Securities Company Pvt. Ltd.,23,1063.0,24449.0,2025-07-10 12:35:04.270737
2025-07-10,56029,2025071003004897,SAPDBL,Dipshikha Dhitopatra Karobar Co. Pvt Ltd.,Sipla Securities Private Limited,100,1064.0,106400.0,2025-07-10 12:35:54.120363
2025-07-10,55586,2025071003004965,SAPDBL,Blue Chip Securities Ltd,Thrive Brokerage House Pvt. Ltd,10,1068.9,10689.0,2025-07-10 12:36:51.057196
2025-07-10,55585,2025071003004966,SAPDBL,Blue Chip Securities Ltd,Dipshikha Dhitopatra Karobar Co. Pvt Ltd.,690,1069.0,737610.0,2025-07-10 12:36:51.057241
2025-07-10,55584,2025071003004967,SAPDBL,Blue Chip Securities Ltd,Sri Hari Securities Pvt. Ltd.,50,1069.5,53475.0,2025-07-10 12:36:51.057271
2025-07-10,55583,2025071003004968,SAPDBL,Blue Chip Securities Ltd,Online Securities Pvt. Ltd.,30,1070.0,32100.0,2025-07-10 12:36:51.057297
2025-07-10,55582,2025071003004969,SAPDBL,Blue Chip Securities Ltd,Siprabi Securities Pvt. Ltd.,10,1070.0,10700.0,2025-07-10 12:36:51.057320
2025-07-10,55581,2025071003004970,SAPDBL,Blue Chip Securities Ltd,Aryatara Investment & Securities,20,1070.0,21400.0,2025-07-10 12:36:51.057342
2025-07-10,55580,2025071003004971,SAPDBL,Blue Chip Securities Ltd,Nepal Stock House (PVT) Ltd.,200,1070.0,214000.0,2025-07-10 12:36:51.057366
2025-07-10,55579,2025071003004972,SAPDBL,Blue Chip Securities Ltd,Aryatara Investment & Securities,10,1070.0,10700.0,2025-07-10 12:36:51.057389
2025-07-10,55578,2025071003004973,SAPDBL,Blue Chip Securities Ltd,Thrive Brokerage House Pvt. Ltd,10,1073.9,10739.0,2025-07-10 12:36:51.057448
2025-07-10,55577,2025071003004974,SAPDBL,Blue Chip Securities Ltd,Siprabi Securities Pvt. Ltd.,10,1074.0,10740.0,2025-07-10 12:36:51.057472
2025-07-10,55569,2025071003004975,SAPDBL,Vision Securities Pvt. Ltd,Hatemalo Financial Services Private Limited,10,1063.0,10630.0,2025-07-10 12:36:52.761557
2025-07-10,55456,2025071003004987,SAPDBL,Vision Securities Pvt. Ltd,Hatemalo Financial Services Private Limited,10,1063.0,10630.0,2025-07-10 12:37:06.813630
2025-07-10,55306,2025071003005014,SAPDBL,Vision Securities Pvt. Ltd,Siprabi Securities Pvt. Ltd.,80,1074.0,85920.0,2025-07-10 12:37:23.701384
2025-07-10,55268,2025071003005017,SAPDBL,Blue Chip Securities Ltd,Nagarik Stock Dealer ,1000,1074.0,1074000.0,2025-07-10 12:37:27.169330
2025-07-10,55267,2025071003005018,SAPDBL,Blue Chip Securities Ltd,Imperial Securities Company Pvt. Ltd.,100,1074.8,107480.0,2025-07-10 12:37:27.169428
2025-07-10,55266,2025071003005019,SAPDBL,Blue Chip Securities Ltd,Nepal Stock House (PVT) Ltd.,64,1075.0,68800.0,2025-07-10 12:37:27.169508
2025-07-10,55265,2025071003005020,SAPDBL,Blue Chip Securities Ltd,Nepal Stock House (PVT) Ltd.,64,1075.0,68800.0,2025-07-10 12:37:27.169580
2025-07-10,55264,2025071003005021,SAPDBL,Blue Chip Securities Ltd,Nepal Stock House (PVT) Ltd.,64,1075.0,68800.0,2025-07-10 12:37:27.169650
2025-07-10,55263,2025071003005022,SAPDBL,Blue Chip Securities Ltd,Nepal Stock House (PVT) Ltd.,64,1075.0,68800.0,2025-07-10 12:37:27.169720
2025-07-10,55262,2025071003005023,SAPDBL,Blue Chip Securities Ltd,Nepal Stock House (PVT) Ltd.,64,1075.0,68800.0,2025-07-10 12:37:27.169788
2025-07-10,55261,2025071003005024,SAPDBL,Blue Chip Securities Ltd,Nepal Stock House (PVT) Ltd.,64,1075.0,68800.0,2025-07-10 12:37:27.169860
2025-07-10,55260,2025071003005025,SAPDBL,Blue Chip Securities Ltd,Nepal Stock House (PVT) Ltd.,16,1075.0,17200.0,2025-07-10 12:37:27.169911
2025-07-10,55252,2025071003005026,SAPDBL,Naasa Securities Co. Ltd.,Hatemalo Financial Services Private Limited,10,1064.0,10640.0,2025-07-10 12:37:28.879535
2025-07-10,55160,2025071003005044,SAPDBL,Blue Chip Securities Ltd,Nepal Stock House (PVT) Ltd.,48,1075.0,51600.0,2025-07-10 12:37:39.206739
2025-07-10,55159,2025071003005045,SAPDBL,Blue Chip Securities Ltd,Vision Securities Pvt. Ltd,10,1075.0,10750.0,2025-07-10 12:37:39.206834
2025-07-10,55158,2025071003005046,SAPDBL,Blue Chip Securities Ltd,SHUBHAKAMANA SECURITIES PVT. LTD,190,1076.8,204592.0,2025-07-10 12:37:39.206912
2025-07-10,55157,2025071003005047,SAPDBL,Blue Chip Securities Ltd,Dipshikha Dhitopatra Karobar Co. Pvt Ltd.,400,1077.0,430800.0,2025-07-10 12:37:39.206988
2025-07-10,55156,2025071003005048,SAPDBL,Blue Chip Securities Ltd,Thrive Brokerage House Pvt. Ltd,10,1078.0,10780.0,2025-07-10 12:37:39.207075
2025-07-10,55155,2025071003005049,SAPDBL,Blue Chip Securities Ltd,Sweta Securities Private Limited,300,1078.0,323400.0,2025-07-10 12:37:39.207156
2025-07-10,55154,2025071003005050,SAPDBL,Blue Chip Securities Ltd,Cristal Kanchanjanga Securites Pvt. Ltd.,100,1078.0,107800.0,2025-07-10 12:37:39.207244
2025-07-10,55153,2025071003005051,SAPDBL,Blue Chip Securities Ltd,Thrive Brokerage House Pvt. Ltd,670,1078.9,722863.0,2025-07-10 12:37:39.207323
2025-07-10,55152,2025071003005052,SAPDBL,Blue Chip Securities Ltd,Dipshikha Dhitopatra Karobar Co. Pvt Ltd.,100,1079.0,107900.0,2025-07-10 12:37:39.207400
2025-07-10,55151,2025071003005053,SAPDBL,Blue Chip Securities Ltd,Dynamic Money Managers Securities Pvt. Ltd.,172,1080.0,185760.0,2025-07-10 12:37:39.207474
2025-07-10,55147,2025071003005055,SAPDBL,Naasa Securities Co. Ltd.,Hatemalo Financial Services Private Limited,10,1064.0,10640.0,2025-07-10 12:37:39.909654
2025-07-10,55058,2025071003005060,SAPDBL,Blue Chip Securities Ltd,Dynamic Money Managers Securities Pvt. Ltd.,11,1080.0,11880.0,2025-07-10 12:37:52.246043
2025-07-10,55057,2025071003005061,SAPDBL,Blue Chip Securities Ltd,Imperial Securities Company Pvt. Ltd.,60,1080.0,64800.0,2025-07-10 12:37:52.246104
2025-07-10,55056,2025071003005062,SAPDBL,Blue Chip Securities Ltd,Aryatara Investment & Securities,30,1080.0,32400.0,2025-07-10 12:37:52.246132
2025-07-10,55055,2025071003005063,SAPDBL,Blue Chip Securities Ltd,Siprabi Securities Pvt. Ltd.,100,1080.0,108000.0,2025-07-10 12:37:52.246161
2025-07-10,55054,2025071003005064,SAPDBL,Blue Chip Securities Ltd,Online Securities Pvt. Ltd.,51,1080.0,55080.0,2025-07-10 12:37:52.246190
2025-07-10,55053,2025071003005065,SAPDBL,Blue Chip Securities Ltd,Thrive Brokerage House Pvt. Ltd,10,1081.0,10810.0,2025-07-10 12:37:52.246215
2025-07-10,55052,2025071003005066,SAPDBL,Blue Chip Securities Ltd,Online Securities Pvt. Ltd.,200,1081.0,216200.0,2025-07-10 12:37:52.246239
2025-07-10,55051,2025071003005067,SAPDBL,Blue Chip Securities Ltd,Shree Krishna Securities Ltd.,300,1081.0,324300.0,2025-07-10 12:37:52.246261
2025-07-10,55050,2025071003005068,SAPDBL,Blue Chip Securities Ltd,Nagarik Stock Dealer ,404,1081.0,436724.0,2025-07-10 12:37:52.246287
2025-07-10,55049,2025071003005069,SAPDBL,Blue Chip Securities Ltd,Sipla Securities Private Limited,10,1081.2,10812.0,2025-07-10 12:37:52.246311
2025-07-10,55048,2025071003005070,SAPDBL,Blue Chip Securities Ltd,Naasa Securities Co. Ltd.,134,1081.4,144907.6,2025-07-10 12:37:52.246341
2025-07-10,55047,2025071003005071,SAPDBL,Blue Chip Securities Ltd,Thrive Brokerage House Pvt. Ltd,10,1082.0,10820.0,2025-07-10 12:37:52.246366
2025-07-10,55046,2025071003005072,SAPDBL,Blue Chip Securities Ltd,Imperial Securities Company Pvt. Ltd.,180,1082.0,194760.0,2025-07-10 12:37:52.246392
2025-07-10,55041,2025071003005074,SAPDBL,Naasa Securities Co. Ltd.,Hatemalo Financial Services Private Limited,10,1064.0,10640.0,2025-07-10 12:37:52.938532
2025-07-10,55029,2025071003005080,SAPDBL,Naasa Securities Co. Ltd.,Hatemalo Financial Services Private Limited,10,1064.0,10640.0,2025-07-10 12:37:54.946926
2025-07-10,54787,2025071003005101,SAPDBL,Imperial Securities Company Pvt. Ltd.,Sumeru Securities Pvt. Ltd.,250,1065.0,266250.0,2025-07-10 12:38:24.101829
2025-07-10,54723,2025071003005108,SAPDBL,Blue Chip Securities Ltd,Primo Securities (PVT) Ltd.,60,1080.0,64800.0,2025-07-10 12:38:34.378916
2025-07-10,54695,2025071003005115,SAPDBL,Naasa Securities Co. Ltd.,Hatemalo Financial Services Private Limited,10,1064.0,10640.0,2025-07-10 12:38:39.058721
2025-07-10,54608,2025071003005125,SAPDBL,Blue Chip Securities Ltd,Sumeru Securities Pvt. Ltd.,19,1064.0,20216.0,2025-07-10 12:38:47.423531
2025-07-10,54607,2025071003005126,SAPDBL,Blue Chip Securities Ltd,Imperial Securities Company Pvt. Ltd.,46,1082.0,49772.0,2025-07-10 12:38:47.423651
2025-07-10,54571,2025071003005130,SAPDBL,Naasa Securities Co. Ltd.,Hatemalo Financial Services Private Limited,10,1065.1,10651.0,2025-07-10 12:38:52.092906
2025-07-10,54523,2025071003005136,SAPDBL,Blue Chip Securities Ltd,Malla & Malla Stock Broking Company Pvt. Limited,10,1082.7,10827.0,2025-07-10 12:38:58.459779
2025-07-10,54507,2025071003005138,SAPDBL,Naasa Securities Co. Ltd.,Hatemalo Financial Services Private Limited,10,1065.1,10651.0,2025-07-10 12:39:02.148378
2025-07-10,54503,2025071003005139,SAPDBL,Naasa Securities Co. Ltd.,SHUBHAKAMANA SECURITIES PVT. LTD,15,1065.1,15976.5,2025-07-10 12:39:03.091472
2025-07-10,54454,2025071003005148,SAPDBL,Naasa Securities Co. Ltd.,Sumeru Securities Pvt. Ltd.,10,1065.1,10651.0,2025-07-10 12:39:08.313486
2025-07-10,54388,2025071003005157,SAPDBL,KALASH STOCK MARKET PVT. LTD.,Sumeru Securities Pvt. Ltd.,25,1065.1,26627.5,2025-07-10 12:39:19.336897
2025-07-10,54337,2025071003005160,SAPDBL,Imperial Securities Company Pvt. Ltd.,Hatemalo Financial Services Private Limited,10,1064.0,10640.0,2025-07-10 12:39:30.221980
2025-07-10,54282,2025071003005162,SAPDBL,Imperial Securities Company Pvt. Ltd.,Sumeru Securities Pvt. Ltd.,90,1064.0,95760.0,2025-07-10 12:39:32.406496
2025-07-10,54264,2025071003005164,SAPDBL,Naasa Securities Co. Ltd.,Sumeru Securities Pvt. Ltd.,10,1064.0,10640.0,2025-07-10 12:39:33.935882
2025-07-10,54163,2025071003005170,SAPDBL,KALASH STOCK MARKET PVT. LTD.,Dakshinkali Investment & Securities Pvt. Ltd.,10,1065.2,10652.0,2025-07-10 12:39:50.178309
2025-07-10,54162,2025071003005171,SAPDBL,KALASH STOCK MARKET PVT. LTD.,Sumeru Securities Pvt. Ltd.,20,1065.2,21304.0,2025-07-10 12:39:50.543203
2025-07-10,54155,2025071003005172,SAPDBL,KALASH STOCK MARKET PVT. LTD.,Midas Stock Broking Company Private Limited,10,1065.2,10652.0,2025-07-10 12:39:53.246487
2025-07-10,53783,2025071003005223,SAPDBL,J.F. Securites (PVT) Ltd.,Aryatara Investment & Securities,30,1075.0,32250.0,2025-07-10 12:40:40.147122
2025-07-10,53681,2025071003005243,SAPDBL,Dakshinkali Investment & Securities Pvt. Ltd.,Blue Chip Securities Ltd,50,1075.1,53755.0,2025-07-10 12:40:54.803802
2025-07-10,53680,2025071003005244,SAPDBL,J.F. Securites (PVT) Ltd.,Blue Chip Securities Ltd,70,1075.0,75250.0,2025-07-10 12:40:54.803890
2025-07-10,53679,2025071003005245,SAPDBL,Neev Securities Pvt. Ltd.,Blue Chip Securities Ltd,50,1066.0,53300.0,2025-07-10 12:40:54.803944
2025-07-10,53678,2025071003005246,SAPDBL,Naasa Securities Co. Ltd.,Blue Chip Securities Ltd,20,1065.1,21302.0,2025-07-10 12:40:54.803984
2025-07-10,53677,2025071003005247,SAPDBL,Sani Securities Company Ltd.,Blue Chip Securities Ltd,25,1065.1,26627.5,2025-07-10 12:40:54.804013
2025-07-10,53676,2025071003005248,SAPDBL,Linch Stock Market Ltd.,Blue Chip Securities Ltd,50,1064.0,53200.0,2025-07-10 12:40:54.804059
2025-07-10,53675,2025071003005249,SAPDBL,Naasa Securities Co. Ltd.,Blue Chip Securities Ltd,50,1064.0,53200.0,2025-07-10 12:40:54.804097
2025-07-10,53674,2025071003005250,SAPDBL,Malla & Malla Stock Broking Company Pvt. Limited,Blue Chip Securities Ltd,100,1063.2,106320.0,2025-07-10 12:40:54.804133
2025-07-10,53673,2025071003005251,SAPDBL,Oxford Securities Pvt. Ltd.,Blue Chip Securities Ltd,200,1063.1,212620.0,2025-07-10 12:40:54.804165
2025-07-10,53672,2025071003005252,SAPDBL,Vision Securities Pvt. Ltd,Blue Chip Securities Ltd,57,1063.0,60591.0,2025-07-10 12:40:54.804195
2025-07-10,53671,2025071003005253,SAPDBL,Asian Securities Private Ltd.,Blue Chip Securities Ltd,300,1063.0,318900.0,2025-07-10 12:40:54.804220
2025-07-10,53670,2025071003005254,SAPDBL,Midas Stock Broking Company Private Limited,Blue Chip Securities Ltd,100,1062.2,106220.0,2025-07-10 12:40:54.804262
2025-07-10,53669,2025071003005255,SAPDBL,Capital Max Securities Ltd,Blue Chip Securities Ltd,100,1061.2,106120.0,2025-07-10 12:40:54.804295
2025-07-10,53668,2025071003005256,SAPDBL,Kumari Securities Private Limited,Blue Chip Securities Ltd,200,1061.2,212240.0,2025-07-10 12:40:54.804318
2025-07-10,53667,2025071003005257,SAPDBL,Shree Krishna Securities Ltd.,Blue Chip Securities Ltd,70,1061.1,74277.0,2025-07-10 12:40:54.804347
2025-07-10,53666,2025071003005258,SAPDBL,Sumeru Securities Pvt. Ltd.,Blue Chip Securities Ltd,34,1060.2,36046.8,2025-07-10 12:40:54.804386
2025-07-10,53665,2025071003005259,SAPDBL,Aryatara Investment & Securities,Blue Chip Securities Ltd,100,1060.1,106010.0,2025-07-10 12:40:54.804427
2025-07-10,53664,2025071003005260,SAPDBL,Nepal Stock House (PVT) Ltd.,Blue Chip Securities Ltd,100,1060.1,106010.0,2025-07-10 12:40:54.804487
2025-07-10,53663,2025071003005261,SAPDBL,Imperial Securities Company Pvt. Ltd.,Blue Chip Securities Ltd,10,1060.0,10600.0,2025-07-10 12:40:54.804517
2025-07-10,53662,2025071003005262,SAPDBL,Sweta Securities Private Limited,Blue Chip Securities Ltd,10,1060.0,10600.0,2025-07-10 12:40:54.804545
2025-07-10,53661,2025071003005263,SAPDBL,Aryatara Investment & Securities,Blue Chip Securities Ltd,10,1060.0,10600.0,2025-07-10 12:40:54.804570
2025-07-10,53660,2025071003005264,SAPDBL,Nepal Investment And Securities Trading Private Limited,Blue Chip Securities Ltd,220,1060.0,233200.0,2025-07-10 12:40:54.804601
2025-07-10,53659,2025071003005265,SAPDBL,Kohinoor Investment & Securities Pvt. Ltd.,Blue Chip Securities Ltd,10,1059.0,10590.0,2025-07-10 12:40:54.804653
2025-07-10,53658,2025071003005266,SAPDBL,Sani Securities Company Ltd.,Blue Chip Securities Ltd,125,1059.0,132375.0,2025-07-10 12:40:54.804694
2025-07-10,53657,2025071003005267,SAPDBL,Naasa Securities Co. Ltd.,Blue Chip Securities Ltd,11,1059.0,11649.0,2025-07-10 12:40:54.804730
2025-07-10,53656,2025071003005268,SAPDBL,Asian Securities Private Ltd.,Blue Chip Securities Ltd,10,1058.0,10580.0,2025-07-10 12:40:54.804770
2025-07-10,53655,2025071003005269,SAPDBL,Nepal Investment And Securities Trading Private Limited,Blue Chip Securities Ltd,10,1058.0,10580.0,2025-07-10 12:40:54.804799
2025-07-10,53654,2025071003005270,SAPDBL,Cristal Kanchanjanga Securites Pvt. Ltd.,Blue Chip Securities Ltd,100,1058.0,105800.0,2025-07-10 12:40:54.804828
2025-07-10,53653,2025071003005271,SAPDBL,Asian Securities Private Ltd.,Blue Chip Securities Ltd,50,1057.0,52850.0,2025-07-10 12:40:54.804867
2025-07-10,53652,2025071003005272,SAPDBL,Naasa Securities Co. Ltd.,Blue Chip Securities Ltd,10,1057.0,10570.0,2025-07-10 12:40:54.804907
2025-07-10,53651,2025071003005273,SAPDBL,Midas Stock Broking Company Private Limited,Blue Chip Securities Ltd,10,1057.0,10570.0,2025-07-10 12:40:54.804957
2025-07-10,53650,2025071003005274,SAPDBL,Imperial Securities Company Pvt. Ltd.,Blue Chip Securities Ltd,10,1057.0,10570.0,2025-07-10 12:40:54.805002
2025-07-10,53649,2025071003005275,SAPDBL,Aryatara Investment & Securities,Blue Chip Securities Ltd,20,1057.0,21140.0,2025-07-10 12:40:54.805046
2025-07-10,53648,2025071003005276,SAPDBL,Naasa Securities Co. Ltd.,Blue Chip Securities Ltd,20,1057.0,21140.0,2025-07-10 12:40:54.805075
2025-07-10,53647,2025071003005277,SAPDBL,Malla & Malla Stock Broking Company Pvt. Limited,Blue Chip Securities Ltd,100,1056.2,105620.0,2025-07-10 12:40:54.805136
2025-07-10,53646,2025071003005278,SAPDBL,Bhrikuti Stock Broking Co. Pvt. Ltd.,Blue Chip Securities Ltd,10,1056.2,10562.0,2025-07-10 12:40:54.805174
2025-07-10,53645,2025071003005279,SAPDBL,Imperial Securities Company Pvt. Ltd.,Blue Chip Securities Ltd,50,1056.0,52800.0,2025-07-10 12:40:54.805213
2025-07-10,53644,2025071003005280,SAPDBL,Opal Securities Investment (PVT) Ltd.,Blue Chip Securities Ltd,30,1055.0,31650.0,2025-07-10 12:40:54.805253
2025-07-10,53643,2025071003005281,SAPDBL,Naasa Securities Co. Ltd.,Blue Chip Securities Ltd,200,1055.0,211000.0,2025-07-10 12:40:54.805281
2025-07-10,53642,2025071003005282,SAPDBL,Sri Hari Securities Pvt. Ltd.,Blue Chip Securities Ltd,20,1055.0,21100.0,2025-07-10 12:40:54.805309
2025-07-10,53641,2025071003005283,SAPDBL,Vision Securities Pvt. Ltd,Blue Chip Securities Ltd,10,1055.0,10550.0,2025-07-10 12:40:54.805342
2025-07-10,53640,2025071003005284,SAPDBL,Naasa Securities Co. Ltd.,Blue Chip Securities Ltd,30,1055.0,31650.0,2025-07-10 12:40:54.805377
2025-07-10,53639,2025071003005285,SAPDBL,Shree Krishna Securities Ltd.,Blue Chip Securities Ltd,50,1054.0,52700.0,2025-07-10 12:40:54.805406
2025-07-10,53638,2025071003005286,SAPDBL,Aryatara Investment & Securities,Blue Chip Securities Ltd,10,1052.0,10520.0,2025-07-10 12:40:54.805434
2025-07-10,53637,2025071003005287,SAPDBL,Aryatara Investment & Securities,Blue Chip Securities Ltd,200,1050.0,210000.0,2025-07-10 12:40:54.805473
2025-07-10,53636,2025071003005288,SAPDBL,Dipshikha Dhitopatra Karobar Co. Pvt Ltd.,Blue Chip Securities Ltd,150,1050.0,157500.0,2025-07-10 12:40:54.805504
2025-07-10,53635,2025071003005289,SAPDBL,Kumari Securities Private Limited,Blue Chip Securities Ltd,25,1050.0,26250.0,2025-07-10 12:40:54.805559
2025-07-10,53634,2025071003005290,SAPDBL,Himalayan Brokerage Company Limited,Blue Chip Securities Ltd,100,1050.0,105000.0,2025-07-10 12:40:54.805599
2025-07-10,53633,2025071003005291,SAPDBL,Trishakti Securities Public Limited,Blue Chip Securities Ltd,100,1050.0,105000.0,2025-07-10 12:40:54.805635
2025-07-10,53632,2025071003005292,SAPDBL,Dipshikha Dhitopatra Karobar Co. Pvt Ltd.,Blue Chip Securities Ltd,500,1050.0,525000.0,2025-07-10 12:40:54.805672
2025-07-10,53631,2025071003005293,SAPDBL,Oxford Securities Pvt. Ltd.,Blue Chip Securities Ltd,20,1050.0,21000.0,2025-07-10 12:40:54.805703
2025-07-10,53630,2025071003005294,SAPDBL,Naasa Securities Co. Ltd.,Blue Chip Securities Ltd,50,1050.0,52500.0,2025-07-10 12:40:54.805735
2025-07-10,53629,2025071003005295,SAPDBL,Naasa Securities Co. Ltd.,Blue Chip Securities Ltd,20,1050.0,21000.0,2025-07-10 12:40:54.805757
2025-07-10,53628,2025071003005296,SAPDBL,Sundhara Securities Limited,Blue Chip Securities Ltd,55,1050.0,57750.0,2025-07-10 12:40:54.805784
2025-07-10,53627,2025071003005297,SAPDBL,Sani Securities Company Ltd.,Blue Chip Securities Ltd,130,1049.6,136448.0,2025-07-10 12:40:54.805810
2025-07-10,53626,2025071003005298,SAPDBL,ABC Securities Private Limited,Blue Chip Securities Ltd,50,1048.0,52400.0,2025-07-10 12:40:54.805833
2025-07-10,53625,2025071003005299,SAPDBL,Online Securities Pvt. Ltd.,Blue Chip Securities Ltd,96,1048.0,100608.0,2025-07-10 12:40:54.805853
2025-07-10,53624,2025071003005300,SAPDBL,Naasa Securities Co. Ltd.,Blue Chip Securities Ltd,100,1046.5,104650.0,2025-07-10 12:40:54.805876
2025-07-10,53623,2025071003005301,SAPDBL,Capital Max Securities Ltd,Blue Chip Securities Ltd,100,1045.5,104550.0,2025-07-10 12:40:54.805901
2025-07-10,53622,2025071003005302,SAPDBL,Dipshikha Dhitopatra Karobar Co. Pvt Ltd.,Blue Chip Securities Ltd,300,1045.0,313500.0,2025-07-10 12:40:54.805934
2025-07-10,53621,2025071003005303,SAPDBL,Aryatara Investment & Securities,Blue Chip Securities Ltd,10,1045.0,10450.0,2025-07-10 12:40:54.805967
2025-07-10,53620,2025071003005304,SAPDBL,Naasa Securities Co. Ltd.,Blue Chip Securities Ltd,85,1045.0,88825.0,2025-07-10 12:40:54.805997
2025-07-10,53619,2025071003005305,SAPDBL,Himalayan Brokerage Company Limited,Blue Chip Securities Ltd,50,1045.0,52250.0,2025-07-10 12:40:54.806030
2025-07-10,53618,2025071003005306,SAPDBL,ABC Securities Private Limited,Blue Chip Securities Ltd,20,1043.9,20878.0,2025-07-10 12:40:54.806066
2025-07-10,53617,2025071003005307,SAPDBL,Midas Stock Broking Company Private Limited,Blue Chip Securities Ltd,200,1043.0,208600.0,2025-07-10 12:40:54.806111
2025-07-10,53616,2025071003005308,SAPDBL,Oxford Securities Pvt. Ltd.,Blue Chip Securities Ltd,100,1042.0,104200.0,2025-07-10 12:40:54.806139
2025-07-10,53615,2025071003005309,SAPDBL,Imperial Securities Company Pvt. Ltd.,Blue Chip Securities Ltd,10,1042.0,10420.0,2025-07-10 12:40:54.806162
2025-07-10,53614,2025071003005310,SAPDBL,Aryatara Investment & Securities,Blue Chip Securities Ltd,50,1042.0,52100.0,2025-07-10 12:40:54.806187
2025-07-10,53613,2025071003005311,SAPDBL,Dipshikha Dhitopatra Karobar Co. Pvt Ltd.,Blue Chip Securities Ltd,50,1042.0,52100.0,2025-07-10 12:40:54.806238
2025-07-10,53612,2025071003005312,SAPDBL,Sani Securities Company Ltd.,Blue Chip Securities Ltd,75,1042.0,78150.0,2025-07-10 12:40:54.806261
2025-07-10,53611,2025071003005313,SAPDBL,Naasa Securities Co. Ltd.,Blue Chip Securities Ltd,20,1041.8,20836.0,2025-07-10 12:40:54.806282
2025-07-10,53610,2025071003005314,SAPDBL,South Asian Bulls Pvt. Ltd.,Blue Chip Securities Ltd,50,1041.1,52055.0,2025-07-10 12:40:54.806305
2025-07-10,53609,2025071003005315,SAPDBL,Siprabi Securities Pvt. Ltd.,Blue Chip Securities Ltd,20,1041.0,20820.0,2025-07-10 12:40:54.806329
2025-07-10,53608,2025071003005316,SAPDBL,Capital Max Securities Ltd,Blue Chip Securities Ltd,400,1041.0,416400.0,2025-07-10 12:40:54.806359
2025-07-10,53607,2025071003005317,SAPDBL,Asian Securities Private Ltd.,Blue Chip Securities Ltd,90,1041.0,93690.0,2025-07-10 12:40:54.806382
2025-07-10,53606,2025071003005318,SAPDBL,Aryatara Investment & Securities,Blue Chip Securities Ltd,100,1041.0,104100.0,2025-07-10 12:40:54.806414
2025-07-10,53605,2025071003005319,SAPDBL,Siprabi Securities Pvt. Ltd.,Blue Chip Securities Ltd,10,1041.0,10410.0,2025-07-10 12:40:54.806445
2025-07-10,53604,2025071003005320,SAPDBL,KALASH STOCK MARKET PVT. LTD.,Blue Chip Securities Ltd,200,1040.9,208180.0,2025-07-10 12:40:54.806480
2025-07-10,53603,2025071003005321,SAPDBL,J.F. Securites (PVT) Ltd.,Blue Chip Securities Ltd,50,1040.8,52040.0,2025-07-10 12:40:54.806513
2025-07-10,53602,2025071003005322,SAPDBL,Bhrikuti Stock Broking Co. Pvt. Ltd.,Blue Chip Securities Ltd,70,1040.8,72856.0,2025-07-10 12:40:54.806534
2025-07-10,53601,2025071003005323,SAPDBL,Cristal Kanchanjanga Securites Pvt. Ltd.,Blue Chip Securities Ltd,900,1040.8,936720.0,2025-07-10 12:40:54.806559
2025-07-10,53600,2025071003005324,SAPDBL,Nagarik Stock Dealer ,Blue Chip Securities Ltd,500,1040.8,520400.0,2025-07-10 12:40:54.806587
2025-07-10,53599,2025071003005325,SAPDBL,Sani Securities Company Ltd.,Blue Chip Securities Ltd,40,1040.4,41616.0,2025-07-10 12:40:54.806623
2025-07-10,53598,2025071003005326,SAPDBL,Sani Securities Company Ltd.,Blue Chip Securities Ltd,10,1040.3,10403.0,2025-07-10 12:40:54.806654
2025-07-10,53597,2025071003005327,SAPDBL,Nepal Stock House (PVT) Ltd.,Blue Chip Securities Ltd,50,1040.3,52015.0,2025-07-10 12:40:54.806683
2025-07-10,53596,2025071003005328,SAPDBL,SHUBHAKAMANA SECURITIES PVT. LTD,Blue Chip Securities Ltd,200,1040.3,208060.0,2025-07-10 12:40:54.806730
2025-07-10,53595,2025071003005329,SAPDBL,Nepal Stock House (PVT) Ltd.,Blue Chip Securities Ltd,100,1040.3,104030.0,2025-07-10 12:40:54.806761
2025-07-10,53594,2025071003005330,SAPDBL,Trisul Securities & Invt. Ltd.,Blue Chip Securities Ltd,1500,1040.0,1560000.0,2025-07-10 12:40:54.806787
2025-07-10,53593,2025071003005331,SAPDBL,Naasa Securities Co. Ltd.,Blue Chip Securities Ltd,30,1040.0,31200.0,2025-07-10 12:40:54.806818
2025-07-10,53592,2025071003005332,SAPDBL,Trisul Securities & Invt. Ltd.,Blue Chip Securities Ltd,100,1040.0,104000.0,2025-07-10 12:40:54.806844
2025-07-10,53591,2025071003005333,SAPDBL,Malla & Malla Stock Broking Company Pvt. Limited,Blue Chip Securities Ltd,25,1040.0,26000.0,2025-07-10 12:40:54.806874
2025-07-10,53590,2025071003005334,SAPDBL,J.F. Securites (PVT) Ltd.,Blue Chip Securities Ltd,50,1040.0,52000.0,2025-07-10 12:40:54.806898
2025-07-10,53589,2025071003005335,SAPDBL,Online Securities Pvt. Ltd.,Blue Chip Securities Ltd,200,1040.0,208000.0,2025-07-10 12:40:54.806925
2025-07-10,53588,2025071003005336,SAPDBL,Asian Securities Private Ltd.,Blue Chip Securities Ltd,100,1039.8,103980.0,2025-07-10 12:40:54.806951
2025-07-10,53587,2025071003005337,SAPDBL,Sani Securities Company Ltd.,Blue Chip Securities Ltd,100,1039.8,103980.0,2025-07-10 12:40:54.806974
2025-07-10,53586,2025071003005338,SAPDBL,Sundhara Securities Limited,Blue Chip Securities Ltd,50,1039.0,51950.0,2025-07-10 12:40:54.807029
2025-07-10,53585,2025071003005339,SAPDBL,Imperial Securities Company Pvt. Ltd.,Blue Chip Securities Ltd,100,1039.0,103900.0,2025-07-10 12:40:54.807057
2025-07-10,53584,2025071003005340,SAPDBL,Vision Securities Pvt. Ltd,Blue Chip Securities Ltd,20,1039.0,20780.0,2025-07-10 12:40:54.807081
2025-07-10,53583,2025071003005341,SAPDBL,Ashutosh Brokerage & Securities (PVT) Ltd.,Blue Chip Securities Ltd,50,1039.0,51950.0,2025-07-10 12:40:54.807114
2025-07-10,53582,2025071003005342,SAPDBL,Asian Securities Private Ltd.,Blue Chip Securities Ltd,200,1039.0,207800.0,2025-07-10 12:40:54.807162
2025-07-10,53581,2025071003005343,SAPDBL,Naasa Securities Co. Ltd.,Blue Chip Securities Ltd,30,1038.9,31167.0,2025-07-10 12:40:54.807217
2025-07-10,53580,2025071003005344,SAPDBL,Garima Securities Limited,Blue Chip Securities Ltd,200,1038.8,207760.0,2025-07-10 12:40:54.807255
2025-07-10,53579,2025071003005345,SAPDBL,Oxford Securities Pvt. Ltd.,Blue Chip Securities Ltd,300,1038.8,311640.0,2025-07-10 12:40:54.807286
2025-07-10,53578,2025071003005346,SAPDBL,Premier Securities Company Ltd.,Blue Chip Securities Ltd,2500,1037.9,2594750.0,2025-07-10 12:40:54.807315
2025-07-10,53577,2025071003005347,SAPDBL,Sri Hari Securities Pvt. Ltd.,Blue Chip Securities Ltd,200,1037.0,207400.0,2025-07-10 12:40:54.807357
2025-07-10,53576,2025071003005348,SAPDBL,Pragyan Securities (PVT) Ltd.,Blue Chip Securities Ltd,200,1037.0,207400.0,2025-07-10 12:40:54.807391
2025-07-10,53575,2025071003005349,SAPDBL,Trisul Securities & Invt. Ltd.,Blue Chip Securities Ltd,50,1037.0,51850.0,2025-07-10 12:40:54.807417
2025-07-10,53574,2025071003005350,SAPDBL,Siprabi Securities Pvt. Ltd.,Blue Chip Securities Ltd,250,1037.0,259250.0,2025-07-10 12:40:54.807442
2025-07-10,53573,2025071003005351,SAPDBL,Asian Securities Private Ltd.,Blue Chip Securities Ltd,400,1037.0,414800.0,2025-07-10 12:40:54.807474
2025-07-10,53572,2025071003005352,SAPDBL,Aryatara Investment & Securities,Blue Chip Securities Ltd,10,1037.0,10370.0,2025-07-10 12:40:54.807503
2025-07-10,53571,2025071003005353,SAPDBL,Kohinoor Investment & Securities Pvt. Ltd.,Blue Chip Securities Ltd,57,1037.0,59109.0,2025-07-10 12:40:54.807541
2025-07-10,53541,2025071003005355,SAPDBL,Kohinoor Investment & Securities Pvt. Ltd.,Blue Chip Securities Ltd,10,1037.0,10370.0,2025-07-10 12:41:01.827862
2025-07-10,53441,2025071003005379,SAPDBL,Blue Chip Securities Ltd,Malla & Malla Stock Broking Company Pvt. Limited,190,1082.7,205713.0,2025-07-10 12:41:16.885367
2025-07-10,53440,2025071003005380,SAPDBL,Blue Chip Securities Ltd,Oxford Securities Pvt. Ltd.,100,1082.7,108270.0,2025-07-10 12:41:16.885418
2025-07-10,53439,2025071003005381,SAPDBL,Blue Chip Securities Ltd,Online Securities Pvt. Ltd.,400,1083.0,433200.0,2025-07-10 12:41:16.885445
2025-07-10,53438,2025071003005382,SAPDBL,Blue Chip Securities Ltd,Agrawal Securities (PVT) Ltd.,300,1083.0,324900.0,2025-07-10 12:41:16.885470
2025-07-10,53437,2025071003005383,SAPDBL,Blue Chip Securities Ltd,Sagarmatha Securities Private Limited,100,1083.2,108320.0,2025-07-10 12:41:16.885528
2025-07-10,53436,2025071003005384,SAPDBL,Blue Chip Securities Ltd,Kumari Securities Private Limited,480,1083.2,519936.0,2025-07-10 12:41:16.885554
2025-07-10,53435,2025071003005385,SAPDBL,Blue Chip Securities Ltd,Linch Stock Market Ltd.,20,1083.2,21664.0,2025-07-10 12:41:16.885576
2025-07-10,53434,2025071003005386,SAPDBL,Blue Chip Securities Ltd,Naasa Securities Co. Ltd.,36,1084.0,39024.0,2025-07-10 12:41:16.885601
2025-07-10,53433,2025071003005387,SAPDBL,Blue Chip Securities Ltd,Vision Securities Pvt. Ltd,20,1084.0,21680.0,2025-07-10 12:41:16.885644
2025-07-10,53432,2025071003005388,SAPDBL,Blue Chip Securities Ltd,Dakshinkali Investment & Securities Pvt. Ltd.,50,1084.0,54200.0,2025-07-10 12:41:16.885675
2025-07-10,53431,2025071003005389,SAPDBL,Blue Chip Securities Ltd,Dakshinkali Investment & Securities Pvt. Ltd.,10,1084.0,10840.0,2025-07-10 12:41:16.885695
2025-07-10,53430,2025071003005390,SAPDBL,Blue Chip Securities Ltd,Bhrikuti Stock Broking Co. Pvt. Ltd.,125,1084.1,135512.5,2025-07-10 12:41:16.885719
2025-07-10,53429,2025071003005391,SAPDBL,Blue Chip Securities Ltd,Aryatara Investment & Securities,100,1084.1,108410.0,2025-07-10 12:41:16.885744
2025-07-10,53428,2025071003005392,SAPDBL,Blue Chip Securities Ltd,Bhrikuti Stock Broking Co. Pvt. Ltd.,50,1084.2,54210.0,2025-07-10 12:41:16.885767
2025-07-10,53427,2025071003005393,SAPDBL,Blue Chip Securities Ltd,Imperial Securities Company Pvt. Ltd.,490,1085.0,531650.0,2025-07-10 12:41:16.885790
2025-07-10,53426,2025071003005394,SAPDBL,Blue Chip Securities Ltd,Hatemalo Financial Services Private Limited,100,1085.0,108500.0,2025-07-10 12:41:16.885813
2025-07-10,53425,2025071003005395,SAPDBL,Blue Chip Securities Ltd,Agrawal Securities (PVT) Ltd.,57,1085.0,61845.0,2025-07-10 12:41:16.885835
2025-07-10,53424,2025071003005396,SAPDBL,Blue Chip Securities Ltd,Naasa Securities Co. Ltd.,215,1086.0,233490.0,2025-07-10 12:41:16.885858
2025-07-10,53423,2025071003005397,SAPDBL,Blue Chip Securities Ltd,South Asian Bulls Pvt. Ltd.,329,1086.0,357294.0,2025-07-10 12:41:16.885881
2025-07-10,53422,2025071003005398,SAPDBL,Blue Chip Securities Ltd,Online Securities Pvt. Ltd.,400,1086.3,434520.0,2025-07-10 12:41:16.885905
2025-07-10,53421,2025071003005399,SAPDBL,Blue Chip Securities Ltd,N.M.B. SECURITIES LIMITED,10,1086.5,10865.0,2025-07-10 12:41:16.885932
2025-07-10,53420,2025071003005400,SAPDBL,Blue Chip Securities Ltd,Trishakti Securities Public Limited,20,1087.3,21746.0,2025-07-10 12:41:16.885959
2025-07-10,53419,2025071003005401,SAPDBL,Blue Chip Securities Ltd,Oxford Securities Pvt. Ltd.,330,1090.0,359700.0,2025-07-10 12:41:16.885983
2025-07-10,53418,2025071003005402,SAPDBL,Blue Chip Securities Ltd,Oxford Securities Pvt. Ltd.,400,1090.0,436000.0,2025-07-10 12:41:16.886006
2025-07-10,53417,2025071003005403,SAPDBL,Blue Chip Securities Ltd,Aryatara Investment & Securities,30,1090.0,32700.0,2025-07-10 12:41:16.886036
2025-07-10,53416,2025071003005404,SAPDBL,Blue Chip Securities Ltd,Naasa Securities Co. Ltd.,15,1090.0,16350.0,2025-07-10 12:41:16.886067
2025-07-10,53415,2025071003005405,SAPDBL,Blue Chip Securities Ltd,Dipshikha Dhitopatra Karobar Co. Pvt Ltd.,1920,1090.5,2093760.0,2025-07-10 12:41:16.886087
2025-07-10,53414,2025071003005406,SAPDBL,Blue Chip Securities Ltd,Trishakti Securities Public Limited,540,1091.0,589140.0,2025-07-10 12:41:16.886112
2025-07-10,53413,2025071003005407,SAPDBL,Blue Chip Securities Ltd,Dipshikha Dhitopatra Karobar Co. Pvt Ltd.,300,1091.0,327300.0,2025-07-10 12:41:16.886145
2025-07-10,53412,2025071003005408,SAPDBL,Blue Chip Securities Ltd,Sagarmatha Securities Private Limited,50,1091.3,54565.0,2025-07-10 12:41:16.886207
2025-07-10,53411,2025071003005409,SAPDBL,Blue Chip Securities Ltd,SHUBHAKAMANA SECURITIES PVT. LTD,50,1092.0,54600.0,2025-07-10 12:41:16.886231
2025-07-10,53410,2025071003005410,SAPDBL,Blue Chip Securities Ltd,Secured Securities Ltd.,50,1092.0,54600.0,2025-07-10 12:41:16.886252
2025-07-10,53409,2025071003005411,SAPDBL,Blue Chip Securities Ltd,Trisul Securities & Invt. Ltd.,100,1092.0,109200.0,2025-07-10 12:41:16.886273
2025-07-10,53408,2025071003005412,SAPDBL,Blue Chip Securities Ltd,Sweta Securities Private Limited,100,1092.0,109200.0,2025-07-10 12:41:16.886295
2025-07-10,53407,2025071003005413,SAPDBL,Blue Chip Securities Ltd,BHOLE GANESH SECURITIES LTD,100,1092.0,109200.0,2025-07-10 12:41:16.886320
2025-07-10,53406,2025071003005414,SAPDBL,Blue Chip Securities Ltd,Arun Securities (PVT) Ltd.,25,1092.0,27300.0,2025-07-10 12:41:16.886373
2025-07-10,53405,2025071003005415,SAPDBL,Blue Chip Securities Ltd,Trishakti Securities Public Limited,1000,1092.0,1092000.0,2025-07-10 12:41:16.886396
2025-07-10,53404,2025071003005416,SAPDBL,Blue Chip Securities Ltd,Siprabi Securities Pvt. Ltd.,100,1092.3,109230.0,2025-07-10 12:41:16.886439
2025-07-10,53403,2025071003005417,SAPDBL,Blue Chip Securities Ltd,Nepal Investment And Securities Trading Private Limited,100,1092.3,109230.0,2025-07-10 12:41:16.886462
2025-07-10,53402,2025071003005418,SAPDBL,Blue Chip Securities Ltd,Sani Securities Company Ltd.,50,1092.4,54620.0,2025-07-10 12:41:16.886481
2025-07-10,53401,2025071003005419,SAPDBL,Blue Chip Securities Ltd,Deevyaa Securities & Stock House Pvt. Ltd,20,1093.0,21860.0,2025-07-10 12:41:16.886506
2025-07-10,53400,2025071003005420,SAPDBL,Blue Chip Securities Ltd,Thrive Brokerage House Pvt. Ltd,20,1093.0,21860.0,2025-07-10 12:41:16.886528
2025-07-10,53399,2025071003005421,SAPDBL,Blue Chip Securities Ltd,Vision Securities Pvt. Ltd,500,1093.0,546500.0,2025-07-10 12:41:16.886552
2025-07-10,53398,2025071003005422,SAPDBL,Blue Chip Securities Ltd,Nabil Stock Dealer Ltd.,50,1093.0,54650.0,2025-07-10 12:41:16.886576
2025-07-10,53397,2025071003005423,SAPDBL,Blue Chip Securities Ltd,Deevyaa Securities & Stock House Pvt. Ltd,250,1093.0,273250.0,2025-07-10 12:41:16.886599
2025-07-10,53396,2025071003005424,SAPDBL,Blue Chip Securities Ltd,Linch Stock Market Ltd.,500,1093.0,546500.0,2025-07-10 12:41:16.886628
2025-07-10,53395,2025071003005425,SAPDBL,Blue Chip Securities Ltd,ABC Securities Private Limited,200,1093.0,218600.0,2025-07-10 12:41:16.886650
2025-07-10,53394,2025071003005426,SAPDBL,Blue Chip Securities Ltd,Kohinoor Investment & Securities Pvt. Ltd.,360,1094.0,393840.0,2025-07-10 12:41:16.886671
2025-07-10,53393,2025071003005427,SAPDBL,Blue Chip Securities Ltd,Online Securities Pvt. Ltd.,100,1094.0,109400.0,2025-07-10 12:41:16.886694
2025-07-10,53392,2025071003005428,SAPDBL,Blue Chip Securities Ltd,Creative Securities Pvt Ltd,20,1094.0,21880.0,2025-07-10 12:41:16.886719
2025-07-10,53391,2025071003005429,SAPDBL,Blue Chip Securities Ltd,Cristal Kanchanjanga Securites Pvt. Ltd.,500,1094.0,547000.0,2025-07-10 12:41:16.886737
2025-07-10,53390,2025071003005430,SAPDBL,Blue Chip Securities Ltd,Trisul Securities & Invt. Ltd.,40,1094.0,43760.0,2025-07-10 12:41:16.886777
2025-07-10,53389,2025071003005431,SAPDBL,Blue Chip Securities Ltd,Naasa Securities Co. Ltd.,12,1094.3,13131.6,2025-07-10 12:41:16.886796
2025-07-10,53388,2025071003005432,SAPDBL,Blue Chip Securities Ltd,South Asian Bulls Pvt. Ltd.,30,1094.4,32832.0,2025-07-10 12:41:16.886820
2025-07-10,53387,2025071003005433,SAPDBL,Blue Chip Securities Ltd,Sani Securities Company Ltd.,209,1094.4,228729.6,2025-07-10 12:41:16.886842
2025-07-10,53386,2025071003005434,SAPDBL,Blue Chip Securities Ltd,Nepal Investment And Securities Trading Private Limited,20,1094.4,21888.0,2025-07-10 12:41:16.886885
2025-07-10,53385,2025071003005435,SAPDBL,Blue Chip Securities Ltd,Siprabi Securities Pvt. Ltd.,100,1094.4,109440.0,2025-07-10 12:41:16.886919
2025-07-10,53384,2025071003005436,SAPDBL,Blue Chip Securities Ltd,Nepal Investment And Securities Trading Private Limited,20,1094.4,21888.0,2025-07-10 12:41:16.886942
2025-07-10,53383,2025071003005437,SAPDBL,Blue Chip Securities Ltd,Naasa Securities Co. Ltd.,66,1094.4,72230.4,2025-07-10 12:41:16.886960
2025-07-10,53382,2025071003005438,SAPDBL,Blue Chip Securities Ltd,Nagarik Stock Dealer ,50,1096.5,54825.0,2025-07-10 12:41:16.886983
2025-07-10,53381,2025071003005439,SAPDBL,Blue Chip Securities Ltd,Cristal Kanchanjanga Securites Pvt. Ltd.,1906,1103.6,2103461.6,2025-07-10 12:41:16.887005
2025-07-10,53380,2025071003005440,SAPDBL,Blue Chip Securities Ltd,Hatemalo Financial Services Private Limited,10,1104.3,11043.0,2025-07-10 12:41:16.887040
2025-07-10,53371,2025071003005441,SAPDBL,ABC Securities Private Limited,Hatemalo Financial Services Private Limited,10,1126.3,11263.0,2025-07-10 12:41:19.499038
2025-07-10,53361,2025071003005443,SAPDBL,Naasa Securities Co. Ltd.,Blue Chip Securities Ltd,10,1040.0,10400.0,2025-07-10 12:41:21.900865
2025-07-10,53360,2025071003005444,SAPDBL,Naasa Securities Co. Ltd.,Blue Chip Securities Ltd,10,1040.0,10400.0,2025-07-10 12:41:21.904063
2025-07-10,53284,2025071003005460,SAPDBL,Sani Securities Company Ltd.,Siprabi Securities Pvt. Ltd.,400,1042.0,416800.0,2025-07-10 12:41:35.553048
2025-07-10,53206,2025071003005476,SAPDBL,KALASH STOCK MARKET PVT. LTD.,Blue Chip Securities Ltd,10,1050.0,10500.0,2025-07-10 12:41:51.008753
2025-07-10,53160,2025071003005480,SAPDBL,KALASH STOCK MARKET PVT. LTD.,Hatemalo Financial Services Private Limited,10,1050.0,10500.0,2025-07-10 12:41:56.036052
2025-07-10,53159,2025071003005481,SAPDBL,KALASH STOCK MARKET PVT. LTD.,Sumeru Securities Pvt. Ltd.,80,1050.0,84000.0,2025-07-10 12:41:56.068262
2025-07-10,53063,2025071003005496,SAPDBL,N.M.B. SECURITIES LIMITED,Sumeru Securities Pvt. Ltd.,20,1050.0,21000.0,2025-07-10 12:42:17.254471
2025-07-10,52893,2025071003005521,SAPDBL,Vision Securities Pvt. Ltd,Sumeru Securities Pvt. Ltd.,271,1069.0,289699.0,2025-07-10 12:42:50.663649
2025-07-10,52876,2025071003005522,SAPDBL,Naasa Securities Co. Ltd.,Blue Chip Securities Ltd,10,1053.0,10530.0,2025-07-10 12:42:53.209056
2025-07-10,52203,2025071003005630,SAPDBL,Premier Securities Company Ltd.,Sumeru Securities Pvt. Ltd.,200,1069.0,213800.0,2025-07-10 12:44:46.508062
2025-07-10,52191,2025071003005633,SAPDBL,ABC Securities Private Limited,Blue Chip Securities Ltd,10,1060.0,10600.0,2025-07-10 12:44:48.585048
2025-07-10,52082,2025071003005654,SAPDBL,J.F. Securites (PVT) Ltd.,Sumeru Securities Pvt. Ltd.,29,1069.0,31001.0,2025-07-10 12:45:06.742728
2025-07-10,52081,2025071003005655,SAPDBL,J.F. Securites (PVT) Ltd.,Imperial Securities Company Pvt. Ltd.,71,1069.0,75899.0,2025-07-10 12:45:06.742985
2025-07-10,52075,2025071003005657,SAPDBL,ABC Securities Private Limited,Blue Chip Securities Ltd,10,1060.0,10600.0,2025-07-10 12:45:08.647820
2025-07-10,52059,2025071003005659,SAPDBL,Vision Securities Pvt. Ltd,Sumeru Securities Pvt. Ltd.,23,1062.1,24428.3,2025-07-10 12:45:11.779704
2025-07-10,52058,2025071003005660,SAPDBL,ABC Securities Private Limited,Sumeru Securities Pvt. Ltd.,167,1060.0,177020.0,2025-07-10 12:45:11.779846
2025-07-10,51937,2025071003005668,SAPDBL,N.M.B. SECURITIES LIMITED,Sumeru Securities Pvt. Ltd.,60,1061.0,63660.0,2025-07-10 12:45:32.866148
2025-07-10,51868,2025071003005674,SAPDBL,Dipshikha Dhitopatra Karobar Co. Pvt Ltd.,Online Securities Pvt. Ltd.,100,1068.9,106890.0,2025-07-10 12:45:44.862338
2025-07-10,51863,2025071003005675,SAPDBL,ABC Securities Private Limited,Blue Chip Securities Ltd,10,1060.0,10600.0,2025-07-10 12:45:46.764220
2025-07-10,51774,2025071003005693,SAPDBL,Dakshinkali Investment & Securities Pvt. Ltd.,Blue Chip Securities Ltd,10,1057.1,10571.0,2025-07-10 12:45:56.798010
2025-07-10,51117,2025071003005792,SAPDBL,Dipshikha Dhitopatra Karobar Co. Pvt Ltd.,Sumeru Securities Pvt. Ltd.,30,1061.0,31830.0,2025-07-10 12:47:53.815555
2025-07-10,51108,2025071003005793,SAPDBL,N.M.B. SECURITIES LIMITED,Blue Chip Securities Ltd,10,1057.2,10572.0,2025-07-10 12:47:56.146341
2025-07-10,50996,2025071003005810,SAPDBL,Naasa Securities Co. Ltd.,Sumeru Securities Pvt. Ltd.,300,1068.0,320400.0,2025-07-10 12:48:17.246589
2025-07-10,50974,2025071003005819,SAPDBL,N.M.B. SECURITIES LIMITED,Blue Chip Securities Ltd,10,1057.2,10572.0,2025-07-10 12:48:21.217678
2025-07-10,50686,2025071003005846,SAPDBL,Naasa Securities Co. Ltd.,Vision Securities Pvt. Ltd,11,1057.4,11631.4,2025-07-10 12:49:09.574343
2025-07-10,50685,2025071003005847,SAPDBL,Imperial Securities Company Pvt. Ltd.,Vision Securities Pvt. Ltd,14,1057.3,14802.2,2025-07-10 12:49:09.574516
2025-07-10,50537,2025071003005879,SAPDBL,Naasa Securities Co. Ltd.,Sumeru Securities Pvt. Ltd.,100,1067.0,106700.0,2025-07-10 12:49:24.001299
2025-07-10,50533,2025071003005881,SAPDBL,South Asian Bulls Pvt. Ltd.,Blue Chip Securities Ltd,10,1060.0,10600.0,2025-07-10 12:49:26.409549
2025-07-10,50523,2025071003005882,SAPDBL,South Asian Bulls Pvt. Ltd.,Hatemalo Financial Services Private Limited,10,1060.0,10600.0,2025-07-10 12:49:28.203965
2025-07-10,49086,2025071003006102,SAPDBL,Bhrikuti Stock Broking Co. Pvt. Ltd.,Imperial Securities Company Pvt. Ltd.,16,1065.0,17040.0,2025-07-10 12:54:07.593443
2025-07-10,49085,2025071003006103,SAPDBL,Bhrikuti Stock Broking Co. Pvt. Ltd.,Naasa Securities Co. Ltd.,10,1065.0,10650.0,2025-07-10 12:54:07.593617
2025-07-10,49072,2025071003006106,SAPDBL,Bhrikuti Stock Broking Co. Pvt. Ltd.,Blue Chip Securities Ltd,10,1065.0,10650.0,2025-07-10 12:54:10.211655
2025-07-10,49024,2025071003006116,SAPDBL,Dipshikha Dhitopatra Karobar Co. Pvt Ltd.,Sumeru Securities Pvt. Ltd.,30,1066.0,31980.0,2025-07-10 12:54:23.423242
2025-07-10,48986,2025071003006123,SAPDBL,Bhrikuti Stock Broking Co. Pvt. Ltd.,Blue Chip Securities Ltd,10,1065.0,10650.0,2025-07-10 12:54:27.259884
2025-07-10,48863,2025071003006134,SAPDBL,Bhrikuti Stock Broking Co. Pvt. Ltd.,Blue Chip Securities Ltd,10,1065.0,10650.0,2025-07-10 12:54:52.339357
2025-07-10,48768,2025071003006155,SAPDBL,Naasa Securities Co. Ltd.,Sumeru Securities Pvt. Ltd.,10,1066.0,10660.0,2025-07-10 12:55:02.809723
2025-07-10,48757,2025071003006160,SAPDBL,Bhrikuti Stock Broking Co. Pvt. Ltd.,Sumeru Securities Pvt. Ltd.,344,1065.0,366360.0,2025-07-10 12:55:03.811645
2025-07-10,48756,2025071003006161,SAPDBL,South Asian Bulls Pvt. Ltd.,Sumeru Securities Pvt. Ltd.,10,1065.0,10650.0,2025-07-10 12:55:03.811983
2025-07-10,48746,2025071003006163,SAPDBL,Naasa Securities Co. Ltd.,Sumeru Securities Pvt. Ltd.,300,1066.0,319800.0,2025-07-10 12:55:05.854083
2025-07-10,48724,2025071003006165,SAPDBL,South Asian Bulls Pvt. Ltd.,Asian Securities Private Ltd.,50,1065.0,53250.0,2025-07-10 12:55:09.730708
2025-07-10,48684,2025071003006170,SAPDBL,South Asian Bulls Pvt. Ltd.,Sumeru Securities Pvt. Ltd.,252,1065.0,268380.0,2025-07-10 12:55:17.868532
2025-07-10,48670,2025071003006173,SAPDBL,Vision Securities Pvt. Ltd,Blue Chip Securities Ltd,10,1061.0,10610.0,2025-07-10 12:55:20.426150
2025-07-10,48636,2025071003006175,SAPDBL,Bhrikuti Stock Broking Co. Pvt. Ltd.,Sumeru Securities Pvt. Ltd.,50,1065.0,53250.0,2025-07-10 12:55:31.380170
2025-07-10,48618,2025071003006178,SAPDBL,Vision Securities Pvt. Ltd,Blue Chip Securities Ltd,10,1061.0,10610.0,2025-07-10 12:55:34.470480
2025-07-10,47099,2025071003006466,SAPDBL,Bhrikuti Stock Broking Co. Pvt. Ltd.,Sani Securities Company Ltd.,20,1063.2,21264.0,2025-07-10 12:59:36.079821
2025-07-10,47089,2025071003006467,SAPDBL,Bhrikuti Stock Broking Co. Pvt. Ltd.,Blue Chip Securities Ltd,10,1063.2,10632.0,2025-07-10 12:59:38.190692
2025-07-10,47065,2025071003006477,SAPDBL,Market Securities & Exchange (PVT) Ltd.,Sri Hari Securities Pvt. Ltd.,50,1064.0,53200.0,2025-07-10 12:59:42.355263
2025-07-10,47064,2025071003006478,SAPDBL,Market Securities & Exchange (PVT) Ltd.,Sumeru Securities Pvt. Ltd.,50,1065.0,53250.0,2025-07-10 12:59:42.355425
2025-07-10,47045,2025071003006481,SAPDBL,Bhrikuti Stock Broking Co. Pvt. Ltd.,Blue Chip Securities Ltd,10,1063.2,10632.0,2025-07-10 12:59:45.214556
2025-07-10,46757,2025071003006548,SAPDBL,Online Securities Pvt. Ltd.,Sumeru Securities Pvt. Ltd.,10,1065.0,10650.0,2025-07-10 13:00:23.141345
2025-07-10,46684,2025071003006553,SAPDBL,Bhrikuti Stock Broking Co. Pvt. Ltd.,Blue Chip Securities Ltd,10,1063.2,10632.0,2025-07-10 13:00:38.360419
2025-07-10,46171,2025071003006654,SAPDBL,Primo Securities (PVT) Ltd.,Blue Chip Securities Ltd,90,1064.0,95760.0,2025-07-10 13:02:09.623989
2025-07-10,46118,2025071003006661,SAPDBL,Primo Securities (PVT) Ltd.,Blue Chip Securities Ltd,10,1064.0,10640.0,2025-07-10 13:02:17.654784
2025-07-10,46117,2025071003006662,SAPDBL,Bhrikuti Stock Broking Co. Pvt. Ltd.,Blue Chip Securities Ltd,10,1063.2,10632.0,2025-07-10 13:02:17.654896
2025-07-10,45986,2025071003006689,SAPDBL,Bhrikuti Stock Broking Co. Pvt. Ltd.,Citizens Share Broker Limited,24,1063.2,25516.8,2025-07-10 13:02:34.612651
2025-07-10,45985,2025071003006690,SAPDBL,Online Securities Pvt. Ltd.,Citizens Share Broker Limited,50,1063.0,53150.0,2025-07-10 13:02:34.612878
2025-07-10,45984,2025071003006691,SAPDBL,Thrive Brokerage House Pvt. Ltd,Citizens Share Broker Limited,10,1061.1,10611.0,2025-07-10 13:02:34.612947
2025-07-10,45983,2025071003006692,SAPDBL,Trishakti Securities Public Limited,Citizens Share Broker Limited,116,1061.0,123076.0,2025-07-10 13:02:34.613017
2025-07-10,45919,2025071003006702,SAPDBL,Siprabi Securities Pvt. Ltd.,Sumeru Securities Pvt. Ltd.,100,1065.0,106500.0,2025-07-10 13:02:49.038885
2025-07-10,45912,2025071003006705,SAPDBL,Trishakti Securities Public Limited,Blue Chip Securities Ltd,10,1061.0,10610.0,2025-07-10 13:02:51.761168
2025-07-10,45072,2025071003006819,SAPDBL,Online Securities Pvt. Ltd.,Blue Chip Securities Ltd,10,1061.2,10612.0,2025-07-10 13:05:32.222211
2025-07-10,45071,2025071003006820,SAPDBL,Bhrikuti Stock Broking Co. Pvt. Ltd.,Blue Chip Securities Ltd,100,1061.1,106110.0,2025-07-10 13:05:32.222545
2025-07-10,45070,2025071003006821,SAPDBL,Nagarik Stock Dealer ,Blue Chip Securities Ltd,100,1061.1,106110.0,2025-07-10 13:05:32.222751
2025-07-10,45069,2025071003006822,SAPDBL,Kohinoor Investment & Securities Pvt. Ltd.,Blue Chip Securities Ltd,150,1060.1,159015.0,2025-07-10 13:05:32.222992
2025-07-10,45068,2025071003006823,SAPDBL,Aryatara Investment & Securities,Blue Chip Securities Ltd,471,1060.1,499307.1,2025-07-10 13:05:32.223220
2025-07-10,45067,2025071003006824,SAPDBL,Naasa Securities Co. Ltd.,Blue Chip Securities Ltd,10,1060.0,10600.0,2025-07-10 13:05:32.223428
2025-07-10,45066,2025071003006825,SAPDBL,Naasa Securities Co. Ltd.,Blue Chip Securities Ltd,100,1060.0,106000.0,2025-07-10 13:05:32.223651
2025-07-10,45065,2025071003006826,SAPDBL,Linch Stock Market Ltd.,Blue Chip Securities Ltd,500,1060.0,530000.0,2025-07-10 13:05:32.223851
2025-07-10,45064,2025071003006827,SAPDBL,Trishakti Securities Public Limited,Blue Chip Securities Ltd,154,1060.0,163240.0,2025-07-10 13:05:32.224064
2025-07-10,45063,2025071003006828,SAPDBL,Deevyaa Securities & Stock House Pvt. Ltd,Blue Chip Securities Ltd,100,1060.0,106000.0,2025-07-10 13:05:32.224263
2025-07-10,44983,2025071003006846,SAPDBL,Siprabi Securities Pvt. Ltd.,Blue Chip Securities Ltd,10,1057.2,10572.0,2025-07-10 13:05:52.282251
2025-07-10,44570,2025071003006888,SAPDBL,Bhrikuti Stock Broking Co. Pvt. Ltd.,Blue Chip Securities Ltd,305,1060.0,323300.0,2025-07-10 13:07:10.287002
2025-07-10,44569,2025071003006889,SAPDBL,Bhrikuti Stock Broking Co. Pvt. Ltd.,Aryatara Investment & Securities,10,1060.0,10600.0,2025-07-10 13:07:10.287394
2025-07-10,44294,2025071003006935,SAPDBL,Online Securities Pvt. Ltd.,Blue Chip Securities Ltd,10,1060.0,10600.0,2025-07-10 13:08:21.744554
2025-07-10,44062,2025071003006956,SAPDBL,Nagarik Stock Dealer ,Sumeru Securities Pvt. Ltd.,100,1058.1,105810.0,2025-07-10 13:09:31.994233
2025-07-10,44061,2025071003006957,SAPDBL,Sani Securities Company Ltd.,Sumeru Securities Pvt. Ltd.,410,1058.1,433821.0,2025-07-10 13:09:31.994609
2025-07-10,44060,2025071003006958,SAPDBL,Cristal Kanchanjanga Securites Pvt. Ltd.,Sumeru Securities Pvt. Ltd.,100,1058.0,105800.0,2025-07-10 13:09:31.994823
2025-07-10,44059,2025071003006959,SAPDBL,Blue Chip Securities Ltd,Sumeru Securities Pvt. Ltd.,140,1058.0,148120.0,2025-07-10 13:09:31.995128
2025-07-10,43535,2025071003007073,SAPDBL,Bhrikuti Stock Broking Co. Pvt. Ltd.,Sumeru Securities Pvt. Ltd.,340,1058.4,359856.0,2025-07-10 13:11:36.966497
2025-07-10,43396,2025071003007094,SAPDBL,Thrive Brokerage House Pvt. Ltd,Sumeru Securities Pvt. Ltd.,20,1058.5,21170.0,2025-07-10 13:11:57.709590
2025-07-10,43395,2025071003007095,SAPDBL,Bhrikuti Stock Broking Co. Pvt. Ltd.,Sumeru Securities Pvt. Ltd.,123,1058.4,130183.2,2025-07-10 13:11:57.709763
2025-07-10,43392,2025071003007096,SAPDBL,MILKY WAY SHARE BROKER COMPANY LTD ,Sumeru Securities Pvt. Ltd.,17,1058.4,17992.8,2025-07-10 13:11:59.233912
2025-07-10,43391,2025071003007097,SAPDBL,MILKY WAY SHARE BROKER COMPANY LTD ,Blue Chip Securities Ltd,25,1060.0,26500.0,2025-07-10 13:11:59.234081
2025-07-10,43308,2025071003007102,SAPDBL,Dakshinkali Investment & Securities Pvt. Ltd.,Sumeru Securities Pvt. Ltd.,50,1058.3,52915.0,2025-07-10 13:12:22.475719
2025-07-10,43180,2025071003007125,SAPDBL,South Asian Bulls Pvt. Ltd.,Sumeru Securities Pvt. Ltd.,50,1058.3,52915.0,2025-07-10 13:12:47.658624
2025-07-10,43163,2025071003007126,SAPDBL,Siprabi Securities Pvt. Ltd.,Sumeru Securities Pvt. Ltd.,24,1058.3,25399.2,2025-07-10 13:12:50.033828
2025-07-10,43073,2025071003007141,SAPDBL,South Asian Bulls Pvt. Ltd.,Sumeru Securities Pvt. Ltd.,20,1058.3,21166.0,2025-07-10 13:13:08.760325
2025-07-10,43038,2025071003007153,SAPDBL,Secured Securities Ltd.,Deevyaa Securities & Stock House Pvt. Ltd,14,1058.3,14816.2,2025-07-10 13:13:18.357511
2025-07-10,43037,2025071003007154,SAPDBL,Linch Stock Market Ltd.,Deevyaa Securities & Stock House Pvt. Ltd,86,1058.2,91005.2,2025-07-10 13:13:18.357818
2025-07-10,42547,2025071003007239,SAPDBL,Secured Securities Ltd.,Blue Chip Securities Ltd,20,1060.0,21200.0,2025-07-10 13:15:10.215447
2025-07-10,42355,2025071003007272,SAPDBL,Sani Securities Company Ltd.,Trishakti Securities Public Limited,27,1058.4,28576.8,2025-07-10 13:15:48.883286
2025-07-10,42339,2025071003007284,SAPDBL,Sri Hari Securities Pvt. Ltd.,Trishakti Securities Public Limited,60,1058.4,63504.0,2025-07-10 13:15:50.092072
2025-07-10,42229,2025071003007298,SAPDBL,Dakshinkali Investment & Securities Pvt. Ltd.,Trishakti Securities Public Limited,10,1058.3,10583.0,2025-07-10 13:16:14.064256
2025-07-10,42228,2025071003007299,SAPDBL,Linch Stock Market Ltd.,Trishakti Securities Public Limited,214,1058.2,226454.8,2025-07-10 13:16:14.064654
2025-07-10,42184,2025071003007307,SAPDBL,Blue Chip Securities Ltd,Trishakti Securities Public Limited,189,1058.0,199962.0,2025-07-10 13:16:26.145224
2025-07-10,41583,2025071003007420,SAPDBL,Dipshikha Dhitopatra Karobar Co. Pvt Ltd.,Blue Chip Securities Ltd,30,1060.0,31800.0,2025-07-10 13:18:55.671326
2025-07-10,41528,2025071003007427,SAPDBL,Stoxkarts Securities Limited,Blue Chip Securities Ltd,200,1060.0,212000.0,2025-07-10 13:19:11.977769
2025-07-10,41383,2025071003007442,SAPDBL,ABC Securities Private Limited,Blue Chip Securities Ltd,10,1060.0,10600.0,2025-07-10 13:19:38.316621
2025-07-10,41079,2025071003007496,SAPDBL,Vision Securities Pvt. Ltd,Blue Chip Securities Ltd,20,1060.0,21200.0,2025-07-10 13:20:33.555147
2025-07-10,41053,2025071003007500,SAPDBL,Midas Stock Broking Company Private Limited,Blue Chip Securities Ltd,240,1060.0,254400.0,2025-07-10 13:20:44.249179
2025-07-10,41052,2025071003007501,SAPDBL,Midas Stock Broking Company Private Limited,Trisul Securities & Invt. Ltd.,50,1060.0,53000.0,2025-07-10 13:20:44.249514
2025-07-10,40751,2025071003007543,SAPDBL,Midas Stock Broking Company Private Limited,Blue Chip Securities Ltd,10,1060.0,10600.0,2025-07-10 13:21:46.396637
2025-07-10,40750,2025071003007544,SAPDBL,Online Securities Pvt. Ltd.,Blue Chip Securities Ltd,100,1060.0,106000.0,2025-07-10 13:21:46.396975
2025-07-10,40416,2025071003007599,SAPDBL,KALASH STOCK MARKET PVT. LTD.,Blue Chip Securities Ltd,50,1060.0,53000.0,2025-07-10 13:22:43.341941
2025-07-10,40329,2025071003007615,SAPDBL,Sumeru Securities Pvt. Ltd.,Blue Chip Securities Ltd,300,1060.0,318000.0,2025-07-10 13:23:01.853269
2025-07-10,40090,2025071003007639,SAPDBL,Sharepro Securities Private Limited,Sumeru Securities Pvt. Ltd.,20,1058.8,21176.0,2025-07-10 13:23:53.138408
2025-07-10,40070,2025071003007643,SAPDBL,Nabil Stock Dealer Ltd.,Sumeru Securities Pvt. Ltd.,139,1058.8,147173.2,2025-07-10 13:23:58.853645
2025-07-10,40008,2025071003007654,SAPDBL,Kohinoor Investment & Securities Pvt. Ltd.,Sumeru Securities Pvt. Ltd.,81,1058.7,85754.7,2025-07-10 13:24:14.214137
2025-07-10,39380,2025071003007717,SAPDBL,Kohinoor Investment & Securities Pvt. Ltd.,Sumeru Securities Pvt. Ltd.,119,1058.7,125985.3,2025-07-10 13:26:00.631894
2025-07-10,39379,2025071003007718,SAPDBL,Arun Securities (PVT) Ltd.,Sumeru Securities Pvt. Ltd.,20,1058.7,21174.0,2025-07-10 13:26:00.632107
2025-07-10,39378,2025071003007719,SAPDBL,Sani Securities Company Ltd.,Sumeru Securities Pvt. Ltd.,11,1058.7,11645.7,2025-07-10 13:26:00.632203
2025-07-10,38525,2025071003007847,SAPDBL,Malla & Malla Stock Broking Company Pvt. Limited,Blue Chip Securities Ltd,100,1060.0,106000.0,2025-07-10 13:29:05.665578
2025-07-10,38449,2025071003007860,SAPDBL,Capital Max Securities Ltd,Blue Chip Securities Ltd,75,1060.0,79500.0,2025-07-10 13:29:23.147828
2025-07-10,38388,2025071003007867,SAPDBL,Ashutosh Brokerage & Securities (PVT) Ltd.,Blue Chip Securities Ltd,100,1060.0,106000.0,2025-07-10 13:29:36.775467
2025-07-10,38194,2025071003007909,SAPDBL,Naasa Securities Co. Ltd.,Blue Chip Securities Ltd,50,1060.0,53000.0,2025-07-10 13:30:27.226072
2025-07-10,38163,2025071003007913,SAPDBL,Asian Securities Private Ltd.,Blue Chip Securities Ltd,90,1060.0,95400.0,2025-07-10 13:30:30.879039
2025-07-10,38051,2025071003007945,SAPDBL,Deevyaa Securities & Stock House Pvt. Ltd,Blue Chip Securities Ltd,125,1060.0,132500.0,2025-07-10 13:30:51.643746
2025-07-10,37903,2025071003007960,SAPDBL,Deevyaa Securities & Stock House Pvt. Ltd,Blue Chip Securities Ltd,75,1060.0,79500.0,2025-07-10 13:31:19.083596
2025-07-10,37902,2025071003007961,SAPDBL,Naasa Securities Co. Ltd.,Blue Chip Securities Ltd,20,1060.0,21200.0,2025-07-10 13:31:19.455308
2025-07-10,37641,2025071003007997,SAPDBL,Siprabi Securities Pvt. Ltd.,Arun Securities (PVT) Ltd.,20,1059.3,21186.0,2025-07-10 13:32:10.422470
2025-07-10,36723,2025071003008189,SAPDBL,J.F. Securites (PVT) Ltd.,Blue Chip Securities Ltd,50,1060.0,53000.0,2025-07-10 13:35:10.109161
2025-07-10,36663,2025071003008193,SAPDBL,Primo Securities (PVT) Ltd.,Blue Chip Securities Ltd,10,1060.0,10600.0,2025-07-10 13:35:13.389827
2025-07-10,36515,2025071003008225,SAPDBL,Online Securities Pvt. Ltd.,Blue Chip Securities Ltd,200,1060.0,212000.0,2025-07-10 13:35:50.432630
2025-07-10,36469,2025071003008236,SAPDBL,Online Securities Pvt. Ltd.,Blue Chip Securities Ltd,200,1060.0,212000.0,2025-07-10 13:36:02.536639
2025-07-10,36383,2025071003008239,SAPDBL,Dynamic Money Managers Securities Pvt. Ltd.,Blue Chip Securities Ltd,50,1060.0,53000.0,2025-07-10 13:36:22.038703
2025-07-10,36211,2025071003008287,SAPDBL,Dipshikha Dhitopatra Karobar Co. Pvt Ltd.,Blue Chip Securities Ltd,50,1060.0,53000.0,2025-07-10 13:36:55.097707
2025-07-10,36104,2025071003008304,SAPDBL,Online Securities Pvt. Ltd.,Blue Chip Securities Ltd,190,1060.0,201400.0,2025-07-10 13:37:18.201644
2025-07-10,35828,2025071003008356,SAPDBL,Online Securities Pvt. Ltd.,Blue Chip Securities Ltd,85,1060.0,90100.0,2025-07-10 13:38:12.739927
2025-07-10,35763,2025071003008361,SAPDBL,Siprabi Securities Pvt. Ltd.,Dipshikha Dhitopatra Karobar Co. Pvt Ltd.,10,1059.3,10593.0,2025-07-10 13:38:24.732676
2025-07-10,35762,2025071003008362,SAPDBL,Siprabi Securities Pvt. Ltd.,Dipshikha Dhitopatra Karobar Co. Pvt Ltd.,100,1059.3,105930.0,2025-07-10 13:38:24.733068
2025-07-10,35653,2025071003008374,SAPDBL,Linch Stock Market Ltd.,Dipshikha Dhitopatra Karobar Co. Pvt Ltd.,50,1059.3,52965.0,2025-07-10 13:38:53.979838
2025-07-10,35445,2025071003008400,SAPDBL,Sani Securities Company Ltd.,Dipshikha Dhitopatra Karobar Co. Pvt Ltd.,20,1059.3,21186.0,2025-07-10 13:39:40.333692
2025-07-10,35415,2025071003008401,SAPDBL,Aryatara Investment & Securities,Dipshikha Dhitopatra Karobar Co. Pvt Ltd.,19,1059.3,20126.7,2025-07-10 13:39:43.870256
2025-07-10,35414,2025071003008402,SAPDBL,Aryatara Investment & Securities,Naasa Securities Co. Ltd.,20,1059.3,21186.0,2025-07-10 13:39:43.870477
2025-07-10,33684,2025071003008782,SAPDBL,Linch Stock Market Ltd.,Online Securities Pvt. Ltd.,130,1060.0,137800.0,2025-07-10 13:45:05.926944
2025-07-10,33615,2025071003008788,SAPDBL,Linch Stock Market Ltd.,Blue Chip Securities Ltd,70,1060.0,74200.0,2025-07-10 13:45:20.721416
2025-07-10,33614,2025071003008789,SAPDBL,Aryatara Investment & Securities,Blue Chip Securities Ltd,11,1059.3,11652.3,2025-07-10 13:45:20.721495
2025-07-10,33591,2025071003008797,SAPDBL,Sweta Securities Private Limited,Pragyan Securities (PVT) Ltd.,10,1064.8,10648.0,2025-07-10 13:45:27.997114
2025-07-10,33300,2025071003008852,SAPDBL,Sweta Securities Private Limited,Blue Chip Securities Ltd,100,1060.0,106000.0,2025-07-10 13:46:33.959765
2025-07-10,33299,2025071003008853,SAPDBL,Arun Securities (PVT) Ltd.,Blue Chip Securities Ltd,20,1060.0,21200.0,2025-07-10 13:46:33.959832
2025-07-10,33237,2025071003008868,SAPDBL,Aryatara Investment & Securities,Blue Chip Securities Ltd,50,1060.0,53000.0,2025-07-10 13:46:50.751815
2025-07-10,32850,2025071003008932,SAPDBL,Thrive Brokerage House Pvt. Ltd,Blue Chip Securities Ltd,100,1060.0,106000.0,2025-07-10 13:48:05.675233
2025-07-10,32453,2025071003009000,SAPDBL,Naasa Securities Co. Ltd.,Dynamic Money Managers Securities Pvt. Ltd.,18,1059.2,19065.6,2025-07-10 13:49:35.709596
2025-07-10,32452,2025071003009001,SAPDBL,Nepal Stock House (PVT) Ltd.,Dynamic Money Managers Securities Pvt. Ltd.,20,1059.2,21184.0,2025-07-10 13:49:35.709969
2025-07-10,32451,2025071003009002,SAPDBL,Sajilo Broker Limited,Dynamic Money Managers Securities Pvt. Ltd.,62,1059.2,65670.4,2025-07-10 13:49:35.710234
2025-07-10,31449,2025071003009141,SAPDBL,Ashutosh Brokerage & Securities (PVT) Ltd.,Blue Chip Securities Ltd,200,1060.0,212000.0,2025-07-10 13:53:20.380791
2025-07-10,31240,2025071003009182,SAPDBL,Asian Securities Private Ltd.,Blue Chip Securities Ltd,50,1060.0,53000.0,2025-07-10 13:54:19.310675
2025-07-10,31037,2025071003009202,SAPDBL,Agrawal Securities (PVT) Ltd.,Blue Chip Securities Ltd,88,1060.0,93280.0,2025-07-10 13:55:05.634761
2025-07-10,30881,2025071003009220,SAPDBL,Nagarik Stock Dealer ,Blue Chip Securities Ltd,200,1060.0,212000.0,2025-07-10 13:55:55.050411
2025-07-10,30806,2025071003009229,SAPDBL,Sweta Securities Private Limited,Agrawal Securities (PVT) Ltd.,10,1059.2,10592.0,2025-07-10 13:56:12.228522
2025-07-10,30805,2025071003009230,SAPDBL,KALASH STOCK MARKET PVT. LTD.,Agrawal Securities (PVT) Ltd.,19,1059.2,20124.8,2025-07-10 13:56:12.228745
2025-07-10,30414,2025071003009313,SAPDBL,Dakshinkali Investment & Securities Pvt. Ltd.,Blue Chip Securities Ltd,212,1060.0,224720.0,2025-07-10 13:57:56.896066
2025-07-10,30413,2025071003009314,SAPDBL,Dakshinkali Investment & Securities Pvt. Ltd.,Vision Securities Pvt. Ltd,100,1060.0,106000.0,2025-07-10 13:57:56.896275
2025-07-10,30298,2025071003009333,SAPDBL,Dakshinkali Investment & Securities Pvt. Ltd.,Blue Chip Securities Ltd,208,1060.0,220480.0,2025-07-10 13:58:26.339503
2025-07-10,30297,2025071003009334,SAPDBL,Linch Stock Market Ltd.,Blue Chip Securities Ltd,10,1060.0,10600.0,2025-07-10 13:58:26.339718
2025-07-10,29086,2025071003009501,SAPDBL,SUN SECURITIES PVT LTD,Blue Chip Securities Ltd,500,1060.0,530000.0,2025-07-10 14:03:00.789353
2025-07-10,28157,2025071003009652,SAPDBL,Asian Securities Private Ltd.,Blue Chip Securities Ltd,50,1060.0,53000.0,2025-07-10 14:06:29.715678
2025-07-10,28042,2025071003009664,SAPDBL,Magnet Securities and Investment Company Private Limited,Blue Chip Securities Ltd,100,1060.0,106000.0,2025-07-10 14:06:56.662341
2025-07-10,27919,2025071003009686,SAPDBL,Kalika Securities Pvt. Ltd.,Blue Chip Securities Ltd,15,1060.0,15900.0,2025-07-10 14:07:22.297894
2025-07-10,27611,2025071003009730,SAPDBL,Kohinoor Investment & Securities Pvt. Ltd.,Blue Chip Securities Ltd,117,1060.0,124020.0,2025-07-10 14:08:27.114956
2025-07-10,27610,2025071003009731,SAPDBL,Kohinoor Investment & Securities Pvt. Ltd.,Kohinoor Investment & Securities Pvt. Ltd.,206,1060.0,218360.0,2025-07-10 14:08:27.115178
2025-07-10,27203,2025071003009777,SAPDBL,Kohinoor Investment & Securities Pvt. Ltd.,Blue Chip Securities Ltd,152,1060.0,161120.0,2025-07-10 14:10:05.204625
2025-07-10,26835,2025071003009850,SAPDBL,Dynamic Money Managers Securities Pvt. Ltd.,Blue Chip Securities Ltd,121,1060.0,128260.0,2025-07-10 14:11:38.243055
2025-07-10,26518,2025071003009899,SAPDBL,Naasa Securities Co. Ltd.,Blue Chip Securities Ltd,70,1060.0,74200.0,2025-07-10 14:12:35.926833
2025-07-10,26402,2025071003009933,SAPDBL,Deevyaa Securities & Stock House Pvt. Ltd,Blue Chip Securities Ltd,557,1060.0,590420.0,2025-07-10 14:13:06.559000
2025-07-10,26381,2025071003009938,SAPDBL,Dakshinkali Investment & Securities Pvt. Ltd.,Nepal Investment And Securities Trading Private Limited,65,1059.5,68867.5,2025-07-10 14:13:14.851074
2025-07-10,26380,2025071003009939,SAPDBL,Linch Stock Market Ltd.,Nepal Investment And Securities Trading Private Limited,50,1059.4,52970.0,2025-07-10 14:13:14.851482
2025-07-10,26379,2025071003009940,SAPDBL,Aryatara Investment & Securities,Nepal Investment And Securities Trading Private Limited,50,1059.3,52965.0,2025-07-10 14:13:14.851759
2025-07-10,26378,2025071003009941,SAPDBL,Sajilo Broker Limited,Nepal Investment And Securities Trading Private Limited,88,1059.3,93218.4,2025-07-10 14:13:14.852039
2025-07-10,26377,2025071003009942,SAPDBL,KALASH STOCK MARKET PVT. LTD.,Nepal Investment And Securities Trading Private Limited,47,1059.2,49782.4,2025-07-10 14:13:14.852279
2025-07-10,26120,2025071003009985,SAPDBL,KALASH STOCK MARKET PVT. LTD.,Nepal Investment And Securities Trading Private Limited,11,1059.2,11651.2,2025-07-10 14:14:14.657693
2025-07-10,26119,2025071003009986,SAPDBL,Nepal Investment And Securities Trading Private Limited,Nepal Investment And Securities Trading Private Limited,189,1059.1,200169.9,2025-07-10 14:14:14.658148
2025-07-10,26023,2025071003010000,SAPDBL,Sweta Securities Private Limited,Blue Chip Securities Ltd,95,1060.0,100700.0,2025-07-10 14:14:51.605134
2025-07-10,25943,2025071003010015,SAPDBL,Nepal Investment And Securities Trading Private Limited,NIMB Stock Markets Limited,211,1059.1,223470.1,2025-07-10 14:15:14.256706
2025-07-10,25942,2025071003010016,SAPDBL,Aryatara Investment & Securities,NIMB Stock Markets Limited,100,1059.1,105910.0,2025-07-10 14:15:14.257145
2025-07-10,25941,2025071003010017,SAPDBL,Blue Chip Securities Ltd,NIMB Stock Markets Limited,689,1059.0,729651.0,2025-07-10 14:15:14.257509
2025-07-10,25940,2025071003010018,SAPDBL,Naasa Securities Co. Ltd.,Blue Chip Securities Ltd,110,1060.0,116600.0,2025-07-10 14:15:14.765924
2025-07-10,25830,2025071003010036,SAPDBL,Blue Chip Securities Ltd,Imperial Securities Company Pvt. Ltd.,219,1059.0,231921.0,2025-07-10 14:15:43.271542
2025-07-10,25748,2025071003010049,SAPDBL,Aryatara Investment & Securities,Blue Chip Securities Ltd,100,1060.0,106000.0,2025-07-10 14:16:06.586324
2025-07-10,25731,2025071003010052,SAPDBL,Market Securities & Exchange (PVT) Ltd.,Blue Chip Securities Ltd,50,1060.0,53000.0,2025-07-10 14:16:15.314182
2025-07-10,25248,2025071003010111,SAPDBL,Online Securities Pvt. Ltd.,Blue Chip Securities Ltd,100,1060.0,106000.0,2025-07-10 14:17:39.232937
2025-07-10,25129,2025071003010126,SAPDBL,Siprabi Securities Pvt. Ltd.,Blue Chip Securities Ltd,30,1060.0,31800.0,2025-07-10 14:18:04.887312
2025-07-10,25065,2025071003010135,SAPDBL,Sweta Securities Private Limited,Blue Chip Securities Ltd,50,1060.0,53000.0,2025-07-10 14:18:16.774499
2025-07-10,24933,2025071003010157,SAPDBL,Online Securities Pvt. Ltd.,Blue Chip Securities Ltd,30,1060.0,31800.0,2025-07-10 14:18:54.075981
2025-07-10,24688,2025071003010211,SAPDBL,Dakshinkali Investment & Securities Pvt. Ltd.,Blue Chip Securities Ltd,91,1059.1,96378.1,2025-07-10 14:19:43.905279
2025-07-10,24687,2025071003010212,SAPDBL,Blue Chip Securities Ltd,Blue Chip Securities Ltd,409,1059.0,433131.0,2025-07-10 14:19:43.905479
2025-07-10,24478,2025071003010239,SAPDBL,Aryatara Investment & Securities,Blue Chip Securities Ltd,75,1060.0,79500.0,2025-07-10 14:20:27.489780
2025-07-10,24391,2025071003010246,SAPDBL,Cristal Kanchanjanga Securites Pvt. Ltd.,Blue Chip Securities Ltd,100,1060.0,106000.0,2025-07-10 14:20:47.438084
2025-07-10,24366,2025071003010248,SAPDBL,Naasa Securities Co. Ltd.,Blue Chip Securities Ltd,160,1060.0,169600.0,2025-07-10 14:20:55.514302
2025-07-10,24014,2025071003010305,SAPDBL,Blue Chip Securities Ltd,Pragyan Securities (PVT) Ltd.,200,1059.0,211800.0,2025-07-10 14:22:07.119012
2025-07-10,23722,2025071003010404,SAPDBL,Miyo Securities Pvt Ltd,Imperial Securities Company Pvt. Ltd.,159,1059.9,168524.1,2025-07-10 14:22:43.850273
2025-07-10,23721,2025071003010405,SAPDBL,Miyo Securities Pvt Ltd,Blue Chip Securities Ltd,341,1060.0,361460.0,2025-07-10 14:22:43.850511
2025-07-10,23592,2025071003010437,SAPDBL,Blue Chip Securities Ltd,Thrive Brokerage House Pvt. Ltd,100,1059.0,105900.0,2025-07-10 14:23:13.140827
2025-07-10,23505,2025071003010440,SAPDBL,Dipshikha Dhitopatra Karobar Co. Pvt Ltd.,Blue Chip Securities Ltd,10,1060.0,10600.0,2025-07-10 14:23:23.380121
2025-07-10,22773,2025071003010492,SAPDBL,Agrawal Securities (PVT) Ltd.,Imperial Securities Company Pvt. Ltd.,10,1059.9,10599.0,2025-07-10 14:25:05.806524
2025-07-10,22772,2025071003010493,SAPDBL,Agrawal Securities (PVT) Ltd.,Blue Chip Securities Ltd,190,1060.0,201400.0,2025-07-10 14:25:05.806728
2025-07-10,22761,2025071003010494,SAPDBL,Sweta Securities Private Limited,Blue Chip Securities Ltd,50,1060.0,53000.0,2025-07-10 14:25:07.688851
2025-07-10,22621,2025071003010511,SAPDBL,Miyo Securities Pvt Ltd,Blue Chip Securities Ltd,309,1060.0,327540.0,2025-07-10 14:25:38.373255
2025-07-10,22385,2025071003010546,SAPDBL,Miyo Securities Pvt Ltd,Blue Chip Securities Ltd,191,1060.0,202460.0,2025-07-10 14:26:19.109395
2025-07-10,22384,2025071003010547,SAPDBL,Imperial Securities Company Pvt. Ltd.,Blue Chip Securities Ltd,20,1060.0,21200.0,2025-07-10 14:26:19.109648
2025-07-10,22383,2025071003010548,SAPDBL,Nepal Stock House (PVT) Ltd.,Blue Chip Securities Ltd,49,1060.0,51940.0,2025-07-10 14:26:19.109813
2025-07-10,22343,2025071003010555,SAPDBL,Linch Stock Market Ltd.,Blue Chip Securities Ltd,10,1060.0,10600.0,2025-07-10 14:26:27.558735
2025-07-10,22339,2025071003010556,SAPDBL,Cristal Kanchanjanga Securites Pvt. Ltd.,Blue Chip Securities Ltd,15,1060.0,15900.0,2025-07-10 14:26:28.987398
2025-07-10,22153,2025071003010571,SAPDBL,Thrive Brokerage House Pvt. Ltd,Blue Chip Securities Ltd,20,1060.0,21200.0,2025-07-10 14:27:08.339619
2025-07-10,21948,2025071003010608,SAPDBL,Sweta Securities Private Limited,Blue Chip Securities Ltd,50,1060.0,53000.0,2025-07-10 14:27:39.438996
2025-07-10,21767,2025071003010625,SAPDBL,South Asian Bulls Pvt. Ltd.,Blue Chip Securities Ltd,48,1060.0,50880.0,2025-07-10 14:28:06.757040
2025-07-10,21694,2025071003010630,SAPDBL,Dipshikha Dhitopatra Karobar Co. Pvt Ltd.,Blue Chip Securities Ltd,200,1060.0,212000.0,2025-07-10 14:28:18.162929
2025-07-10,21547,2025071003010656,SAPDBL,Sewa Securities Pvt. Ltd.,Blue Chip Securities Ltd,50,1060.0,53000.0,2025-07-10 14:28:39.033480
2025-07-10,21193,2025071003010699,SAPDBL,Deevyaa Securities & Stock House Pvt. Ltd,Blue Chip Securities Ltd,350,1060.0,371000.0,2025-07-10 14:29:39.153711
2025-07-10,21127,2025071003010704,SAPDBL,Naasa Securities Co. Ltd.,Blue Chip Securities Ltd,47,1060.0,49820.0,2025-07-10 14:29:50.216535
2025-07-10,20929,2025071003010780,SAPDBL,Ashutosh Brokerage & Securities (PVT) Ltd.,Blue Chip Securities Ltd,50,1060.0,53000.0,2025-07-10 14:30:26.033635
2025-07-10,20711,2025071003010821,SAPDBL,Sajilo Broker Limited,Linch Stock Market Ltd.,10,1059.3,10593.0,2025-07-10 14:31:04.970981
2025-07-10,20710,2025071003010822,SAPDBL,Sajilo Broker Limited,Hatemalo Financial Services Private Limited,10,1059.3,10593.0,2025-07-10 14:31:05.198558
2025-07-10,20709,2025071003010823,SAPDBL,Sajilo Broker Limited,Hatemalo Financial Services Private Limited,10,1059.3,10593.0,2025-07-10 14:31:05.199397
2025-07-10,20595,2025071003010845,SAPDBL,Sajilo Broker Limited,Hatemalo Financial Services Private Limited,10,1059.3,10593.0,2025-07-10 14:31:27.259350
2025-07-10,20430,2025071003010867,SAPDBL,Sajilo Broker Limited,Aryatara Investment & Securities,110,1059.3,116523.0,2025-07-10 14:31:59.450580
2025-07-10,20429,2025071003010868,SAPDBL,Ashutosh Brokerage & Securities (PVT) Ltd.,Aryatara Investment & Securities,10,1059.3,10593.0,2025-07-10 14:31:59.451013
2025-07-10,19629,2025071003010960,SAPDBL,Capital Max Securities Ltd,Blue Chip Securities Ltd,10,1064.0,10640.0,2025-07-10 14:34:12.527435
2025-07-10,19628,2025071003010961,SAPDBL,Sewa Securities Pvt. Ltd.,Blue Chip Securities Ltd,10,1059.2,10592.0,2025-07-10 14:34:12.527526
2025-07-10,19090,2025071003011068,SAPDBL,Blue Chip Securities Ltd,Dynamic Money Managers Securities Pvt. Ltd.,10,1065.0,10650.0,2025-07-10 14:35:41.794039
2025-07-10,19089,2025071003011069,SAPDBL,Blue Chip Securities Ltd,Nepal Stock House (PVT) Ltd.,170,1065.0,181050.0,2025-07-10 14:35:41.794101
2025-07-10,19088,2025071003011070,SAPDBL,Blue Chip Securities Ltd,Cristal Kanchanjanga Securites Pvt. Ltd.,100,1068.0,106800.0,2025-07-10 14:35:41.794135
2025-07-10,19087,2025071003011071,SAPDBL,Blue Chip Securities Ltd,Online Securities Pvt. Ltd.,100,1068.9,106890.0,2025-07-10 14:35:41.794162
2025-07-10,19086,2025071003011072,SAPDBL,Blue Chip Securities Ltd,Asian Securities Private Ltd.,100,1070.0,107000.0,2025-07-10 14:35:41.794187
2025-07-10,19085,2025071003011073,SAPDBL,Blue Chip Securities Ltd,Trisul Securities & Invt. Ltd.,1500,1072.0,1608000.0,2025-07-10 14:35:41.794220
2025-07-10,19084,2025071003011074,SAPDBL,Blue Chip Securities Ltd,Midas Stock Broking Company Private Limited,10,1075.0,10750.0,2025-07-10 14:35:41.794248
2025-07-10,19083,2025071003011075,SAPDBL,Blue Chip Securities Ltd,Dakshinkali Investment & Securities Pvt. Ltd.,112,1075.1,120411.2,2025-07-10 14:35:41.794269
2025-07-10,19082,2025071003011076,SAPDBL,Blue Chip Securities Ltd,Midas Stock Broking Company Private Limited,10,1078.0,10780.0,2025-07-10 14:35:41.794295
2025-07-10,19081,2025071003011077,SAPDBL,Blue Chip Securities Ltd,Online Securities Pvt. Ltd.,148,1078.2,159573.6,2025-07-10 14:35:41.794318
2025-07-10,19080,2025071003011078,SAPDBL,Blue Chip Securities Ltd,Naasa Securities Co. Ltd.,10,1079.0,10790.0,2025-07-10 14:35:41.794342
2025-07-10,19079,2025071003011079,SAPDBL,Blue Chip Securities Ltd,Deevyaa Securities & Stock House Pvt. Ltd,20,1080.0,21600.0,2025-07-10 14:35:41.794369
2025-07-10,19078,2025071003011080,SAPDBL,Blue Chip Securities Ltd,Swarna Laxmi Securities Pvt. Ltd.,150,1080.0,162000.0,2025-07-10 14:35:41.794393
2025-07-10,19077,2025071003011081,SAPDBL,Blue Chip Securities Ltd,Primo Securities (PVT) Ltd.,100,1080.0,108000.0,2025-07-10 14:35:41.794414
2025-07-10,19076,2025071003011082,SAPDBL,Blue Chip Securities Ltd,Neev Securities Pvt. Ltd.,10,1080.0,10800.0,2025-07-10 14:35:41.794437
2025-07-10,19075,2025071003011083,SAPDBL,Blue Chip Securities Ltd,Aryatara Investment & Securities,50,1080.0,54000.0,2025-07-10 14:35:41.794459
2025-07-10,19074,2025071003011084,SAPDBL,Blue Chip Securities Ltd,Imperial Securities Company Pvt. Ltd.,100,1080.0,108000.0,2025-07-10 14:35:41.794484
2025-07-10,19073,2025071003011085,SAPDBL,Blue Chip Securities Ltd,Vision Securities Pvt. Ltd,200,1080.0,216000.0,2025-07-10 14:35:41.794506
2025-07-10,19072,2025071003011086,SAPDBL,Blue Chip Securities Ltd,Swarna Laxmi Securities Pvt. Ltd.,110,1080.0,118800.0,2025-07-10 14:35:41.794530
2025-07-10,19071,2025071003011087,SAPDBL,Blue Chip Securities Ltd,Neev Securities Pvt. Ltd.,300,1080.0,324000.0,2025-07-10 14:35:41.794556
2025-07-10,19070,2025071003011088,SAPDBL,Blue Chip Securities Ltd,SHUBHAKAMANA SECURITIES PVT. LTD,100,1080.0,108000.0,2025-07-10 14:35:41.794598
2025-07-10,19069,2025071003011089,SAPDBL,Blue Chip Securities Ltd,Sewa Securities Pvt. Ltd.,300,1080.0,324000.0,2025-07-10 14:35:41.794621
2025-07-10,19068,2025071003011090,SAPDBL,Blue Chip Securities Ltd,Online Securities Pvt. Ltd.,10,1080.0,10800.0,2025-07-10 14:35:41.794644
2025-07-10,19067,2025071003011091,SAPDBL,Blue Chip Securities Ltd,Miyo Securities Pvt Ltd,250,1080.0,270000.0,2025-07-10 14:35:41.794682
2025-07-10,19066,2025071003011092,SAPDBL,Blue Chip Securities Ltd,Kohinoor Investment & Securities Pvt. Ltd.,100,1080.0,108000.0,2025-07-10 14:35:41.794706
2025-07-10,19065,2025071003011093,SAPDBL,Blue Chip Securities Ltd,Midas Stock Broking Company Private Limited,100,1080.4,108040.0,2025-07-10 14:35:41.794733
2025-07-10,19064,2025071003011094,SAPDBL,Blue Chip Securities Ltd,Dipshikha Dhitopatra Karobar Co. Pvt Ltd.,240,1081.0,259440.0,2025-07-10 14:35:41.794757
2025-07-10,19063,2025071003011095,SAPDBL,Blue Chip Securities Ltd,Vision Securities Pvt. Ltd,100,1081.0,108100.0,2025-07-10 14:35:41.794780
2025-07-10,19062,2025071003011096,SAPDBL,Blue Chip Securities Ltd,Cristal Kanchanjanga Securites Pvt. Ltd.,300,1081.0,324300.0,2025-07-10 14:35:41.794818
2025-07-10,19061,2025071003011097,SAPDBL,Blue Chip Securities Ltd,Premier Securities Company Ltd.,1000,1081.0,1081000.0,2025-07-10 14:35:41.794839
2025-07-10,19060,2025071003011098,SAPDBL,Blue Chip Securities Ltd,Kumari Securities Private Limited,310,1081.0,335110.0,2025-07-10 14:35:41.794863
2025-07-10,19059,2025071003011099,SAPDBL,Blue Chip Securities Ltd,Dynamic Money Managers Securities Pvt. Ltd.,250,1081.0,270250.0,2025-07-10 14:35:41.794886
2025-07-10,19058,2025071003011100,SAPDBL,Blue Chip Securities Ltd,Naasa Securities Co. Ltd.,50,1081.2,54060.0,2025-07-10 14:35:41.794912
2025-07-10,19057,2025071003011101,SAPDBL,Blue Chip Securities Ltd,Imperial Securities Company Pvt. Ltd.,20,1081.2,21624.0,2025-07-10 14:35:41.794934
2025-07-10,19056,2025071003011102,SAPDBL,Blue Chip Securities Ltd,Siprabi Securities Pvt. Ltd.,105,1081.2,113526.0,2025-07-10 14:35:41.794959
2025-07-10,19055,2025071003011103,SAPDBL,Blue Chip Securities Ltd,Dipshikha Dhitopatra Karobar Co. Pvt Ltd.,999,1081.2,1080118.8,2025-07-10 14:35:41.794982
2025-07-10,19054,2025071003011104,SAPDBL,Blue Chip Securities Ltd,Dipshikha Dhitopatra Karobar Co. Pvt Ltd.,999,1081.2,1080118.8,2025-07-10 14:35:41.795003
2025-07-10,19053,2025071003011105,SAPDBL,Blue Chip Securities Ltd,Garima Securities Limited,100,1081.2,108120.0,2025-07-10 14:35:41.795034
2025-07-10,19052,2025071003011106,SAPDBL,Blue Chip Securities Ltd,Agrawal Securities (PVT) Ltd.,100,1081.2,108120.0,2025-07-10 14:35:41.795057
2025-07-10,19051,2025071003011107,SAPDBL,Blue Chip Securities Ltd,Thrive Brokerage House Pvt. Ltd,10,1081.2,10812.0,2025-07-10 14:35:41.795080
2025-07-10,19050,2025071003011108,SAPDBL,Blue Chip Securities Ltd,Property Wiard Limited,10,1082.0,10820.0,2025-07-10 14:35:41.795116
2025-07-10,19049,2025071003011109,SAPDBL,Blue Chip Securities Ltd,Sipla Securities Private Limited,1000,1082.2,1082200.0,2025-07-10 14:35:41.795161
2025-07-10,19048,2025071003011110,SAPDBL,Blue Chip Securities Ltd,Aryatara Investment & Securities,20,1084.0,21680.0,2025-07-10 14:35:41.795187
2025-07-10,19047,2025071003011111,SAPDBL,Blue Chip Securities Ltd,Sani Securities Company Ltd.,25,1086.0,27150.0,2025-07-10 14:35:41.795215
2025-07-10,19046,2025071003011112,SAPDBL,Blue Chip Securities Ltd,Oxford Securities Pvt. Ltd.,100,1086.0,108600.0,2025-07-10 14:35:41.795241
2025-07-10,19045,2025071003011113,SAPDBL,Blue Chip Securities Ltd,Imperial Securities Company Pvt. Ltd.,100,1086.0,108600.0,2025-07-10 14:35:41.795263
2025-07-10,19044,2025071003011114,SAPDBL,Blue Chip Securities Ltd,Nagarik Stock Dealer ,2992,1086.0,3249312.0,2025-07-10 14:35:41.795296
2025-07-10,19040,2025071003011115,SAPDBL,Linch Stock Market Ltd.,Hatemalo Financial Services Private Limited,10,1059.3,10593.0,2025-07-10 14:35:43.395197
2025-07-10,19039,2025071003011116,SAPDBL,Sewa Securities Pvt. Ltd.,Hatemalo Financial Services Private Limited,10,1059.2,10592.0,2025-07-10 14:35:43.397318
2025-07-10,19038,2025071003011117,SAPDBL,Sewa Securities Pvt. Ltd.,Linch Stock Market Ltd.,10,1059.2,10592.0,2025-07-10 14:35:43.483887
2025-07-10,19015,2025071003011121,SAPDBL,Sewa Securities Pvt. Ltd.,Hatemalo Financial Services Private Limited,10,1059.2,10592.0,2025-07-10 14:35:48.413316
2025-07-10,18883,2025071003011136,SAPDBL,Blue Chip Securities Ltd,Nagarik Stock Dealer ,4008,1086.0,4352688.0,2025-07-10 14:36:05.892143
2025-07-10,18882,2025071003011137,SAPDBL,Blue Chip Securities Ltd,Premier Securities Company Ltd.,90,1086.0,97740.0,2025-07-10 14:36:05.892208
2025-07-10,18881,2025071003011138,SAPDBL,Blue Chip Securities Ltd,Swarna Laxmi Securities Pvt. Ltd.,30,1086.0,32580.0,2025-07-10 14:36:05.892231
2025-07-10,18880,2025071003011139,SAPDBL,Blue Chip Securities Ltd,N.M.B. SECURITIES LIMITED,50,1086.3,54315.0,2025-07-10 14:36:05.892257
2025-07-10,18879,2025071003011140,SAPDBL,Blue Chip Securities Ltd,Aryatara Investment & Securities,985,1086.3,1070005.5,2025-07-10 14:36:05.892277
2025-07-10,18875,2025071003011143,SAPDBL,Sewa Securities Pvt. Ltd.,Hatemalo Financial Services Private Limited,10,1059.2,10592.0,2025-07-10 14:36:06.460553
2025-07-10,18872,2025071003011144,SAPDBL,Sewa Securities Pvt. Ltd.,Linch Stock Market Ltd.,10,1059.2,10592.0,2025-07-10 14:36:07.675433
2025-07-10,18805,2025071003011161,SAPDBL,Sewa Securities Pvt. Ltd.,Hatemalo Financial Services Private Limited,10,1059.2,10592.0,2025-07-10 14:36:13.493301
2025-07-10,18776,2025071003011165,SAPDBL,Sewa Securities Pvt. Ltd.,Linch Stock Market Ltd.,10,1059.2,10592.0,2025-07-10 14:36:17.743308
