Date,S.N.,contract_id,symbol,buyer_broker,seller_broker,volume,price,amount,transaction_time
2025-07-10,87919,2025071001000264,SCB,Primo Securities (PVT) Ltd.,Primo Securities (PVT) Ltd.,500,643.0,321500.0,2025-07-10 11:03:54.015892
2025-07-10,87864,2025071001000292,SCB,Online Securities Pvt. Ltd.,Primo Securities (PVT) Ltd.,160,643.0,102880.0,2025-07-10 11:04:10.755391
2025-07-10,86862,2025071001000744,SCB,MILKY WAY SHARE BROKER COMPANY LTD ,Primo Securities (PVT) Ltd.,840,643.0,540120.0,2025-07-10 11:08:44.532863
2025-07-10,86584,2025071001000884,SCB,MILKY WAY SHARE BROKER COMPANY LTD ,Primo Securities (PVT) Ltd.,1487,645.0,959115.0,2025-07-10 11:09:52.770333
2025-07-10,86507,2025071001000929,SCB,MILKY WAY SHARE BROKER COMPANY LTD ,Nagarik Stock Dealer ,13,646.0,8398.0,2025-07-10 11:10:02.811899
2025-07-10,85956,2025071001001172,SCB,MILKY WAY SHARE BROKER COMPANY LTD ,Aryatara Investment & Securities,25,643.0,16075.0,2025-07-10 11:11:58.174338
2025-07-10,85817,2025071001001219,SCB,MILKY WAY SHARE BROKER COMPANY LTD ,Nagarik Stock Dealer ,152,646.0,98192.0,2025-07-10 11:12:31.283965
2025-07-10,85780,2025071001001238,SCB,MILKY WAY SHARE BROKER COMPANY LTD ,Agrawal Securities (PVT) Ltd.,10,649.0,6490.0,2025-07-10 11:12:40.311958
2025-07-10,85615,2025071001001287,SCB,Primo Securities (PVT) Ltd.,Agrawal Securities (PVT) Ltd.,30,649.0,19470.0,2025-07-10 11:13:12.944674
2025-07-10,83928,2025071001001979,SCB,Trishakti Securities Public Limited,Primo Securities (PVT) Ltd.,11,645.0,7095.0,2025-07-10 11:19:00.331655
2025-07-10,83458,2025071001002168,SCB,Midas Stock Broking Company Private Limited,Naasa Securities Co. Ltd.,100,648.0,64800.0,2025-07-10 11:20:27.512214
2025-07-10,83457,2025071001002169,SCB,Midas Stock Broking Company Private Limited,Citizens Share Broker Limited,400,648.9,259560.0,2025-07-10 11:20:27.512292
2025-07-10,82302,2025071001002692,SCB,Siprabi Securities Pvt. Ltd.,Malla & Malla Stock Broking Company Pvt. Limited,41,645.1,26449.1,2025-07-10 11:24:08.619716
2025-07-10,82301,2025071001002693,SCB,Trishakti Securities Public Limited,Malla & Malla Stock Broking Company Pvt. Limited,159,645.0,102555.0,2025-07-10 11:24:08.619809
2025-07-10,81210,2025071001003184,SCB,Neev Securities Pvt. Ltd.,J.F. Securites (PVT) Ltd.,10,648.8,6488.0,2025-07-10 11:27:05.214294
2025-07-10,81209,2025071001003185,SCB,Neev Securities Pvt. Ltd.,Citizens Share Broker Limited,17,648.9,11031.3,2025-07-10 11:27:05.214392
2025-07-10,80673,2025071001003403,SCB,MILKY WAY SHARE BROKER COMPANY LTD ,Aryatara Investment & Securities,12,645.1,7741.2,2025-07-10 11:28:26.649948
2025-07-10,80164,2025071001003585,SCB,Online Securities Pvt. Ltd.,Asian Securities Private Ltd.,10,648.0,6480.0,2025-07-10 11:29:48.944890
2025-07-10,79306,2025071001003928,SCB,Online Securities Pvt. Ltd.,Shree Krishna Securities Ltd.,10,648.0,6480.0,2025-07-10 11:32:44.018061
2025-07-10,78452,2025071001004255,SCB,Market Securities & Exchange (PVT) Ltd.,Vision Securities Pvt. Ltd,300,647.0,194100.0,2025-07-10 11:35:23.449552
2025-07-10,78159,2025071001004358,SCB,Nepal Stock House (PVT) Ltd.,Vision Securities Pvt. Ltd,1200,647.0,776400.0,2025-07-10 11:36:19.277181
2025-07-10,77834,2025071001004468,SCB,Online Securities Pvt. Ltd.,Property Wiard Limited,200,646.0,129200.0,2025-07-10 11:37:22.915193
2025-07-10,77833,2025071001004469,SCB,Opal Securities Investment (PVT) Ltd.,Property Wiard Limited,800,645.1,516080.0,2025-07-10 11:37:22.915416
2025-07-10,77337,2025071001004625,SCB,Sani Securities Company Ltd.,Aryatara Investment & Securities,10,646.0,6460.0,2025-07-10 11:39:02.865082
2025-07-10,77279,2025071001004642,SCB,Opal Securities Investment (PVT) Ltd.,Secured Securities Ltd.,200,645.1,129020.0,2025-07-10 11:39:17.095905
2025-07-10,77099,2025071001004732,SCB,Trishakti Securities Public Limited,Property Wiard Limited,274,645.0,176730.0,2025-07-10 11:39:47.340640
2025-07-10,77098,2025071001004733,SCB,Naasa Securities Co. Ltd.,Property Wiard Limited,200,645.0,129000.0,2025-07-10 11:39:47.340796
2025-07-10,77097,2025071001004734,SCB,Neev Securities Pvt. Ltd.,Property Wiard Limited,150,644.0,96600.0,2025-07-10 11:39:47.340865
2025-07-10,77096,2025071001004735,SCB,Sundhara Securities Limited,Property Wiard Limited,376,644.0,242144.0,2025-07-10 11:39:47.340952
2025-07-10,76431,2025071001004923,SCB,Nabil Stock Dealer Ltd.,Property Wiard Limited,100,644.0,64400.0,2025-07-10 11:42:17.754270
2025-07-10,76303,2025071001004989,SCB,Agrawal Securities (PVT) Ltd.,Property Wiard Limited,15,643.2,9648.0,2025-07-10 11:42:39.837662
2025-07-10,76302,2025071001004990,SCB,Nepal Investment And Securities Trading Private Limited,Property Wiard Limited,83,643.1,53377.3,2025-07-10 11:42:39.837917
2025-07-10,75997,2025071001005131,SCB,Nepal Stock House (PVT) Ltd.,Trishakti Securities Public Limited,46,643.0,29578.0,2025-07-10 11:43:48.558479
2025-07-10,75982,2025071001005135,SCB,Trisul Securities & Invt. Ltd.,Naasa Securities Co. Ltd.,10,645.0,6450.0,2025-07-10 11:43:53.375002
2025-07-10,75663,2025071001005283,SCB,Trishakti Securities Public Limited,Property Wiard Limited,500,643.1,321550.0,2025-07-10 11:45:24.250147
2025-07-10,75662,2025071001005284,SCB,Nepal Stock House (PVT) Ltd.,Property Wiard Limited,454,643.0,291922.0,2025-07-10 11:45:24.250257
2025-07-10,75661,2025071001005285,SCB,Dipshikha Dhitopatra Karobar Co. Pvt Ltd.,Property Wiard Limited,20,643.0,12860.0,2025-07-10 11:45:24.250330
2025-07-10,75660,2025071001005286,SCB,N.M.B. SECURITIES LIMITED,Property Wiard Limited,26,643.0,16718.0,2025-07-10 11:45:24.250384
2025-07-10,74623,2025071001005758,SCB,Trisul Securities & Invt. Ltd.,Naasa Securities Co. Ltd.,10,645.0,6450.0,2025-07-10 11:49:14.683615
2025-07-10,73597,2025071001006225,SCB,Asian Securities Private Ltd.,Naasa Securities Co. Ltd.,80,645.0,51600.0,2025-07-10 11:52:40.703733
2025-07-10,73596,2025071001006226,SCB,Asian Securities Private Ltd.,Naasa Securities Co. Ltd.,500,645.0,322500.0,2025-07-10 11:52:40.703877
2025-07-10,73595,2025071001006227,SCB,Asian Securities Private Ltd.,Creative Securities Pvt Ltd,100,645.0,64500.0,2025-07-10 11:52:40.703929
2025-07-10,73594,2025071001006228,SCB,Asian Securities Private Ltd.,Premier Securities Company Ltd.,320,645.0,206400.0,2025-07-10 11:52:40.703980
2025-07-10,73350,2025071001006367,SCB,Aakashbhairab Securities Ltd.,Premier Securities Company Ltd.,180,645.0,116100.0,2025-07-10 11:53:23.886207
2025-07-10,73300,2025071001006392,SCB,Asian Securities Private Ltd.,Secured Securities Ltd.,120,645.1,77412.0,2025-07-10 11:53:35.989985
2025-07-10,73109,2025071001006470,SCB,Capital Max Securities Ltd,Aryatara Investment & Securities,62,646.0,40052.0,2025-07-10 11:54:15.151626
2025-07-10,73108,2025071001006471,SCB,Capital Max Securities Ltd,Creative Securities Pvt Ltd,100,646.0,64600.0,2025-07-10 11:54:15.151860
2025-07-10,73107,2025071001006472,SCB,Capital Max Securities Ltd,Online Securities Pvt. Ltd.,33,646.0,21318.0,2025-07-10 11:54:15.152006
2025-07-10,72880,2025071001006592,SCB,Naasa Securities Co. Ltd.,Online Securities Pvt. Ltd.,13,646.0,8398.0,2025-07-10 11:54:56.217671
2025-07-10,72857,2025071001006611,SCB,ABC Securities Private Limited,Online Securities Pvt. Ltd.,60,646.0,38760.0,2025-07-10 11:54:58.427617
2025-07-10,72520,2025071001006843,SCB,ABC Securities Private Limited,Nepal Stock House (PVT) Ltd.,13,646.5,8404.5,2025-07-10 11:55:58.258945
2025-07-10,72440,2025071001006895,SCB,Aakashbhairab Securities Ltd.,Nepal Stock House (PVT) Ltd.,303,646.5,195889.5,2025-07-10 11:56:10.360472
2025-07-10,72439,2025071001006896,SCB,Aakashbhairab Securities Ltd.,Vision Securities Pvt. Ltd,500,647.0,323500.0,2025-07-10 11:56:10.360602
2025-07-10,72438,2025071001006897,SCB,Aakashbhairab Securities Ltd.,Naasa Securities Co. Ltd.,197,647.0,127459.0,2025-07-10 11:56:10.360652
2025-07-10,72220,2025071001006986,SCB,Aryatara Investment & Securities,Naasa Securities Co. Ltd.,10,647.0,6470.0,2025-07-10 11:56:54.418794
2025-07-10,71297,2025071001007403,SCB,Imperial Securities Company Pvt. Ltd.,Naasa Securities Co. Ltd.,50,647.0,32350.0,2025-07-10 11:59:27.822143
2025-07-10,70704,2025071001007658,SCB,Vision Securities Pvt. Ltd,Naasa Securities Co. Ltd.,143,647.0,92521.0,2025-07-10 12:01:33.102133
2025-07-10,70491,2025071001007775,SCB,Trisul Securities & Invt. Ltd.,South Asian Bulls Pvt. Ltd.,10,647.9,6479.0,2025-07-10 12:02:03.075134
2025-07-10,69574,2025071001008189,SCB,Sundhara Securities Limited,South Asian Bulls Pvt. Ltd.,30,647.9,19437.0,2025-07-10 12:05:07.622835
2025-07-10,69520,2025071001008205,SCB,Online Securities Pvt. Ltd.,Shree Krishna Securities Ltd.,10,648.0,6480.0,2025-07-10 12:05:16.118062
2025-07-10,69272,2025071001008350,SCB,Aakashbhairab Securities Ltd.,Shree Krishna Securities Ltd.,180,648.0,116640.0,2025-07-10 12:05:59.835927
2025-07-10,69025,2025071001008451,SCB,Aakashbhairab Securities Ltd.,Citizens Share Broker Limited,81,648.0,52488.0,2025-07-10 12:06:44.165502
2025-07-10,68985,2025071001008466,SCB,Aakashbhairab Securities Ltd.,Vision Securities Pvt. Ltd,1739,648.0,1126872.0,2025-07-10 12:06:53.261531
2025-07-10,68905,2025071001008507,SCB,Sundhara Securities Limited,Vision Securities Pvt. Ltd,2270,648.0,1470960.0,2025-07-10 12:07:09.072869
2025-07-10,68891,2025071001008516,SCB,Midas Stock Broking Company Private Limited,Vision Securities Pvt. Ltd,20,648.0,12960.0,2025-07-10 12:07:11.970100
2025-07-10,67862,2025071001008831,SCB,Imperial Securities Company Pvt. Ltd.,Agrawal Securities (PVT) Ltd.,100,647.0,64700.0,2025-07-10 12:09:55.178852
2025-07-10,67861,2025071001008832,SCB,Secured Securities Ltd.,Agrawal Securities (PVT) Ltd.,500,646.0,323000.0,2025-07-10 12:09:55.178966
2025-07-10,67860,2025071001008833,SCB,Aakashbhairab Securities Ltd.,Agrawal Securities (PVT) Ltd.,400,645.1,258040.0,2025-07-10 12:09:55.179083
2025-07-10,67251,2025071001009153,SCB,Trisul Securities & Invt. Ltd.,Vision Securities Pvt. Ltd,10,648.0,6480.0,2025-07-10 12:11:59.798667
2025-07-10,66063,2025071001009732,SCB,Linch Stock Market Ltd.,Vision Securities Pvt. Ltd,220,648.0,142560.0,2025-07-10 12:16:18.495705
2025-07-10,63278,2025071001011235,SCB,Trishakti Securities Public Limited,Capital Max Securities Ltd,213,646.2,137640.6,2025-07-10 12:22:58.541550
2025-07-10,62901,2025071001011444,SCB,Aakashbhairab Securities Ltd.,Online Securities Pvt. Ltd.,50,647.9,32395.0,2025-07-10 12:23:39.017793
2025-07-10,62900,2025071001011445,SCB,Aakashbhairab Securities Ltd.,Vision Securities Pvt. Ltd,1951,648.0,1264248.0,2025-07-10 12:23:39.018169
2025-07-10,62899,2025071001011446,SCB,Aakashbhairab Securities Ltd.,Malla & Malla Stock Broking Company Pvt. Limited,500,648.0,324000.0,2025-07-10 12:23:39.018366
2025-07-10,62898,2025071001011447,SCB,Aakashbhairab Securities Ltd.,Vision Securities Pvt. Ltd,1999,648.0,1295352.0,2025-07-10 12:23:39.018540
2025-07-10,62379,2025071001011708,SCB,Vision Securities Pvt. Ltd,Creative Securities Pvt Ltd,51,648.9,33093.9,2025-07-10 12:24:30.296788
2025-07-10,62362,2025071001011715,SCB,Naasa Securities Co. Ltd.,Creative Securities Pvt Ltd,49,648.9,31796.1,2025-07-10 12:24:34.777976
2025-07-10,62361,2025071001011716,SCB,Naasa Securities Co. Ltd.,Agrawal Securities (PVT) Ltd.,960,649.0,623040.0,2025-07-10 12:24:34.778155
2025-07-10,62360,2025071001011717,SCB,Naasa Securities Co. Ltd.,Sumeru Securities Pvt. Ltd.,150,649.0,97350.0,2025-07-10 12:24:34.778216
2025-07-10,62359,2025071001011718,SCB,Naasa Securities Co. Ltd.,Sumeru Securities Pvt. Ltd.,10,649.0,6490.0,2025-07-10 12:24:34.778272
2025-07-10,62358,2025071001011719,SCB,Naasa Securities Co. Ltd.,Dipshikha Dhitopatra Karobar Co. Pvt Ltd.,30,649.0,19470.0,2025-07-10 12:24:34.778352
2025-07-10,62357,2025071001011720,SCB,Naasa Securities Co. Ltd.,Aryatara Investment & Securities,53,649.0,34397.0,2025-07-10 12:24:34.778406
2025-07-10,62356,2025071001011721,SCB,Naasa Securities Co. Ltd.,Malla & Malla Stock Broking Company Pvt. Limited,500,649.0,324500.0,2025-07-10 12:24:34.778463
2025-07-10,62355,2025071001011722,SCB,Naasa Securities Co. Ltd.,Ashutosh Brokerage & Securities (PVT) Ltd.,213,650.0,138450.0,2025-07-10 12:24:34.778517
2025-07-10,62354,2025071001011723,SCB,Naasa Securities Co. Ltd.,Cristal Kanchanjanga Securites Pvt. Ltd.,138,650.0,89700.0,2025-07-10 12:24:34.778573
2025-07-10,62353,2025071001011724,SCB,Naasa Securities Co. Ltd.,Siprabi Securities Pvt. Ltd.,2665,650.0,1732250.0,2025-07-10 12:24:34.778626
2025-07-10,62352,2025071001011725,SCB,Naasa Securities Co. Ltd.,Sani Securities Company Ltd.,20,650.0,13000.0,2025-07-10 12:24:34.778679
2025-07-10,62351,2025071001011726,SCB,Naasa Securities Co. Ltd.,Vision Securities Pvt. Ltd,2000,650.0,1300000.0,2025-07-10 12:24:34.778730
2025-07-10,62350,2025071001011727,SCB,Naasa Securities Co. Ltd.,Trishakti Securities Public Limited,213,650.0,138450.0,2025-07-10 12:24:34.778780
2025-07-10,62349,2025071001011728,SCB,Naasa Securities Co. Ltd.,J.F. Securites (PVT) Ltd.,25,650.0,16250.0,2025-07-10 12:24:34.778835
2025-07-10,62348,2025071001011729,SCB,Naasa Securities Co. Ltd.,Thrive Brokerage House Pvt. Ltd,250,650.0,162500.0,2025-07-10 12:24:34.778886
2025-07-10,62347,2025071001011730,SCB,Naasa Securities Co. Ltd.,Aryatara Investment & Securities,60,650.0,39000.0,2025-07-10 12:24:34.778936
2025-07-10,62346,2025071001011731,SCB,Naasa Securities Co. Ltd.,Kohinoor Investment & Securities Pvt. Ltd.,36,650.0,23400.0,2025-07-10 12:24:34.779016
2025-07-10,62345,2025071001011732,SCB,Naasa Securities Co. Ltd.,Siprabi Securities Pvt. Ltd.,25,650.0,16250.0,2025-07-10 12:24:34.779073
2025-07-10,62344,2025071001011733,SCB,Naasa Securities Co. Ltd.,Thrive Brokerage House Pvt. Ltd,321,650.0,208650.0,2025-07-10 12:24:34.779122
2025-07-10,62343,2025071001011734,SCB,Naasa Securities Co. Ltd.,Imperial Securities Company Pvt. Ltd.,25,650.0,16250.0,2025-07-10 12:24:34.779171
2025-07-10,62342,2025071001011735,SCB,Naasa Securities Co. Ltd.,J.F. Securites (PVT) Ltd.,10,650.0,6500.0,2025-07-10 12:24:34.779223
2025-07-10,62341,2025071001011736,SCB,Naasa Securities Co. Ltd.,Sewa Securities Pvt. Ltd.,120,650.0,78000.0,2025-07-10 12:24:34.779275
2025-07-10,62340,2025071001011737,SCB,Naasa Securities Co. Ltd.,Dakshinkali Investment & Securities Pvt. Ltd.,32,650.0,20800.0,2025-07-10 12:24:34.779344
2025-07-10,62339,2025071001011738,SCB,Naasa Securities Co. Ltd.,Imperial Securities Company Pvt. Ltd.,402,650.0,261300.0,2025-07-10 12:24:34.779393
2025-07-10,62338,2025071001011739,SCB,Naasa Securities Co. Ltd.,Kumari Securities Private Limited,300,650.0,195000.0,2025-07-10 12:24:34.779439
2025-07-10,62337,2025071001011740,SCB,Naasa Securities Co. Ltd.,Asian Securities Private Ltd.,20,650.0,13000.0,2025-07-10 12:24:34.779486
2025-07-10,62336,2025071001011741,SCB,Naasa Securities Co. Ltd.,Sewa Securities Pvt. Ltd.,120,650.0,78000.0,2025-07-10 12:24:34.779533
2025-07-10,61169,2025071001012495,SCB,Trishakti Securities Public Limited,N.M.B. SECURITIES LIMITED,500,652.0,326000.0,2025-07-10 12:26:40.607551
2025-07-10,60242,2025071001013113,SCB,Midas Stock Broking Company Private Limited,Malla & Malla Stock Broking Company Pvt. Limited,40,652.0,26080.0,2025-07-10 12:28:14.503313
2025-07-10,60241,2025071001013114,SCB,Midas Stock Broking Company Private Limited,Sumeru Securities Pvt. Ltd.,10,652.0,6520.0,2025-07-10 12:28:14.503456
2025-07-10,60240,2025071001013115,SCB,Midas Stock Broking Company Private Limited,Secured Securities Ltd.,100,652.0,65200.0,2025-07-10 12:28:14.503508
2025-07-10,60205,2025071001013147,SCB,J.F. Securites (PVT) Ltd.,Linch Stock Market Ltd.,2,641.0,1282.0,2025-07-10 12:28:20.954347
2025-07-10,59475,2025071001013545,SCB,Vision Securities Pvt. Ltd,Shree Krishna Securities Ltd.,10,652.0,6520.0,2025-07-10 12:29:30.408490
2025-07-10,58826,2025071001014000,SCB,Aakashbhairab Securities Ltd.,Shree Krishna Securities Ltd.,40,652.0,26080.0,2025-07-10 12:30:33.298125
2025-07-10,58825,2025071001014001,SCB,Aakashbhairab Securities Ltd.,Property Wiard Limited,50,652.0,32600.0,2025-07-10 12:30:33.298331
2025-07-10,58824,2025071001014002,SCB,Aakashbhairab Securities Ltd.,Oxford Securities Pvt. Ltd.,10,652.0,6520.0,2025-07-10 12:30:33.298393
2025-07-10,58741,2025071001014070,SCB,Vision Securities Pvt. Ltd,Oxford Securities Pvt. Ltd.,55,652.0,35860.0,2025-07-10 12:30:41.933728
2025-07-10,58740,2025071001014071,SCB,Vision Securities Pvt. Ltd,Agrawal Securities (PVT) Ltd.,195,653.0,127335.0,2025-07-10 12:30:41.933849
2025-07-10,57542,2025071001014731,SCB,Sani Securities Company Ltd.,Agrawal Securities (PVT) Ltd.,105,653.0,68565.0,2025-07-10 12:33:02.740010
2025-07-10,57541,2025071001014732,SCB,Sani Securities Company Ltd.,Imperial Securities Company Pvt. Ltd.,200,653.0,130600.0,2025-07-10 12:33:02.740212
2025-07-10,57540,2025071001014733,SCB,Sani Securities Company Ltd.,Agrawal Securities (PVT) Ltd.,100,654.0,65400.0,2025-07-10 12:33:02.740268
2025-07-10,57539,2025071001014734,SCB,Sani Securities Company Ltd.,Linch Stock Market Ltd.,195,654.0,127530.0,2025-07-10 12:33:02.740326
2025-07-10,57538,2025071001014735,SCB,Sani Securities Company Ltd.,Agrawal Securities (PVT) Ltd.,200,654.9,130980.0,2025-07-10 12:33:02.740379
2025-07-10,57537,2025071001014736,SCB,Sani Securities Company Ltd.,Naasa Securities Co. Ltd.,25,655.0,16375.0,2025-07-10 12:33:02.740429
2025-07-10,57536,2025071001014737,SCB,Sani Securities Company Ltd.,Kumari Securities Private Limited,266,655.0,174230.0,2025-07-10 12:33:02.740476
2025-07-10,57535,2025071001014738,SCB,Sani Securities Company Ltd.,ABC Securities Private Limited,10,655.0,6550.0,2025-07-10 12:33:02.740531
2025-07-10,57534,2025071001014739,SCB,Sani Securities Company Ltd.,Sundhara Securities Limited,26,655.0,17030.0,2025-07-10 12:33:02.740580
2025-07-10,57533,2025071001014740,SCB,Sani Securities Company Ltd.,Kumari Securities Private Limited,25,655.0,16375.0,2025-07-10 12:33:02.740627
2025-07-10,57532,2025071001014741,SCB,Sani Securities Company Ltd.,Secured Securities Ltd.,100,655.0,65500.0,2025-07-10 12:33:02.740682
2025-07-10,57531,2025071001014742,SCB,Sani Securities Company Ltd.,Asian Securities Private Ltd.,25,655.0,16375.0,2025-07-10 12:33:02.740728
2025-07-10,57530,2025071001014743,SCB,Sani Securities Company Ltd.,Trisul Securities & Invt. Ltd.,248,655.0,162440.0,2025-07-10 12:33:02.740775
2025-07-10,56208,2025071001015341,SCB,Vision Securities Pvt. Ltd,Investment Management Nepal Pvt. Ltd.,10,654.5,6545.0,2025-07-10 12:35:35.744108
2025-07-10,56207,2025071001015342,SCB,Vision Securities Pvt. Ltd,Trisul Securities & Invt. Ltd.,52,655.0,34060.0,2025-07-10 12:35:35.744354
2025-07-10,56206,2025071001015343,SCB,Vision Securities Pvt. Ltd,Imperial Securities Company Pvt. Ltd.,25,655.0,16375.0,2025-07-10 12:35:35.744507
2025-07-10,56205,2025071001015344,SCB,Vision Securities Pvt. Ltd,Sani Securities Company Ltd.,25,655.0,16375.0,2025-07-10 12:35:35.744654
2025-07-10,56204,2025071001015345,SCB,Vision Securities Pvt. Ltd,Premier Securities Company Ltd.,25,655.8,16395.0,2025-07-10 12:35:35.744805
2025-07-10,56203,2025071001015346,SCB,Vision Securities Pvt. Ltd,Sani Securities Company Ltd.,11,655.8,7213.8,2025-07-10 12:35:35.744936
2025-07-10,56202,2025071001015347,SCB,Vision Securities Pvt. Ltd,Imperial Securities Company Pvt. Ltd.,54,655.9,35418.6,2025-07-10 12:35:35.745098
2025-07-10,56201,2025071001015348,SCB,Vision Securities Pvt. Ltd,Sundhara Securities Limited,10,655.9,6559.0,2025-07-10 12:35:35.745246
2025-07-10,56200,2025071001015349,SCB,Vision Securities Pvt. Ltd,Agrawal Securities (PVT) Ltd.,38,655.9,24924.2,2025-07-10 12:35:35.745382
2025-07-10,55914,2025071001015443,SCB,Kalika Securities Pvt. Ltd.,Agrawal Securities (PVT) Ltd.,14,655.9,9182.6,2025-07-10 12:36:11.804343
2025-07-10,55765,2025071001015522,SCB,Naasa Securities Co. Ltd.,Agrawal Securities (PVT) Ltd.,150,655.9,98385.0,2025-07-10 12:36:25.985378
2025-07-10,54849,2025071001015924,SCB,Sani Securities Company Ltd.,Online Securities Pvt. Ltd.,200,655.0,131000.0,2025-07-10 12:38:15.435551
2025-07-10,54117,2025071001016326,SCB,Kumari Securities Private Limited,Asian Securities Private Ltd.,45,655.0,29475.0,2025-07-10 12:39:56.985324
2025-07-10,52542,2025071001016993,SCB,Naasa Securities Co. Ltd.,Opal Securities Investment (PVT) Ltd.,1000,654.0,654000.0,2025-07-10 12:43:49.018418
2025-07-10,51904,2025071001017316,SCB,Thrive Brokerage House Pvt. Ltd,Dipshikha Dhitopatra Karobar Co. Pvt Ltd.,12,653.1,7837.2,2025-07-10 12:45:37.807493
2025-07-10,51658,2025071001017437,SCB,Thrive Brokerage House Pvt. Ltd,Dipshikha Dhitopatra Karobar Co. Pvt Ltd.,10,653.1,6531.0,2025-07-10 12:46:15.138980
2025-07-10,51621,2025071001017463,SCB,Siprabi Securities Pvt. Ltd.,Naasa Securities Co. Ltd.,30,654.0,19620.0,2025-07-10 12:46:22.202261
2025-07-10,51519,2025071001017514,SCB,Thrive Brokerage House Pvt. Ltd,Siprabi Securities Pvt. Ltd.,200,653.1,130620.0,2025-07-10 12:46:38.351390
2025-07-10,51376,2025071001017575,SCB,Thrive Brokerage House Pvt. Ltd,Shree Krishna Securities Ltd.,30,653.1,19593.0,2025-07-10 12:47:07.556641
2025-07-10,50721,2025071001017828,SCB,Thrive Brokerage House Pvt. Ltd,Oxford Securities Pvt. Ltd.,10,653.1,6531.0,2025-07-10 12:49:04.309417
2025-07-10,50360,2025071001017967,SCB,Thrive Brokerage House Pvt. Ltd,South Asian Bulls Pvt. Ltd.,100,653.1,65310.0,2025-07-10 12:50:02.591382
2025-07-10,49791,2025071001018217,SCB,Thrive Brokerage House Pvt. Ltd,Bhrikuti Stock Broking Co. Pvt. Ltd.,138,653.1,90127.8,2025-07-10 12:51:48.491211
2025-07-10,49790,2025071001018218,SCB,Naasa Securities Co. Ltd.,Bhrikuti Stock Broking Co. Pvt. Ltd.,24,653.0,15672.0,2025-07-10 12:51:48.491337
2025-07-10,49714,2025071001018259,SCB,Opal Securities Investment (PVT) Ltd.,Naasa Securities Co. Ltd.,120,653.9,78468.0,2025-07-10 12:52:00.563989
2025-07-10,49713,2025071001018260,SCB,Opal Securities Investment (PVT) Ltd.,Asian Securities Private Ltd.,55,654.0,35970.0,2025-07-10 12:52:00.564302
2025-07-10,49712,2025071001018261,SCB,Opal Securities Investment (PVT) Ltd.,KALASH STOCK MARKET PVT. LTD.,26,654.0,17004.0,2025-07-10 12:52:00.564480
2025-07-10,49711,2025071001018262,SCB,Opal Securities Investment (PVT) Ltd.,Oxford Securities Pvt. Ltd.,30,654.3,19629.0,2025-07-10 12:52:00.564646
2025-07-10,49710,2025071001018263,SCB,Opal Securities Investment (PVT) Ltd.,Arun Securities (PVT) Ltd.,10,655.0,6550.0,2025-07-10 12:52:00.564804
2025-07-10,49709,2025071001018264,SCB,Opal Securities Investment (PVT) Ltd.,Swarna Laxmi Securities Pvt. Ltd.,25,655.0,16375.0,2025-07-10 12:52:00.564979
2025-07-10,49708,2025071001018265,SCB,Opal Securities Investment (PVT) Ltd.,Cristal Kanchanjanga Securites Pvt. Ltd.,100,655.0,65500.0,2025-07-10 12:52:00.565146
2025-07-10,49707,2025071001018266,SCB,Opal Securities Investment (PVT) Ltd.,Vision Securities Pvt. Ltd,4934,655.0,3231770.0,2025-07-10 12:52:00.565304
2025-07-10,49648,2025071001018296,SCB,Naasa Securities Co. Ltd.,Secured Securities Ltd.,106,653.0,69218.0,2025-07-10 12:52:15.165259
2025-07-10,48437,2025071001018740,SCB,Naasa Securities Co. Ltd.,Aryatara Investment & Securities,180,653.0,117540.0,2025-07-10 12:56:02.432147
2025-07-10,48230,2025071001018830,SCB,Naasa Securities Co. Ltd.,Bhrikuti Stock Broking Co. Pvt. Ltd.,12,653.0,7836.0,2025-07-10 12:56:47.048257
2025-07-10,48102,2025071001018886,SCB,Naasa Securities Co. Ltd.,Bhrikuti Stock Broking Co. Pvt. Ltd.,43,653.0,28079.0,2025-07-10 12:57:10.219314
2025-07-10,46698,2025071001019474,SCB,Naasa Securities Co. Ltd.,Sani Securities Company Ltd.,12,653.0,7836.0,2025-07-10 13:00:33.844457
2025-07-10,46585,2025071001019520,SCB,Thrive Brokerage House Pvt. Ltd,Sani Securities Company Ltd.,17,653.1,11102.7,2025-07-10 13:00:59.154784
2025-07-10,46395,2025071001019651,SCB,Thrive Brokerage House Pvt. Ltd,Sani Securities Company Ltd.,20,653.1,13062.0,2025-07-10 13:01:27.495303
2025-07-10,45847,2025071001019810,SCB,Kohinoor Investment & Securities Pvt. Ltd.,Siprabi Securities Pvt. Ltd.,40,653.2,26128.0,2025-07-10 13:03:03.140336
2025-07-10,45846,2025071001019811,SCB,Thrive Brokerage House Pvt. Ltd,Siprabi Securities Pvt. Ltd.,463,653.1,302385.3,2025-07-10 13:03:03.140536
2025-07-10,45845,2025071001019812,SCB,Naasa Securities Co. Ltd.,Siprabi Securities Pvt. Ltd.,97,653.0,63341.0,2025-07-10 13:03:03.140643
2025-07-10,45451,2025071001019959,SCB,Naasa Securities Co. Ltd.,Sani Securities Company Ltd.,29,653.0,18937.0,2025-07-10 13:04:25.005504
2025-07-10,45391,2025071001019984,SCB,Imperial Securities Company Pvt. Ltd.,Global IME Securities Limited,80,653.5,52280.0,2025-07-10 13:04:34.397480
2025-07-10,45371,2025071001020000,SCB,Naasa Securities Co. Ltd.,Vision Securities Pvt. Ltd,100,653.0,65300.0,2025-07-10 13:04:36.328088
2025-07-10,45338,2025071001020007,SCB,Ashutosh Brokerage & Securities (PVT) Ltd.,Global IME Securities Limited,20,653.5,13070.0,2025-07-10 13:04:47.546608
2025-07-10,45337,2025071001020008,SCB,Ashutosh Brokerage & Securities (PVT) Ltd.,Sundhara Securities Limited,40,654.0,26160.0,2025-07-10 13:04:47.546756
2025-07-10,45014,2025071001020141,SCB,ABC Securities Private Limited,Sundhara Securities Limited,10,654.0,6540.0,2025-07-10 13:05:46.469899
2025-07-10,44817,2025071001020223,SCB,Sweta Securities Private Limited,Vision Securities Pvt. Ltd,100,654.0,65400.0,2025-07-10 13:06:21.258597
2025-07-10,44642,2025071001020315,SCB,Naasa Securities Co. Ltd.,Vision Securities Pvt. Ltd,66,655.0,43230.0,2025-07-10 13:06:54.359523
2025-07-10,44641,2025071001020316,SCB,Naasa Securities Co. Ltd.,Imperial Securities Company Pvt. Ltd.,25,655.0,16375.0,2025-07-10 13:06:54.359699
2025-07-10,44640,2025071001020317,SCB,Naasa Securities Co. Ltd.,Vision Securities Pvt. Ltd,100,655.0,65500.0,2025-07-10 13:06:54.359768
2025-07-10,44639,2025071001020318,SCB,Naasa Securities Co. Ltd.,J.F. Securites (PVT) Ltd.,150,655.8,98370.0,2025-07-10 13:06:54.359853
2025-07-10,44638,2025071001020319,SCB,Naasa Securities Co. Ltd.,Agrawal Securities (PVT) Ltd.,98,655.9,64278.2,2025-07-10 13:06:54.359916
2025-07-10,44637,2025071001020320,SCB,Naasa Securities Co. Ltd.,Oxford Securities Pvt. Ltd.,200,655.9,131180.0,2025-07-10 13:06:54.359976
2025-07-10,44636,2025071001020321,SCB,Naasa Securities Co. Ltd.,Imperial Securities Company Pvt. Ltd.,242,656.0,158752.0,2025-07-10 13:06:54.360042
2025-07-10,44635,2025071001020322,SCB,Naasa Securities Co. Ltd.,South Asian Bulls Pvt. Ltd.,115,656.0,75440.0,2025-07-10 13:06:54.360101
2025-07-10,43887,2025071001020693,SCB,Imperial Securities Company Pvt. Ltd.,Malla & Malla Stock Broking Company Pvt. Limited,20,653.6,13072.0,2025-07-10 13:10:10.992164
2025-07-10,43886,2025071001020694,SCB,Nepal Investment And Securities Trading Private Limited,Malla & Malla Stock Broking Company Pvt. Limited,80,653.5,52280.0,2025-07-10 13:10:10.992461
2025-07-10,43632,2025071001020780,SCB,Capital Max Securities Ltd,Online Securities Pvt. Ltd.,25,655.0,16375.0,2025-07-10 13:11:13.677683
2025-07-10,42908,2025071001021075,SCB,Capital Max Securities Ltd,Oxford Securities Pvt. Ltd.,20,655.0,13100.0,2025-07-10 13:13:52.932885
2025-07-10,42804,2025071001021128,SCB,Capital Max Securities Ltd,Siprabi Securities Pvt. Ltd.,50,655.0,32750.0,2025-07-10 13:14:16.895926
2025-07-10,42712,2025071001021150,SCB,Capital Max Securities Ltd,Linch Stock Market Ltd.,25,655.0,16375.0,2025-07-10 13:14:32.625420
2025-07-10,42385,2025071001021267,SCB,Capital Max Securities Ltd,Ashutosh Brokerage & Securities (PVT) Ltd.,20,655.0,13100.0,2025-07-10 13:15:38.718270
2025-07-10,42384,2025071001021268,SCB,Oxford Securities Pvt. Ltd.,Ashutosh Brokerage & Securities (PVT) Ltd.,80,655.0,52400.0,2025-07-10 13:15:38.718436
2025-07-10,42172,2025071001021353,SCB,Oxford Securities Pvt. Ltd.,Kumari Securities Private Limited,67,655.0,43885.0,2025-07-10 13:16:28.208421
2025-07-10,40858,2025071001021892,SCB,Nepal Investment And Securities Trading Private Limited,Sri Hari Securities Pvt. Ltd.,20,653.5,13070.0,2025-07-10 13:21:29.646314
2025-07-10,40609,2025071001022019,SCB,Oxford Securities Pvt. Ltd.,Vision Securities Pvt. Ltd,58,654.0,37932.0,2025-07-10 13:22:12.277158
2025-07-10,40608,2025071001022020,SCB,Oxford Securities Pvt. Ltd.,Vision Securities Pvt. Ltd,14,655.0,9170.0,2025-07-10 13:22:12.277298
2025-07-10,39930,2025071001022298,SCB,Siprabi Securities Pvt. Ltd.,Opal Securities Investment (PVT) Ltd.,25,656.0,16400.0,2025-07-10 13:24:21.480932
2025-07-10,39929,2025071001022299,SCB,Siprabi Securities Pvt. Ltd.,Primo Securities (PVT) Ltd.,22,656.0,14432.0,2025-07-10 13:24:21.481284
2025-07-10,39928,2025071001022300,SCB,Siprabi Securities Pvt. Ltd.,Sundhara Securities Limited,20,656.0,13120.0,2025-07-10 13:24:21.481472
2025-07-10,39927,2025071001022301,SCB,Siprabi Securities Pvt. Ltd.,Malla & Malla Stock Broking Company Pvt. Limited,73,656.0,47888.0,2025-07-10 13:24:21.481637
2025-07-10,39654,2025071001022403,SCB,Primo Securities (PVT) Ltd.,Malla & Malla Stock Broking Company Pvt. Limited,100,656.0,65600.0,2025-07-10 13:25:10.969056
2025-07-10,39261,2025071001022549,SCB,Oxford Securities Pvt. Ltd.,Primo Securities (PVT) Ltd.,128,655.0,83840.0,2025-07-10 13:26:24.294190
2025-07-10,36749,2025071001023462,SCB,Online Securities Pvt. Ltd.,Aryatara Investment & Securities,21,654.5,13744.5,2025-07-10 13:35:04.854574
2025-07-10,36748,2025071001023463,SCB,Online Securities Pvt. Ltd.,Shree Krishna Securities Ltd.,10,654.9,6549.0,2025-07-10 13:35:04.854744
2025-07-10,36747,2025071001023464,SCB,Online Securities Pvt. Ltd.,Primo Securities (PVT) Ltd.,73,655.0,47815.0,2025-07-10 13:35:04.854809
2025-07-10,36746,2025071001023465,SCB,Online Securities Pvt. Ltd.,Opal Securities Investment (PVT) Ltd.,16,655.0,10480.0,2025-07-10 13:35:04.854874
2025-07-10,35770,2025071001023814,SCB,Dipshikha Dhitopatra Karobar Co. Pvt Ltd.,Agrawal Securities (PVT) Ltd.,100,653.1,65310.0,2025-07-10 13:38:22.011228
2025-07-10,35769,2025071001023815,SCB,Naasa Securities Co. Ltd.,Agrawal Securities (PVT) Ltd.,900,653.0,587700.0,2025-07-10 13:38:22.011288
2025-07-10,32872,2025071001024913,SCB,Naasa Securities Co. Ltd.,Thrive Brokerage House Pvt. Ltd,400,653.0,261200.0,2025-07-10 13:47:57.616553
2025-07-10,31759,2025071001025353,SCB,Naasa Securities Co. Ltd.,Midas Stock Broking Company Private Limited,50,653.0,32650.0,2025-07-10 13:52:09.552196
2025-07-10,31447,2025071001025453,SCB,Naasa Securities Co. Ltd.,Bhrikuti Stock Broking Co. Pvt. Ltd.,25,653.0,16325.0,2025-07-10 13:53:21.203786
2025-07-10,29922,2025071001025979,SCB,Naasa Securities Co. Ltd.,Nabil Stock Dealer Ltd.,22,653.0,14366.0,2025-07-10 13:59:43.018243
2025-07-10,29921,2025071001025980,SCB,Dynamic Money Managers Securities Pvt. Ltd.,Nabil Stock Dealer Ltd.,78,653.0,50934.0,2025-07-10 13:59:43.018446
2025-07-10,28215,2025071001026650,SCB,Naasa Securities Co. Ltd.,Sri Hari Securities Pvt. Ltd.,50,653.5,32675.0,2025-07-10 14:06:15.542480
2025-07-10,27640,2025071001026909,SCB,Naasa Securities Co. Ltd.,Oxford Securities Pvt. Ltd.,100,653.5,65350.0,2025-07-10 14:08:22.262096
2025-07-10,26984,2025071001027129,SCB,Naasa Securities Co. Ltd.,Primo Securities (PVT) Ltd.,13,653.5,8495.5,2025-07-10 14:11:01.984467
2025-07-10,26872,2025071001027181,SCB,Naasa Securities Co. Ltd.,Primo Securities (PVT) Ltd.,25,653.5,16337.5,2025-07-10 14:11:31.128504
2025-07-10,26778,2025071001027213,SCB,Naasa Securities Co. Ltd.,Aryatara Investment & Securities,13,653.5,8495.5,2025-07-10 14:11:48.712632
2025-07-10,25996,2025071001027477,SCB,Siprabi Securities Pvt. Ltd.,Vision Securities Pvt. Ltd,525,653.6,343140.0,2025-07-10 14:14:59.676530
2025-07-10,25966,2025071001027489,SCB,Siprabi Securities Pvt. Ltd.,Shree Krishna Securities Ltd.,12,653.6,7843.2,2025-07-10 14:15:08.742403
2025-07-10,25841,2025071001027541,SCB,Siprabi Securities Pvt. Ltd.,Aryatara Investment & Securities,50,653.6,32680.0,2025-07-10 14:15:38.262946
2025-07-10,24402,2025071001028143,SCB,Siprabi Securities Pvt. Ltd.,Sundhara Securities Limited,13,653.6,8496.8,2025-07-10 14:20:46.618508
2025-07-10,24251,2025071001028205,SCB,Kumari Securities Private Limited,South Asian Bulls Pvt. Ltd.,40,653.9,26156.0,2025-07-10 14:21:22.104085
2025-07-10,23678,2025071001028360,SCB,J.F. Securites (PVT) Ltd.,Opal Securities Investment (PVT) Ltd.,25,654.0,16350.0,2025-07-10 14:22:58.073594
2025-07-10,23677,2025071001028361,SCB,J.F. Securites (PVT) Ltd.,Midas Stock Broking Company Private Limited,20,654.0,13080.0,2025-07-10 14:22:58.073847
2025-07-10,23483,2025071001028419,SCB,J.F. Securites (PVT) Ltd.,Naasa Securities Co. Ltd.,10,654.0,6540.0,2025-07-10 14:23:26.488540
2025-07-10,23337,2025071001028478,SCB,Siprabi Securities Pvt. Ltd.,Oxford Securities Pvt. Ltd.,40,655.0,26200.0,2025-07-10 14:23:55.720552
2025-07-10,23336,2025071001028479,SCB,Siprabi Securities Pvt. Ltd.,Trisul Securities & Invt. Ltd.,150,655.0,98250.0,2025-07-10 14:23:55.720899
2025-07-10,23335,2025071001028480,SCB,Siprabi Securities Pvt. Ltd.,Dipshikha Dhitopatra Karobar Co. Pvt Ltd.,47,655.0,30785.0,2025-07-10 14:23:55.721127
2025-07-10,23334,2025071001028481,SCB,Siprabi Securities Pvt. Ltd.,Investment Management Nepal Pvt. Ltd.,100,655.0,65500.0,2025-07-10 14:23:55.721337
2025-07-10,23333,2025071001028482,SCB,Siprabi Securities Pvt. Ltd.,Thrive Brokerage House Pvt. Ltd,400,655.0,262000.0,2025-07-10 14:23:55.721559
2025-07-10,23288,2025071001028493,SCB,Siprabi Securities Pvt. Ltd.,MILKY WAY SHARE BROKER COMPANY LTD ,133,655.0,87115.0,2025-07-10 14:23:59.243253
2025-07-10,22093,2025071001028962,SCB,Sri Hari Securities Pvt. Ltd.,Vision Securities Pvt. Ltd,39,655.5,25564.5,2025-07-10 14:27:18.052931
2025-07-10,22092,2025071001028963,SCB,Sri Hari Securities Pvt. Ltd.,J.F. Securites (PVT) Ltd.,10,655.6,6556.0,2025-07-10 14:27:18.053158
2025-07-10,22091,2025071001028964,SCB,Sri Hari Securities Pvt. Ltd.,Malla & Malla Stock Broking Company Pvt. Limited,27,656.0,17712.0,2025-07-10 14:27:18.053234
2025-07-10,22090,2025071001028965,SCB,Sri Hari Securities Pvt. Ltd.,Neev Securities Pvt. Ltd.,124,656.0,81344.0,2025-07-10 14:27:18.053325
2025-07-10,22065,2025071001028971,SCB,Naasa Securities Co. Ltd.,Sweta Securities Private Limited,10,655.1,6551.0,2025-07-10 14:27:23.372847
2025-07-10,22064,2025071001028972,SCB,Siprabi Securities Pvt. Ltd.,Sweta Securities Private Limited,15,655.0,9825.0,2025-07-10 14:27:23.373074
2025-07-10,21696,2025071001029090,SCB,Imperial Securities Company Pvt. Ltd.,KALASH STOCK MARKET PVT. LTD.,5,655.0,3275.0,2025-07-10 14:28:17.761803
2025-07-10,21042,2025071001029251,SCB,Online Securities Pvt. Ltd.,Neev Securities Pvt. Ltd.,18,656.0,11808.0,2025-07-10 14:30:03.718746
2025-07-10,19286,2025071001029924,SCB,Naasa Securities Co. Ltd.,Premier Securities Company Ltd.,20,655.1,13102.0,2025-07-10 14:35:13.587748
2025-07-10,19285,2025071001029925,SCB,Siprabi Securities Pvt. Ltd.,Premier Securities Company Ltd.,115,655.0,75325.0,2025-07-10 14:35:13.587944
2025-07-10,19284,2025071001029926,SCB,Naasa Securities Co. Ltd.,Premier Securities Company Ltd.,10,655.0,6550.0,2025-07-10 14:35:13.588020
2025-07-10,18800,2025071001030096,SCB,Malla & Malla Stock Broking Company Pvt. Limited,Market Securities & Exchange (PVT) Ltd.,17,655.9,11150.3,2025-07-10 14:36:14.453119
2025-07-10,18559,2025071001030212,SCB,Naasa Securities Co. Ltd.,Market Securities & Exchange (PVT) Ltd.,60,655.0,39300.0,2025-07-10 14:36:43.801644
2025-07-10,17974,2025071001030401,SCB,Naasa Securities Co. Ltd.,Oxford Securities Pvt. Ltd.,28,655.0,18340.0,2025-07-10 14:37:49.883685
2025-07-10,17973,2025071001030402,SCB,Naasa Securities Co. Ltd.,Aryatara Investment & Securities,2,655.0,1310.0,2025-07-10 14:37:49.883839
2025-07-10,17738,2025071001030485,SCB,Naasa Securities Co. Ltd.,Cristal Kanchanjanga Securites Pvt. Ltd.,50,655.0,32750.0,2025-07-10 14:38:30.100897
2025-07-10,17737,2025071001030486,SCB,South Asian Bulls Pvt. Ltd.,Cristal Kanchanjanga Securites Pvt. Ltd.,72,655.0,47160.0,2025-07-10 14:38:30.101137
2025-07-10,17610,2025071001030537,SCB,South Asian Bulls Pvt. Ltd.,South Asian Bulls Pvt. Ltd.,19,655.0,12445.0,2025-07-10 14:38:49.716647
2025-07-10,17071,2025071001030776,SCB,South Asian Bulls Pvt. Ltd.,Secured Securities Ltd.,10,655.0,6550.0,2025-07-10 14:40:03.007464
2025-07-10,16669,2025071001030914,SCB,Machhapuchchhre Securities Limited,Neev Securities Pvt. Ltd.,18,656.0,11808.0,2025-07-10 14:40:56.031184
2025-07-10,16668,2025071001030915,SCB,Machhapuchchhre Securities Limited,Malla & Malla Stock Broking Company Pvt. Limited,30,656.0,19680.0,2025-07-10 14:40:56.031238
2025-07-10,16667,2025071001030916,SCB,Machhapuchchhre Securities Limited,Linch Stock Market Ltd.,52,656.0,34112.0,2025-07-10 14:40:56.031261
2025-07-10,15457,2025071001031404,SCB,Naasa Securities Co. Ltd.,Dynamic Money Managers Securities Pvt. Ltd.,15,655.1,9826.5,2025-07-10 14:43:15.829810
2025-07-10,15440,2025071001031410,SCB,Midas Stock Broking Company Private Limited,Linch Stock Market Ltd.,17,656.0,11152.0,2025-07-10 14:43:17.402729
2025-07-10,15439,2025071001031411,SCB,Midas Stock Broking Company Private Limited,Imperial Securities Company Pvt. Ltd.,50,656.0,32800.0,2025-07-10 14:43:17.402920
2025-07-10,15438,2025071001031412,SCB,Midas Stock Broking Company Private Limited,J.F. Securites (PVT) Ltd.,10,656.0,6560.0,2025-07-10 14:43:17.403010
2025-07-10,15437,2025071001031413,SCB,Midas Stock Broking Company Private Limited,Bhrikuti Stock Broking Co. Pvt. Ltd.,10,656.0,6560.0,2025-07-10 14:43:17.403133
2025-07-10,15436,2025071001031414,SCB,Midas Stock Broking Company Private Limited,Kohinoor Investment & Securities Pvt. Ltd.,20,656.0,13120.0,2025-07-10 14:43:17.403245
2025-07-10,15435,2025071001031415,SCB,Midas Stock Broking Company Private Limited,South Asian Bulls Pvt. Ltd.,40,656.9,26276.0,2025-07-10 14:43:17.403354
2025-07-10,15434,2025071001031416,SCB,Midas Stock Broking Company Private Limited,Naasa Securities Co. Ltd.,50,656.9,32845.0,2025-07-10 14:43:17.403481
2025-07-10,15433,2025071001031417,SCB,Midas Stock Broking Company Private Limited,Naasa Securities Co. Ltd.,100,656.9,65690.0,2025-07-10 14:43:17.403585
2025-07-10,15399,2025071001031438,SCB,South Asian Bulls Pvt. Ltd.,South Asian Bulls Pvt. Ltd.,25,655.0,16375.0,2025-07-10 14:43:22.387336
2025-07-10,15140,2025071001031502,SCB,Agrawal Securities (PVT) Ltd.,Dynamic Money Managers Securities Pvt. Ltd.,15,656.0,9840.0,2025-07-10 14:43:46.951454
2025-07-10,14101,2025071001031838,SCB,Online Securities Pvt. Ltd.,Sweta Securities Private Limited,15,657.0,9855.0,2025-07-10 14:45:12.902351
2025-07-10,14100,2025071001031839,SCB,Online Securities Pvt. Ltd.,Ashutosh Brokerage & Securities (PVT) Ltd.,35,657.0,22995.0,2025-07-10 14:45:12.902398
2025-07-10,13578,2025071001032025,SCB,Naasa Securities Co. Ltd.,Ashutosh Brokerage & Securities (PVT) Ltd.,250,657.0,164250.0,2025-07-10 14:46:19.589873
2025-07-10,13347,2025071001032100,SCB,Agrawal Securities (PVT) Ltd.,APPLE SECURITIES PRIVATE LIMITED,80,656.1,52488.0,2025-07-10 14:46:47.620436
2025-07-10,13346,2025071001032101,SCB,Agrawal Securities (PVT) Ltd.,APPLE SECURITIES PRIVATE LIMITED,20,656.0,13120.0,2025-07-10 14:46:47.620833
2025-07-10,13256,2025071001032131,SCB,Agrawal Securities (PVT) Ltd.,APPLE SECURITIES PRIVATE LIMITED,72,656.0,47232.0,2025-07-10 14:47:00.654389
2025-07-10,13255,2025071001032132,SCB,South Asian Bulls Pvt. Ltd.,APPLE SECURITIES PRIVATE LIMITED,74,655.0,48470.0,2025-07-10 14:47:00.654573
2025-07-10,13254,2025071001032133,SCB,Kohinoor Investment & Securities Pvt. Ltd.,APPLE SECURITIES PRIVATE LIMITED,50,655.0,32750.0,2025-07-10 14:47:00.654646
2025-07-10,12781,2025071001032279,SCB,Naasa Securities Co. Ltd.,APPLE SECURITIES PRIVATE LIMITED,20,654.4,13088.0,2025-07-10 14:47:51.762834
2025-07-10,12780,2025071001032280,SCB,Naasa Securities Co. Ltd.,APPLE SECURITIES PRIVATE LIMITED,20,654.3,13086.0,2025-07-10 14:47:51.763011
2025-07-10,12779,2025071001032281,SCB,Naasa Securities Co. Ltd.,APPLE SECURITIES PRIVATE LIMITED,50,654.2,32710.0,2025-07-10 14:47:51.763098
2025-07-10,12778,2025071001032282,SCB,Naasa Securities Co. Ltd.,APPLE SECURITIES PRIVATE LIMITED,14,654.1,9157.4,2025-07-10 14:47:51.763170
2025-07-10,12594,2025071001032314,SCB,J.F. Securites (PVT) Ltd.,APPLE SECURITIES PRIVATE LIMITED,45,654.0,29430.0,2025-07-10 14:48:07.801450
2025-07-10,12593,2025071001032315,SCB,Opal Securities Investment (PVT) Ltd.,APPLE SECURITIES PRIVATE LIMITED,464,654.0,303456.0,2025-07-10 14:48:07.801629
2025-07-10,11539,2025071001032720,SCB,Sani Securities Company Ltd.,APPLE SECURITIES PRIVATE LIMITED,40,654.1,26164.0,2025-07-10 14:49:54.038930
2025-07-10,11538,2025071001032721,SCB,Naasa Securities Co. Ltd.,APPLE SECURITIES PRIVATE LIMITED,50,654.0,32700.0,2025-07-10 14:49:54.039119
2025-07-10,11537,2025071001032722,SCB,Neev Securities Pvt. Ltd.,APPLE SECURITIES PRIVATE LIMITED,19,654.0,12426.0,2025-07-10 14:49:54.039193
2025-07-10,11536,2025071001032723,SCB,Naasa Securities Co. Ltd.,APPLE SECURITIES PRIVATE LIMITED,200,654.0,130800.0,2025-07-10 14:49:54.039264
2025-07-10,11535,2025071001032724,SCB,Opal Securities Investment (PVT) Ltd.,APPLE SECURITIES PRIVATE LIMITED,191,654.0,124914.0,2025-07-10 14:49:54.039333
2025-07-10,11230,2025071001032859,SCB,Naasa Securities Co. Ltd.,APPLE SECURITIES PRIVATE LIMITED,100,654.1,65410.0,2025-07-10 14:50:21.122862
2025-07-10,11229,2025071001032860,SCB,Opal Securities Investment (PVT) Ltd.,APPLE SECURITIES PRIVATE LIMITED,200,654.0,130800.0,2025-07-10 14:50:21.123258
2025-07-10,10769,2025071001033009,SCB,Opal Securities Investment (PVT) Ltd.,APPLE SECURITIES PRIVATE LIMITED,145,654.0,94830.0,2025-07-10 14:50:59.224544
2025-07-10,10768,2025071001033010,SCB,Naasa Securities Co. Ltd.,APPLE SECURITIES PRIVATE LIMITED,20,653.7,13074.0,2025-07-10 14:50:59.224876
2025-07-10,10767,2025071001033011,SCB,Naasa Securities Co. Ltd.,APPLE SECURITIES PRIVATE LIMITED,100,653.7,65370.0,2025-07-10 14:50:59.225116
2025-07-10,10766,2025071001033012,SCB,Naasa Securities Co. Ltd.,APPLE SECURITIES PRIVATE LIMITED,10,653.6,6536.0,2025-07-10 14:50:59.225332
2025-07-10,10765,2025071001033013,SCB,Naasa Securities Co. Ltd.,APPLE SECURITIES PRIVATE LIMITED,100,653.6,65360.0,2025-07-10 14:50:59.225535
2025-07-10,10764,2025071001033014,SCB,Naasa Securities Co. Ltd.,APPLE SECURITIES PRIVATE LIMITED,125,653.5,81687.5,2025-07-10 14:50:59.225736
2025-07-10,10619,2025071001033062,SCB,Naasa Securities Co. Ltd.,APPLE SECURITIES PRIVATE LIMITED,100,654.0,65400.0,2025-07-10 14:51:13.679240
2025-07-10,10618,2025071001033063,SCB,Trishakti Securities Public Limited,APPLE SECURITIES PRIVATE LIMITED,400,654.0,261600.0,2025-07-10 14:51:13.679568
2025-07-10,10397,2025071001033125,SCB,Trishakti Securities Public Limited,APPLE SECURITIES PRIVATE LIMITED,100,654.0,65400.0,2025-07-10 14:51:30.715740
2025-07-10,10396,2025071001033126,SCB,Naasa Securities Co. Ltd.,APPLE SECURITIES PRIVATE LIMITED,100,654.0,65400.0,2025-07-10 14:51:30.715917
2025-07-10,7978,2025071001033877,SCB,Primo Securities (PVT) Ltd.,APPLE SECURITIES PRIVATE LIMITED,500,654.0,327000.0,2025-07-10 14:54:25.208507
2025-07-10,6465,2025071001034308,SCB,Vision Securities Pvt. Ltd,Trisul Securities & Invt. Ltd.,100,654.8,65480.0,2025-07-10 14:56:12.975423
2025-07-10,6130,2025071001034406,SCB,Primo Securities (PVT) Ltd.,Trisul Securities & Invt. Ltd.,150,654.8,98220.0,2025-07-10 14:56:28.876429
2025-07-10,5681,2025071001034582,SCB,Primo Securities (PVT) Ltd.,Naasa Securities Co. Ltd.,90,655.0,58950.0,2025-07-10 14:56:58.150338
2025-07-10,3460,2025071001035363,SCB,Sewa Securities Pvt. Ltd.,Neev Securities Pvt. Ltd.,25,656.0,16400.0,2025-07-10 14:58:33.029945
2025-07-10,2815,2025071001035630,SCB,Sewa Securities Pvt. Ltd.,APPLE SECURITIES PRIVATE LIMITED,475,656.0,311600.0,2025-07-10 14:58:55.203036
2025-07-10,2814,2025071001035631,SCB,Primo Securities (PVT) Ltd.,APPLE SECURITIES PRIVATE LIMITED,10,656.0,6560.0,2025-07-10 14:58:55.203204
2025-07-10,2664,2025071001035682,SCB,Nepal Stock House (PVT) Ltd.,APPLE SECURITIES PRIVATE LIMITED,15,656.0,9840.0,2025-07-10 14:59:01.593872
2025-07-10,2438,2025071001035738,SCB,Naasa Securities Co. Ltd.,Sweta Securities Private Limited,20,656.9,13138.0,2025-07-10 14:59:08.385867
2025-07-10,2437,2025071001035739,SCB,Naasa Securities Co. Ltd.,Ashutosh Brokerage & Securities (PVT) Ltd.,715,657.0,469755.0,2025-07-10 14:59:08.386069
2025-07-10,2436,2025071001035740,SCB,Naasa Securities Co. Ltd.,Online Securities Pvt. Ltd.,25,657.0,16425.0,2025-07-10 14:59:08.386147
2025-07-10,2435,2025071001035741,SCB,Naasa Securities Co. Ltd.,Vision Securities Pvt. Ltd,25,657.0,16425.0,2025-07-10 14:59:08.386220
2025-07-10,2434,2025071001035742,SCB,Naasa Securities Co. Ltd.,Naasa Securities Co. Ltd.,53,657.0,34821.0,2025-07-10 14:59:08.386292
2025-07-10,2433,2025071001035743,SCB,Naasa Securities Co. Ltd.,Creative Securities Pvt Ltd,100,657.0,65700.0,2025-07-10 14:59:08.386379
2025-07-10,2432,2025071001035744,SCB,Naasa Securities Co. Ltd.,Midas Stock Broking Company Private Limited,500,657.0,328500.0,2025-07-10 14:59:08.386451
2025-07-10,2431,2025071001035745,SCB,Naasa Securities Co. Ltd.,Trishakti Securities Public Limited,106,657.0,69642.0,2025-07-10 14:59:08.386523
2025-07-10,2430,2025071001035746,SCB,Naasa Securities Co. Ltd.,Sani Securities Company Ltd.,456,657.0,299592.0,2025-07-10 14:59:08.386591
2025-07-10,2067,2025071001035879,SCB,APPLE SECURITIES PRIVATE LIMITED,Sani Securities Company Ltd.,500,657.0,328500.0,2025-07-10 14:59:18.285628
2025-07-10,1306,2025071001036126,SCB,Nepal Stock House (PVT) Ltd.,Sewa Securities Pvt. Ltd.,10,656.0,6560.0,2025-07-10 14:59:33.183127
2025-07-10,1007,2025071001036228,SCB,Cristal Kanchanjanga Securites Pvt. Ltd.,Sani Securities Company Ltd.,30,657.0,19710.0,2025-07-10 14:59:39.830900
2025-07-10,879,2025071001036282,SCB,Nepal Stock House (PVT) Ltd.,Sumeru Securities Pvt. Ltd.,25,656.0,16400.0,2025-07-10 14:59:43.357928
2025-07-10,836,2025071001036309,SCB,Trishakti Securities Public Limited,Sani Securities Company Ltd.,14,657.0,9198.0,2025-07-10 14:59:44.537812
2025-07-10,835,2025071001036310,SCB,Trishakti Securities Public Limited,Sagarmatha Securities Private Limited,69,657.0,45333.0,2025-07-10 14:59:44.537981
2025-07-10,834,2025071001036311,SCB,Trishakti Securities Public Limited,Nepal Stock House (PVT) Ltd.,60,657.0,39420.0,2025-07-10 14:59:44.538057
2025-07-10,833,2025071001036312,SCB,Trishakti Securities Public Limited,Agrawal Securities (PVT) Ltd.,251,657.0,164907.0,2025-07-10 14:59:44.538126
2025-07-10,832,2025071001036313,SCB,Trishakti Securities Public Limited,Oxford Securities Pvt. Ltd.,96,657.0,63072.0,2025-07-10 14:59:44.538207
2025-07-10,783,2025071001036317,SCB,Imperial Securities Company Pvt. Ltd.,Oxford Securities Pvt. Ltd.,104,657.0,68328.0,2025-07-10 14:59:45.648610
2025-07-10,720,2025071001036346,SCB,Imperial Securities Company Pvt. Ltd.,Nepal Stock House (PVT) Ltd.,22,657.0,14454.0,2025-07-10 14:59:47.743886
2025-07-10,549,2025071001036417,SCB,Imperial Securities Company Pvt. Ltd.,Arun Securities (PVT) Ltd.,60,657.0,39420.0,2025-07-10 14:59:51.671407
