Date,S.N.,Contract ID,Symbol,Buyer Broker,Seller Broker,volume,rate,amount,transaction_time
2025-07-10,88464,2025071004000040,SHPC,Pragyan Securities (PVT) Ltd.,Trishakti Securities Public Limited,50,604.0,30200.0,2025-07-10 11:00:49.633502
2025-07-10,88410,2025071004000067,SHPC,Secured Securities Ltd.,Trishakti Securities Public Limited,41,604.0,24764.0,2025-07-10 11:01:15.739018
2025-07-10,88295,2025071004000094,SHPC,Dynamic Money Managers Securities Pvt. Ltd.,Sharepro Securities Private Limited,1000,601.0,601000.0,2025-07-10 11:01:53.137749
2025-07-10,87848,2025071004000258,SHPC,Premier Securities Company Ltd.,Trisul Securities & Invt. Ltd.,300,603.9,181170.0,2025-07-10 11:04:14.300730
2025-07-10,87733,2025071004000283,SHPC,Naasa Securities Co. Ltd.,Trishakti Securities Public Limited,111,604.0,67044.0,2025-07-10 11:04:46.042726
2025-07-10,87732,2025071004000284,SHPC,Naasa Securities Co. Ltd.,South Asian Bulls Pvt. Ltd.,25,604.0,15100.0,2025-07-10 11:04:46.042917
2025-07-10,87731,2025071004000285,SHPC,Naasa Securities Co. Ltd.,Sani Securities Company Ltd.,100,604.0,60400.0,2025-07-10 11:04:46.043028
2025-07-10,87551,2025071004000350,SHPC,Naasa Securities Co. Ltd.,Sharepro Securities Private Limited,100,604.0,60400.0,2025-07-10 11:05:35.310264
2025-07-10,87508,2025071004000360,SHPC,Naasa Securities Co. Ltd.,Property Wiard Limited,20,604.0,12080.0,2025-07-10 11:05:49.905628
2025-07-10,87452,2025071004000377,SHPC,Naasa Securities Co. Ltd.,Property Wiard Limited,144,604.0,86976.0,2025-07-10 11:06:04.962674
2025-07-10,87451,2025071004000378,SHPC,Vision Securities Pvt. Ltd,Property Wiard Limited,25,604.0,15100.0,2025-07-10 11:06:04.962887
2025-07-10,87450,2025071004000379,SHPC,Online Securities Pvt. Ltd.,Property Wiard Limited,131,604.0,79124.0,2025-07-10 11:06:04.963028
2025-07-10,87448,2025071004000380,SHPC,Online Securities Pvt. Ltd.,Neev Securities Pvt. Ltd.,40,604.0,24160.0,2025-07-10 11:06:05.044627
2025-07-10,87249,2025071004000426,SHPC,Aryatara Investment & Securities,Imperial Securities Company Pvt. Ltd.,2500,603.9,1509750.0,2025-07-10 11:06:52.897341
2025-07-10,87046,2025071004000516,SHPC,Primo Securities (PVT) Ltd.,Sharepro Securities Private Limited,90,602.1,54189.0,2025-07-10 11:07:56.206124
2025-07-10,86687,2025071004000615,SHPC,Dakshinkali Investment & Securities Pvt. Ltd.,NIMB Stock Markets Limited,400,603.0,241200.0,2025-07-10 11:09:29.773093
2025-07-10,86505,2025071004000659,SHPC,Primo Securities (PVT) Ltd.,Sharepro Securities Private Limited,10,602.1,6021.0,2025-07-10 11:10:03.813113
2025-07-10,86504,2025071004000660,SHPC,Naasa Securities Co. Ltd.,Sharepro Securities Private Limited,155,602.0,93310.0,2025-07-10 11:10:03.813385
2025-07-10,86503,2025071004000661,SHPC,Naasa Securities Co. Ltd.,Sharepro Securities Private Limited,50,601.2,30060.0,2025-07-10 11:10:03.813551
2025-07-10,86502,2025071004000662,SHPC,Vision Securities Pvt. Ltd,Sharepro Securities Private Limited,50,601.2,30060.0,2025-07-10 11:10:03.813714
2025-07-10,86501,2025071004000663,SHPC,Sweta Securities Private Limited,Sharepro Securities Private Limited,200,601.2,120240.0,2025-07-10 11:10:03.813869
2025-07-10,86500,2025071004000664,SHPC,Aryatara Investment & Securities,Sharepro Securities Private Limited,200,601.1,120220.0,2025-07-10 11:10:03.814029
2025-07-10,86499,2025071004000665,SHPC,Dakshinkali Investment & Securities Pvt. Ltd.,Sharepro Securities Private Limited,335,601.1,201368.5,2025-07-10 11:10:03.814183
2025-07-10,86348,2025071004000692,SHPC,Dakshinkali Investment & Securities Pvt. Ltd.,NIMB Stock Markets Limited,700,601.1,420770.0,2025-07-10 11:10:33.714264
2025-07-10,86254,2025071004000719,SHPC,Dakshinkali Investment & Securities Pvt. Ltd.,NIMB Stock Markets Limited,700,601.1,420770.0,2025-07-10 11:10:46.745534
2025-07-10,85848,2025071004000850,SHPC,Aryatara Investment & Securities,Property Wiard Limited,150,601.2,90180.0,2025-07-10 11:12:24.290552
2025-07-10,85847,2025071004000851,SHPC,Dakshinkali Investment & Securities Pvt. Ltd.,Property Wiard Limited,1450,601.2,871740.0,2025-07-10 11:12:24.290695
2025-07-10,85797,2025071004000875,SHPC,Dakshinkali Investment & Securities Pvt. Ltd.,Capital Max Securities Ltd,550,601.2,330660.0,2025-07-10 11:12:34.183571
2025-07-10,85690,2025071004000898,SHPC,J.F. Securites (PVT) Ltd.,Capital Max Securities Ltd,195,601.2,117234.0,2025-07-10 11:12:58.700702
2025-07-10,85523,2025071004000937,SHPC,Naasa Securities Co. Ltd.,NIMB Stock Markets Limited,120,603.9,72468.0,2025-07-10 11:13:34.403850
2025-07-10,85470,2025071004000950,SHPC,Shree Krishna Securities Ltd.,NIMB Stock Markets Limited,580,603.9,350262.0,2025-07-10 11:13:45.784177
2025-07-10,85431,2025071004000958,SHPC,South Asian Bulls Pvt. Ltd.,Neev Securities Pvt. Ltd.,160,604.0,96640.0,2025-07-10 11:13:55.014367
2025-07-10,85430,2025071004000959,SHPC,South Asian Bulls Pvt. Ltd.,NIMB Stock Markets Limited,700,604.0,422800.0,2025-07-10 11:13:55.014406
2025-07-10,85429,2025071004000960,SHPC,South Asian Bulls Pvt. Ltd.,Imperial Securities Company Pvt. Ltd.,140,604.0,84560.0,2025-07-10 11:13:55.014440
2025-07-10,85235,2025071004001013,SHPC,Shree Krishna Securities Ltd.,Aryatara Investment & Securities,100,603.9,60390.0,2025-07-10 11:14:41.945557
2025-07-10,84916,2025071004001136,SHPC,Shree Krishna Securities Ltd.,Sharepro Securities Private Limited,20,603.9,12078.0,2025-07-10 11:15:34.290668
2025-07-10,84915,2025071004001137,SHPC,J.F. Securites (PVT) Ltd.,Sharepro Securities Private Limited,15,602.0,9030.0,2025-07-10 11:15:34.290809
2025-07-10,84914,2025071004001138,SHPC,Sumeru Securities Pvt. Ltd.,Sharepro Securities Private Limited,100,602.0,60200.0,2025-07-10 11:15:34.290871
2025-07-10,84913,2025071004001139,SHPC,Naasa Securities Co. Ltd.,Sharepro Securities Private Limited,60,601.3,36078.0,2025-07-10 11:15:34.290931
2025-07-10,84912,2025071004001140,SHPC,ABC Securities Private Limited,Sharepro Securities Private Limited,250,601.2,150300.0,2025-07-10 11:15:34.290989
2025-07-10,84911,2025071004001141,SHPC,Dakshinkali Investment & Securities Pvt. Ltd.,Sharepro Securities Private Limited,555,601.2,333666.0,2025-07-10 11:15:34.291047
2025-07-10,84664,2025071004001181,SHPC,Asian Securities Private Ltd.,Property Wiard Limited,100,602.0,60200.0,2025-07-10 11:16:25.007136
2025-07-10,84663,2025071004001182,SHPC,Dakshinkali Investment & Securities Pvt. Ltd.,Property Wiard Limited,1445,601.2,868734.0,2025-07-10 11:16:25.007284
2025-07-10,84662,2025071004001183,SHPC,Dakshinkali Investment & Securities Pvt. Ltd.,Property Wiard Limited,265,601.1,159291.5,2025-07-10 11:16:25.007350
2025-07-10,84661,2025071004001184,SHPC,Aryatara Investment & Securities,Property Wiard Limited,100,601.1,60110.0,2025-07-10 11:16:25.007407
2025-07-10,84660,2025071004001185,SHPC,Cristal Kanchanjanga Securites Pvt. Ltd.,Property Wiard Limited,1000,601.1,601100.0,2025-07-10 11:16:25.007464
2025-07-10,84659,2025071004001186,SHPC,Dynamic Money Managers Securities Pvt. Ltd.,Property Wiard Limited,8090,601.1,4862899.0,2025-07-10 11:16:25.007518
2025-07-10,84548,2025071004001221,SHPC,ABC Securities Private Limited,Sharepro Securities Private Limited,500,601.2,300600.0,2025-07-10 11:16:49.290530
2025-07-10,84509,2025071004001229,SHPC,ABC Securities Private Limited,Sharepro Securities Private Limited,500,601.2,300600.0,2025-07-10 11:16:55.326464
2025-07-10,84481,2025071004001232,SHPC,ABC Securities Private Limited,Sharepro Securities Private Limited,500,601.2,300600.0,2025-07-10 11:17:00.358057
2025-07-10,83826,2025071004001390,SHPC,Sri Hari Securities Pvt. Ltd.,Naasa Securities Co. Ltd.,200,602.1,120420.0,2025-07-10 11:19:26.785122
2025-07-10,83608,2025071004001466,SHPC,Sweta Securities Private Limited,Cristal Kanchanjanga Securites Pvt. Ltd.,100,602.1,60210.0,2025-07-10 11:20:02.439166
2025-07-10,83607,2025071004001467,SHPC,J.F. Securites (PVT) Ltd.,Cristal Kanchanjanga Securites Pvt. Ltd.,2000,602.0,1204000.0,2025-07-10 11:20:02.439346
2025-07-10,83606,2025071004001468,SHPC,Imperial Securities Company Pvt. Ltd.,Cristal Kanchanjanga Securites Pvt. Ltd.,4000,601.5,2406000.0,2025-07-10 11:20:02.439416
2025-07-10,83605,2025071004001469,SHPC,Vision Securities Pvt. Ltd,Cristal Kanchanjanga Securites Pvt. Ltd.,900,601.5,541350.0,2025-07-10 11:20:02.439523
2025-07-10,83276,2025071004001550,SHPC,Shree Krishna Securities Ltd.,Dipshikha Dhitopatra Karobar Co. Pvt Ltd.,700,603.9,422730.0,2025-07-10 11:21:05.752652
2025-07-10,83014,2025071004001604,SHPC,Kumari Securities Private Limited,Property Wiard Limited,250,603.0,150750.0,2025-07-10 11:21:55.934558
2025-07-10,83013,2025071004001605,SHPC,Dakshinkali Investment & Securities Pvt. Ltd.,Property Wiard Limited,200,602.1,120420.0,2025-07-10 11:21:55.934745
2025-07-10,83012,2025071004001606,SHPC,Naasa Securities Co. Ltd.,Property Wiard Limited,400,602.0,240800.0,2025-07-10 11:21:55.934815
2025-07-10,83011,2025071004001607,SHPC,Sumeru Securities Pvt. Ltd.,Property Wiard Limited,200,602.0,120400.0,2025-07-10 11:21:55.934886
2025-07-10,83010,2025071004001608,SHPC,Vision Securities Pvt. Ltd,Property Wiard Limited,100,601.5,60150.0,2025-07-10 11:21:55.934982
2025-07-10,83009,2025071004001609,SHPC,Imperial Securities Company Pvt. Ltd.,Property Wiard Limited,50,601.5,30075.0,2025-07-10 11:21:55.935049
2025-07-10,83008,2025071004001610,SHPC,ABC Securities Private Limited,Property Wiard Limited,500,601.3,300650.0,2025-07-10 11:21:55.935113
2025-07-10,82910,2025071004001637,SHPC,Cristal Kanchanjanga Securites Pvt. Ltd.,Property Wiard Limited,300,601.3,180390.0,2025-07-10 11:22:15.948698
2025-07-10,82773,2025071004001653,SHPC,Trademow Securities Private Limited,Bhrikuti Stock Broking Co. Pvt. Ltd.,100,603.9,60390.0,2025-07-10 11:22:39.011437
2025-07-10,82635,2025071004001684,SHPC,Thrive Brokerage House Pvt. Ltd,Bhrikuti Stock Broking Co. Pvt. Ltd.,400,603.9,241560.0,2025-07-10 11:23:09.322255
2025-07-10,82634,2025071004001685,SHPC,Thrive Brokerage House Pvt. Ltd,Imperial Securities Company Pvt. Ltd.,360,604.0,217440.0,2025-07-10 11:23:09.322489
2025-07-10,82633,2025071004001686,SHPC,Thrive Brokerage House Pvt. Ltd,Dipshikha Dhitopatra Karobar Co. Pvt Ltd.,240,604.0,144960.0,2025-07-10 11:23:09.322559
2025-07-10,82149,2025071004001802,SHPC,Kalika Securities Pvt. Ltd.,Property Wiard Limited,500,602.2,301100.0,2025-07-10 11:24:41.422364
2025-07-10,82148,2025071004001803,SHPC,J.F. Securites (PVT) Ltd.,Property Wiard Limited,10,602.1,6021.0,2025-07-10 11:24:41.422535
2025-07-10,82147,2025071004001804,SHPC,SUN SECURITIES PVT LTD,Property Wiard Limited,144,602.1,86702.4,2025-07-10 11:24:41.422608
2025-07-10,82146,2025071004001805,SHPC,Sweta Securities Private Limited,Property Wiard Limited,100,602.1,60210.0,2025-07-10 11:24:41.422677
2025-07-10,82145,2025071004001806,SHPC,Magnet Securities and Investment Company Private Limited,Property Wiard Limited,4246,602.0,2556092.0,2025-07-10 11:24:41.422749
2025-07-10,81714,2025071004001921,SHPC,Trisul Securities & Invt. Ltd.,Bhrikuti Stock Broking Co. Pvt. Ltd.,400,603.9,241560.0,2025-07-10 11:25:51.077236
2025-07-10,81713,2025071004001922,SHPC,Trisul Securities & Invt. Ltd.,Neev Securities Pvt. Ltd.,100,603.9,60390.0,2025-07-10 11:25:51.077458
2025-07-10,81712,2025071004001923,SHPC,Trisul Securities & Invt. Ltd.,Bhrikuti Stock Broking Co. Pvt. Ltd.,800,603.9,483120.0,2025-07-10 11:25:51.077581
2025-07-10,81711,2025071004001924,SHPC,Trisul Securities & Invt. Ltd.,Dipshikha Dhitopatra Karobar Co. Pvt Ltd.,310,604.0,187240.0,2025-07-10 11:25:51.077655
2025-07-10,81710,2025071004001925,SHPC,Trisul Securities & Invt. Ltd.,Property Wiard Limited,500,604.0,302000.0,2025-07-10 11:25:51.077724
2025-07-10,81709,2025071004001926,SHPC,Trisul Securities & Invt. Ltd.,Property Wiard Limited,500,604.0,302000.0,2025-07-10 11:25:51.077791
2025-07-10,81708,2025071004001927,SHPC,Trisul Securities & Invt. Ltd.,Sri Hari Securities Pvt. Ltd.,390,604.0,235560.0,2025-07-10 11:25:51.077858
2025-07-10,81572,2025071004001951,SHPC,Asian Securities Private Ltd.,Sweta Securities Private Limited,13,602.1,7827.3,2025-07-10 11:26:05.502492
2025-07-10,81252,2025071004002036,SHPC,Trisul Securities & Invt. Ltd.,Dipshikha Dhitopatra Karobar Co. Pvt Ltd.,300,603.9,181170.0,2025-07-10 11:26:57.437162
2025-07-10,80900,2025071004002135,SHPC,Trisul Securities & Invt. Ltd.,Dipshikha Dhitopatra Karobar Co. Pvt Ltd.,12,603.9,7246.8,2025-07-10 11:27:49.817746
2025-07-10,80588,2025071004002218,SHPC,Cristal Kanchanjanga Securites Pvt. Ltd.,Sri Hari Securities Pvt. Ltd.,500,603.0,301500.0,2025-07-10 11:28:37.979142
2025-07-10,80443,2025071004002281,SHPC,ABC Securities Private Limited,Sri Hari Securities Pvt. Ltd.,110,603.0,66330.0,2025-07-10 11:29:01.423351
2025-07-10,80382,2025071004002291,SHPC,ABC Securities Private Limited,Property Wiard Limited,890,603.0,536670.0,2025-07-10 11:29:12.370959
2025-07-10,80381,2025071004002292,SHPC,Thrive Brokerage House Pvt. Ltd,Property Wiard Limited,20,602.2,12044.0,2025-07-10 11:29:12.371246
2025-07-10,80380,2025071004002293,SHPC,Naasa Securities Co. Ltd.,Property Wiard Limited,50,602.2,30110.0,2025-07-10 11:29:12.371393
2025-07-10,80379,2025071004002294,SHPC,Asian Securities Private Ltd.,Property Wiard Limited,987,602.1,594272.7,2025-07-10 11:29:12.371471
2025-07-10,80378,2025071004002295,SHPC,ABC Securities Private Limited,Property Wiard Limited,1053,602.1,634011.3,2025-07-10 11:29:12.371550
2025-07-10,80272,2025071004002341,SHPC,ABC Securities Private Limited,Sani Securities Company Ltd.,1447,602.1,871238.7,2025-07-10 11:29:29.005711
2025-07-10,80271,2025071004002342,SHPC,Sumeru Securities Pvt. Ltd.,Sani Securities Company Ltd.,100,602.1,60210.0,2025-07-10 11:29:29.006049
2025-07-10,80270,2025071004002343,SHPC,Magnet Securities and Investment Company Private Limited,Sani Securities Company Ltd.,754,602.0,453908.0,2025-07-10 11:29:29.006274
2025-07-10,80269,2025071004002344,SHPC,Kohinoor Investment & Securities Pvt. Ltd.,Sani Securities Company Ltd.,800,602.0,481600.0,2025-07-10 11:29:29.006529
2025-07-10,80268,2025071004002345,SHPC,Naasa Securities Co. Ltd.,Sani Securities Company Ltd.,100,602.0,60200.0,2025-07-10 11:29:29.006727
2025-07-10,80267,2025071004002346,SHPC,Linch Stock Market Ltd.,Sani Securities Company Ltd.,79,602.0,47558.0,2025-07-10 11:29:29.006931
2025-07-10,80266,2025071004002347,SHPC,Siprabi Securities Pvt. Ltd.,Sani Securities Company Ltd.,20,602.0,12040.0,2025-07-10 11:29:29.007143
2025-07-10,80161,2025071004002370,SHPC,ABC Securities Private Limited,Property Wiard Limited,2000,601.5,1203000.0,2025-07-10 11:29:49.494581
2025-07-10,80092,2025071004002395,SHPC,ABC Securities Private Limited,Property Wiard Limited,500,601.5,300750.0,2025-07-10 11:30:04.541764
2025-07-10,80091,2025071004002396,SHPC,Imperial Securities Company Pvt. Ltd.,Property Wiard Limited,250,601.4,150350.0,2025-07-10 11:30:04.541931
2025-07-10,80090,2025071004002397,SHPC,Cristal Kanchanjanga Securites Pvt. Ltd.,Property Wiard Limited,200,601.3,120260.0,2025-07-10 11:30:04.542007
2025-07-10,80089,2025071004002398,SHPC,Dakshinkali Investment & Securities Pvt. Ltd.,Property Wiard Limited,50,601.3,30065.0,2025-07-10 11:30:04.542079
2025-07-10,79869,2025071004002444,SHPC,Sundhara Securities Limited,Sani Securities Company Ltd.,50,602.0,30100.0,2025-07-10 11:30:52.603751
2025-07-10,79781,2025071004002476,SHPC,Kohinoor Investment & Securities Pvt. Ltd.,Aryatara Investment & Securities,100,601.2,60120.0,2025-07-10 11:31:06.165652
2025-07-10,79780,2025071004002477,SHPC,Citizens Share Broker Limited,Aryatara Investment & Securities,850,601.2,511020.0,2025-07-10 11:31:06.165712
2025-07-10,79546,2025071004002515,SHPC,Asian Securities Private Ltd.,Sri Hari Securities Pvt. Ltd.,1000,601.3,601300.0,2025-07-10 11:31:58.825626
2025-07-10,79545,2025071004002516,SHPC,Citizens Share Broker Limited,Sri Hari Securities Pvt. Ltd.,560,601.2,336672.0,2025-07-10 11:31:58.825867
2025-07-10,79544,2025071004002517,SHPC,Dynamic Money Managers Securities Pvt. Ltd.,Sri Hari Securities Pvt. Ltd.,440,601.1,264484.0,2025-07-10 11:31:58.825947
2025-07-10,79531,2025071004002520,SHPC,Dynamic Money Managers Securities Pvt. Ltd.,Sani Securities Company Ltd.,470,601.1,282517.0,2025-07-10 11:32:03.746047
2025-07-10,79530,2025071004002521,SHPC,SUN SECURITIES PVT LTD,Sani Securities Company Ltd.,144,601.1,86558.4,2025-07-10 11:32:03.746273
2025-07-10,79529,2025071004002522,SHPC,Kalika Securities Pvt. Ltd.,Sani Securities Company Ltd.,900,601.0,540900.0,2025-07-10 11:32:03.746361
2025-07-10,79528,2025071004002523,SHPC,Imperial Securities Company Pvt. Ltd.,Sani Securities Company Ltd.,2000,601.0,1202000.0,2025-07-10 11:32:03.746546
2025-07-10,79403,2025071004002573,SHPC,Market Securities & Exchange (PVT) Ltd.,Sri Hari Securities Pvt. Ltd.,1000,600.1,600100.0,2025-07-10 11:32:24.062597
2025-07-10,79402,2025071004002574,SHPC,Miyo Securities Pvt Ltd,Sri Hari Securities Pvt. Ltd.,50,600.0,30000.0,2025-07-10 11:32:24.062771
2025-07-10,79401,2025071004002575,SHPC,Trishakti Securities Public Limited,Sri Hari Securities Pvt. Ltd.,1950,600.0,1170000.0,2025-07-10 11:32:24.062845
2025-07-10,79398,2025071004002577,SHPC,ABC Securities Private Limited,Sani Securities Company Ltd.,1486,601.0,893086.0,2025-07-10 11:32:24.831985
2025-07-10,79270,2025071004002628,SHPC,ABC Securities Private Limited,Asian Securities Private Ltd.,500,601.5,300750.0,2025-07-10 11:32:49.308773
2025-07-10,79261,2025071004002630,SHPC,ABC Securities Private Limited,Sharepro Securities Private Limited,14,601.5,8421.0,2025-07-10 11:32:50.234248
2025-07-10,79260,2025071004002631,SHPC,ABC Securities Private Limited,Sharepro Securities Private Limited,2000,601.1,1202200.0,2025-07-10 11:32:50.234456
2025-07-10,79259,2025071004002632,SHPC,Trishakti Securities Public Limited,Sharepro Securities Private Limited,50,600.0,30000.0,2025-07-10 11:32:50.234546
2025-07-10,79258,2025071004002633,SHPC,Imperial Securities Company Pvt. Ltd.,Sharepro Securities Private Limited,240,600.0,144000.0,2025-07-10 11:32:50.234619
2025-07-10,79257,2025071004002634,SHPC,Infinity Securities Limited,Sharepro Securities Private Limited,100,600.0,60000.0,2025-07-10 11:32:50.234692
2025-07-10,79256,2025071004002635,SHPC,South Asian Bulls Pvt. Ltd.,Sharepro Securities Private Limited,100,600.0,60000.0,2025-07-10 11:32:50.234762
2025-07-10,79255,2025071004002636,SHPC,Naasa Securities Co. Ltd.,Sharepro Securities Private Limited,224,600.0,134400.0,2025-07-10 11:32:50.234828
2025-07-10,79254,2025071004002637,SHPC,Aryatara Investment & Securities,Sharepro Securities Private Limited,272,600.0,163200.0,2025-07-10 11:32:50.234901
2025-07-10,79066,2025071004002685,SHPC,Aryatara Investment & Securities,Property Wiard Limited,478,600.0,286800.0,2025-07-10 11:33:27.129721
2025-07-10,79065,2025071004002686,SHPC,Trisul Securities & Invt. Ltd.,Property Wiard Limited,22,600.0,13200.0,2025-07-10 11:33:27.129896
2025-07-10,79009,2025071004002692,SHPC,Trisul Securities & Invt. Ltd.,Premier Securities Company Ltd.,28,600.0,16800.0,2025-07-10 11:33:33.652119
2025-07-10,79008,2025071004002693,SHPC,Sani Securities Company Ltd.,Premier Securities Company Ltd.,100,600.0,60000.0,2025-07-10 11:33:33.652337
2025-07-10,79007,2025071004002694,SHPC,Deevyaa Securities & Stock House Pvt. Ltd,Premier Securities Company Ltd.,122,600.0,73200.0,2025-07-10 11:33:33.652439
2025-07-10,78943,2025071004002707,SHPC,Primo Securities (PVT) Ltd.,Property Wiard Limited,250,600.5,150125.0,2025-07-10 11:33:48.213174
2025-07-10,78942,2025071004002708,SHPC,Deevyaa Securities & Stock House Pvt. Ltd,Property Wiard Limited,750,600.0,450000.0,2025-07-10 11:33:48.213357
2025-07-10,78808,2025071004002738,SHPC,Primo Securities (PVT) Ltd.,Kalika Securities Pvt. Ltd.,100,601.5,60150.0,2025-07-10 11:34:14.943619
2025-07-10,78778,2025071004002748,SHPC,Kalika Securities Pvt. Ltd.,Property Wiard Limited,500,601.0,300500.0,2025-07-10 11:34:23.324361
2025-07-10,78740,2025071004002770,SHPC,Kalika Securities Pvt. Ltd.,Secured Securities Ltd.,100,601.0,60100.0,2025-07-10 11:34:31.610037
2025-07-10,78684,2025071004002782,SHPC,Deevyaa Securities & Stock House Pvt. Ltd,Secured Securities Ltd.,128,600.0,76800.0,2025-07-10 11:34:40.480900
2025-07-10,78683,2025071004002783,SHPC,Kohinoor Investment & Securities Pvt. Ltd.,Secured Securities Ltd.,200,600.0,120000.0,2025-07-10 11:34:40.481101
2025-07-10,78682,2025071004002784,SHPC,Nabil Stock Dealer Ltd.,Secured Securities Ltd.,72,600.0,43200.0,2025-07-10 11:34:40.481174
2025-07-10,78648,2025071004002794,SHPC,J.F. Securites (PVT) Ltd.,Naasa Securities Co. Ltd.,100,600.1,60010.0,2025-07-10 11:34:51.527701
2025-07-10,78251,2025071004002902,SHPC,Imperial Securities Company Pvt. Ltd.,Property Wiard Limited,30,600.1,18003.0,2025-07-10 11:36:05.639466
2025-07-10,78250,2025071004002903,SHPC,Nabil Stock Dealer Ltd.,Property Wiard Limited,258,600.0,154800.0,2025-07-10 11:36:05.639823
2025-07-10,78249,2025071004002904,SHPC,Siprabi Securities Pvt. Ltd.,Property Wiard Limited,20,600.0,12000.0,2025-07-10 11:36:05.640041
2025-07-10,78248,2025071004002905,SHPC,Sri Hari Securities Pvt. Ltd.,Property Wiard Limited,100,600.0,60000.0,2025-07-10 11:36:05.640267
2025-07-10,78247,2025071004002906,SHPC,Vision Securities Pvt. Ltd,Property Wiard Limited,6592,600.0,3955200.0,2025-07-10 11:36:05.640500
2025-07-10,78141,2025071004002920,SHPC,Vision Securities Pvt. Ltd,Cristal Kanchanjanga Securites Pvt. Ltd.,3408,600.0,2044800.0,2025-07-10 11:36:24.342516
2025-07-10,78140,2025071004002921,SHPC,NIMB Stock Markets Limited,Cristal Kanchanjanga Securites Pvt. Ltd.,20,600.0,12000.0,2025-07-10 11:36:24.342708
2025-07-10,77435,2025071004003141,SHPC,Naasa Securities Co. Ltd.,Thrive Brokerage House Pvt. Ltd,182,600.0,109200.0,2025-07-10 11:38:42.446533
2025-07-10,77227,2025071004003191,SHPC,Oxford Securities Pvt. Ltd.,Sharepro Securities Private Limited,50,600.0,30000.0,2025-07-10 11:39:28.701387
2025-07-10,77169,2025071004003204,SHPC,Oxford Securities Pvt. Ltd.,Dipshikha Dhitopatra Karobar Co. Pvt Ltd.,10,600.0,6000.0,2025-07-10 11:39:37.685653
2025-07-10,77077,2025071004003240,SHPC,Oxford Securities Pvt. Ltd.,Thrive Brokerage House Pvt. Ltd,70,600.0,42000.0,2025-07-10 11:39:51.714758
2025-07-10,76953,2025071004003291,SHPC,Oxford Securities Pvt. Ltd.,Thrive Brokerage House Pvt. Ltd,10,600.0,6000.0,2025-07-10 11:40:10.780872
2025-07-10,76742,2025071004003337,SHPC,Oxford Securities Pvt. Ltd.,Sani Securities Company Ltd.,60,600.0,36000.0,2025-07-10 11:40:57.213228
2025-07-10,76741,2025071004003338,SHPC,Imperial Securities Company Pvt. Ltd.,Sani Securities Company Ltd.,20,600.0,12000.0,2025-07-10 11:40:57.213631
2025-07-10,76663,2025071004003365,SHPC,Thrive Brokerage House Pvt. Ltd,Sani Securities Company Ltd.,20,598.1,11962.0,2025-07-10 11:41:14.442980
2025-07-10,76662,2025071004003366,SHPC,Kumari Securities Private Limited,Sani Securities Company Ltd.,50,598.0,29900.0,2025-07-10 11:41:14.443178
2025-07-10,76422,2025071004003436,SHPC,Sumeru Securities Pvt. Ltd.,Deevyaa Securities & Stock House Pvt. Ltd,1100,600.0,660000.0,2025-07-10 11:42:20.184224
2025-07-10,76309,2025071004003451,SHPC,Sumeru Securities Pvt. Ltd.,Sani Securities Company Ltd.,800,600.0,480000.0,2025-07-10 11:42:38.405832
2025-07-10,76079,2025071004003510,SHPC,Kumari Securities Private Limited,Aryatara Investment & Securities,150,598.0,89700.0,2025-07-10 11:43:32.812948
2025-07-10,76078,2025071004003511,SHPC,Nepal Investment And Securities Trading Private Limited,Aryatara Investment & Securities,10,598.0,5980.0,2025-07-10 11:43:32.813177
2025-07-10,76077,2025071004003512,SHPC,Bhrikuti Stock Broking Co. Pvt. Ltd.,Aryatara Investment & Securities,45,598.0,26910.0,2025-07-10 11:43:32.813268
2025-07-10,76076,2025071004003513,SHPC,Creative Securities Pvt Ltd,Aryatara Investment & Securities,200,598.0,119600.0,2025-07-10 11:43:32.813367
2025-07-10,75939,2025071004003535,SHPC,Nepal Stock House (PVT) Ltd.,Aryatara Investment & Securities,595,598.0,355810.0,2025-07-10 11:44:02.629773
2025-07-10,75367,2025071004003712,SHPC,Sani Securities Company Ltd.,Naasa Securities Co. Ltd.,27,598.2,16151.4,2025-07-10 11:46:24.177642
2025-07-10,74959,2025071004003827,SHPC,Machhapuchchhre Securities Limited,Sani Securities Company Ltd.,10,600.0,6000.0,2025-07-10 11:48:02.914177
2025-07-10,74951,2025071004003831,SHPC,Sani Securities Company Ltd.,Sharepro Securities Private Limited,23,598.2,13758.6,2025-07-10 11:48:05.415019
2025-07-10,74950,2025071004003832,SHPC,Cristal Kanchanjanga Securites Pvt. Ltd.,Sharepro Securities Private Limited,977,598.2,584441.4,2025-07-10 11:48:05.415349
2025-07-10,74909,2025071004003838,SHPC,Machhapuchchhre Securities Limited,Sani Securities Company Ltd.,10,600.0,6000.0,2025-07-10 11:48:15.962988
2025-07-10,74807,2025071004003855,SHPC,Shree Krishna Securities Ltd.,Sani Securities Company Ltd.,700,600.0,420000.0,2025-07-10 11:48:37.251002
2025-07-10,74175,2025071004003960,SHPC,Dakshinkali Investment & Securities Pvt. Ltd.,Sani Securities Company Ltd.,200,600.0,120000.0,2025-07-10 11:50:41.945982
2025-07-10,74172,2025071004003962,SHPC,Vision Securities Pvt. Ltd,Sani Securities Company Ltd.,80,600.0,48000.0,2025-07-10 11:50:43.291037
2025-07-10,74171,2025071004003963,SHPC,Vision Securities Pvt. Ltd,Trishakti Securities Public Limited,165,600.0,99000.0,2025-07-10 11:50:43.291644
2025-07-10,74122,2025071004003986,SHPC,Vision Securities Pvt. Ltd,Premier Securities Company Ltd.,100,600.0,60000.0,2025-07-10 11:50:55.543203
2025-07-10,73951,2025071004004035,SHPC,Machhapuchchhre Securities Limited,Kalika Securities Pvt. Ltd.,10,600.9,6009.0,2025-07-10 11:51:25.678574
2025-07-10,73881,2025071004004054,SHPC,Vision Securities Pvt. Ltd,Deevyaa Securities & Stock House Pvt. Ltd,15,600.0,9000.0,2025-07-10 11:51:43.445385
2025-07-10,73838,2025071004004057,SHPC,Vision Securities Pvt. Ltd,Sumeru Securities Pvt. Ltd.,40,600.0,24000.0,2025-07-10 11:51:45.932648
2025-07-10,73719,2025071004004082,SHPC,South Asian Bulls Pvt. Ltd.,Sumeru Securities Pvt. Ltd.,760,600.0,456000.0,2025-07-10 11:52:15.036693
2025-07-10,73718,2025071004004083,SHPC,South Asian Bulls Pvt. Ltd.,Sharepro Securities Private Limited,73,600.0,43800.0,2025-07-10 11:52:15.037334
2025-07-10,73497,2025071004004146,SHPC,Miyo Securities Pvt Ltd,Sumeru Securities Pvt. Ltd.,75,600.0,45000.0,2025-07-10 11:52:58.407293
2025-07-10,72768,2025071004004309,SHPC,Aryatara Investment & Securities,Kumari Securities Private Limited,35,598.6,20951.0,2025-07-10 11:55:20.647625
2025-07-10,72387,2025071004004363,SHPC,Machhapuchchhre Securities Limited,Sumeru Securities Pvt. Ltd.,10,600.0,6000.0,2025-07-10 11:56:24.421686
2025-07-10,72091,2025071004004457,SHPC,Sri Hari Securities Pvt. Ltd.,Trademow Securities Private Limited,100,598.7,59870.0,2025-07-10 11:57:18.368624
2025-07-10,72082,2025071004004459,SHPC,Secured Securities Ltd.,Naasa Securities Co. Ltd.,200,600.0,120000.0,2025-07-10 11:57:20.374456
2025-07-10,71977,2025071004004482,SHPC,Secured Securities Ltd.,Naasa Securities Co. Ltd.,50,600.0,30000.0,2025-07-10 11:57:31.597154
2025-07-10,71392,2025071004004621,SHPC,Kumari Securities Private Limited,Naasa Securities Co. Ltd.,550,600.0,330000.0,2025-07-10 11:59:10.497084
2025-07-10,71391,2025071004004622,SHPC,Kumari Securities Private Limited,NIMB Stock Markets Limited,250,600.0,150000.0,2025-07-10 11:59:10.497407
2025-07-10,71022,2025071004004700,SHPC,Kohinoor Investment & Securities Pvt. Ltd.,Opal Securities Investment (PVT) Ltd.,150,598.8,89820.0,2025-07-10 12:00:11.710480
2025-07-10,70987,2025071004004711,SHPC,Kohinoor Investment & Securities Pvt. Ltd.,Himalayan Brokerage Company Limited,69,598.8,41317.2,2025-07-10 12:00:18.284381
2025-07-10,70896,2025071004004730,SHPC,Machhapuchchhre Securities Limited,NIMB Stock Markets Limited,10,600.0,6000.0,2025-07-10 12:00:47.084405
2025-07-10,70827,2025071004004761,SHPC,Kohinoor Investment & Securities Pvt. Ltd.,Kohinoor Investment & Securities Pvt. Ltd.,500,598.8,299400.0,2025-07-10 12:01:04.272732
2025-07-10,70777,2025071004004767,SHPC,Swarna Laxmi Securities Pvt. Ltd.,NIMB Stock Markets Limited,100,600.0,60000.0,2025-07-10 12:01:17.518862
2025-07-10,70233,2025071004004909,SHPC,Kohinoor Investment & Securities Pvt. Ltd.,Kalika Securities Pvt. Ltd.,20,598.8,11976.0,2025-07-10 12:02:50.626866
2025-07-10,69913,2025071004004992,SHPC,Primo Securities (PVT) Ltd.,Trishakti Securities Public Limited,50,599.0,29950.0,2025-07-10 12:03:54.993864
2025-07-10,69894,2025071004004995,SHPC,Dipshikha Dhitopatra Karobar Co. Pvt Ltd.,NIMB Stock Markets Limited,20,600.0,12000.0,2025-07-10 12:04:01.531538
2025-07-10,69719,2025071004005034,SHPC,Naasa Securities Co. Ltd.,NIMB Stock Markets Limited,100,600.0,60000.0,2025-07-10 12:04:30.468432
2025-07-10,69691,2025071004005044,SHPC,Primo Securities (PVT) Ltd.,Nepal Investment And Securities Trading Private Limited,50,599.0,29950.0,2025-07-10 12:04:42.260574
2025-07-10,69556,2025071004005089,SHPC,ABC Securities Private Limited,NIMB Stock Markets Limited,20,600.0,12000.0,2025-07-10 12:05:09.599745
2025-07-10,69555,2025071004005090,SHPC,ABC Securities Private Limited,Sani Securities Company Ltd.,16,600.0,9600.0,2025-07-10 12:05:09.600115
2025-07-10,69554,2025071004005091,SHPC,ABC Securities Private Limited,Vision Securities Pvt. Ltd,1464,600.0,878400.0,2025-07-10 12:05:09.600294
2025-07-10,69536,2025071004005100,SHPC,Primo Securities (PVT) Ltd.,Sharepro Securities Private Limited,50,599.0,29950.0,2025-07-10 12:05:12.929133
2025-07-10,69400,2025071004005140,SHPC,Primo Securities (PVT) Ltd.,Trademow Securities Private Limited,50,599.0,29950.0,2025-07-10 12:05:38.423670
2025-07-10,69362,2025071004005143,SHPC,Primo Securities (PVT) Ltd.,Asian Securities Private Ltd.,300,599.0,179700.0,2025-07-10 12:05:46.600120
2025-07-10,69071,2025071004005196,SHPC,Kohinoor Investment & Securities Pvt. Ltd.,Sani Securities Company Ltd.,61,598.8,36526.8,2025-07-10 12:06:32.962441
2025-07-10,69070,2025071004005197,SHPC,Sri Hari Securities Pvt. Ltd.,Sani Securities Company Ltd.,100,598.7,59870.0,2025-07-10 12:06:32.962522
2025-07-10,69069,2025071004005198,SHPC,Aryatara Investment & Securities,Sani Securities Company Ltd.,215,598.6,128699.0,2025-07-10 12:06:32.962558
2025-07-10,69068,2025071004005199,SHPC,Sweta Securities Private Limited,Sani Securities Company Ltd.,100,598.6,59860.0,2025-07-10 12:06:32.962584
2025-07-10,69067,2025071004005200,SHPC,Asian Securities Private Ltd.,Sani Securities Company Ltd.,250,598.4,149600.0,2025-07-10 12:06:32.962613
2025-07-10,69066,2025071004005201,SHPC,Dakshinkali Investment & Securities Pvt. Ltd.,Sani Securities Company Ltd.,100,598.3,59830.0,2025-07-10 12:06:32.962641
2025-07-10,69065,2025071004005202,SHPC,Investment Management Nepal Pvt. Ltd.,Sani Securities Company Ltd.,100,598.3,59830.0,2025-07-10 12:06:32.962667
2025-07-10,69064,2025071004005203,SHPC,Cristal Kanchanjanga Securites Pvt. Ltd.,Sani Securities Company Ltd.,23,598.2,13758.6,2025-07-10 12:06:32.962693
2025-07-10,69063,2025071004005204,SHPC,Nepal Stock House (PVT) Ltd.,Sani Securities Company Ltd.,31,598.1,18541.1,2025-07-10 12:06:32.962715
2025-07-10,69052,2025071004005205,SHPC,Sweta Securities Private Limited,Asian Securities Private Ltd.,100,599.0,59900.0,2025-07-10 12:06:35.991780
2025-07-10,69023,2025071004005215,SHPC,Naasa Securities Co. Ltd.,Asian Securities Private Ltd.,300,599.0,179700.0,2025-07-10 12:06:46.111659
2025-07-10,68959,2025071004005231,SHPC,Market Securities & Exchange (PVT) Ltd.,Asian Securities Private Ltd.,300,599.0,179700.0,2025-07-10 12:06:57.570499
2025-07-10,68932,2025071004005240,SHPC,Nepal Stock House (PVT) Ltd.,Sharepro Securities Private Limited,100,598.1,59810.0,2025-07-10 12:07:04.284827
2025-07-10,68890,2025071004005245,SHPC,SUN SECURITIES PVT LTD,Vision Securities Pvt. Ltd,21,599.0,12579.0,2025-07-10 12:07:12.201398
2025-07-10,68889,2025071004005246,SHPC,Dipshikha Dhitopatra Karobar Co. Pvt Ltd.,Vision Securities Pvt. Ltd,21,599.7,12593.7,2025-07-10 12:07:12.742578
2025-07-10,68882,2025071004005247,SHPC,SUN SECURITIES PVT LTD,Vision Securities Pvt. Ltd,22,599.7,13193.4,2025-07-10 12:07:13.207169
2025-07-10,68869,2025071004005250,SHPC,Dipshikha Dhitopatra Karobar Co. Pvt Ltd.,Vision Securities Pvt. Ltd,22,599.7,13193.4,2025-07-10 12:07:14.839628
2025-07-10,68868,2025071004005251,SHPC,Dipshikha Dhitopatra Karobar Co. Pvt Ltd.,Vision Securities Pvt. Ltd,22,599.7,13193.4,2025-07-10 12:07:14.842189
2025-07-10,68867,2025071004005252,SHPC,Dipshikha Dhitopatra Karobar Co. Pvt Ltd.,Vision Securities Pvt. Ltd,23,599.7,13793.1,2025-07-10 12:07:14.844630
2025-07-10,68866,2025071004005253,SHPC,Dipshikha Dhitopatra Karobar Co. Pvt Ltd.,Vision Securities Pvt. Ltd,23,599.7,13793.1,2025-07-10 12:07:14.852036
2025-07-10,68865,2025071004005254,SHPC,Dipshikha Dhitopatra Karobar Co. Pvt Ltd.,Vision Securities Pvt. Ltd,26,599.7,15592.2,2025-07-10 12:07:14.855624
2025-07-10,68864,2025071004005255,SHPC,Dipshikha Dhitopatra Karobar Co. Pvt Ltd.,Vision Securities Pvt. Ltd,25,599.7,14992.5,2025-07-10 12:07:14.862097
2025-07-10,68862,2025071004005256,SHPC,Dipshikha Dhitopatra Karobar Co. Pvt Ltd.,Vision Securities Pvt. Ltd,27,599.7,16191.9,2025-07-10 12:07:14.877771
2025-07-10,68856,2025071004005257,SHPC,SUN SECURITIES PVT LTD,Vision Securities Pvt. Ltd,27,599.7,16191.9,2025-07-10 12:07:15.213799
2025-07-10,68827,2025071004005271,SHPC,Dipshikha Dhitopatra Karobar Co. Pvt Ltd.,Vision Securities Pvt. Ltd,20,599.7,11994.0,2025-07-10 12:07:20.931830
2025-07-10,68826,2025071004005272,SHPC,Dipshikha Dhitopatra Karobar Co. Pvt Ltd.,Vision Securities Pvt. Ltd,20,599.7,11994.0,2025-07-10 12:07:20.939002
2025-07-10,68825,2025071004005273,SHPC,SUN SECURITIES PVT LTD,Vision Securities Pvt. Ltd,20,599.7,11994.0,2025-07-10 12:07:21.235505
2025-07-10,68824,2025071004005274,SHPC,SUN SECURITIES PVT LTD,Vision Securities Pvt. Ltd,21,599.7,12593.7,2025-07-10 12:07:21.237944
2025-07-10,68819,2025071004005275,SHPC,Dipshikha Dhitopatra Karobar Co. Pvt Ltd.,Vision Securities Pvt. Ltd,20,599.7,11994.0,2025-07-10 12:07:21.949716
2025-07-10,68818,2025071004005276,SHPC,Dipshikha Dhitopatra Karobar Co. Pvt Ltd.,Vision Securities Pvt. Ltd,21,599.7,12593.7,2025-07-10 12:07:21.952286
2025-07-10,68817,2025071004005277,SHPC,Dipshikha Dhitopatra Karobar Co. Pvt Ltd.,Vision Securities Pvt. Ltd,21,599.7,12593.7,2025-07-10 12:07:21.954415
2025-07-10,68816,2025071004005278,SHPC,Dipshikha Dhitopatra Karobar Co. Pvt Ltd.,Vision Securities Pvt. Ltd,22,599.7,13193.4,2025-07-10 12:07:21.994907
2025-07-10,68815,2025071004005279,SHPC,Dipshikha Dhitopatra Karobar Co. Pvt Ltd.,Vision Securities Pvt. Ltd,22,599.7,13193.4,2025-07-10 12:07:21.995574
2025-07-10,68814,2025071004005280,SHPC,Dipshikha Dhitopatra Karobar Co. Pvt Ltd.,Vision Securities Pvt. Ltd,22,599.7,13193.4,2025-07-10 12:07:21.996604
2025-07-10,68809,2025071004005282,SHPC,SUN SECURITIES PVT LTD,Vision Securities Pvt. Ltd,20,599.7,11994.0,2025-07-10 12:07:22.242918
2025-07-10,68808,2025071004005283,SHPC,SUN SECURITIES PVT LTD,Vision Securities Pvt. Ltd,22,599.7,13193.4,2025-07-10 12:07:22.244632
2025-07-10,68807,2025071004005284,SHPC,SUN SECURITIES PVT LTD,Vision Securities Pvt. Ltd,22,599.7,13193.4,2025-07-10 12:07:22.246304
2025-07-10,68806,2025071004005285,SHPC,SUN SECURITIES PVT LTD,Vision Securities Pvt. Ltd,22,599.7,13193.4,2025-07-10 12:07:22.250824
2025-07-10,68805,2025071004005286,SHPC,SUN SECURITIES PVT LTD,Vision Securities Pvt. Ltd,22,599.7,13193.4,2025-07-10 12:07:22.254455
2025-07-10,68804,2025071004005287,SHPC,SUN SECURITIES PVT LTD,Vision Securities Pvt. Ltd,22,599.7,13193.4,2025-07-10 12:07:22.256479
2025-07-10,68803,2025071004005288,SHPC,SUN SECURITIES PVT LTD,Vision Securities Pvt. Ltd,25,599.7,14992.5,2025-07-10 12:07:22.259705
2025-07-10,68800,2025071004005289,SHPC,Prabhu Stock Market Limited,Vision Securities Pvt. Ltd,24,599.7,14392.8,2025-07-10 12:07:22.593376
2025-07-10,68799,2025071004005290,SHPC,Dipshikha Dhitopatra Karobar Co. Pvt Ltd.,Vision Securities Pvt. Ltd,22,599.7,13193.4,2025-07-10 12:07:22.974077
2025-07-10,68798,2025071004005291,SHPC,Dipshikha Dhitopatra Karobar Co. Pvt Ltd.,Vision Securities Pvt. Ltd,22,599.7,13193.4,2025-07-10 12:07:22.976375
2025-07-10,68797,2025071004005292,SHPC,Dipshikha Dhitopatra Karobar Co. Pvt Ltd.,Vision Securities Pvt. Ltd,26,599.7,15592.2,2025-07-10 12:07:22.983984
2025-07-10,68796,2025071004005293,SHPC,Dipshikha Dhitopatra Karobar Co. Pvt Ltd.,Vision Securities Pvt. Ltd,25,599.7,14992.5,2025-07-10 12:07:22.990224
2025-07-10,68795,2025071004005294,SHPC,Dipshikha Dhitopatra Karobar Co. Pvt Ltd.,Vision Securities Pvt. Ltd,23,599.7,13793.1,2025-07-10 12:07:22.993170
2025-07-10,68794,2025071004005295,SHPC,Dipshikha Dhitopatra Karobar Co. Pvt Ltd.,Vision Securities Pvt. Ltd,23,599.7,13793.1,2025-07-10 12:07:22.996167
2025-07-10,68793,2025071004005296,SHPC,Dipshikha Dhitopatra Karobar Co. Pvt Ltd.,Vision Securities Pvt. Ltd,22,599.7,13193.4,2025-07-10 12:07:23.002454
2025-07-10,68792,2025071004005297,SHPC,Dipshikha Dhitopatra Karobar Co. Pvt Ltd.,Vision Securities Pvt. Ltd,25,599.7,14992.5,2025-07-10 12:07:23.006263
2025-07-10,68791,2025071004005298,SHPC,Dipshikha Dhitopatra Karobar Co. Pvt Ltd.,Vision Securities Pvt. Ltd,26,599.7,15592.2,2025-07-10 12:07:23.009346
2025-07-10,68790,2025071004005299,SHPC,Dipshikha Dhitopatra Karobar Co. Pvt Ltd.,Vision Securities Pvt. Ltd,27,599.7,16191.9,2025-07-10 12:07:23.017627
2025-07-10,68789,2025071004005300,SHPC,Dipshikha Dhitopatra Karobar Co. Pvt Ltd.,Vision Securities Pvt. Ltd,27,599.7,16191.9,2025-07-10 12:07:23.020164
2025-07-10,68788,2025071004005301,SHPC,Dipshikha Dhitopatra Karobar Co. Pvt Ltd.,Vision Securities Pvt. Ltd,25,599.7,14992.5,2025-07-10 12:07:23.025937
2025-07-10,68785,2025071004005304,SHPC,SUN SECURITIES PVT LTD,Vision Securities Pvt. Ltd,25,599.7,14992.5,2025-07-10 12:07:23.264820
2025-07-10,68780,2025071004005306,SHPC,Dipshikha Dhitopatra Karobar Co. Pvt Ltd.,Vision Securities Pvt. Ltd,23,599.7,13793.1,2025-07-10 12:07:25.064408
2025-07-10,68773,2025071004005307,SHPC,Dipshikha Dhitopatra Karobar Co. Pvt Ltd.,Vision Securities Pvt. Ltd,21,599.7,12593.7,2025-07-10 12:07:27.090599
2025-07-10,68772,2025071004005308,SHPC,Dipshikha Dhitopatra Karobar Co. Pvt Ltd.,Vision Securities Pvt. Ltd,21,599.7,12593.7,2025-07-10 12:07:27.092524
2025-07-10,68764,2025071004005310,SHPC,Dipshikha Dhitopatra Karobar Co. Pvt Ltd.,Vision Securities Pvt. Ltd,22,599.7,13193.4,2025-07-10 12:07:28.100248
2025-07-10,68763,2025071004005311,SHPC,Dipshikha Dhitopatra Karobar Co. Pvt Ltd.,Vision Securities Pvt. Ltd,26,599.7,15592.2,2025-07-10 12:07:28.101237
2025-07-10,68762,2025071004005312,SHPC,Dipshikha Dhitopatra Karobar Co. Pvt Ltd.,Vision Securities Pvt. Ltd,24,599.7,14392.8,2025-07-10 12:07:28.105575
2025-07-10,68761,2025071004005313,SHPC,Dipshikha Dhitopatra Karobar Co. Pvt Ltd.,Vision Securities Pvt. Ltd,23,599.7,13793.1,2025-07-10 12:07:28.129535
2025-07-10,68760,2025071004005314,SHPC,Dipshikha Dhitopatra Karobar Co. Pvt Ltd.,Vision Securities Pvt. Ltd,26,599.7,15592.2,2025-07-10 12:07:28.159711
2025-07-10,68759,2025071004005315,SHPC,SUN SECURITIES PVT LTD,Vision Securities Pvt. Ltd,24,599.7,14392.8,2025-07-10 12:07:28.281435
2025-07-10,68758,2025071004005316,SHPC,SUN SECURITIES PVT LTD,Vision Securities Pvt. Ltd,22,599.7,13193.4,2025-07-10 12:07:28.282883
2025-07-10,68757,2025071004005317,SHPC,SUN SECURITIES PVT LTD,Vision Securities Pvt. Ltd,24,599.7,14392.8,2025-07-10 12:07:28.284728
2025-07-10,68756,2025071004005318,SHPC,SUN SECURITIES PVT LTD,Vision Securities Pvt. Ltd,22,600.0,13200.0,2025-07-10 12:07:28.287875
2025-07-10,68755,2025071004005319,SHPC,SUN SECURITIES PVT LTD,Vision Securities Pvt. Ltd,27,600.0,16200.0,2025-07-10 12:07:28.289390
2025-07-10,68750,2025071004005324,SHPC,SUN SECURITIES PVT LTD,Vision Securities Pvt. Ltd,22,600.0,13200.0,2025-07-10 12:07:28.291796
2025-07-10,68745,2025071004005326,SHPC,Dipshikha Dhitopatra Karobar Co. Pvt Ltd.,Vision Securities Pvt. Ltd,21,600.0,12600.0,2025-07-10 12:07:29.174199
2025-07-10,68732,2025071004005334,SHPC,Dipshikha Dhitopatra Karobar Co. Pvt Ltd.,Vision Securities Pvt. Ltd,25,600.0,15000.0,2025-07-10 12:07:30.183399
2025-07-10,68731,2025071004005335,SHPC,Dipshikha Dhitopatra Karobar Co. Pvt Ltd.,Vision Securities Pvt. Ltd,26,600.0,15600.0,2025-07-10 12:07:30.185809
2025-07-10,68730,2025071004005336,SHPC,Dipshikha Dhitopatra Karobar Co. Pvt Ltd.,Vision Securities Pvt. Ltd,21,600.0,12600.0,2025-07-10 12:07:30.192631
2025-07-10,68598,2025071004005361,SHPC,Sundhara Securities Limited,Kohinoor Investment & Securities Pvt. Ltd.,416,599.7,249475.2,2025-07-10 12:08:00.389225
2025-07-10,67994,2025071004005538,SHPC,Dipshikha Dhitopatra Karobar Co. Pvt Ltd.,Kohinoor Investment & Securities Pvt. Ltd.,28,599.7,16791.6,2025-07-10 12:09:29.219385
2025-07-10,67993,2025071004005539,SHPC,Dipshikha Dhitopatra Karobar Co. Pvt Ltd.,Kohinoor Investment & Securities Pvt. Ltd.,28,599.7,16791.6,2025-07-10 12:09:29.226426
2025-07-10,67991,2025071004005540,SHPC,SUN SECURITIES PVT LTD,Kohinoor Investment & Securities Pvt. Ltd.,28,599.7,16791.6,2025-07-10 12:09:29.632367
2025-07-10,67989,2025071004005542,SHPC,SUN SECURITIES PVT LTD,Kohinoor Investment & Securities Pvt. Ltd.,31,599.7,18590.7,2025-07-10 12:09:29.636070
2025-07-10,67984,2025071004005543,SHPC,Dipshikha Dhitopatra Karobar Co. Pvt Ltd.,Kohinoor Investment & Securities Pvt. Ltd.,28,599.7,16791.6,2025-07-10 12:09:30.256546
2025-07-10,67977,2025071004005544,SHPC,Prabhu Stock Market Limited,Kohinoor Investment & Securities Pvt. Ltd.,28,599.7,16791.6,2025-07-10 12:09:31.949190
2025-07-10,67975,2025071004005545,SHPC,Dipshikha Dhitopatra Karobar Co. Pvt Ltd.,Kohinoor Investment & Securities Pvt. Ltd.,28,599.7,16791.6,2025-07-10 12:09:32.350200
2025-07-10,67974,2025071004005546,SHPC,Dipshikha Dhitopatra Karobar Co. Pvt Ltd.,Kohinoor Investment & Securities Pvt. Ltd.,28,599.7,16791.6,2025-07-10 12:09:32.365964
2025-07-10,67973,2025071004005547,SHPC,Dipshikha Dhitopatra Karobar Co. Pvt Ltd.,Vision Securities Pvt. Ltd,30,600.0,18000.0,2025-07-10 12:09:32.375020
2025-07-10,67972,2025071004005548,SHPC,Dipshikha Dhitopatra Karobar Co. Pvt Ltd.,Vision Securities Pvt. Ltd,29,600.0,17400.0,2025-07-10 12:09:32.377265
2025-07-10,67971,2025071004005549,SHPC,Dipshikha Dhitopatra Karobar Co. Pvt Ltd.,Vision Securities Pvt. Ltd,29,600.0,17400.0,2025-07-10 12:09:32.380572
2025-07-10,67970,2025071004005550,SHPC,Dipshikha Dhitopatra Karobar Co. Pvt Ltd.,Vision Securities Pvt. Ltd,29,600.0,17400.0,2025-07-10 12:09:32.387543
2025-07-10,67969,2025071004005551,SHPC,Dipshikha Dhitopatra Karobar Co. Pvt Ltd.,Vision Securities Pvt. Ltd,30,600.0,18000.0,2025-07-10 12:09:32.389821
2025-07-10,67967,2025071004005552,SHPC,Prabhu Stock Market Limited,Vision Securities Pvt. Ltd,29,600.0,17400.0,2025-07-10 12:09:32.955821
2025-07-10,67966,2025071004005553,SHPC,Prabhu Stock Market Limited,Vision Securities Pvt. Ltd,29,600.0,17400.0,2025-07-10 12:09:32.957939
2025-07-10,67965,2025071004005554,SHPC,Prabhu Stock Market Limited,Vision Securities Pvt. Ltd,31,600.0,18600.0,2025-07-10 12:09:32.959951
2025-07-10,67964,2025071004005555,SHPC,Prabhu Stock Market Limited,Vision Securities Pvt. Ltd,31,600.0,18600.0,2025-07-10 12:09:33.000454
2025-07-10,67954,2025071004005562,SHPC,Dipshikha Dhitopatra Karobar Co. Pvt Ltd.,Vision Securities Pvt. Ltd,29,600.0,17400.0,2025-07-10 12:09:34.402037
2025-07-10,67939,2025071004005570,SHPC,Dipshikha Dhitopatra Karobar Co. Pvt Ltd.,Vision Securities Pvt. Ltd,31,600.0,18600.0,2025-07-10 12:09:36.419494
2025-07-10,67493,2025071004005659,SHPC,Naasa Securities Co. Ltd.,Vision Securities Pvt. Ltd,10,600.0,6000.0,2025-07-10 12:11:05.811017
2025-07-10,67465,2025071004005664,SHPC,Neev Securities Pvt. Ltd.,Naasa Securities Co. Ltd.,10,599.0,5990.0,2025-07-10 12:11:12.628252
2025-07-10,67464,2025071004005665,SHPC,Vision Securities Pvt. Ltd,Naasa Securities Co. Ltd.,58,599.0,34742.0,2025-07-10 12:11:12.628642
2025-07-10,66878,2025071004005788,SHPC,Kalika Securities Pvt. Ltd.,Vision Securities Pvt. Ltd,535,600.0,321000.0,2025-07-10 12:13:14.150960
2025-07-10,66877,2025071004005789,SHPC,Kalika Securities Pvt. Ltd.,Sumeru Securities Pvt. Ltd.,400,600.0,240000.0,2025-07-10 12:13:14.151459
2025-07-10,66876,2025071004005790,SHPC,Kalika Securities Pvt. Ltd.,Naasa Securities Co. Ltd.,12,600.0,7200.0,2025-07-10 12:13:14.151629
2025-07-10,66868,2025071004005794,SHPC,Kalika Securities Pvt. Ltd.,Imperial Securities Company Pvt. Ltd.,53,600.0,31800.0,2025-07-10 12:13:17.062071
2025-07-10,66580,2025071004005852,SHPC,Vision Securities Pvt. Ltd,Dipshikha Dhitopatra Karobar Co. Pvt Ltd.,42,599.0,25158.0,2025-07-10 12:14:14.711979
2025-07-10,66579,2025071004005853,SHPC,Sewa Securities Pvt. Ltd.,Dipshikha Dhitopatra Karobar Co. Pvt Ltd.,100,598.2,59820.0,2025-07-10 12:14:14.712085
2025-07-10,66578,2025071004005854,SHPC,Nepal Stock House (PVT) Ltd.,Dipshikha Dhitopatra Karobar Co. Pvt Ltd.,108,598.1,64594.8,2025-07-10 12:14:14.712118
2025-07-10,66412,2025071004005887,SHPC,Nepal Stock House (PVT) Ltd.,Trademow Securities Private Limited,20,598.1,11962.0,2025-07-10 12:14:57.581641
2025-07-10,66276,2025071004005912,SHPC,Imperial Securities Company Pvt. Ltd.,Imperial Securities Company Pvt. Ltd.,20,600.0,12000.0,2025-07-10 12:15:27.585299
2025-07-10,65660,2025071004006048,SHPC,Aryatara Investment & Securities,Malla & Malla Stock Broking Company Pvt. Limited,50,598.2,29910.0,2025-07-10 12:17:29.074572
2025-07-10,65659,2025071004006049,SHPC,Nepal Stock House (PVT) Ltd.,Malla & Malla Stock Broking Company Pvt. Limited,146,598.1,87322.6,2025-07-10 12:17:29.075292
2025-07-10,65658,2025071004006050,SHPC,Creative Securities Pvt Ltd,Malla & Malla Stock Broking Company Pvt. Limited,100,598.1,59810.0,2025-07-10 12:17:29.075802
2025-07-10,65657,2025071004006051,SHPC,Trishakti Securities Public Limited,Malla & Malla Stock Broking Company Pvt. Limited,104,598.1,62202.4,2025-07-10 12:17:29.076293
2025-07-10,65389,2025071004006107,SHPC,Machhapuchchhre Securities Limited,Imperial Securities Company Pvt. Ltd.,10,600.0,6000.0,2025-07-10 12:18:19.733827
2025-07-10,65194,2025071004006137,SHPC,Secured Securities Ltd.,Imperial Securities Company Pvt. Ltd.,30,600.0,18000.0,2025-07-10 12:18:39.667698
2025-07-10,65169,2025071004006140,SHPC,Pragyan Securities (PVT) Ltd.,Trishakti Securities Public Limited,200,599.0,119800.0,2025-07-10 12:18:45.283648
2025-07-10,65110,2025071004006147,SHPC,Secured Securities Ltd.,Imperial Securities Company Pvt. Ltd.,10,600.0,6000.0,2025-07-10 12:18:56.915476
2025-07-10,65057,2025071004006159,SHPC,Cristal Kanchanjanga Securites Pvt. Ltd.,Imperial Securities Company Pvt. Ltd.,12,600.0,7200.0,2025-07-10 12:19:08.748649
2025-07-10,65056,2025071004006160,SHPC,Cristal Kanchanjanga Securites Pvt. Ltd.,Cristal Kanchanjanga Securites Pvt. Ltd.,488,600.0,292800.0,2025-07-10 12:19:08.749021
2025-07-10,64685,2025071004006263,SHPC,Naasa Securities Co. Ltd.,Cristal Kanchanjanga Securites Pvt. Ltd.,12,600.0,7200.0,2025-07-10 12:19:53.277958
2025-07-10,64684,2025071004006264,SHPC,Naasa Securities Co. Ltd.,Investment Management Nepal Pvt. Ltd.,500,600.0,300000.0,2025-07-10 12:19:53.278357
2025-07-10,64683,2025071004006265,SHPC,Naasa Securities Co. Ltd.,Midas Stock Broking Company Private Limited,479,600.0,287400.0,2025-07-10 12:19:53.278543
2025-07-10,64682,2025071004006266,SHPC,Naasa Securities Co. Ltd.,R.B.B. Securities Company Ltd,800,600.0,480000.0,2025-07-10 12:19:53.278706
2025-07-10,64620,2025071004006290,SHPC,R.B.B. Securities Company Ltd,Sani Securities Company Ltd.,20,599.0,11980.0,2025-07-10 12:19:59.222411
2025-07-10,63944,2025071004006408,SHPC,R.B.B. Securities Company Ltd,Sani Securities Company Ltd.,580,599.0,347420.0,2025-07-10 12:21:42.466526
2025-07-10,63943,2025071004006409,SHPC,Imperial Securities Company Pvt. Ltd.,Sani Securities Company Ltd.,200,599.0,119800.0,2025-07-10 12:21:42.466617
2025-07-10,63942,2025071004006410,SHPC,Sri Hari Securities Pvt. Ltd.,Sani Securities Company Ltd.,220,598.2,131604.0,2025-07-10 12:21:42.466643
2025-07-10,62684,2025071004006620,SHPC,J.F. Securites (PVT) Ltd.,Property Wiard Limited,20,598.5,11970.0,2025-07-10 12:23:57.934361
2025-07-10,62683,2025071004006621,SHPC,Sri Hari Securities Pvt. Ltd.,Property Wiard Limited,550,598.5,329175.0,2025-07-10 12:23:57.934781
2025-07-10,62682,2025071004006622,SHPC,J.F. Securites (PVT) Ltd.,Property Wiard Limited,430,598.4,257312.0,2025-07-10 12:23:57.934953
2025-07-10,62602,2025071004006628,SHPC,J.F. Securites (PVT) Ltd.,Property Wiard Limited,355,598.4,212432.0,2025-07-10 12:24:08.982149
2025-07-10,62601,2025071004006629,SHPC,Thrive Brokerage House Pvt. Ltd,Property Wiard Limited,250,598.3,149575.0,2025-07-10 12:24:08.982923
2025-07-10,62600,2025071004006630,SHPC,Kumari Securities Private Limited,Property Wiard Limited,300,598.3,179490.0,2025-07-10 12:24:08.983460
2025-07-10,62599,2025071004006631,SHPC,Sri Hari Securities Pvt. Ltd.,Property Wiard Limited,80,598.2,47856.0,2025-07-10 12:24:08.983986
2025-07-10,62598,2025071004006632,SHPC,SUN SECURITIES PVT LTD,Property Wiard Limited,15,598.2,8973.0,2025-07-10 12:24:08.984506
2025-07-10,62486,2025071004006640,SHPC,Dipshikha Dhitopatra Karobar Co. Pvt Ltd.,Vision Securities Pvt. Ltd,1000,599.0,599000.0,2025-07-10 12:24:22.237104
2025-07-10,62485,2025071004006641,SHPC,Dynamic Money Managers Securities Pvt. Ltd.,Vision Securities Pvt. Ltd,200,598.4,119680.0,2025-07-10 12:24:22.237544
2025-07-10,62484,2025071004006642,SHPC,SUN SECURITIES PVT LTD,Vision Securities Pvt. Ltd,20,598.2,11964.0,2025-07-10 12:24:22.237726
2025-07-10,62483,2025071004006643,SHPC,SUN SECURITIES PVT LTD,Vision Securities Pvt. Ltd,32,598.2,19142.4,2025-07-10 12:24:22.237902
2025-07-10,62482,2025071004006644,SHPC,Dipshikha Dhitopatra Karobar Co. Pvt Ltd.,Vision Securities Pvt. Ltd,32,598.2,19142.4,2025-07-10 12:24:22.238076
2025-07-10,62481,2025071004006645,SHPC,Dipshikha Dhitopatra Karobar Co. Pvt Ltd.,Vision Securities Pvt. Ltd,39,598.2,23329.8,2025-07-10 12:24:22.238248
2025-07-10,62480,2025071004006646,SHPC,Dipshikha Dhitopatra Karobar Co. Pvt Ltd.,Vision Securities Pvt. Ltd,39,598.2,23329.8,2025-07-10 12:24:22.238419
2025-07-10,62479,2025071004006647,SHPC,Dipshikha Dhitopatra Karobar Co. Pvt Ltd.,Vision Securities Pvt. Ltd,43,598.2,25722.6,2025-07-10 12:24:22.238588
2025-07-10,62478,2025071004006648,SHPC,Dipshikha Dhitopatra Karobar Co. Pvt Ltd.,Vision Securities Pvt. Ltd,44,598.2,26320.8,2025-07-10 12:24:22.238759
2025-07-10,62477,2025071004006649,SHPC,SUN SECURITIES PVT LTD,Vision Securities Pvt. Ltd,38,598.2,22731.6,2025-07-10 12:24:22.238926
2025-07-10,62476,2025071004006650,SHPC,SUN SECURITIES PVT LTD,Vision Securities Pvt. Ltd,33,598.2,19740.6,2025-07-10 12:24:22.239092
2025-07-10,62475,2025071004006651,SHPC,Dipshikha Dhitopatra Karobar Co. Pvt Ltd.,Vision Securities Pvt. Ltd,32,598.2,19142.4,2025-07-10 12:24:22.239273
2025-07-10,62474,2025071004006652,SHPC,Dipshikha Dhitopatra Karobar Co. Pvt Ltd.,Vision Securities Pvt. Ltd,35,598.2,20937.0,2025-07-10 12:24:22.239450
2025-07-10,62473,2025071004006653,SHPC,Dipshikha Dhitopatra Karobar Co. Pvt Ltd.,Vision Securities Pvt. Ltd,36,598.2,21535.2,2025-07-10 12:24:22.239615
2025-07-10,62472,2025071004006654,SHPC,Dipshikha Dhitopatra Karobar Co. Pvt Ltd.,Vision Securities Pvt. Ltd,41,598.2,24526.2,2025-07-10 12:24:22.239782
2025-07-10,62471,2025071004006655,SHPC,Dipshikha Dhitopatra Karobar Co. Pvt Ltd.,Vision Securities Pvt. Ltd,37,598.2,22133.4,2025-07-10 12:24:22.239953
2025-07-10,62470,2025071004006656,SHPC,Dipshikha Dhitopatra Karobar Co. Pvt Ltd.,Vision Securities Pvt. Ltd,39,598.2,23329.8,2025-07-10 12:24:22.240130
2025-07-10,62469,2025071004006657,SHPC,Dipshikha Dhitopatra Karobar Co. Pvt Ltd.,Vision Securities Pvt. Ltd,43,598.2,25722.6,2025-07-10 12:24:22.240299
2025-07-10,62468,2025071004006658,SHPC,Dipshikha Dhitopatra Karobar Co. Pvt Ltd.,Vision Securities Pvt. Ltd,38,598.2,22731.6,2025-07-10 12:24:22.240468
2025-07-10,62467,2025071004006659,SHPC,Dipshikha Dhitopatra Karobar Co. Pvt Ltd.,Vision Securities Pvt. Ltd,42,598.2,25124.4,2025-07-10 12:24:22.240637
2025-07-10,62466,2025071004006660,SHPC,Dipshikha Dhitopatra Karobar Co. Pvt Ltd.,Vision Securities Pvt. Ltd,38,598.2,22731.6,2025-07-10 12:24:22.240812
2025-07-10,62465,2025071004006661,SHPC,SUN SECURITIES PVT LTD,Vision Securities Pvt. Ltd,36,598.2,21535.2,2025-07-10 12:24:22.240975
2025-07-10,62464,2025071004006662,SHPC,SUN SECURITIES PVT LTD,Vision Securities Pvt. Ltd,43,598.2,25722.6,2025-07-10 12:24:22.241138
2025-07-10,62463,2025071004006663,SHPC,Prabhu Stock Market Limited,Vision Securities Pvt. Ltd,41,598.2,24526.2,2025-07-10 12:24:22.241300
2025-07-10,62462,2025071004006664,SHPC,Dipshikha Dhitopatra Karobar Co. Pvt Ltd.,Vision Securities Pvt. Ltd,34,598.2,20338.8,2025-07-10 12:24:22.241469
2025-07-10,62461,2025071004006665,SHPC,Dipshikha Dhitopatra Karobar Co. Pvt Ltd.,Vision Securities Pvt. Ltd,32,598.2,19142.4,2025-07-10 12:24:22.241638
2025-07-10,62460,2025071004006666,SHPC,Dipshikha Dhitopatra Karobar Co. Pvt Ltd.,Vision Securities Pvt. Ltd,42,598.2,25124.4,2025-07-10 12:24:22.241808
2025-07-10,62459,2025071004006667,SHPC,SUN SECURITIES PVT LTD,Vision Securities Pvt. Ltd,42,598.2,25124.4,2025-07-10 12:24:22.241974
2025-07-10,62458,2025071004006668,SHPC,Prabhu Stock Market Limited,Vision Securities Pvt. Ltd,39,598.2,23329.8,2025-07-10 12:24:22.242135
2025-07-10,62457,2025071004006669,SHPC,SUN SECURITIES PVT LTD,Vision Securities Pvt. Ltd,37,598.2,22133.4,2025-07-10 12:24:22.242302
2025-07-10,62456,2025071004006670,SHPC,Dipshikha Dhitopatra Karobar Co. Pvt Ltd.,Vision Securities Pvt. Ltd,41,598.2,24526.2,2025-07-10 12:24:22.242487
2025-07-10,62455,2025071004006671,SHPC,Trishakti Securities Public Limited,Vision Securities Pvt. Ltd,96,598.1,57417.6,2025-07-10 12:24:22.242667
2025-07-10,62454,2025071004006672,SHPC,Capital Max Securities Ltd,Vision Securities Pvt. Ltd,300,598.1,179430.0,2025-07-10 12:24:22.242848
2025-07-10,62453,2025071004006673,SHPC,Sani Securities Company Ltd.,Vision Securities Pvt. Ltd,116,598.1,69379.6,2025-07-10 12:24:22.243025
2025-07-10,62452,2025071004006674,SHPC,Siprabi Securities Pvt. Ltd.,Vision Securities Pvt. Ltd,100,598.0,59800.0,2025-07-10 12:24:22.243251
2025-07-10,62451,2025071004006675,SHPC,South Asian Bulls Pvt. Ltd.,Vision Securities Pvt. Ltd,15,598.0,8970.0,2025-07-10 12:24:22.243444
2025-07-10,62450,2025071004006676,SHPC,Bhrikuti Stock Broking Co. Pvt. Ltd.,Vision Securities Pvt. Ltd,50,598.0,29900.0,2025-07-10 12:24:22.243633
2025-07-10,62449,2025071004006677,SHPC,SHUBHAKAMANA SECURITIES PVT. LTD,Vision Securities Pvt. Ltd,35,598.0,20930.0,2025-07-10 12:24:22.243802
2025-07-10,60730,2025071004006884,SHPC,Thrive Brokerage House Pvt. Ltd,Naasa Securities Co. Ltd.,40,598.4,23936.0,2025-07-10 12:27:17.699829
2025-07-10,60729,2025071004006885,SHPC,Thrive Brokerage House Pvt. Ltd,Naasa Securities Co. Ltd.,23,598.4,13763.2,2025-07-10 12:27:17.699893
2025-07-10,60480,2025071004006924,SHPC,Thrive Brokerage House Pvt. Ltd,Sani Securities Company Ltd.,137,598.4,81980.8,2025-07-10 12:27:47.322766
2025-07-10,60479,2025071004006925,SHPC,Sri Hari Securities Pvt. Ltd.,Sani Securities Company Ltd.,73,598.3,43675.9,2025-07-10 12:27:47.323195
2025-07-10,60419,2025071004006931,SHPC,Sri Hari Securities Pvt. Ltd.,Linch Stock Market Ltd.,50,598.3,29915.0,2025-07-10 12:27:53.649957
2025-07-10,60116,2025071004006981,SHPC,Sri Hari Securities Pvt. Ltd.,Kumari Securities Private Limited,327,598.3,195644.1,2025-07-10 12:28:30.821327
2025-07-10,60115,2025071004006982,SHPC,Sundhara Securities Limited,Kumari Securities Private Limited,50,598.2,29910.0,2025-07-10 12:28:30.821759
2025-07-10,60114,2025071004006983,SHPC,Sri Hari Securities Pvt. Ltd.,Kumari Securities Private Limited,423,598.2,253038.6,2025-07-10 12:28:30.821946
2025-07-10,59352,2025071004007134,SHPC,Opal Securities Investment (PVT) Ltd.,Linch Stock Market Ltd.,50,599.0,29950.0,2025-07-10 12:29:39.739826
2025-07-10,58493,2025071004007231,SHPC,Opal Securities Investment (PVT) Ltd.,Online Securities Pvt. Ltd.,350,599.0,209650.0,2025-07-10 12:31:06.403866
2025-07-10,58302,2025071004007274,SHPC,SUN SECURITIES PVT LTD,APPLE SECURITIES PRIVATE LIMITED,97,599.8,58180.6,2025-07-10 12:31:27.798373
2025-07-10,58283,2025071004007278,SHPC,SUN SECURITIES PVT LTD,APPLE SECURITIES PRIVATE LIMITED,73,599.8,43785.4,2025-07-10 12:31:29.815152
2025-07-10,58282,2025071004007279,SHPC,SUN SECURITIES PVT LTD,APPLE SECURITIES PRIVATE LIMITED,80,599.8,47984.0,2025-07-10 12:31:29.816894
2025-07-10,58279,2025071004007281,SHPC,Prabhu Stock Market Limited,APPLE SECURITIES PRIVATE LIMITED,71,599.8,42585.8,2025-07-10 12:31:30.320531
2025-07-10,58276,2025071004007282,SHPC,Dipshikha Dhitopatra Karobar Co. Pvt Ltd.,APPLE SECURITIES PRIVATE LIMITED,73,599.8,43785.4,2025-07-10 12:31:30.531729
2025-07-10,58274,2025071004007284,SHPC,Dipshikha Dhitopatra Karobar Co. Pvt Ltd.,APPLE SECURITIES PRIVATE LIMITED,81,599.8,48583.8,2025-07-10 12:31:30.537791
2025-07-10,58273,2025071004007285,SHPC,Dipshikha Dhitopatra Karobar Co. Pvt Ltd.,APPLE SECURITIES PRIVATE LIMITED,83,599.8,49783.4,2025-07-10 12:31:30.540852
2025-07-10,58272,2025071004007286,SHPC,Dipshikha Dhitopatra Karobar Co. Pvt Ltd.,APPLE SECURITIES PRIVATE LIMITED,91,599.8,54581.8,2025-07-10 12:31:30.541998
2025-07-10,58271,2025071004007287,SHPC,Dipshikha Dhitopatra Karobar Co. Pvt Ltd.,APPLE SECURITIES PRIVATE LIMITED,101,599.8,60579.8,2025-07-10 12:31:30.544269
2025-07-10,58270,2025071004007288,SHPC,Dipshikha Dhitopatra Karobar Co. Pvt Ltd.,APPLE SECURITIES PRIVATE LIMITED,85,599.8,50983.0,2025-07-10 12:31:30.548179
2025-07-10,58269,2025071004007289,SHPC,Dipshikha Dhitopatra Karobar Co. Pvt Ltd.,APPLE SECURITIES PRIVATE LIMITED,82,599.8,49183.6,2025-07-10 12:31:30.550560
2025-07-10,58265,2025071004007291,SHPC,Dipshikha Dhitopatra Karobar Co. Pvt Ltd.,APPLE SECURITIES PRIVATE LIMITED,94,599.8,56381.2,2025-07-10 12:31:31.559929
2025-07-10,58250,2025071004007293,SHPC,Dipshikha Dhitopatra Karobar Co. Pvt Ltd.,APPLE SECURITIES PRIVATE LIMITED,76,599.8,45584.8,2025-07-10 12:31:32.570203
2025-07-10,58249,2025071004007294,SHPC,Dipshikha Dhitopatra Karobar Co. Pvt Ltd.,APPLE SECURITIES PRIVATE LIMITED,135,599.8,80973.0,2025-07-10 12:31:32.572604
2025-07-10,58248,2025071004007295,SHPC,Dipshikha Dhitopatra Karobar Co. Pvt Ltd.,APPLE SECURITIES PRIVATE LIMITED,136,599.8,81572.8,2025-07-10 12:31:32.574633
2025-07-10,58235,2025071004007300,SHPC,SUN SECURITIES PVT LTD,APPLE SECURITIES PRIVATE LIMITED,131,599.8,78573.8,2025-07-10 12:31:33.833011
2025-07-10,58205,2025071004007305,SHPC,Prabhu Stock Market Limited,APPLE SECURITIES PRIVATE LIMITED,11,599.8,6597.8,2025-07-10 12:31:34.334366
2025-07-10,58204,2025071004007306,SHPC,Prabhu Stock Market Limited,Stoxkarts Securities Limited,122,599.9,73187.8,2025-07-10 12:31:34.334753
2025-07-10,58203,2025071004007307,SHPC,Dipshikha Dhitopatra Karobar Co. Pvt Ltd.,Stoxkarts Securities Limited,80,599.9,47992.0,2025-07-10 12:31:34.607338
2025-07-10,57864,2025071004007344,SHPC,Dynamic Money Managers Securities Pvt. Ltd.,Dipshikha Dhitopatra Karobar Co. Pvt Ltd.,50,598.4,29920.0,2025-07-10 12:32:18.954005
2025-07-10,57863,2025071004007345,SHPC,Aryatara Investment & Securities,Dipshikha Dhitopatra Karobar Co. Pvt Ltd.,110,598.3,65813.0,2025-07-10 12:32:18.954921
2025-07-10,57764,2025071004007369,SHPC,Sri Hari Securities Pvt. Ltd.,Dipshikha Dhitopatra Karobar Co. Pvt Ltd.,350,598.3,209405.0,2025-07-10 12:32:34.060852
2025-07-10,57429,2025071004007406,SHPC,Cristal Kanchanjanga Securites Pvt. Ltd.,Vision Securities Pvt. Ltd,200,599.0,119800.0,2025-07-10 12:33:15.296605
2025-07-10,57342,2025071004007412,SHPC,Sri Hari Securities Pvt. Ltd.,Vision Securities Pvt. Ltd,77,598.2,46061.4,2025-07-10 12:33:22.437338
2025-07-10,57341,2025071004007413,SHPC,SUN SECURITIES PVT LTD,Vision Securities Pvt. Ltd,48,598.2,28713.6,2025-07-10 12:33:22.437833
2025-07-10,57340,2025071004007414,SHPC,Dipshikha Dhitopatra Karobar Co. Pvt Ltd.,Vision Securities Pvt. Ltd,50,598.2,29910.0,2025-07-10 12:33:22.438102
2025-07-10,57339,2025071004007415,SHPC,SUN SECURITIES PVT LTD,Vision Securities Pvt. Ltd,55,598.2,32901.0,2025-07-10 12:33:22.438367
2025-07-10,57338,2025071004007416,SHPC,SUN SECURITIES PVT LTD,Vision Securities Pvt. Ltd,57,598.2,34097.4,2025-07-10 12:33:22.438621
2025-07-10,57337,2025071004007417,SHPC,SUN SECURITIES PVT LTD,Vision Securities Pvt. Ltd,57,598.2,34097.4,2025-07-10 12:33:22.438842
2025-07-10,57336,2025071004007418,SHPC,SUN SECURITIES PVT LTD,Vision Securities Pvt. Ltd,61,598.2,36490.2,2025-07-10 12:33:22.439065
2025-07-10,57335,2025071004007419,SHPC,Dipshikha Dhitopatra Karobar Co. Pvt Ltd.,Vision Securities Pvt. Ltd,52,598.2,31106.4,2025-07-10 12:33:22.439295
2025-07-10,57334,2025071004007420,SHPC,Dipshikha Dhitopatra Karobar Co. Pvt Ltd.,Vision Securities Pvt. Ltd,54,598.2,32302.8,2025-07-10 12:33:22.439548
2025-07-10,57333,2025071004007421,SHPC,Dipshikha Dhitopatra Karobar Co. Pvt Ltd.,Vision Securities Pvt. Ltd,57,598.2,34097.4,2025-07-10 12:33:22.439767
2025-07-10,57332,2025071004007422,SHPC,Dipshikha Dhitopatra Karobar Co. Pvt Ltd.,Vision Securities Pvt. Ltd,65,598.2,38883.0,2025-07-10 12:33:22.439981
2025-07-10,57331,2025071004007423,SHPC,Dipshikha Dhitopatra Karobar Co. Pvt Ltd.,Vision Securities Pvt. Ltd,65,598.2,38883.0,2025-07-10 12:33:22.440205
2025-07-10,57330,2025071004007424,SHPC,Dipshikha Dhitopatra Karobar Co. Pvt Ltd.,Vision Securities Pvt. Ltd,46,598.2,27517.2,2025-07-10 12:33:22.440439
2025-07-10,57329,2025071004007425,SHPC,SUN SECURITIES PVT LTD,Vision Securities Pvt. Ltd,45,598.2,26919.0,2025-07-10 12:33:22.440669
2025-07-10,57328,2025071004007426,SHPC,SUN SECURITIES PVT LTD,Vision Securities Pvt. Ltd,48,598.2,28713.6,2025-07-10 12:33:22.440914
2025-07-10,57327,2025071004007427,SHPC,SUN SECURITIES PVT LTD,Vision Securities Pvt. Ltd,56,598.2,33499.2,2025-07-10 12:33:22.441110
2025-07-10,57326,2025071004007428,SHPC,Dipshikha Dhitopatra Karobar Co. Pvt Ltd.,Vision Securities Pvt. Ltd,50,598.2,29910.0,2025-07-10 12:33:22.441307
2025-07-10,57325,2025071004007429,SHPC,Dipshikha Dhitopatra Karobar Co. Pvt Ltd.,Vision Securities Pvt. Ltd,49,598.2,29311.8,2025-07-10 12:33:22.441532
2025-07-10,57324,2025071004007430,SHPC,Dipshikha Dhitopatra Karobar Co. Pvt Ltd.,Vision Securities Pvt. Ltd,54,598.2,32302.8,2025-07-10 12:33:22.441732
2025-07-10,57323,2025071004007431,SHPC,Dipshikha Dhitopatra Karobar Co. Pvt Ltd.,Vision Securities Pvt. Ltd,59,598.2,35293.8,2025-07-10 12:33:22.441928
2025-07-10,57322,2025071004007432,SHPC,Dipshikha Dhitopatra Karobar Co. Pvt Ltd.,Vision Securities Pvt. Ltd,51,598.2,30508.2,2025-07-10 12:33:22.442109
2025-07-10,57321,2025071004007433,SHPC,Dipshikha Dhitopatra Karobar Co. Pvt Ltd.,Vision Securities Pvt. Ltd,65,598.2,38883.0,2025-07-10 12:33:22.442324
2025-07-10,57320,2025071004007434,SHPC,Dipshikha Dhitopatra Karobar Co. Pvt Ltd.,Vision Securities Pvt. Ltd,62,598.2,37088.4,2025-07-10 12:33:22.442524
2025-07-10,57319,2025071004007435,SHPC,Prabhu Stock Market Limited,Vision Securities Pvt. Ltd,58,598.2,34695.6,2025-07-10 12:33:22.442713
2025-07-10,57318,2025071004007436,SHPC,Dipshikha Dhitopatra Karobar Co. Pvt Ltd.,Vision Securities Pvt. Ltd,53,598.2,31704.6,2025-07-10 12:33:22.442899
2025-07-10,57317,2025071004007437,SHPC,Dipshikha Dhitopatra Karobar Co. Pvt Ltd.,Vision Securities Pvt. Ltd,65,598.2,38883.0,2025-07-10 12:33:22.443112
2025-07-10,57316,2025071004007438,SHPC,Dipshikha Dhitopatra Karobar Co. Pvt Ltd.,Vision Securities Pvt. Ltd,62,598.2,37088.4,2025-07-10 12:33:22.443293
2025-07-10,57315,2025071004007439,SHPC,SUN SECURITIES PVT LTD,Vision Securities Pvt. Ltd,47,598.2,28115.4,2025-07-10 12:33:22.443503
2025-07-10,57314,2025071004007440,SHPC,Nepal Stock House (PVT) Ltd.,Vision Securities Pvt. Ltd,200,598.2,119640.0,2025-07-10 12:33:22.443699
2025-07-10,57313,2025071004007441,SHPC,Dipshikha Dhitopatra Karobar Co. Pvt Ltd.,Vision Securities Pvt. Ltd,100,598.2,59820.0,2025-07-10 12:33:22.443884
2025-07-10,57312,2025071004007442,SHPC,Ashutosh Brokerage & Securities (PVT) Ltd.,Vision Securities Pvt. Ltd,500,598.1,299050.0,2025-07-10 12:33:22.444067
2025-07-10,57311,2025071004007443,SHPC,SHUBHAKAMANA SECURITIES PVT. LTD,Vision Securities Pvt. Ltd,465,598.0,278070.0,2025-07-10 12:33:22.444278
2025-07-10,57310,2025071004007444,SHPC,Siprabi Securities Pvt. Ltd.,Vision Securities Pvt. Ltd,65,598.0,38870.0,2025-07-10 12:33:22.444467
2025-07-10,57309,2025071004007445,SHPC,Kohinoor Investment & Securities Pvt. Ltd.,Vision Securities Pvt. Ltd,100,598.0,59800.0,2025-07-10 12:33:22.444669
2025-07-10,57308,2025071004007446,SHPC,Dynamic Money Managers Securities Pvt. Ltd.,Vision Securities Pvt. Ltd,100,598.0,59800.0,2025-07-10 12:33:22.444871
2025-07-10,57307,2025071004007447,SHPC,Sani Securities Company Ltd.,Vision Securities Pvt. Ltd,150,598.0,89700.0,2025-07-10 12:33:22.445053
2025-07-10,57306,2025071004007448,SHPC,Siprabi Securities Pvt. Ltd.,Vision Securities Pvt. Ltd,13,598.0,7774.0,2025-07-10 12:33:22.445234
2025-07-10,57305,2025071004007449,SHPC,Naasa Securities Co. Ltd.,Vision Securities Pvt. Ltd,10,598.0,5980.0,2025-07-10 12:33:22.445439
2025-07-10,57304,2025071004007450,SHPC,Nepal Investment And Securities Trading Private Limited,Vision Securities Pvt. Ltd,1000,598.0,598000.0,2025-07-10 12:33:22.445618
2025-07-10,57303,2025071004007451,SHPC,Imperial Securities Company Pvt. Ltd.,Vision Securities Pvt. Ltd,500,598.0,299000.0,2025-07-10 12:33:22.445790
2025-07-10,57302,2025071004007452,SHPC,BHOLE GANESH SECURITIES LTD,Vision Securities Pvt. Ltd,25,598.0,14950.0,2025-07-10 12:33:22.445994
2025-07-10,57301,2025071004007453,SHPC,SHUBHAKAMANA SECURITIES PVT. LTD,Vision Securities Pvt. Ltd,200,598.0,119600.0,2025-07-10 12:33:22.446181
2025-07-10,57011,2025071004007514,SHPC,Siprabi Securities Pvt. Ltd.,Property Wiard Limited,100,598.0,59800.0,2025-07-10 12:33:55.735717
2025-07-10,57010,2025071004007515,SHPC,Nepal Stock House (PVT) Ltd.,Property Wiard Limited,500,598.0,299000.0,2025-07-10 12:33:55.736085
2025-07-10,57009,2025071004007516,SHPC,Sani Securities Company Ltd.,Property Wiard Limited,10,598.0,5980.0,2025-07-10 12:33:55.736252
2025-07-10,57008,2025071004007517,SHPC,Imperial Securities Company Pvt. Ltd.,Property Wiard Limited,20,597.6,11952.0,2025-07-10 12:33:55.736425
2025-07-10,57007,2025071004007518,SHPC,R.B.B. Securities Company Ltd,Property Wiard Limited,370,597.6,221112.0,2025-07-10 12:33:55.736591
2025-07-10,56952,2025071004007521,SHPC,Sri Hari Securities Pvt. Ltd.,Property Wiard Limited,350,598.1,209335.0,2025-07-10 12:34:03.769694
2025-07-10,56951,2025071004007522,SHPC,R.B.B. Securities Company Ltd,Property Wiard Limited,130,597.6,77688.0,2025-07-10 12:34:03.770056
2025-07-10,56950,2025071004007523,SHPC,Trishakti Securities Public Limited,Property Wiard Limited,300,597.2,179160.0,2025-07-10 12:34:03.770227
2025-07-10,56949,2025071004007524,SHPC,Dipshikha Dhitopatra Karobar Co. Pvt Ltd.,Property Wiard Limited,14,597.2,8360.8,2025-07-10 12:34:03.770400
2025-07-10,56948,2025071004007525,SHPC,Dipshikha Dhitopatra Karobar Co. Pvt Ltd.,Property Wiard Limited,14,597.2,8360.8,2025-07-10 12:34:03.770560
2025-07-10,56947,2025071004007526,SHPC,Dipshikha Dhitopatra Karobar Co. Pvt Ltd.,Property Wiard Limited,16,597.2,9555.2,2025-07-10 12:34:03.770717
2025-07-10,56946,2025071004007527,SHPC,Dipshikha Dhitopatra Karobar Co. Pvt Ltd.,Property Wiard Limited,17,597.2,10152.4,2025-07-10 12:34:03.770873
2025-07-10,56945,2025071004007528,SHPC,Dipshikha Dhitopatra Karobar Co. Pvt Ltd.,Property Wiard Limited,17,597.2,10152.4,2025-07-10 12:34:03.771030
2025-07-10,56944,2025071004007529,SHPC,SUN SECURITIES PVT LTD,Property Wiard Limited,19,597.2,11346.8,2025-07-10 12:34:03.771187
2025-07-10,56943,2025071004007530,SHPC,Prabhu Stock Market Limited,Property Wiard Limited,19,597.2,11346.8,2025-07-10 12:34:03.771348
2025-07-10,56942,2025071004007531,SHPC,Prabhu Stock Market Limited,Property Wiard Limited,19,597.2,11346.8,2025-07-10 12:34:03.771571
2025-07-10,56941,2025071004007532,SHPC,Dipshikha Dhitopatra Karobar Co. Pvt Ltd.,Property Wiard Limited,18,597.2,10749.6,2025-07-10 12:34:03.771775
2025-07-10,56940,2025071004007533,SHPC,Dipshikha Dhitopatra Karobar Co. Pvt Ltd.,Property Wiard Limited,18,597.2,10749.6,2025-07-10 12:34:03.771948
2025-07-10,56939,2025071004007534,SHPC,Dipshikha Dhitopatra Karobar Co. Pvt Ltd.,Property Wiard Limited,18,597.2,10749.6,2025-07-10 12:34:03.772111
2025-07-10,56938,2025071004007535,SHPC,Dipshikha Dhitopatra Karobar Co. Pvt Ltd.,Property Wiard Limited,18,597.2,10749.6,2025-07-10 12:34:03.772274
2025-07-10,56937,2025071004007536,SHPC,Dipshikha Dhitopatra Karobar Co. Pvt Ltd.,Property Wiard Limited,13,597.2,7763.6,2025-07-10 12:34:03.772446
2025-07-10,56862,2025071004007550,SHPC,Dipshikha Dhitopatra Karobar Co. Pvt Ltd.,Property Wiard Limited,18,597.2,10749.6,2025-07-10 12:34:11.797749
2025-07-10,56861,2025071004007551,SHPC,Dipshikha Dhitopatra Karobar Co. Pvt Ltd.,Property Wiard Limited,19,597.2,11346.8,2025-07-10 12:34:11.798066
2025-07-10,56860,2025071004007552,SHPC,Dipshikha Dhitopatra Karobar Co. Pvt Ltd.,Property Wiard Limited,16,597.2,9555.2,2025-07-10 12:34:11.798211
2025-07-10,56859,2025071004007553,SHPC,Dipshikha Dhitopatra Karobar Co. Pvt Ltd.,Property Wiard Limited,16,597.2,9555.2,2025-07-10 12:34:11.798361
2025-07-10,56858,2025071004007554,SHPC,Dipshikha Dhitopatra Karobar Co. Pvt Ltd.,Property Wiard Limited,16,597.2,9555.2,2025-07-10 12:34:11.798503
2025-07-10,56857,2025071004007555,SHPC,SUN SECURITIES PVT LTD,Property Wiard Limited,17,597.2,10152.4,2025-07-10 12:34:11.798652
2025-07-10,56856,2025071004007556,SHPC,Prabhu Stock Market Limited,Property Wiard Limited,17,597.2,10152.4,2025-07-10 12:34:11.798788
2025-07-10,56855,2025071004007557,SHPC,Dipshikha Dhitopatra Karobar Co. Pvt Ltd.,Property Wiard Limited,17,597.2,10152.4,2025-07-10 12:34:11.798927
2025-07-10,56854,2025071004007558,SHPC,Dipshikha Dhitopatra Karobar Co. Pvt Ltd.,Property Wiard Limited,17,597.2,10152.4,2025-07-10 12:34:11.799092
2025-07-10,56853,2025071004007559,SHPC,Dipshikha Dhitopatra Karobar Co. Pvt Ltd.,Property Wiard Limited,17,597.2,10152.4,2025-07-10 12:34:11.799226
2025-07-10,56852,2025071004007560,SHPC,Dipshikha Dhitopatra Karobar Co. Pvt Ltd.,Property Wiard Limited,18,597.2,10749.6,2025-07-10 12:34:11.799373
2025-07-10,56851,2025071004007561,SHPC,Dipshikha Dhitopatra Karobar Co. Pvt Ltd.,Property Wiard Limited,17,597.2,10152.4,2025-07-10 12:34:11.799514
2025-07-10,56850,2025071004007562,SHPC,Dipshikha Dhitopatra Karobar Co. Pvt Ltd.,Property Wiard Limited,17,597.2,10152.4,2025-07-10 12:34:11.799647
2025-07-10,56849,2025071004007563,SHPC,Dipshikha Dhitopatra Karobar Co. Pvt Ltd.,Property Wiard Limited,17,597.2,10152.4,2025-07-10 12:34:11.799779
2025-07-10,56848,2025071004007564,SHPC,Dipshikha Dhitopatra Karobar Co. Pvt Ltd.,Property Wiard Limited,18,597.2,10749.6,2025-07-10 12:34:11.799909
2025-07-10,56847,2025071004007565,SHPC,Dipshikha Dhitopatra Karobar Co. Pvt Ltd.,Property Wiard Limited,17,597.2,10152.4,2025-07-10 12:34:11.800037
2025-07-10,56846,2025071004007566,SHPC,SUN SECURITIES PVT LTD,Property Wiard Limited,17,597.2,10152.4,2025-07-10 12:34:11.800167
2025-07-10,56845,2025071004007567,SHPC,Dipshikha Dhitopatra Karobar Co. Pvt Ltd.,Property Wiard Limited,17,597.2,10152.4,2025-07-10 12:34:11.800295
2025-07-10,56844,2025071004007568,SHPC,Dipshikha Dhitopatra Karobar Co. Pvt Ltd.,Property Wiard Limited,18,597.2,10749.6,2025-07-10 12:34:11.800429
2025-07-10,56843,2025071004007569,SHPC,Dipshikha Dhitopatra Karobar Co. Pvt Ltd.,Property Wiard Limited,16,597.2,9555.2,2025-07-10 12:34:11.800554
2025-07-10,56842,2025071004007570,SHPC,Dipshikha Dhitopatra Karobar Co. Pvt Ltd.,Property Wiard Limited,18,597.2,10749.6,2025-07-10 12:34:11.800680
2025-07-10,56841,2025071004007571,SHPC,Dipshikha Dhitopatra Karobar Co. Pvt Ltd.,Property Wiard Limited,18,597.2,10749.6,2025-07-10 12:34:11.800805
2025-07-10,56840,2025071004007572,SHPC,Dipshikha Dhitopatra Karobar Co. Pvt Ltd.,Property Wiard Limited,18,597.2,10749.6,2025-07-10 12:34:11.800930
2025-07-10,56839,2025071004007573,SHPC,Dipshikha Dhitopatra Karobar Co. Pvt Ltd.,Property Wiard Limited,18,597.2,10749.6,2025-07-10 12:34:11.801089
2025-07-10,56838,2025071004007574,SHPC,Dipshikha Dhitopatra Karobar Co. Pvt Ltd.,Property Wiard Limited,18,597.2,10749.6,2025-07-10 12:34:11.801214
2025-07-10,56837,2025071004007575,SHPC,Dipshikha Dhitopatra Karobar Co. Pvt Ltd.,Property Wiard Limited,19,597.2,11346.8,2025-07-10 12:34:11.801345
2025-07-10,56836,2025071004007576,SHPC,Dipshikha Dhitopatra Karobar Co. Pvt Ltd.,Property Wiard Limited,18,597.2,10749.6,2025-07-10 12:34:11.801469
2025-07-10,56835,2025071004007577,SHPC,Dipshikha Dhitopatra Karobar Co. Pvt Ltd.,Property Wiard Limited,20,597.2,11944.0,2025-07-10 12:34:11.801586
2025-07-10,56834,2025071004007578,SHPC,Dipshikha Dhitopatra Karobar Co. Pvt Ltd.,Property Wiard Limited,19,597.2,11346.8,2025-07-10 12:34:11.801727
2025-07-10,56833,2025071004007579,SHPC,Dipshikha Dhitopatra Karobar Co. Pvt Ltd.,Property Wiard Limited,20,597.2,11944.0,2025-07-10 12:34:11.801851
2025-07-10,56832,2025071004007580,SHPC,Dipshikha Dhitopatra Karobar Co. Pvt Ltd.,Property Wiard Limited,18,597.2,10749.6,2025-07-10 12:34:11.801973
2025-07-10,56831,2025071004007581,SHPC,Dipshikha Dhitopatra Karobar Co. Pvt Ltd.,Property Wiard Limited,19,597.2,11346.8,2025-07-10 12:34:11.802092
2025-07-10,56830,2025071004007582,SHPC,Dipshikha Dhitopatra Karobar Co. Pvt Ltd.,Property Wiard Limited,19,597.2,11346.8,2025-07-10 12:34:11.802212
2025-07-10,56829,2025071004007583,SHPC,Dipshikha Dhitopatra Karobar Co. Pvt Ltd.,Property Wiard Limited,18,597.2,10749.6,2025-07-10 12:34:11.802338
2025-07-10,56828,2025071004007584,SHPC,Prabhu Stock Market Limited,Property Wiard Limited,20,597.2,11944.0,2025-07-10 12:34:11.802459
2025-07-10,56827,2025071004007585,SHPC,Prabhu Stock Market Limited,Property Wiard Limited,20,597.2,11944.0,2025-07-10 12:34:11.802580
2025-07-10,56826,2025071004007586,SHPC,Dipshikha Dhitopatra Karobar Co. Pvt Ltd.,Property Wiard Limited,19,597.2,11346.8,2025-07-10 12:34:11.802698
2025-07-10,56825,2025071004007587,SHPC,SUN SECURITIES PVT LTD,Property Wiard Limited,15,597.2,8958.0,2025-07-10 12:34:11.802819
2025-07-10,56824,2025071004007588,SHPC,SUN SECURITIES PVT LTD,Property Wiard Limited,18,597.2,10749.6,2025-07-10 12:34:11.802942
2025-07-10,56823,2025071004007589,SHPC,Dipshikha Dhitopatra Karobar Co. Pvt Ltd.,Property Wiard Limited,19,597.2,11346.8,2025-07-10 12:34:11.803061
2025-07-10,56822,2025071004007590,SHPC,Dipshikha Dhitopatra Karobar Co. Pvt Ltd.,Property Wiard Limited,18,597.2,10749.6,2025-07-10 12:34:11.803180
2025-07-10,56821,2025071004007591,SHPC,Dipshikha Dhitopatra Karobar Co. Pvt Ltd.,Property Wiard Limited,15,597.2,8958.0,2025-07-10 12:34:11.803298
2025-07-10,56820,2025071004007592,SHPC,Dipshikha Dhitopatra Karobar Co. Pvt Ltd.,Property Wiard Limited,16,597.2,9555.2,2025-07-10 12:34:11.803421
2025-07-10,56819,2025071004007593,SHPC,Dipshikha Dhitopatra Karobar Co. Pvt Ltd.,Property Wiard Limited,17,597.2,10152.4,2025-07-10 12:34:11.803538
2025-07-10,56818,2025071004007594,SHPC,Online Securities Pvt. Ltd.,Property Wiard Limited,32,597.2,19110.4,2025-07-10 12:34:11.803653
2025-07-10,56817,2025071004007595,SHPC,Dipshikha Dhitopatra Karobar Co. Pvt Ltd.,Property Wiard Limited,60,597.1,35826.0,2025-07-10 12:34:11.803777
2025-07-10,56816,2025071004007596,SHPC,Vision Securities Pvt. Ltd,Property Wiard Limited,100,597.0,59700.0,2025-07-10 12:34:11.803898
2025-07-10,56815,2025071004007597,SHPC,Sewa Securities Pvt. Ltd.,Property Wiard Limited,29,597.0,17313.0,2025-07-10 12:34:11.804019
2025-07-10,56721,2025071004007611,SHPC,Sewa Securities Pvt. Ltd.,Property Wiard Limited,321,597.0,191637.0,2025-07-10 12:34:20.831627
2025-07-10,56720,2025071004007612,SHPC,Sewa Securities Pvt. Ltd.,Property Wiard Limited,10,597.0,5970.0,2025-07-10 12:34:20.831922
2025-07-10,56719,2025071004007613,SHPC,Secured Securities Ltd.,Property Wiard Limited,100,597.0,59700.0,2025-07-10 12:34:20.832051
2025-07-10,56718,2025071004007614,SHPC,Creative Securities Pvt Ltd,Property Wiard Limited,200,597.0,119400.0,2025-07-10 12:34:20.832188
2025-07-10,56717,2025071004007615,SHPC,Vision Securities Pvt. Ltd,Property Wiard Limited,369,597.0,220293.0,2025-07-10 12:34:20.832344
2025-07-10,56673,2025071004007619,SHPC,Vision Securities Pvt. Ltd,Property Wiard Limited,500,597.0,298500.0,2025-07-10 12:34:28.856454
2025-07-10,56188,2025071004007700,SHPC,Trisul Securities & Invt. Ltd.,ABC Securities Private Limited,100,597.1,59710.0,2025-07-10 12:35:38.259319
2025-07-10,56187,2025071004007701,SHPC,Sri Hari Securities Pvt. Ltd.,ABC Securities Private Limited,100,597.1,59710.0,2025-07-10 12:35:38.259616
2025-07-10,55695,2025071004007857,SHPC,Machhapuchchhre Securities Limited,Linch Stock Market Ltd.,10,599.8,5998.0,2025-07-10 12:36:35.543487
2025-07-10,55284,2025071004007959,SHPC,Nagarik Stock Dealer ,Vision Securities Pvt. Ltd,100,599.6,59960.0,2025-07-10 12:37:24.022830
2025-07-10,55283,2025071004007960,SHPC,Nagarik Stock Dealer ,Stoxkarts Securities Limited,103,599.6,61758.8,2025-07-10 12:37:24.023166
2025-07-10,55282,2025071004007961,SHPC,Nagarik Stock Dealer ,SUN SECURITIES PVT LTD,297,599.7,178110.9,2025-07-10 12:37:24.023301
2025-07-10,54947,2025071004008045,SHPC,Sri Hari Securities Pvt. Ltd.,Stoxkarts Securities Limited,100,598.1,59810.0,2025-07-10 12:38:06.949356
2025-07-10,54946,2025071004008046,SHPC,Sri Hari Securities Pvt. Ltd.,Stoxkarts Securities Limited,400,597.1,238840.0,2025-07-10 12:38:06.949429
2025-07-10,54759,2025071004008082,SHPC,Shree Krishna Securities Ltd.,Naasa Securities Co. Ltd.,50,599.6,29980.0,2025-07-10 12:38:28.065778
2025-07-10,54758,2025071004008083,SHPC,Vision Securities Pvt. Ltd,Naasa Securities Co. Ltd.,550,597.0,328350.0,2025-07-10 12:38:28.066429
2025-07-10,54673,2025071004008094,SHPC,Vision Securities Pvt. Ltd,Bhrikuti Stock Broking Co. Pvt. Ltd.,10,597.0,5970.0,2025-07-10 12:38:43.187999
2025-07-10,54202,2025071004008201,SHPC,Vision Securities Pvt. Ltd,Imperial Securities Company Pvt. Ltd.,571,597.0,340887.0,2025-07-10 12:39:45.431306
2025-07-10,54201,2025071004008202,SHPC,Oxford Securities Pvt. Ltd.,Imperial Securities Company Pvt. Ltd.,100,597.0,59700.0,2025-07-10 12:39:45.431685
2025-07-10,54200,2025071004008203,SHPC,Oxford Securities Pvt. Ltd.,Imperial Securities Company Pvt. Ltd.,29,597.0,17313.0,2025-07-10 12:39:45.431831
2025-07-10,53830,2025071004008312,SHPC,Oxford Securities Pvt. Ltd.,Property Wiard Limited,171,597.0,102087.0,2025-07-10 12:40:35.937142
2025-07-10,53829,2025071004008313,SHPC,Sweta Securities Private Limited,Property Wiard Limited,50,597.0,29850.0,2025-07-10 12:40:35.937600
2025-07-10,53828,2025071004008314,SHPC,Sri Hari Securities Pvt. Ltd.,Property Wiard Limited,100,597.0,59700.0,2025-07-10 12:40:35.937831
2025-07-10,53827,2025071004008315,SHPC,Market Securities & Exchange (PVT) Ltd.,Property Wiard Limited,20,597.0,11940.0,2025-07-10 12:40:35.938043
2025-07-10,53826,2025071004008316,SHPC,Sewa Securities Pvt. Ltd.,Property Wiard Limited,50,597.0,29850.0,2025-07-10 12:40:35.938298
2025-07-10,53825,2025071004008317,SHPC,Kohinoor Investment & Securities Pvt. Ltd.,Property Wiard Limited,10,597.0,5970.0,2025-07-10 12:40:35.938606
2025-07-10,53824,2025071004008318,SHPC,Market Securities & Exchange (PVT) Ltd.,Property Wiard Limited,20,596.5,11930.0,2025-07-10 12:40:35.938902
2025-07-10,53823,2025071004008319,SHPC,SUN SECURITIES PVT LTD,Property Wiard Limited,166,596.3,98985.8,2025-07-10 12:40:35.939182
2025-07-10,53822,2025071004008320,SHPC,Dipshikha Dhitopatra Karobar Co. Pvt Ltd.,Property Wiard Limited,181,596.3,107930.3,2025-07-10 12:40:35.939417
2025-07-10,53821,2025071004008321,SHPC,Dipshikha Dhitopatra Karobar Co. Pvt Ltd.,Property Wiard Limited,210,596.3,125223.0,2025-07-10 12:40:35.939704
2025-07-10,53820,2025071004008322,SHPC,Dipshikha Dhitopatra Karobar Co. Pvt Ltd.,Property Wiard Limited,275,596.3,163982.5,2025-07-10 12:40:35.939996
2025-07-10,53819,2025071004008323,SHPC,Prabhu Stock Market Limited,Property Wiard Limited,148,596.3,88252.4,2025-07-10 12:40:35.940205
2025-07-10,53818,2025071004008324,SHPC,SUN SECURITIES PVT LTD,Property Wiard Limited,160,596.3,95408.0,2025-07-10 12:40:35.940419
2025-07-10,53817,2025071004008325,SHPC,SUN SECURITIES PVT LTD,Property Wiard Limited,174,596.3,103756.2,2025-07-10 12:40:35.940616
2025-07-10,53816,2025071004008326,SHPC,SUN SECURITIES PVT LTD,Property Wiard Limited,180,596.3,107334.0,2025-07-10 12:40:35.940814
2025-07-10,53815,2025071004008327,SHPC,Dipshikha Dhitopatra Karobar Co. Pvt Ltd.,Property Wiard Limited,85,596.3,50685.5,2025-07-10 12:40:35.941035
2025-07-10,53364,2025071004008386,SHPC,Asian Securities Private Ltd.,APPLE SECURITIES PRIVATE LIMITED,20,597.0,11940.0,2025-07-10 12:41:21.600566
2025-07-10,53363,2025071004008387,SHPC,Creative Securities Pvt Ltd,APPLE SECURITIES PRIVATE LIMITED,980,596.4,584472.0,2025-07-10 12:41:21.600648
2025-07-10,53104,2025071004008439,SHPC,Dipshikha Dhitopatra Karobar Co. Pvt Ltd.,Online Securities Pvt. Ltd.,172,596.3,102563.6,2025-07-10 12:42:05.408993
2025-07-10,53103,2025071004008440,SHPC,Dipshikha Dhitopatra Karobar Co. Pvt Ltd.,Online Securities Pvt. Ltd.,155,596.3,92426.5,2025-07-10 12:42:05.409282
2025-07-10,53102,2025071004008441,SHPC,Dipshikha Dhitopatra Karobar Co. Pvt Ltd.,Online Securities Pvt. Ltd.,173,596.3,103159.9,2025-07-10 12:42:05.409412
2025-07-10,53072,2025071004008449,SHPC,Sumeru Securities Pvt. Ltd.,Midas Stock Broking Company Private Limited,59,599.0,35341.0,2025-07-10 12:42:15.208649
2025-07-10,52817,2025071004008513,SHPC,Bhrikuti Stock Broking Co. Pvt. Ltd.,Linch Stock Market Ltd.,40,598.8,23952.0,2025-07-10 12:43:03.173423
2025-07-10,52443,2025071004008609,SHPC,Online Securities Pvt. Ltd.,Naasa Securities Co. Ltd.,200,597.1,119420.0,2025-07-10 12:44:04.204346
2025-07-10,52442,2025071004008610,SHPC,Primo Securities (PVT) Ltd.,Naasa Securities Co. Ltd.,200,597.0,119400.0,2025-07-10 12:44:04.204963
2025-07-10,52277,2025071004008640,SHPC,Primo Securities (PVT) Ltd.,Linch Stock Market Ltd.,300,597.0,179100.0,2025-07-10 12:44:27.004415
2025-07-10,52276,2025071004008641,SHPC,Sani Securities Company Ltd.,Linch Stock Market Ltd.,20,597.0,11940.0,2025-07-10 12:44:27.004733
2025-07-10,52188,2025071004008659,SHPC,Sri Hari Securities Pvt. Ltd.,Imperial Securities Company Pvt. Ltd.,300,597.0,179100.0,2025-07-10 12:44:50.584491
2025-07-10,51885,2025071004008740,SHPC,Dipshikha Dhitopatra Karobar Co. Pvt Ltd.,Dynamic Money Managers Securities Pvt. Ltd.,44,596.3,26237.2,2025-07-10 12:45:40.247824
2025-07-10,51884,2025071004008741,SHPC,Dakshinkali Investment & Securities Pvt. Ltd.,Dynamic Money Managers Securities Pvt. Ltd.,1556,596.2,927687.2,2025-07-10 12:45:40.248151
2025-07-10,50934,2025071004008996,SHPC,Dakshinkali Investment & Securities Pvt. Ltd.,Linch Stock Market Ltd.,40,596.2,23848.0,2025-07-10 12:48:29.221006
2025-07-10,50815,2025071004009026,SHPC,Dakshinkali Investment & Securities Pvt. Ltd.,Secured Securities Ltd.,50,596.2,29810.0,2025-07-10 12:48:53.634159
2025-07-10,50626,2025071004009115,SHPC,Dakshinkali Investment & Securities Pvt. Ltd.,APPLE SECURITIES PRIVATE LIMITED,354,596.2,211054.8,2025-07-10 12:49:15.826892
2025-07-10,50625,2025071004009116,SHPC,Creative Securities Pvt Ltd,APPLE SECURITIES PRIVATE LIMITED,20,596.2,11924.0,2025-07-10 12:49:15.826959
2025-07-10,50624,2025071004009117,SHPC,Imperial Securities Company Pvt. Ltd.,APPLE SECURITIES PRIVATE LIMITED,100,596.0,59600.0,2025-07-10 12:49:15.826990
2025-07-10,50623,2025071004009118,SHPC,Trishakti Securities Public Limited,APPLE SECURITIES PRIVATE LIMITED,200,596.0,119200.0,2025-07-10 12:49:15.827017
2025-07-10,50622,2025071004009119,SHPC,South Asian Bulls Pvt. Ltd.,APPLE SECURITIES PRIVATE LIMITED,200,596.0,119200.0,2025-07-10 12:49:15.827043
2025-07-10,50621,2025071004009120,SHPC,Market Securities & Exchange (PVT) Ltd.,APPLE SECURITIES PRIVATE LIMITED,20,596.0,11920.0,2025-07-10 12:49:15.827070
2025-07-10,50620,2025071004009121,SHPC,Sani Securities Company Ltd.,APPLE SECURITIES PRIVATE LIMITED,10,596.0,5960.0,2025-07-10 12:49:15.827093
2025-07-10,50619,2025071004009122,SHPC,Bhrikuti Stock Broking Co. Pvt. Ltd.,APPLE SECURITIES PRIVATE LIMITED,96,596.0,57216.0,2025-07-10 12:49:15.827141
2025-07-10,50556,2025071004009123,SHPC,Dynamic Money Managers Securities Pvt. Ltd.,Online Securities Pvt. Ltd.,149,597.9,89087.1,2025-07-10 12:49:20.663354
2025-07-10,50555,2025071004009124,SHPC,Dynamic Money Managers Securities Pvt. Ltd.,Capital Max Securities Ltd,50,597.9,29895.0,2025-07-10 12:49:20.663713
2025-07-10,50554,2025071004009125,SHPC,Dynamic Money Managers Securities Pvt. Ltd.,Sharepro Securities Private Limited,51,597.9,30492.9,2025-07-10 12:49:20.663875
2025-07-10,49804,2025071004009283,SHPC,Imperial Securities Company Pvt. Ltd.,Siprabi Securities Pvt. Ltd.,35,596.5,20877.5,2025-07-10 12:51:46.038989
2025-07-10,49453,2025071004009373,SHPC,Investment Management Nepal Pvt. Ltd.,Nagarik Stock Dealer ,100,596.7,59670.0,2025-07-10 12:52:59.567800
2025-07-10,49361,2025071004009404,SHPC,Sani Securities Company Ltd.,Investment Management Nepal Pvt. Ltd.,24,596.6,14318.4,2025-07-10 12:53:23.712439
2025-07-10,49210,2025071004009426,SHPC,Sani Securities Company Ltd.,Kalika Securities Pvt. Ltd.,26,596.6,15511.6,2025-07-10 12:53:48.995959
2025-07-10,49147,2025071004009441,SHPC,Imperial Securities Company Pvt. Ltd.,Dipshikha Dhitopatra Karobar Co. Pvt Ltd.,15,596.5,8947.5,2025-07-10 12:54:01.270375
2025-07-10,49146,2025071004009442,SHPC,Sweta Securities Private Limited,Dipshikha Dhitopatra Karobar Co. Pvt Ltd.,50,596.0,29800.0,2025-07-10 12:54:01.271018
2025-07-10,49145,2025071004009443,SHPC,Nepal Stock House (PVT) Ltd.,Dipshikha Dhitopatra Karobar Co. Pvt Ltd.,35,596.0,20860.0,2025-07-10 12:54:01.271611
2025-07-10,49105,2025071004009453,SHPC,Nepal Stock House (PVT) Ltd.,SUN SECURITIES PVT LTD,165,596.0,98340.0,2025-07-10 12:54:05.986802
2025-07-10,49019,2025071004009485,SHPC,ABC Securities Private Limited,Trishakti Securities Public Limited,10,595.8,5958.0,2025-07-10 12:54:24.428222
2025-07-10,49018,2025071004009486,SHPC,SHUBHAKAMANA SECURITIES PVT. LTD,Trishakti Securities Public Limited,490,595.6,291844.0,2025-07-10 12:54:24.428898
2025-07-10,49013,2025071004009491,SHPC,Miyo Securities Pvt Ltd,SUN SECURITIES PVT LTD,20,596.0,11920.0,2025-07-10 12:54:24.791717
2025-07-10,48720,2025071004009601,SHPC,SHUBHAKAMANA SECURITIES PVT. LTD,Kalika Securities Pvt. Ltd.,10,595.6,5956.0,2025-07-10 12:55:10.844199
2025-07-10,48719,2025071004009602,SHPC,SHUBHAKAMANA SECURITIES PVT. LTD,Kalika Securities Pvt. Ltd.,114,595.5,67887.0,2025-07-10 12:55:10.844872
2025-07-10,48666,2025071004009619,SHPC,Primo Securities (PVT) Ltd.,SUN SECURITIES PVT LTD,500,596.0,298000.0,2025-07-10 12:55:23.958360
2025-07-10,48561,2025071004009643,SHPC,SHUBHAKAMANA SECURITIES PVT. LTD,Kalika Securities Pvt. Ltd.,386,595.5,229863.0,2025-07-10 12:55:41.791582
2025-07-10,48485,2025071004009659,SHPC,Cristal Kanchanjanga Securites Pvt. Ltd.,Kalika Securities Pvt. Ltd.,114,595.2,67852.8,2025-07-10 12:55:54.548527
2025-07-10,48411,2025071004009679,SHPC,Cristal Kanchanjanga Securites Pvt. Ltd.,Magnet Securities and Investment Company Private Limited,160,595.2,95232.0,2025-07-10 12:56:05.002414
2025-07-10,48341,2025071004009706,SHPC,Trisul Securities & Invt. Ltd.,SUN SECURITIES PVT LTD,15,596.0,8940.0,2025-07-10 12:56:23.669671
2025-07-10,48340,2025071004009707,SHPC,Trisul Securities & Invt. Ltd.,Imperial Securities Company Pvt. Ltd.,85,596.0,50660.0,2025-07-10 12:56:23.670062
2025-07-10,47985,2025071004009789,SHPC,Cristal Kanchanjanga Securites Pvt. Ltd.,Miyo Securities Pvt Ltd,226,595.2,134515.2,2025-07-10 12:57:33.726749
2025-07-10,47984,2025071004009790,SHPC,Market Securities & Exchange (PVT) Ltd.,Miyo Securities Pvt Ltd,274,595.2,163084.8,2025-07-10 12:57:33.727105
2025-07-10,47768,2025071004009880,SHPC,Imperial Securities Company Pvt. Ltd.,Imperial Securities Company Pvt. Ltd.,25,596.0,14900.0,2025-07-10 12:57:57.473880
2025-07-10,47477,2025071004009909,SHPC,Kumari Securities Private Limited,Imperial Securities Company Pvt. Ltd.,90,596.0,53640.0,2025-07-10 12:58:36.181464
2025-07-10,47476,2025071004009910,SHPC,Kumari Securities Private Limited,Vision Securities Pvt. Ltd,100,596.0,59600.0,2025-07-10 12:58:36.181795
2025-07-10,47412,2025071004009924,SHPC,Aryatara Investment & Securities,Naasa Securities Co. Ltd.,20,596.7,11934.0,2025-07-10 12:58:48.966841
2025-07-10,47345,2025071004009943,SHPC,Kumari Securities Private Limited,Sundhara Securities Limited,203,596.0,120988.0,2025-07-10 12:59:03.961362
2025-07-10,47070,2025071004010009,SHPC,Kumari Securities Private Limited,Miyo Securities Pvt Ltd,50,596.0,29800.0,2025-07-10 12:59:41.138783
2025-07-10,46708,2025071004010095,SHPC,Market Securities & Exchange (PVT) Ltd.,Opal Securities Investment (PVT) Ltd.,150,596.6,89490.0,2025-07-10 13:00:31.593810
2025-07-10,46707,2025071004010096,SHPC,Market Securities & Exchange (PVT) Ltd.,Naasa Securities Co. Ltd.,150,596.7,89505.0,2025-07-10 13:00:31.594180
2025-07-10,46120,2025071004010212,SHPC,Sri Hari Securities Pvt. Ltd.,Naasa Securities Co. Ltd.,100,596.7,59670.0,2025-07-10 13:02:17.478942
2025-07-10,46100,2025071004010213,SHPC,Vision Securities Pvt. Ltd,Naasa Securities Co. Ltd.,35,596.1,20863.5,2025-07-10 13:02:19.143203
2025-07-10,45677,2025071004010342,SHPC,Vision Securities Pvt. Ltd,Naasa Securities Co. Ltd.,65,596.1,38746.5,2025-07-10 13:03:39.128687
2025-07-10,45599,2025071004010365,SHPC,Ashutosh Brokerage & Securities (PVT) Ltd.,Naasa Securities Co. Ltd.,60,596.1,35766.0,2025-07-10 13:03:53.139531
2025-07-10,45591,2025071004010368,SHPC,Kumari Securities Private Limited,Naasa Securities Co. Ltd.,20,596.0,11920.0,2025-07-10 13:03:54.900066
2025-07-10,45405,2025071004010422,SHPC,Kumari Securities Private Limited,Trisul Securities & Invt. Ltd.,252,596.0,150192.0,2025-07-10 13:04:33.846915
2025-07-10,45404,2025071004010423,SHPC,Midas Stock Broking Company Private Limited,Trisul Securities & Invt. Ltd.,123,596.0,73308.0,2025-07-10 13:04:33.847611
2025-07-10,45295,2025071004010451,SHPC,Midas Stock Broking Company Private Limited,Naasa Securities Co. Ltd.,25,596.0,14900.0,2025-07-10 13:04:54.185268
2025-07-10,45047,2025071004010501,SHPC,Midas Stock Broking Company Private Limited,Trishakti Securities Public Limited,52,596.0,30992.0,2025-07-10 13:05:37.698468
2025-07-10,45046,2025071004010502,SHPC,Agrawal Securities (PVT) Ltd.,Trishakti Securities Public Limited,50,596.0,29800.0,2025-07-10 13:05:37.698543
2025-07-10,45045,2025071004010503,SHPC,SHUBHAKAMANA SECURITIES PVT. LTD,Trishakti Securities Public Limited,18,595.3,10715.4,2025-07-10 13:05:37.698571
2025-07-10,44770,2025071004010592,SHPC,SHUBHAKAMANA SECURITIES PVT. LTD,Ashutosh Brokerage & Securities (PVT) Ltd.,200,595.3,119060.0,2025-07-10 13:06:30.190056
2025-07-10,44508,2025071004010646,SHPC,Ashutosh Brokerage & Securities (PVT) Ltd.,Trishakti Securities Public Limited,500,596.0,298000.0,2025-07-10 13:07:23.387304
2025-07-10,44497,2025071004010648,SHPC,Vision Securities Pvt. Ltd,Nepal Investment And Securities Trading Private Limited,750,596.0,447000.0,2025-07-10 13:07:28.209826
2025-07-10,44394,2025071004010668,SHPC,Creative Securities Pvt Ltd,ABC Securities Private Limited,200,596.6,119320.0,2025-07-10 13:07:58.121643
2025-07-10,44393,2025071004010669,SHPC,Creative Securities Pvt Ltd,Naasa Securities Co. Ltd.,300,596.7,179010.0,2025-07-10 13:07:58.122003
2025-07-10,44337,2025071004010679,SHPC,Ashutosh Brokerage & Securities (PVT) Ltd.,Naasa Securities Co. Ltd.,90,596.7,53703.0,2025-07-10 13:08:14.962450
2025-07-10,44336,2025071004010680,SHPC,Ashutosh Brokerage & Securities (PVT) Ltd.,J.F. Securites (PVT) Ltd.,50,596.7,29835.0,2025-07-10 13:08:14.962826
2025-07-10,44335,2025071004010681,SHPC,Ashutosh Brokerage & Securities (PVT) Ltd.,Investment Management Nepal Pvt. Ltd.,300,597.5,179250.0,2025-07-10 13:08:14.962975
2025-07-10,44334,2025071004010682,SHPC,Ashutosh Brokerage & Securities (PVT) Ltd.,Property Wiard Limited,100,597.8,59780.0,2025-07-10 13:08:14.963118
2025-07-10,44333,2025071004010683,SHPC,Ashutosh Brokerage & Securities (PVT) Ltd.,Capital Max Securities Ltd,100,597.9,59790.0,2025-07-10 13:08:14.963263
2025-07-10,44332,2025071004010684,SHPC,Ashutosh Brokerage & Securities (PVT) Ltd.,Sundhara Securities Limited,21,597.9,12555.9,2025-07-10 13:08:14.963423
2025-07-10,44331,2025071004010685,SHPC,Ashutosh Brokerage & Securities (PVT) Ltd.,Vision Securities Pvt. Ltd,116,598.0,69368.0,2025-07-10 13:08:14.963786
2025-07-10,44191,2025071004010719,SHPC,Ashutosh Brokerage & Securities (PVT) Ltd.,SUN SECURITIES PVT LTD,69,597.9,41255.1,2025-07-10 13:08:50.248622
2025-07-10,43329,2025071004010931,SHPC,South Asian Bulls Pvt. Ltd.,SUN SECURITIES PVT LTD,19,597.9,11360.1,2025-07-10 13:12:16.874604
2025-07-10,43309,2025071004010939,SHPC,Dipshikha Dhitopatra Karobar Co. Pvt Ltd.,KALASH STOCK MARKET PVT. LTD.,50,596.0,29800.0,2025-07-10 13:12:22.289983
2025-07-10,43086,2025071004010992,SHPC,SHUBHAKAMANA SECURITIES PVT. LTD,SUN SECURITIES PVT LTD,82,597.9,49027.8,2025-07-10 13:13:04.594389
2025-07-10,42711,2025071004011064,SHPC,Dakshinkali Investment & Securities Pvt. Ltd.,SUN SECURITIES PVT LTD,130,597.9,77727.0,2025-07-10 13:14:32.654848
2025-07-10,42710,2025071004011065,SHPC,Dakshinkali Investment & Securities Pvt. Ltd.,Investment Management Nepal Pvt. Ltd.,300,597.9,179370.0,2025-07-10 13:14:32.655578
2025-07-10,42709,2025071004011066,SHPC,Dakshinkali Investment & Securities Pvt. Ltd.,Sundhara Securities Limited,70,597.9,41853.0,2025-07-10 13:14:32.656029
2025-07-10,42242,2025071004011212,SHPC,Naasa Securities Co. Ltd.,Sundhara Securities Limited,10,597.9,5979.0,2025-07-10 13:16:07.867377
2025-07-10,41991,2025071004011292,SHPC,Online Securities Pvt. Ltd.,Sundhara Securities Limited,40,597.9,23916.0,2025-07-10 13:17:10.860027
2025-07-10,41589,2025071004011395,SHPC,Trishakti Securities Public Limited,Sharepro Securities Private Limited,10,596.0,5960.0,2025-07-10 13:18:53.487950
2025-07-10,41588,2025071004011396,SHPC,Citizens Share Broker Limited,Sharepro Securities Private Limited,439,596.0,261644.0,2025-07-10 13:18:53.488835
2025-07-10,40695,2025071004011612,SHPC,Citizens Share Broker Limited,Midas Stock Broking Company Private Limited,61,596.0,36356.0,2025-07-10 13:21:56.641874
2025-07-10,40694,2025071004011613,SHPC,Citizens Share Broker Limited,Midas Stock Broking Company Private Limited,439,596.0,261644.0,2025-07-10 13:21:56.642289
2025-07-10,40594,2025071004011628,SHPC,Citizens Share Broker Limited,Miyo Securities Pvt Ltd,61,596.0,36356.0,2025-07-10 13:22:15.256769
2025-07-10,40593,2025071004011629,SHPC,SHUBHAKAMANA SECURITIES PVT. LTD,Miyo Securities Pvt Ltd,200,595.6,119120.0,2025-07-10 13:22:15.257610
2025-07-10,40592,2025071004011630,SHPC,Linch Stock Market Ltd.,Miyo Securities Pvt Ltd,100,595.5,59550.0,2025-07-10 13:22:15.258210
2025-07-10,40591,2025071004011631,SHPC,Cristal Kanchanjanga Securites Pvt. Ltd.,Miyo Securities Pvt Ltd,15,595.5,8932.5,2025-07-10 13:22:15.258792
2025-07-10,40590,2025071004011632,SHPC,Opal Securities Investment (PVT) Ltd.,Miyo Securities Pvt Ltd,124,595.5,73842.0,2025-07-10 13:22:15.259337
2025-07-10,40473,2025071004011649,SHPC,Opal Securities Investment (PVT) Ltd.,Midas Stock Broking Company Private Limited,166,595.5,98853.0,2025-07-10 13:22:30.792461
2025-07-10,40472,2025071004011650,SHPC,Dipshikha Dhitopatra Karobar Co. Pvt Ltd.,Midas Stock Broking Company Private Limited,334,595.5,198897.0,2025-07-10 13:22:30.792895
2025-07-10,40422,2025071004011657,SHPC,Dipshikha Dhitopatra Karobar Co. Pvt Ltd.,Midas Stock Broking Company Private Limited,35,595.5,20842.5,2025-07-10 13:22:41.840357
2025-07-10,40421,2025071004011658,SHPC,Dipshikha Dhitopatra Karobar Co. Pvt Ltd.,Midas Stock Broking Company Private Limited,400,595.5,238200.0,2025-07-10 13:22:41.840714
2025-07-10,40420,2025071004011659,SHPC,Prabhu Stock Market Limited,Midas Stock Broking Company Private Limited,65,595.5,38707.5,2025-07-10 13:22:41.840873
2025-07-10,40359,2025071004011675,SHPC,Prabhu Stock Market Limited,Premier Securities Company Ltd.,140,595.5,83370.0,2025-07-10 13:22:54.785024
2025-07-10,40309,2025071004011693,SHPC,Prabhu Stock Market Limited,Dynamic Money Managers Securities Pvt. Ltd.,78,595.5,46449.0,2025-07-10 13:23:06.062672
2025-07-10,40308,2025071004011694,SHPC,Opal Securities Investment (PVT) Ltd.,Dynamic Money Managers Securities Pvt. Ltd.,50,595.5,29775.0,2025-07-10 13:23:06.063406
2025-07-10,40307,2025071004011695,SHPC,Vision Securities Pvt. Ltd,Dynamic Money Managers Securities Pvt. Ltd.,1672,595.4,995508.8,2025-07-10 13:23:06.063918
2025-07-10,40297,2025071004011698,SHPC,Vision Securities Pvt. Ltd,Midas Stock Broking Company Private Limited,578,595.4,344141.2,2025-07-10 13:23:08.973392
2025-07-10,40296,2025071004011699,SHPC,Vision Securities Pvt. Ltd,Midas Stock Broking Company Private Limited,222,595.4,132178.8,2025-07-10 13:23:08.973805
2025-07-10,40257,2025071004011711,SHPC,Vision Securities Pvt. Ltd,Midas Stock Broking Company Private Limited,800,595.4,476320.0,2025-07-10 13:23:24.080218
2025-07-10,40250,2025071004011714,SHPC,Vision Securities Pvt. Ltd,Citizens Share Broker Limited,100,595.4,59540.0,2025-07-10 13:23:25.278111
2025-07-10,40215,2025071004011725,SHPC,Vision Securities Pvt. Ltd,Midas Stock Broking Company Private Limited,800,595.4,476320.0,2025-07-10 13:23:30.103375
2025-07-10,40132,2025071004011748,SHPC,Vision Securities Pvt. Ltd,Midas Stock Broking Company Private Limited,400,595.4,238160.0,2025-07-10 13:23:44.205159
2025-07-10,40050,2025071004011773,SHPC,Vision Securities Pvt. Ltd,Midas Stock Broking Company Private Limited,100,595.4,59540.0,2025-07-10 13:24:02.288010
2025-07-10,39932,2025071004011849,SHPC,Vision Securities Pvt. Ltd,Property Wiard Limited,578,595.4,344141.2,2025-07-10 13:24:21.113441
2025-07-10,39931,2025071004011850,SHPC,Kalika Securities Pvt. Ltd.,Property Wiard Limited,422,595.3,251216.6,2025-07-10 13:24:21.113857
2025-07-10,39886,2025071004011870,SHPC,Kalika Securities Pvt. Ltd.,Property Wiard Limited,41,595.3,24407.3,2025-07-10 13:24:30.139374
2025-07-10,39885,2025071004011871,SHPC,Market Securities & Exchange (PVT) Ltd.,Property Wiard Limited,1464,595.2,871372.8,2025-07-10 13:24:30.139724
2025-07-10,39847,2025071004011883,SHPC,Market Securities & Exchange (PVT) Ltd.,Property Wiard Limited,1000,595.2,595200.0,2025-07-10 13:24:38.167635
2025-07-10,39796,2025071004011896,SHPC,Market Securities & Exchange (PVT) Ltd.,Property Wiard Limited,1000,595.2,595200.0,2025-07-10 13:24:46.193728
2025-07-10,39748,2025071004011914,SHPC,Market Securities & Exchange (PVT) Ltd.,Property Wiard Limited,1000,595.2,595200.0,2025-07-10 13:24:54.220067
2025-07-10,39682,2025071004011933,SHPC,Market Securities & Exchange (PVT) Ltd.,Property Wiard Limited,262,595.2,155942.4,2025-07-10 13:25:07.255119
2025-07-10,39681,2025071004011934,SHPC,Ashutosh Brokerage & Securities (PVT) Ltd.,Property Wiard Limited,50,595.0,29750.0,2025-07-10 13:25:07.255499
2025-07-10,39680,2025071004011935,SHPC,Linch Stock Market Ltd.,Property Wiard Limited,50,595.0,29750.0,2025-07-10 13:25:07.255658
2025-07-10,39679,2025071004011936,SHPC,Malla & Malla Stock Broking Company Pvt. Limited,Property Wiard Limited,50,595.0,29750.0,2025-07-10 13:25:07.255808
2025-07-10,39678,2025071004011937,SHPC,Secured Securities Ltd.,Property Wiard Limited,500,595.0,297500.0,2025-07-10 13:25:07.255957
2025-07-10,39677,2025071004011938,SHPC,Premier Securities Company Ltd.,Property Wiard Limited,88,595.0,52360.0,2025-07-10 13:25:07.256101
2025-07-10,39655,2025071004011940,SHPC,Kumari Securities Private Limited,Midas Stock Broking Company Private Limited,500,595.4,297700.0,2025-07-10 13:25:10.644479
2025-07-10,39645,2025071004011943,SHPC,Premier Securities Company Ltd.,Property Wiard Limited,12,595.0,7140.0,2025-07-10 13:25:14.282066
2025-07-10,39644,2025071004011944,SHPC,Imperial Securities Company Pvt. Ltd.,Property Wiard Limited,200,595.0,119000.0,2025-07-10 13:25:14.282479
