Date,S.N.,Contract ID,Symbol,Buyer Broker,Seller Broker,volume,rate,amount,transaction_time
2025-07-10,88586,2025071004000013,SPDL,Imperial Securities Company Pvt. Ltd.,Secured Securities Ltd.,10,416.1,4161.0,2025-07-10 10:46:00.041443
2025-07-10,87851,2025071004000256,SPDL,Midas Stock Broking Company Private Limited,Sharepro Securities Private Limited,120,415.0,49800.0,2025-07-10 11:04:12.651327
2025-07-10,86959,2025071004000537,SPDL,Sundhara Securities Limited,Siprabi Securities Pvt. Ltd.,100,413.0,41300.0,2025-07-10 11:08:20.480957
2025-07-10,85351,2025071004000984,SPDL,Sani Securities Company Ltd.,Siprabi Securities Pvt. Ltd.,10,412.0,4120.0,2025-07-10 11:14:18.101061
2025-07-10,84054,2025071004001332,SPDL,Dipshikha Dhitopatra Karobar Co. Pvt Ltd.,Primo Securities (PVT) Ltd.,250,412.0,103000.0,2025-07-10 11:18:31.512261
2025-07-10,83902,2025071004001370,SPDL,Imperial Securities Company Pvt. Ltd.,Primo Securities (PVT) Ltd.,100,412.0,41200.0,2025-07-10 11:19:07.945000
2025-07-10,83820,2025071004001394,SPDL,Imperial Securities Company Pvt. Ltd.,Primo Securities (PVT) Ltd.,110,412.0,45320.0,2025-07-10 11:19:28.197158
2025-07-10,83805,2025071004001399,SPDL,Deevyaa Securities & Stock House Pvt. Ltd,Primo Securities (PVT) Ltd.,500,412.0,206000.0,2025-07-10 11:19:30.945724
2025-07-10,83802,2025071004001400,SPDL,Online Securities Pvt. Ltd.,Kumari Securities Private Limited,55,409.6,22528.0,2025-07-10 11:19:31.376758
2025-07-10,83785,2025071004001402,SPDL,Elite Stock House Limited,Primo Securities (PVT) Ltd.,14,412.0,5768.0,2025-07-10 11:19:34.625889
2025-07-10,83104,2025071004001586,SPDL,Imperial Securities Company Pvt. Ltd.,Primo Securities (PVT) Ltd.,26,412.0,10712.0,2025-07-10 11:21:40.206247
2025-07-10,83103,2025071004001587,SPDL,Imperial Securities Company Pvt. Ltd.,SUN SECURITIES PVT LTD,17,412.9,7019.3,2025-07-10 11:21:40.206459
2025-07-10,83102,2025071004001588,SPDL,Imperial Securities Company Pvt. Ltd.,Trishakti Securities Public Limited,300,413.0,123900.0,2025-07-10 11:21:40.206518
2025-07-10,83101,2025071004001589,SPDL,Imperial Securities Company Pvt. Ltd.,Dakshinkali Investment & Securities Pvt. Ltd.,150,413.0,61950.0,2025-07-10 11:21:40.206585
2025-07-10,82819,2025071004001646,SPDL,Imperial Securities Company Pvt. Ltd.,Sundhara Securities Limited,13,413.3,5372.9,2025-07-10 11:22:31.853799
2025-07-10,82261,2025071004001770,SPDL,Sumeru Securities Pvt. Ltd.,Imperial Securities Company Pvt. Ltd.,250,412.0,103000.0,2025-07-10 11:24:15.089707
2025-07-10,81898,2025071004001868,SPDL,Vision Securities Pvt. Ltd,Property Wiard Limited,25,413.2,10330.0,2025-07-10 11:25:20.351327
2025-07-10,81897,2025071004001869,SPDL,Vision Securities Pvt. Ltd,Sundhara Securities Limited,375,413.3,154987.5,2025-07-10 11:25:20.351473
2025-07-10,81741,2025071004001911,SPDL,Aryatara Investment & Securities,Imperial Securities Company Pvt. Ltd.,200,410.0,82000.0,2025-07-10 11:25:43.601310
2025-07-10,81740,2025071004001912,SPDL,Sajilo Broker Limited,Imperial Securities Company Pvt. Ltd.,200,409.5,81900.0,2025-07-10 11:25:43.601356
2025-07-10,81497,2025071004001964,SPDL,Nepal Investment And Securities Trading Private Limited,Imperial Securities Company Pvt. Ltd.,60,409.3,24558.0,2025-07-10 11:26:17.083492
2025-07-10,81496,2025071004001965,SPDL,Aryatara Investment & Securities,Imperial Securities Company Pvt. Ltd.,240,409.2,98208.0,2025-07-10 11:26:17.083589
2025-07-10,81335,2025071004002024,SPDL,Aryatara Investment & Securities,Imperial Securities Company Pvt. Ltd.,260,409.2,106392.0,2025-07-10 11:26:44.457162
2025-07-10,81334,2025071004002025,SPDL,Thrive Brokerage House Pvt. Ltd,Imperial Securities Company Pvt. Ltd.,500,409.0,204500.0,2025-07-10 11:26:44.457235
2025-07-10,81333,2025071004002026,SPDL,Aryatara Investment & Securities,Imperial Securities Company Pvt. Ltd.,200,409.0,81800.0,2025-07-10 11:26:44.457264
2025-07-10,81332,2025071004002027,SPDL,Sundhara Securities Limited,Imperial Securities Company Pvt. Ltd.,90,409.0,36810.0,2025-07-10 11:26:44.457296
2025-07-10,81331,2025071004002028,SPDL,Sundhara Securities Limited,Trishakti Securities Public Limited,242,409.0,98978.0,2025-07-10 11:26:44.615831
2025-07-10,81149,2025071004002059,SPDL,Dynamic Money Managers Securities Pvt. Ltd.,Trishakti Securities Public Limited,758,408.3,309491.4,2025-07-10 11:27:11.877916
2025-07-10,81085,2025071004002081,SPDL,Siprabi Securities Pvt. Ltd.,Asian Securities Private Ltd.,100,409.0,40900.0,2025-07-10 11:27:19.946977
2025-07-10,80994,2025071004002114,SPDL,Siprabi Securities Pvt. Ltd.,Dipshikha Dhitopatra Karobar Co. Pvt Ltd.,300,409.0,122700.0,2025-07-10 11:27:34.652094
2025-07-10,80742,2025071004002166,SPDL,Investment Management Nepal Pvt. Ltd.,Dipshikha Dhitopatra Karobar Co. Pvt Ltd.,400,409.0,163600.0,2025-07-10 11:28:18.463997
2025-07-10,80736,2025071004002167,SPDL,Dynamic Money Managers Securities Pvt. Ltd.,Machhapuchchhre Securities Limited,500,408.3,204150.0,2025-07-10 11:28:20.110003
2025-07-10,80674,2025071004002204,SPDL,Dynamic Money Managers Securities Pvt. Ltd.,Imperial Securities Company Pvt. Ltd.,455,408.3,185776.5,2025-07-10 11:28:26.494618
2025-07-10,80232,2025071004002355,SPDL,Dynamic Money Managers Securities Pvt. Ltd.,Imperial Securities Company Pvt. Ltd.,30,408.3,12249.0,2025-07-10 11:29:32.468515
2025-07-10,80207,2025071004002361,SPDL,Siprabi Securities Pvt. Ltd.,Investment Management Nepal Pvt. Ltd.,50,409.0,20450.0,2025-07-10 11:29:39.013244
2025-07-10,80173,2025071004002367,SPDL,Shree Krishna Securities Ltd.,Investment Management Nepal Pvt. Ltd.,10,409.0,4090.0,2025-07-10 11:29:47.273978
2025-07-10,80124,2025071004002389,SPDL,Shree Krishna Securities Ltd.,Investment Management Nepal Pvt. Ltd.,500,409.0,204500.0,2025-07-10 11:29:58.318519
2025-07-10,80019,2025071004002414,SPDL,Vision Securities Pvt. Ltd,Investment Management Nepal Pvt. Ltd.,918,409.0,375462.0,2025-07-10 11:30:17.080710
2025-07-10,79537,2025071004002518,SPDL,Vision Securities Pvt. Ltd,Himalayan Securities Limited,182,409.0,74438.0,2025-07-10 11:32:02.416591
2025-07-10,79536,2025071004002519,SPDL,Vision Securities Pvt. Ltd,Himalayan Securities Limited,20,409.0,8180.0,2025-07-10 11:32:02.416763
2025-07-10,79448,2025071004002549,SPDL,Dynamic Money Managers Securities Pvt. Ltd.,Himalayan Securities Limited,257,408.3,104933.1,2025-07-10 11:32:15.452082
2025-07-10,79447,2025071004002550,SPDL,Capital Max Securities Ltd,Himalayan Securities Limited,41,408.3,16740.3,2025-07-10 11:32:15.452361
2025-07-10,79293,2025071004002617,SPDL,Siprabi Securities Pvt. Ltd.,Dynamic Money Managers Securities Pvt. Ltd.,500,408.4,204200.0,2025-07-10 11:32:46.127887
2025-07-10,79292,2025071004002618,SPDL,Nepal Investment And Securities Trading Private Limited,Dynamic Money Managers Securities Pvt. Ltd.,50,408.2,20410.0,2025-07-10 11:32:46.128031
2025-07-10,79291,2025071004002619,SPDL,Sweta Securities Private Limited,Dynamic Money Managers Securities Pvt. Ltd.,500,408.1,204050.0,2025-07-10 11:32:46.128092
2025-07-10,79290,2025071004002620,SPDL,Midas Stock Broking Company Private Limited,Dynamic Money Managers Securities Pvt. Ltd.,500,408.0,204000.0,2025-07-10 11:32:46.128154
2025-07-10,79289,2025071004002621,SPDL,Opal Securities Investment (PVT) Ltd.,Dynamic Money Managers Securities Pvt. Ltd.,20,408.0,8160.0,2025-07-10 11:32:46.128214
2025-07-10,79288,2025071004002622,SPDL,Asian Securities Private Ltd.,Dynamic Money Managers Securities Pvt. Ltd.,430,408.0,175440.0,2025-07-10 11:32:46.128278
2025-07-10,79169,2025071004002650,SPDL,Asian Securities Private Ltd.,Infinity Securities Limited,70,408.0,28560.0,2025-07-10 11:33:03.720571
2025-07-10,79168,2025071004002651,SPDL,Secured Securities Ltd.,Infinity Securities Limited,1000,408.0,408000.0,2025-07-10 11:33:03.720736
2025-07-10,79167,2025071004002652,SPDL,Shree Krishna Securities Ltd.,Infinity Securities Limited,20,408.0,8160.0,2025-07-10 11:33:03.720794
2025-07-10,79166,2025071004002653,SPDL,Naasa Securities Co. Ltd.,Infinity Securities Limited,20,408.0,8160.0,2025-07-10 11:33:03.720850
2025-07-10,78066,2025071004002944,SPDL,Aryatara Investment & Securities,Infinity Securities Limited,90,408.0,36720.0,2025-07-10 11:36:41.396273
2025-07-10,78065,2025071004002945,SPDL,Aryatara Investment & Securities,Creative Securities Pvt Ltd,10,408.0,4080.0,2025-07-10 11:36:41.396575
2025-07-10,77926,2025071004003007,SPDL,Vision Securities Pvt. Ltd,Creative Securities Pvt Ltd,490,408.0,199920.0,2025-07-10 11:37:08.231335
2025-07-10,77319,2025071004003168,SPDL,Vision Securities Pvt. Ltd,Capital Max Securities Ltd,10,408.0,4080.0,2025-07-10 11:39:09.260198
2025-07-10,77318,2025071004003169,SPDL,Nepal Investment And Securities Trading Private Limited,Capital Max Securities Ltd,100,407.0,40700.0,2025-07-10 11:39:09.260371
2025-07-10,77317,2025071004003170,SPDL,Shree Krishna Securities Ltd.,Capital Max Securities Ltd,10,407.0,4070.0,2025-07-10 11:39:09.260458
2025-07-10,77316,2025071004003171,SPDL,Online Securities Pvt. Ltd.,Capital Max Securities Ltd,430,407.0,175010.0,2025-07-10 11:39:09.260521
2025-07-10,77315,2025071004003172,SPDL,J.F. Securites (PVT) Ltd.,Capital Max Securities Ltd,50,407.0,20350.0,2025-07-10 11:39:09.260583
2025-07-10,77314,2025071004003173,SPDL,Vision Securities Pvt. Ltd,Capital Max Securities Ltd,750,407.0,305250.0,2025-07-10 11:39:09.260643
2025-07-10,77108,2025071004003231,SPDL,Siprabi Securities Pvt. Ltd.,Kohinoor Investment & Securities Pvt. Ltd.,300,405.2,121560.0,2025-07-10 11:39:45.277239
2025-07-10,76999,2025071004003260,SPDL,Siprabi Securities Pvt. Ltd.,J.F. Securites (PVT) Ltd.,200,405.2,81040.0,2025-07-10 11:40:02.681621
2025-07-10,76998,2025071004003261,SPDL,Aryatara Investment & Securities,J.F. Securites (PVT) Ltd.,100,405.2,40520.0,2025-07-10 11:40:02.681779
2025-07-10,76997,2025071004003262,SPDL,Investment Management Nepal Pvt. Ltd.,J.F. Securites (PVT) Ltd.,500,405.1,202550.0,2025-07-10 11:40:02.681853
2025-07-10,76996,2025071004003263,SPDL,Siprabi Securities Pvt. Ltd.,J.F. Securites (PVT) Ltd.,1000,405.1,405100.0,2025-07-10 11:40:02.681924
2025-07-10,76995,2025071004003264,SPDL,Deevyaa Securities & Stock House Pvt. Ltd,J.F. Securites (PVT) Ltd.,200,405.1,81020.0,2025-07-10 11:40:02.681991
2025-07-10,76994,2025071004003265,SPDL,K.B.L. Securities Limited ,J.F. Securites (PVT) Ltd.,300,405.0,121500.0,2025-07-10 11:40:02.682067
2025-07-10,76993,2025071004003266,SPDL,Primo Securities (PVT) Ltd.,J.F. Securites (PVT) Ltd.,370,405.0,149850.0,2025-07-10 11:40:02.682149
2025-07-10,76992,2025071004003267,SPDL,Malla & Malla Stock Broking Company Pvt. Limited,J.F. Securites (PVT) Ltd.,200,405.0,81000.0,2025-07-10 11:40:02.682207
2025-07-10,76991,2025071004003268,SPDL,J.F. Securites (PVT) Ltd.,J.F. Securites (PVT) Ltd.,20,405.0,8100.0,2025-07-10 11:40:02.682263
2025-07-10,76990,2025071004003269,SPDL,Sweta Securities Private Limited,J.F. Securites (PVT) Ltd.,110,405.0,44550.0,2025-07-10 11:40:02.682333
2025-07-10,76939,2025071004003295,SPDL,Sweta Securities Private Limited,Agrawal Securities (PVT) Ltd.,390,405.0,157950.0,2025-07-10 11:40:14.306794
2025-07-10,76938,2025071004003296,SPDL,Deevyaa Securities & Stock House Pvt. Ltd,Agrawal Securities (PVT) Ltd.,300,405.0,121500.0,2025-07-10 11:40:14.306887
2025-07-10,76937,2025071004003297,SPDL,Magnet Securities and Investment Company Private Limited,Agrawal Securities (PVT) Ltd.,810,405.0,328050.0,2025-07-10 11:40:14.306958
2025-07-10,76487,2025071004003419,SPDL,Magnet Securities and Investment Company Private Limited,Dipshikha Dhitopatra Karobar Co. Pvt Ltd.,190,405.0,76950.0,2025-07-10 11:41:58.997369
2025-07-10,76486,2025071004003420,SPDL,Dynamic Money Managers Securities Pvt. Ltd.,Dipshikha Dhitopatra Karobar Co. Pvt Ltd.,810,404.1,327321.0,2025-07-10 11:41:58.997648
2025-07-10,76007,2025071004003524,SPDL,Infinity Securities Limited,Dipshikha Dhitopatra Karobar Co. Pvt Ltd.,1000,405.0,405000.0,2025-07-10 11:43:48.032630
2025-07-10,75212,2025071004003760,SPDL,Kohinoor Investment & Securities Pvt. Ltd.,Sundhara Securities Limited,200,406.9,81380.0,2025-07-10 11:46:52.829177
2025-07-10,75137,2025071004003780,SPDL,Shree Krishna Securities Ltd.,Sundhara Securities Limited,200,406.9,81380.0,2025-07-10 11:47:13.935564
2025-07-10,75136,2025071004003781,SPDL,Shree Krishna Securities Ltd.,Capital Max Securities Ltd,1000,407.0,407000.0,2025-07-10 11:47:13.935732
2025-07-10,75135,2025071004003782,SPDL,Shree Krishna Securities Ltd.,Sipla Securities Private Limited,11,407.0,4477.0,2025-07-10 11:47:13.935799
2025-07-10,75089,2025071004003798,SPDL,Dynamic Money Managers Securities Pvt. Ltd.,Naasa Securities Co. Ltd.,190,408.0,77520.0,2025-07-10 11:47:26.678555
2025-07-10,74182,2025071004003956,SPDL,Vision Securities Pvt. Ltd,Beni Securities Pvt.Ltd.,100,407.5,40750.0,2025-07-10 11:50:40.820528
2025-07-10,74181,2025071004003957,SPDL,Himalayan Brokerage Company Limited,Beni Securities Pvt.Ltd.,180,407.1,73278.0,2025-07-10 11:50:40.820716
2025-07-10,74180,2025071004003958,SPDL,Shree Krishna Securities Ltd.,Beni Securities Pvt.Ltd.,220,407.0,89540.0,2025-07-10 11:50:40.820784
2025-07-10,74143,2025071004003974,SPDL,Shree Krishna Securities Ltd.,Trademow Securities Private Limited,100,407.0,40700.0,2025-07-10 11:50:50.520724
2025-07-10,74137,2025071004003975,SPDL,Shree Krishna Securities Ltd.,Capital Max Securities Ltd,1469,407.0,597883.0,2025-07-10 11:50:54.481571
2025-07-10,74136,2025071004003976,SPDL,Arun Securities (PVT) Ltd.,Capital Max Securities Ltd,31,407.0,12617.0,2025-07-10 11:50:54.481808
2025-07-10,74070,2025071004003996,SPDL,Infinity Securities Limited,Naasa Securities Co. Ltd.,10,408.0,4080.0,2025-07-10 11:51:05.332687
2025-07-10,73913,2025071004004046,SPDL,Arun Securities (PVT) Ltd.,Vision Securities Pvt. Ltd,69,407.0,28083.0,2025-07-10 11:51:36.711810
2025-07-10,73912,2025071004004047,SPDL,Arun Securities (PVT) Ltd.,Vision Securities Pvt. Ltd,131,405.2,53081.2,2025-07-10 11:51:36.712020
2025-07-10,73734,2025071004004073,SPDL,Arun Securities (PVT) Ltd.,Sundhara Securities Limited,195,405.2,79014.0,2025-07-10 11:52:12.511993
2025-07-10,73654,2025071004004112,SPDL,Sundhara Securities Limited,ABC Securities Private Limited,165,408.0,67320.0,2025-07-10 11:52:23.543175
2025-07-10,72796,2025071004004302,SPDL,Dynamic Money Managers Securities Pvt. Ltd.,Imperial Securities Company Pvt. Ltd.,150,407.0,61050.0,2025-07-10 11:55:12.488015
2025-07-10,72287,2025071004004378,SPDL,Dynamic Money Managers Securities Pvt. Ltd.,Secured Securities Ltd.,280,407.0,113960.0,2025-07-10 11:56:48.071180
2025-07-10,71591,2025071004004583,SPDL,Dynamic Money Managers Securities Pvt. Ltd.,Creative Securities Pvt Ltd,60,407.0,24420.0,2025-07-10 11:58:30.701081
2025-07-10,71397,2025071004004619,SPDL,Vision Securities Pvt. Ltd,Midas Stock Broking Company Private Limited,60,406.0,24360.0,2025-07-10 11:59:09.873497
2025-07-10,71318,2025071004004639,SPDL,Vision Securities Pvt. Ltd,Midas Stock Broking Company Private Limited,40,406.0,16240.0,2025-07-10 11:59:24.967873
2025-07-10,71142,2025071004004670,SPDL,Asian Securities Private Ltd.,Midas Stock Broking Company Private Limited,100,405.6,40560.0,2025-07-10 11:59:53.065355
2025-07-10,70967,2025071004004716,SPDL,Asian Securities Private Ltd.,Creative Securities Pvt Ltd,900,405.6,365040.0,2025-07-10 12:00:27.227785
2025-07-10,70913,2025071004004728,SPDL,Sumeru Securities Pvt. Ltd.,Online Securities Pvt. Ltd.,100,405.5,40550.0,2025-07-10 12:00:40.957714
2025-07-10,70912,2025071004004729,SPDL,Linch Stock Market Ltd.,Online Securities Pvt. Ltd.,35,405.5,14192.5,2025-07-10 12:00:40.958046
2025-07-10,70890,2025071004004734,SPDL,Arun Securities (PVT) Ltd.,Online Securities Pvt. Ltd.,65,405.2,26338.0,2025-07-10 12:00:48.245253
2025-07-10,70887,2025071004004735,SPDL,Arun Securities (PVT) Ltd.,Primo Securities (PVT) Ltd.,609,405.2,246766.8,2025-07-10 12:00:50.787192
2025-07-10,70886,2025071004004736,SPDL,Vision Securities Pvt. Ltd,Primo Securities (PVT) Ltd.,50,405.1,20255.0,2025-07-10 12:00:50.787401
2025-07-10,70885,2025071004004737,SPDL,Kalika Securities Pvt. Ltd.,Primo Securities (PVT) Ltd.,341,405.0,138105.0,2025-07-10 12:00:50.787473
2025-07-10,70574,2025071004004817,SPDL,Vision Securities Pvt. Ltd,Creative Securities Pvt Ltd,40,405.6,16224.0,2025-07-10 12:01:49.196541
2025-07-10,69786,2025071004005008,SPDL,Sharepro Securities Private Limited,Trishakti Securities Public Limited,50,405.3,20265.0,2025-07-10 12:04:19.129152
2025-07-10,69408,2025071004005136,SPDL,Vision Securities Pvt. Ltd,Kohinoor Investment & Securities Pvt. Ltd.,20,405.8,8116.0,2025-07-10 12:05:36.429472
2025-07-10,69407,2025071004005137,SPDL,Sharepro Securities Private Limited,Kohinoor Investment & Securities Pvt. Ltd.,140,405.3,56742.0,2025-07-10 12:05:36.429671
2025-07-10,68844,2025071004005258,SPDL,Naasa Securities Co. Ltd.,Sharepro Securities Private Limited,100,406.1,40610.0,2025-07-10 12:07:18.325154
2025-07-10,68554,2025071004005377,SPDL,Naasa Securities Co. Ltd.,Oxford Securities Pvt. Ltd.,200,406.1,81220.0,2025-07-10 12:08:05.243702
2025-07-10,68139,2025071004005505,SPDL,ABC Securities Private Limited,Aryatara Investment & Securities,13,407.9,5302.7,2025-07-10 12:09:00.298247
2025-07-10,68138,2025071004005506,SPDL,ABC Securities Private Limited,Imperial Securities Company Pvt. Ltd.,37,408.0,15096.0,2025-07-10 12:09:00.298505
2025-07-10,67477,2025071004005661,SPDL,Naasa Securities Co. Ltd.,Imperial Securities Company Pvt. Ltd.,240,407.0,97680.0,2025-07-10 12:11:08.670744
2025-07-10,67397,2025071004005680,SPDL,Linch Stock Market Ltd.,Imperial Securities Company Pvt. Ltd.,30,407.0,12210.0,2025-07-10 12:11:31.260218
2025-07-10,66958,2025071004005779,SPDL,Kalika Securities Pvt. Ltd.,J.F. Securites (PVT) Ltd.,659,406.4,267817.6,2025-07-10 12:12:56.825999
2025-07-10,66957,2025071004005780,SPDL,Sweta Securities Private Limited,J.F. Securites (PVT) Ltd.,100,406.2,40620.0,2025-07-10 12:12:56.826236
2025-07-10,66956,2025071004005781,SPDL,Citizens Share Broker Limited,J.F. Securites (PVT) Ltd.,100,406.1,40610.0,2025-07-10 12:12:56.826331
2025-07-10,66955,2025071004005782,SPDL,Deevyaa Securities & Stock House Pvt. Ltd,J.F. Securites (PVT) Ltd.,67,406.1,27208.7,2025-07-10 12:12:56.826444
2025-07-10,66954,2025071004005783,SPDL,K.B.L. Securities Limited ,J.F. Securites (PVT) Ltd.,74,406.0,30044.0,2025-07-10 12:12:56.826520
2025-07-10,66912,2025071004005785,SPDL,K.B.L. Securities Limited ,Trademow Securities Private Limited,100,406.0,40600.0,2025-07-10 12:13:07.348353
2025-07-10,66556,2025071004005859,SPDL,K.B.L. Securities Limited ,Vision Securities Pvt. Ltd,326,406.0,132356.0,2025-07-10 12:14:20.604638
2025-07-10,66555,2025071004005860,SPDL,Deevyaa Securities & Stock House Pvt. Ltd,Vision Securities Pvt. Ltd,174,406.0,70644.0,2025-07-10 12:14:20.604894
2025-07-10,66204,2025071004005926,SPDL,Capital Max Securities Ltd,Imperial Securities Company Pvt. Ltd.,11,406.9,4475.9,2025-07-10 12:15:42.744468
2025-07-10,66177,2025071004005935,SPDL,Deevyaa Securities & Stock House Pvt. Ltd,Trishakti Securities Public Limited,26,406.0,10556.0,2025-07-10 12:15:50.052756
2025-07-10,66176,2025071004005936,SPDL,Dakshinkali Investment & Securities Pvt. Ltd.,Trishakti Securities Public Limited,474,406.0,192444.0,2025-07-10 12:15:50.052994
2025-07-10,66171,2025071004005937,SPDL,Dakshinkali Investment & Securities Pvt. Ltd.,Naasa Securities Co. Ltd.,26,406.0,10556.0,2025-07-10 12:15:52.785495
2025-07-10,66115,2025071004005947,SPDL,Dynamic Money Managers Securities Pvt. Ltd.,Naasa Securities Co. Ltd.,56,406.0,22736.0,2025-07-10 12:16:05.206152
2025-07-10,65965,2025071004005975,SPDL,Dynamic Money Managers Securities Pvt. Ltd.,Primo Securities (PVT) Ltd.,650,406.0,263900.0,2025-07-10 12:16:34.326297
2025-07-10,65706,2025071004006031,SPDL,Dynamic Money Managers Securities Pvt. Ltd.,Investment Management Nepal Pvt. Ltd.,145,406.0,58870.0,2025-07-10 12:17:15.995631
2025-07-10,65663,2025071004006047,SPDL,Dynamic Money Managers Securities Pvt. Ltd.,Trademow Securities Private Limited,10,406.0,4060.0,2025-07-10 12:17:28.891623
2025-07-10,65564,2025071004006075,SPDL,Online Securities Pvt. Ltd.,Imperial Securities Company Pvt. Ltd.,100,406.9,40690.0,2025-07-10 12:17:43.469642
2025-07-10,65313,2025071004006118,SPDL,Imperial Securities Company Pvt. Ltd.,Imperial Securities Company Pvt. Ltd.,100,406.9,40690.0,2025-07-10 12:18:26.186743
2025-07-10,65176,2025071004006139,SPDL,Imperial Securities Company Pvt. Ltd.,Imperial Securities Company Pvt. Ltd.,182,406.9,74055.8,2025-07-10 12:18:44.453106
2025-07-10,63435,2025071004006474,SPDL,Sweta Securities Private Limited,Trishakti Securities Public Limited,243,407.0,98901.0,2025-07-10 12:22:45.969539
2025-07-10,63074,2025071004006561,SPDL,Cristal Kanchanjanga Securites Pvt. Ltd.,Trishakti Securities Public Limited,407,407.0,165649.0,2025-07-10 12:23:14.867507
2025-07-10,63073,2025071004006562,SPDL,Cristal Kanchanjanga Securites Pvt. Ltd.,Vision Securities Pvt. Ltd,207,407.0,84249.0,2025-07-10 12:23:14.867718
2025-07-10,61862,2025071004006760,SPDL,Online Securities Pvt. Ltd.,Vision Securities Pvt. Ltd,10,407.0,4070.0,2025-07-10 12:25:20.122267
2025-07-10,61674,2025071004006780,SPDL,Pragyan Securities (PVT) Ltd.,Vision Securities Pvt. Ltd,283,407.0,115181.0,2025-07-10 12:25:43.591951
2025-07-10,61673,2025071004006781,SPDL,Pragyan Securities (PVT) Ltd.,Primo Securities (PVT) Ltd.,717,407.0,291819.0,2025-07-10 12:25:43.592402
2025-07-10,61515,2025071004006794,SPDL,Aryatara Investment & Securities,Nepal Stock House (PVT) Ltd.,44,406.1,17868.4,2025-07-10 12:25:55.466098
2025-07-10,61514,2025071004006795,SPDL,Dynamic Money Managers Securities Pvt. Ltd.,Nepal Stock House (PVT) Ltd.,139,406.0,56434.0,2025-07-10 12:25:55.466350
2025-07-10,61513,2025071004006796,SPDL,Kumari Securities Private Limited,Nepal Stock House (PVT) Ltd.,9817,406.0,3985702.0,2025-07-10 12:25:55.466453
2025-07-10,60585,2025071004006912,SPDL,Asian Securities Private Ltd.,Online Securities Pvt. Ltd.,100,406.1,40610.0,2025-07-10 12:27:34.823497
2025-07-10,60584,2025071004006913,SPDL,Kumari Securities Private Limited,Online Securities Pvt. Ltd.,183,406.0,74298.0,2025-07-10 12:27:34.823755
2025-07-10,60583,2025071004006914,SPDL,Sundhara Securities Limited,Online Securities Pvt. Ltd.,77,406.0,31262.0,2025-07-10 12:27:34.823840
2025-07-10,60582,2025071004006915,SPDL,Creative Securities Pvt Ltd,Online Securities Pvt. Ltd.,600,405.6,243360.0,2025-07-10 12:27:34.823922
2025-07-10,60581,2025071004006916,SPDL,J.F. Securites (PVT) Ltd.,Online Securities Pvt. Ltd.,50,405.5,20275.0,2025-07-10 12:27:34.824024
2025-07-10,60580,2025071004006917,SPDL,Primo Securities (PVT) Ltd.,Online Securities Pvt. Ltd.,385,405.5,156117.5,2025-07-10 12:27:34.824125
2025-07-10,60365,2025071004006946,SPDL,Primo Securities (PVT) Ltd.,Sani Securities Company Ltd.,50,405.5,20275.0,2025-07-10 12:27:59.515988
2025-07-10,59284,2025071004007140,SPDL,Aryatara Investment & Securities,KALASH STOCK MARKET PVT. LTD.,129,405.6,52322.4,2025-07-10 12:29:50.146450
2025-07-10,59283,2025071004007141,SPDL,Primo Securities (PVT) Ltd.,KALASH STOCK MARKET PVT. LTD.,565,405.5,229107.5,2025-07-10 12:29:50.146655
2025-07-10,59282,2025071004007142,SPDL,Dynamic Money Managers Securities Pvt. Ltd.,KALASH STOCK MARKET PVT. LTD.,306,405.5,124083.0,2025-07-10 12:29:50.146737
2025-07-10,59243,2025071004007146,SPDL,Online Securities Pvt. Ltd.,Nepal Investment And Securities Trading Private Limited,20,406.0,8120.0,2025-07-10 12:29:57.304465
2025-07-10,58742,2025071004007206,SPDL,Imperial Securities Company Pvt. Ltd.,Nepal Investment And Securities Trading Private Limited,100,406.0,40600.0,2025-07-10 12:30:41.922641
2025-07-10,58579,2025071004007226,SPDL,Secured Securities Ltd.,Nepal Investment And Securities Trading Private Limited,80,406.0,32480.0,2025-07-10 12:30:57.960641
2025-07-10,58342,2025071004007266,SPDL,ABC Securities Private Limited,Siprabi Securities Pvt. Ltd.,1000,406.9,406900.0,2025-07-10 12:31:24.950188
2025-07-10,58341,2025071004007267,SPDL,ABC Securities Private Limited,Primo Securities (PVT) Ltd.,283,407.0,115181.0,2025-07-10 12:31:24.950433
2025-07-10,58340,2025071004007268,SPDL,ABC Securities Private Limited,Citizens Share Broker Limited,1717,407.0,698819.0,2025-07-10 12:31:24.950531
2025-07-10,57860,2025071004007346,SPDL,Secured Securities Ltd.,Naasa Securities Co. Ltd.,412,406.0,167272.0,2025-07-10 12:32:20.209425
2025-07-10,57859,2025071004007347,SPDL,Asian Securities Private Ltd.,Naasa Securities Co. Ltd.,100,405.6,40560.0,2025-07-10 12:32:20.209647
2025-07-10,57858,2025071004007348,SPDL,Naasa Securities Co. Ltd.,Naasa Securities Co. Ltd.,500,405.6,202800.0,2025-07-10 12:32:20.209730
2025-07-10,57857,2025071004007349,SPDL,Dynamic Money Managers Securities Pvt. Ltd.,Naasa Securities Co. Ltd.,594,405.5,240867.0,2025-07-10 12:32:20.209822
2025-07-10,57856,2025071004007350,SPDL,Opal Securities Investment (PVT) Ltd.,Naasa Securities Co. Ltd.,394,405.4,159727.6,2025-07-10 12:32:20.209937
2025-07-10,56934,2025071004007537,SPDL,Infinity Securities Limited,Capital Max Securities Ltd,12,408.5,4902.0,2025-07-10 12:34:04.736294
2025-07-10,56585,2025071004007632,SPDL,Aryatara Investment & Securities,Capital Max Securities Ltd,11,408.5,4493.5,2025-07-10 12:34:38.836772
2025-07-10,55783,2025071004007832,SPDL,Creative Securities Pvt Ltd,Sani Securities Company Ltd.,500,407.0,203500.0,2025-07-10 12:36:22.581606
2025-07-10,55759,2025071004007837,SPDL,Naasa Securities Co. Ltd.,Sani Securities Company Ltd.,100,407.0,40700.0,2025-07-10 12:36:26.694516
2025-07-10,55712,2025071004007849,SPDL,Naasa Securities Co. Ltd.,Sri Hari Securities Pvt. Ltd.,10,407.0,4070.0,2025-07-10 12:36:33.804717
2025-07-10,55711,2025071004007850,SPDL,Sundhara Securities Limited,Sri Hari Securities Pvt. Ltd.,40,407.0,16280.0,2025-07-10 12:36:33.804987
2025-07-10,55304,2025071004007952,SPDL,Sundhara Securities Limited,Stoxkarts Securities Limited,60,407.0,24420.0,2025-07-10 12:37:23.822848
2025-07-10,55303,2025071004007953,SPDL,Asian Securities Private Ltd.,Stoxkarts Securities Limited,200,406.2,81240.0,2025-07-10 12:37:23.822898
2025-07-10,55302,2025071004007954,SPDL,Stoxkarts Securities Limited,Stoxkarts Securities Limited,100,406.2,40620.0,2025-07-10 12:37:23.822925
2025-07-10,55301,2025071004007955,SPDL,Midas Stock Broking Company Private Limited,Stoxkarts Securities Limited,1000,406.0,406000.0,2025-07-10 12:37:23.822951
2025-07-10,55300,2025071004007956,SPDL,Dynamic Money Managers Securities Pvt. Ltd.,Stoxkarts Securities Limited,1000,406.0,406000.0,2025-07-10 12:37:23.822972
2025-07-10,55299,2025071004007957,SPDL,Sweta Securities Private Limited,Stoxkarts Securities Limited,100,406.0,40600.0,2025-07-10 12:37:23.822992
2025-07-10,55298,2025071004007958,SPDL,Opal Securities Investment (PVT) Ltd.,Stoxkarts Securities Limited,540,405.4,218916.0,2025-07-10 12:37:23.823014
2025-07-10,54820,2025071004008070,SPDL,Neev Securities Pvt. Ltd.,Kumari Securities Private Limited,300,406.0,121800.0,2025-07-10 12:38:19.380926
2025-07-10,54404,2025071004008154,SPDL,Imperial Securities Company Pvt. Ltd.,Infinity Securities Limited,100,407.0,40700.0,2025-07-10 12:39:17.547596
2025-07-10,53851,2025071004008311,SPDL,Cristal Kanchanjanga Securites Pvt. Ltd.,Trishakti Securities Public Limited,500,408.0,204000.0,2025-07-10 12:40:33.161363
2025-07-10,53098,2025071004008442,SPDL,Neev Securities Pvt. Ltd.,Sumeru Securities Pvt. Ltd.,500,408.0,204000.0,2025-07-10 12:42:06.622962
2025-07-10,52833,2025071004008510,SPDL,Sewa Securities Pvt. Ltd.,Investment Management Nepal Pvt. Ltd.,300,408.0,122400.0,2025-07-10 12:43:00.285659
2025-07-10,52250,2025071004008646,SPDL,Imperial Securities Company Pvt. Ltd.,Naasa Securities Co. Ltd.,500,407.9,203950.0,2025-07-10 12:44:36.430947
2025-07-10,52249,2025071004008647,SPDL,Imperial Securities Company Pvt. Ltd.,Investment Management Nepal Pvt. Ltd.,135,408.0,55080.0,2025-07-10 12:44:36.431004
2025-07-10,52248,2025071004008648,SPDL,Imperial Securities Company Pvt. Ltd.,Citizens Share Broker Limited,365,408.0,148920.0,2025-07-10 12:44:36.431039
2025-07-10,51656,2025071004008786,SPDL,Imperial Securities Company Pvt. Ltd.,Naasa Securities Co. Ltd.,100,407.6,40760.0,2025-07-10 12:46:15.551996
2025-07-10,51457,2025071004008843,SPDL,Imperial Securities Company Pvt. Ltd.,Naasa Securities Co. Ltd.,100,407.6,40760.0,2025-07-10 12:46:50.737219
2025-07-10,51096,2025071004008953,SPDL,Agrawal Securities (PVT) Ltd.,South Asian Bulls Pvt. Ltd.,200,406.1,81220.0,2025-07-10 12:48:00.911675
2025-07-10,51095,2025071004008954,SPDL,Thrive Brokerage House Pvt. Ltd,South Asian Bulls Pvt. Ltd.,25,406.1,10152.5,2025-07-10 12:48:00.911984
2025-07-10,51094,2025071004008955,SPDL,Neev Securities Pvt. Ltd.,South Asian Bulls Pvt. Ltd.,200,406.0,81200.0,2025-07-10 12:48:00.912133
2025-07-10,51093,2025071004008956,SPDL,Neev Securities Pvt. Ltd.,South Asian Bulls Pvt. Ltd.,4000,406.0,1624000.0,2025-07-10 12:48:00.912246
2025-07-10,50870,2025071004009018,SPDL,Opal Securities Investment (PVT) Ltd.,South Asian Bulls Pvt. Ltd.,1566,405.7,635326.2,2025-07-10 12:48:38.125920
2025-07-10,50869,2025071004009019,SPDL,Opal Securities Investment (PVT) Ltd.,South Asian Bulls Pvt. Ltd.,1500,405.7,608550.0,2025-07-10 12:48:38.126160
2025-07-10,50512,2025071004009130,SPDL,Vision Securities Pvt. Ltd,SUN SECURITIES PVT LTD,90,405.4,36486.0,2025-07-10 12:49:32.262774
2025-07-10,50511,2025071004009131,SPDL,Sharepro Securities Private Limited,SUN SECURITIES PVT LTD,60,405.3,24318.0,2025-07-10 12:49:32.263037
2025-07-10,50452,2025071004009138,SPDL,Sharepro Securities Private Limited,Sundhara Securities Limited,600,405.3,243180.0,2025-07-10 12:49:43.682072
2025-07-10,49886,2025071004009270,SPDL,Online Securities Pvt. Ltd.,Dipshikha Dhitopatra Karobar Co. Pvt Ltd.,17,406.0,6902.0,2025-07-10 12:51:25.944981
2025-07-10,49691,2025071004009308,SPDL,Vision Securities Pvt. Ltd,Siprabi Securities Pvt. Ltd.,18,405.5,7299.0,2025-07-10 12:52:06.189551
2025-07-10,48989,2025071004009494,SPDL,Vision Securities Pvt. Ltd,Sharepro Securities Private Limited,40,405.8,16232.0,2025-07-10 12:54:26.949843
2025-07-10,48931,2025071004009520,SPDL,Vision Securities Pvt. Ltd,Dipshikha Dhitopatra Karobar Co. Pvt Ltd.,72,405.5,29196.0,2025-07-10 12:54:41.579927
2025-07-10,48930,2025071004009521,SPDL,Naasa Securities Co. Ltd.,Dipshikha Dhitopatra Karobar Co. Pvt Ltd.,928,405.4,376211.2,2025-07-10 12:54:41.580136
2025-07-10,48767,2025071004009590,SPDL,Naasa Securities Co. Ltd.,J.F. Securites (PVT) Ltd.,1000,405.4,405400.0,2025-07-10 12:55:03.035180
2025-07-10,47919,2025071004009812,SPDL,Asian Securities Private Ltd.,Citizens Share Broker Limited,100,405.5,40550.0,2025-07-10 12:57:43.611427
2025-07-10,47918,2025071004009813,SPDL,Naasa Securities Co. Ltd.,Citizens Share Broker Limited,1072,405.4,434588.8,2025-07-10 12:57:43.611550
2025-07-10,47917,2025071004009814,SPDL,Agrawal Securities (PVT) Ltd.,Citizens Share Broker Limited,100,405.4,40540.0,2025-07-10 12:57:43.611599
2025-07-10,47916,2025071004009815,SPDL,Sharepro Securities Private Limited,Citizens Share Broker Limited,1728,405.3,700358.4,2025-07-10 12:57:43.611624
2025-07-10,47645,2025071004009889,SPDL,Sharepro Securities Private Limited,Secured Securities Ltd.,456,405.3,184816.8,2025-07-10 12:58:16.427108
2025-07-10,47556,2025071004009903,SPDL,Sharepro Securities Private Limited,South Asian Bulls Pvt. Ltd.,200,405.3,81060.0,2025-07-10 12:58:30.056460
2025-07-10,47397,2025071004009927,SPDL,Sharepro Securities Private Limited,Dipshikha Dhitopatra Karobar Co. Pvt Ltd.,1113,405.3,451098.9,2025-07-10 12:58:55.713802
2025-07-10,47364,2025071004009938,SPDL,Naasa Securities Co. Ltd.,Trisul Securities & Invt. Ltd.,5,397.3,1986.5,2025-07-10 12:59:01.894536
2025-07-10,47358,2025071004009939,SPDL,Sharepro Securities Private Limited,J.F. Securites (PVT) Ltd.,653,405.3,264660.9,2025-07-10 12:59:02.604446
2025-07-10,47357,2025071004009940,SPDL,Citizens Share Broker Limited,J.F. Securites (PVT) Ltd.,100,405.3,40530.0,2025-07-10 12:59:02.604658
2025-07-10,47356,2025071004009941,SPDL,Vision Securities Pvt. Ltd,J.F. Securites (PVT) Ltd.,50,405.2,20260.0,2025-07-10 12:59:02.604771
2025-07-10,47355,2025071004009942,SPDL,Asian Securities Private Ltd.,J.F. Securites (PVT) Ltd.,197,405.1,79804.7,2025-07-10 12:59:02.604855
2025-07-10,47197,2025071004009974,SPDL,Asian Securities Private Ltd.,J.F. Securites (PVT) Ltd.,803,405.1,325295.3,2025-07-10 12:59:28.029395
2025-07-10,47196,2025071004009975,SPDL,Bhrikuti Stock Broking Co. Pvt. Ltd.,J.F. Securites (PVT) Ltd.,50,405.0,20250.0,2025-07-10 12:59:28.029619
2025-07-10,47195,2025071004009976,SPDL,Shree Krishna Securities Ltd.,J.F. Securites (PVT) Ltd.,350,405.0,141750.0,2025-07-10 12:59:28.029709
2025-07-10,47194,2025071004009977,SPDL,Nepal Investment And Securities Trading Private Limited,J.F. Securites (PVT) Ltd.,10,405.0,4050.0,2025-07-10 12:59:28.029797
2025-07-10,47193,2025071004009978,SPDL,Aryatara Investment & Securities,J.F. Securites (PVT) Ltd.,200,405.0,81000.0,2025-07-10 12:59:28.029915
2025-07-10,47192,2025071004009979,SPDL,Cristal Kanchanjanga Securites Pvt. Ltd.,J.F. Securites (PVT) Ltd.,587,405.0,237735.0,2025-07-10 12:59:28.030041
2025-07-10,47074,2025071004010006,SPDL,Cristal Kanchanjanga Securites Pvt. Ltd.,Online Securities Pvt. Ltd.,146,405.0,59130.0,2025-07-10 12:59:40.610713
2025-07-10,47073,2025071004010007,SPDL,Dakshinkali Investment & Securities Pvt. Ltd.,Online Securities Pvt. Ltd.,200,405.0,81000.0,2025-07-10 12:59:40.610909
2025-07-10,46961,2025071004010043,SPDL,Shree Krishna Securities Ltd.,Linch Stock Market Ltd.,160,405.0,64800.0,2025-07-10 12:59:56.991869
2025-07-10,46960,2025071004010044,SPDL,Kohinoor Investment & Securities Pvt. Ltd.,Linch Stock Market Ltd.,250,405.0,101250.0,2025-07-10 12:59:56.992085
2025-07-10,46959,2025071004010045,SPDL,Naasa Securities Co. Ltd.,Linch Stock Market Ltd.,10,405.0,4050.0,2025-07-10 12:59:56.992167
2025-07-10,46958,2025071004010046,SPDL,Trishakti Securities Public Limited,Linch Stock Market Ltd.,188,405.0,76140.0,2025-07-10 12:59:56.992248
2025-07-10,46888,2025071004010066,SPDL,Trishakti Securities Public Limited,Neev Securities Pvt. Ltd.,200,405.0,81000.0,2025-07-10 13:00:03.214829
2025-07-10,46794,2025071004010076,SPDL,Trishakti Securities Public Limited,Kohinoor Investment & Securities Pvt. Ltd.,200,405.0,81000.0,2025-07-10 13:00:16.067974
2025-07-10,46779,2025071004010083,SPDL,Trishakti Securities Public Limited,Trishakti Securities Public Limited,412,405.0,166860.0,2025-07-10 13:00:20.135144
2025-07-10,46778,2025071004010084,SPDL,Kumari Securities Private Limited,Trishakti Securities Public Limited,588,405.0,238140.0,2025-07-10 13:00:20.135388
2025-07-10,46743,2025071004010087,SPDL,Kumari Securities Private Limited,Dynamic Money Managers Securities Pvt. Ltd.,512,405.0,207360.0,2025-07-10 13:00:27.275104
2025-07-10,46742,2025071004010088,SPDL,Stoxkarts Securities Limited,Dynamic Money Managers Securities Pvt. Ltd.,100,405.0,40500.0,2025-07-10 13:00:27.275341
2025-07-10,46741,2025071004010089,SPDL,Dynamic Money Managers Securities Pvt. Ltd.,Dynamic Money Managers Securities Pvt. Ltd.,240,405.0,97200.0,2025-07-10 13:00:27.275430
2025-07-10,46740,2025071004010090,SPDL,Imperial Securities Company Pvt. Ltd.,Dynamic Money Managers Securities Pvt. Ltd.,148,405.0,59940.0,2025-07-10 13:00:27.275509
2025-07-10,46726,2025071004010092,SPDL,Imperial Securities Company Pvt. Ltd.,J.F. Securites (PVT) Ltd.,852,405.0,345060.0,2025-07-10 13:00:29.342683
2025-07-10,46344,2025071004010165,SPDL,Trishakti Securities Public Limited,Asian Securities Private Ltd.,200,404.3,80860.0,2025-07-10 13:01:41.298594
2025-07-10,46343,2025071004010166,SPDL,Asian Securities Private Ltd.,Asian Securities Private Ltd.,100,404.2,40420.0,2025-07-10 13:01:41.298967
2025-07-10,46342,2025071004010167,SPDL,Kohinoor Investment & Securities Pvt. Ltd.,Asian Securities Private Ltd.,30,404.2,12126.0,2025-07-10 13:01:41.299208
2025-07-10,46341,2025071004010168,SPDL,Aryatara Investment & Securities,Asian Securities Private Ltd.,100,404.0,40400.0,2025-07-10 13:01:41.299458
2025-07-10,46340,2025071004010169,SPDL,Dipshikha Dhitopatra Karobar Co. Pvt Ltd.,Asian Securities Private Ltd.,100,404.0,40400.0,2025-07-10 13:01:41.299724
2025-07-10,46339,2025071004010170,SPDL,South Asian Bulls Pvt. Ltd.,Asian Securities Private Ltd.,230,404.0,92920.0,2025-07-10 13:01:41.299949
2025-07-10,46338,2025071004010171,SPDL,Agrawal Securities (PVT) Ltd.,Asian Securities Private Ltd.,240,404.0,96960.0,2025-07-10 13:01:41.300166
2025-07-10,45993,2025071004010272,SPDL,Naasa Securities Co. Ltd.,Online Securities Pvt. Ltd.,151,405.0,61155.0,2025-07-10 13:02:33.157440
2025-07-10,45879,2025071004010302,SPDL,Naasa Securities Co. Ltd.,Dipshikha Dhitopatra Karobar Co. Pvt Ltd.,349,405.0,141345.0,2025-07-10 13:02:57.095232
2025-07-10,45648,2025071004010346,SPDL,Agrawal Securities (PVT) Ltd.,Nepal Investment And Securities Trading Private Limited,260,404.0,105040.0,2025-07-10 13:03:43.819934
2025-07-10,45647,2025071004010347,SPDL,Indira securities pvt. ltd,Nepal Investment And Securities Trading Private Limited,100,403.0,40300.0,2025-07-10 13:03:43.820162
2025-07-10,45646,2025071004010348,SPDL,Cristal Kanchanjanga Securites Pvt. Ltd.,Nepal Investment And Securities Trading Private Limited,200,403.0,80600.0,2025-07-10 13:03:43.820274
2025-07-10,45588,2025071004010369,SPDL,Malla & Malla Stock Broking Company Pvt. Limited,Dipshikha Dhitopatra Karobar Co. Pvt Ltd.,200,402.2,80440.0,2025-07-10 13:03:56.482656
2025-07-10,45587,2025071004010370,SPDL,Naasa Securities Co. Ltd.,Dipshikha Dhitopatra Karobar Co. Pvt Ltd.,465,402.1,186976.5,2025-07-10 13:03:56.482864
2025-07-10,45586,2025071004010371,SPDL,Sharepro Securities Private Limited,Dipshikha Dhitopatra Karobar Co. Pvt Ltd.,445,402.1,178934.5,2025-07-10 13:03:56.482944
2025-07-10,45330,2025071004010444,SPDL,Midas Stock Broking Company Private Limited,Agrawal Securities (PVT) Ltd.,35,403.0,14105.0,2025-07-10 13:04:48.522088
2025-07-10,45329,2025071004010445,SPDL,Arun Securities (PVT) Ltd.,Agrawal Securities (PVT) Ltd.,215,402.2,86473.0,2025-07-10 13:04:48.522323
2025-07-10,44719,2025071004010612,SPDL,Himalayan Brokerage Company Limited,Hatemalo Financial Services Private Limited,200,402.3,80460.0,2025-07-10 13:06:40.762690
2025-07-10,44718,2025071004010613,SPDL,Arun Securities (PVT) Ltd.,Hatemalo Financial Services Private Limited,180,402.2,72396.0,2025-07-10 13:06:40.762783
2025-07-10,42988,2025071004011013,SPDL,Sweta Securities Private Limited,Sharepro Securities Private Limited,100,403.0,40300.0,2025-07-10 13:13:35.001410
2025-07-10,42726,2025071004011058,SPDL,MILKY WAY SHARE BROKER COMPANY LTD ,Naasa Securities Co. Ltd.,425,404.9,172082.5,2025-07-10 13:14:31.345722
2025-07-10,42725,2025071004011059,SPDL,MILKY WAY SHARE BROKER COMPANY LTD ,Nepal Stock House (PVT) Ltd.,575,404.9,232817.5,2025-07-10 13:14:31.345966
2025-07-10,42399,2025071004011177,SPDL,Naasa Securities Co. Ltd.,Nepal Stock House (PVT) Ltd.,33,404.9,13361.7,2025-07-10 13:15:35.088268
2025-07-10,42299,2025071004011196,SPDL,MILKY WAY SHARE BROKER COMPANY LTD ,Nepal Stock House (PVT) Ltd.,245,404.9,99200.5,2025-07-10 13:15:56.606062
2025-07-10,42199,2025071004011222,SPDL,Imperial Securities Company Pvt. Ltd.,Nepal Stock House (PVT) Ltd.,147,404.9,59520.3,2025-07-10 13:16:20.179932
2025-07-10,41865,2025071004011338,SPDL,Imperial Securities Company Pvt. Ltd.,Dipshikha Dhitopatra Karobar Co. Pvt Ltd.,53,405.0,21465.0,2025-07-10 13:17:46.318404
2025-07-10,39290,2025071004012089,SPDL,Vision Securities Pvt. Ltd,Market Securities & Exchange (PVT) Ltd.,20,404.0,8080.0,2025-07-10 13:26:16.817891
2025-07-10,38708,2025071004012242,SPDL,MILKY WAY SHARE BROKER COMPANY LTD ,Opal Securities Investment (PVT) Ltd.,50,404.0,20200.0,2025-07-10 13:28:28.305169
2025-07-10,38707,2025071004012243,SPDL,Elite Stock House Limited,Opal Securities Investment (PVT) Ltd.,450,404.0,181800.0,2025-07-10 13:28:28.305410
2025-07-10,38323,2025071004012368,SPDL,Dakshinkali Investment & Securities Pvt. Ltd.,Dipshikha Dhitopatra Karobar Co. Pvt Ltd.,470,405.0,190350.0,2025-07-10 13:29:55.666866
2025-07-10,38297,2025071004012380,SPDL,Elite Stock House Limited,Bhrikuti Stock Broking Co. Pvt. Ltd.,10,404.0,4040.0,2025-07-10 13:30:02.571836
2025-07-10,37362,2025071004012651,SPDL,Stoxkarts Securities Limited,Deevyaa Securities & Stock House Pvt. Ltd,100,404.9,40490.0,2025-07-10 13:33:07.342807
2025-07-10,37118,2025071004012714,SPDL,Machhapuchchhre Securities Limited,Sharepro Securities Private Limited,30,404.4,12132.0,2025-07-10 13:33:55.193933
2025-07-10,36812,2025071004012783,SPDL,Midas Stock Broking Company Private Limited,Deevyaa Securities & Stock House Pvt. Ltd,200,404.9,80980.0,2025-07-10 13:34:46.528303
2025-07-10,36471,2025071004012893,SPDL,Elite Stock House Limited,Neev Securities Pvt. Ltd.,40,404.0,16160.0,2025-07-10 13:36:01.958653
2025-07-10,36470,2025071004012894,SPDL,Vision Securities Pvt. Ltd,Neev Securities Pvt. Ltd.,20,404.0,8080.0,2025-07-10 13:36:01.958712
2025-07-10,35574,2025071004013206,SPDL,Midas Stock Broking Company Private Limited,Deevyaa Securities & Stock House Pvt. Ltd,500,404.0,202000.0,2025-07-10 13:39:12.295246
2025-07-10,35573,2025071004013207,SPDL,Vision Securities Pvt. Ltd,Deevyaa Securities & Stock House Pvt. Ltd,10,404.0,4040.0,2025-07-10 13:39:12.295736
2025-07-10,35572,2025071004013208,SPDL,Vision Securities Pvt. Ltd,Deevyaa Securities & Stock House Pvt. Ltd,90,404.0,36360.0,2025-07-10 13:39:12.296038
2025-07-10,35571,2025071004013209,SPDL,Asian Securities Private Ltd.,Deevyaa Securities & Stock House Pvt. Ltd,25,403.4,10085.0,2025-07-10 13:39:12.296307
2025-07-10,35570,2025071004013210,SPDL,Agrawal Securities (PVT) Ltd.,Deevyaa Securities & Stock House Pvt. Ltd,300,403.4,121020.0,2025-07-10 13:39:12.296617
2025-07-10,35569,2025071004013211,SPDL,Naasa Securities Co. Ltd.,Deevyaa Securities & Stock House Pvt. Ltd,195,403.4,78663.0,2025-07-10 13:39:12.296888
2025-07-10,35568,2025071004013212,SPDL,Nepal Stock House (PVT) Ltd.,Deevyaa Securities & Stock House Pvt. Ltd,100,403.4,40340.0,2025-07-10 13:39:12.297158
2025-07-10,35567,2025071004013213,SPDL,Bhrikuti Stock Broking Co. Pvt. Ltd.,Deevyaa Securities & Stock House Pvt. Ltd,480,403.3,193584.0,2025-07-10 13:39:12.297446
2025-07-10,35262,2025071004013305,SPDL,Bhrikuti Stock Broking Co. Pvt. Ltd.,Opal Securities Investment (PVT) Ltd.,500,403.3,201650.0,2025-07-10 13:40:12.797660
2025-07-10,35208,2025071004013314,SPDL,Linch Stock Market Ltd.,Nepal Stock House (PVT) Ltd.,100,404.0,40400.0,2025-07-10 13:40:20.990652
2025-07-10,35207,2025071004013315,SPDL,Bhrikuti Stock Broking Co. Pvt. Ltd.,Nepal Stock House (PVT) Ltd.,939,403.3,378698.7,2025-07-10 13:40:20.990901
2025-07-10,34854,2025071004013405,SPDL,Sundhara Securities Limited,Bhrikuti Stock Broking Co. Pvt. Ltd.,300,404.0,121200.0,2025-07-10 13:41:41.729105
2025-07-10,34754,2025071004013439,SPDL,Dynamic Money Managers Securities Pvt. Ltd.,Imperial Securities Company Pvt. Ltd.,550,403.4,221870.0,2025-07-10 13:42:02.502531
2025-07-10,34244,2025071004013562,SPDL,ABC Securities Private Limited,South Asian Bulls Pvt. Ltd.,100,403.5,40350.0,2025-07-10 13:43:48.316628
2025-07-10,34243,2025071004013563,SPDL,Dynamic Money Managers Securities Pvt. Ltd.,South Asian Bulls Pvt. Ltd.,350,403.4,141190.0,2025-07-10 13:43:48.316923
2025-07-10,33492,2025071004013749,SPDL,Dynamic Money Managers Securities Pvt. Ltd.,Naasa Securities Co. Ltd.,100,403.4,40340.0,2025-07-10 13:45:40.149576
2025-07-10,33491,2025071004013750,SPDL,Sani Securities Company Ltd.,Naasa Securities Co. Ltd.,100,403.4,40340.0,2025-07-10 13:45:40.149634
2025-07-10,33490,2025071004013751,SPDL,Sharepro Securities Private Limited,Naasa Securities Co. Ltd.,940,403.4,379196.0,2025-07-10 13:45:40.149660
2025-07-10,33489,2025071004013752,SPDL,Bhrikuti Stock Broking Co. Pvt. Ltd.,Naasa Securities Co. Ltd.,3081,403.3,1242567.3,2025-07-10 13:45:40.149686
2025-07-10,33488,2025071004013753,SPDL,ABC Securities Private Limited,Naasa Securities Co. Ltd.,2000,403.2,806400.0,2025-07-10 13:45:40.149724
2025-07-10,33487,2025071004013754,SPDL,Secured Securities Ltd.,Naasa Securities Co. Ltd.,1500,403.2,604800.0,2025-07-10 13:45:40.149748
2025-07-10,33486,2025071004013755,SPDL,INDEX SECURITIES LIMITED,Naasa Securities Co. Ltd.,4999,403.1,2015096.9,2025-07-10 13:45:40.149775
2025-07-10,33485,2025071004013756,SPDL,Deevyaa Securities & Stock House Pvt. Ltd,Naasa Securities Co. Ltd.,200,403.1,80620.0,2025-07-10 13:45:40.149800
2025-07-10,33484,2025071004013757,SPDL,Midas Stock Broking Company Private Limited,Naasa Securities Co. Ltd.,5000,403.1,2015500.0,2025-07-10 13:45:40.149827
2025-07-10,33483,2025071004013758,SPDL,Sani Securities Company Ltd.,Naasa Securities Co. Ltd.,1206,403.0,486018.0,2025-07-10 13:45:40.149855
2025-07-10,33482,2025071004013759,SPDL,Kumari Securities Private Limited,Naasa Securities Co. Ltd.,1000,403.0,403000.0,2025-07-10 13:45:40.149881
2025-07-10,33481,2025071004013760,SPDL,Arun Securities (PVT) Ltd.,Naasa Securities Co. Ltd.,75,403.0,30225.0,2025-07-10 13:45:40.149905
2025-07-10,33480,2025071004013761,SPDL,Naasa Securities Co. Ltd.,Naasa Securities Co. Ltd.,1000,402.7,402700.0,2025-07-10 13:45:40.149931
2025-07-10,33479,2025071004013762,SPDL,Nepal Stock House (PVT) Ltd.,Naasa Securities Co. Ltd.,300,402.6,120780.0,2025-07-10 13:45:40.149961
2025-07-10,33478,2025071004013763,SPDL,J.F. Securites (PVT) Ltd.,Naasa Securities Co. Ltd.,102,402.5,41055.0,2025-07-10 13:45:40.149989
2025-07-10,33477,2025071004013764,SPDL,Sumeru Securities Pvt. Ltd.,Naasa Securities Co. Ltd.,100,402.5,40250.0,2025-07-10 13:45:40.150014
2025-07-10,33476,2025071004013765,SPDL,Stoxkarts Securities Limited,Naasa Securities Co. Ltd.,100,402.3,40230.0,2025-07-10 13:45:40.150042
2025-07-10,33475,2025071004013766,SPDL,Arun Securities (PVT) Ltd.,Naasa Securities Co. Ltd.,605,402.2,243331.0,2025-07-10 13:45:40.150068
2025-07-10,33474,2025071004013767,SPDL,Thrive Brokerage House Pvt. Ltd,Naasa Securities Co. Ltd.,30,402.2,12066.0,2025-07-10 13:45:40.150092
2025-07-10,33473,2025071004013768,SPDL,Sharepro Securities Private Limited,Naasa Securities Co. Ltd.,4555,402.1,1831565.5,2025-07-10 13:45:40.150130
2025-07-10,33472,2025071004013769,SPDL,Ashutosh Brokerage & Securities (PVT) Ltd.,Naasa Securities Co. Ltd.,50,402.0,20100.0,2025-07-10 13:45:40.150162
2025-07-10,33471,2025071004013770,SPDL,South Asian Bulls Pvt. Ltd.,Naasa Securities Co. Ltd.,200,402.0,80400.0,2025-07-10 13:45:40.150200
2025-07-10,33470,2025071004013771,SPDL,Deevyaa Securities & Stock House Pvt. Ltd,Naasa Securities Co. Ltd.,500,402.0,201000.0,2025-07-10 13:45:40.150233
2025-07-10,33469,2025071004013772,SPDL,Nepal Investment And Securities Trading Private Limited,Naasa Securities Co. Ltd.,60,401.0,24060.0,2025-07-10 13:45:40.150259
2025-07-10,33468,2025071004013773,SPDL,Dynamic Money Managers Securities Pvt. Ltd.,Naasa Securities Co. Ltd.,100,401.0,40100.0,2025-07-10 13:45:40.150297
2025-07-10,33467,2025071004013774,SPDL,Opal Securities Investment (PVT) Ltd.,Naasa Securities Co. Ltd.,3097,401.0,1241897.0,2025-07-10 13:45:40.150333
2025-07-10,33288,2025071004013817,SPDL,Vision Securities Pvt. Ltd,Vision Securities Pvt. Ltd,20,401.5,8030.0,2025-07-10 13:46:37.412428
2025-07-10,33287,2025071004013818,SPDL,Opal Securities Investment (PVT) Ltd.,Vision Securities Pvt. Ltd,403,401.0,161603.0,2025-07-10 13:46:37.412525
2025-07-10,33286,2025071004013819,SPDL,Property Wiard Limited,Vision Securities Pvt. Ltd,50,401.0,20050.0,2025-07-10 13:46:37.412598
2025-07-10,33285,2025071004013820,SPDL,Dipshikha Dhitopatra Karobar Co. Pvt Ltd.,Vision Securities Pvt. Ltd,100,401.0,40100.0,2025-07-10 13:46:37.412686
2025-07-10,33284,2025071004013821,SPDL,K.B.L. Securities Limited ,Vision Securities Pvt. Ltd,500,401.0,200500.0,2025-07-10 13:46:37.412762
2025-07-10,33283,2025071004013822,SPDL,Aryatara Investment & Securities,Vision Securities Pvt. Ltd,30,400.0,12000.0,2025-07-10 13:46:37.412838
2025-07-10,33282,2025071004013823,SPDL,Sewa Securities Pvt. Ltd.,Vision Securities Pvt. Ltd,397,400.0,158800.0,2025-07-10 13:46:37.412921
2025-07-10,33183,2025071004013843,SPDL,Sewa Securities Pvt. Ltd.,Dakshinkali Investment & Securities Pvt. Ltd.,603,400.0,241200.0,2025-07-10 13:46:57.384950
2025-07-10,33182,2025071004013844,SPDL,Opal Securities Investment (PVT) Ltd.,Dakshinkali Investment & Securities Pvt. Ltd.,10,400.0,4000.0,2025-07-10 13:46:57.385464
2025-07-10,33181,2025071004013845,SPDL,Bhrikuti Stock Broking Co. Pvt. Ltd.,Dakshinkali Investment & Securities Pvt. Ltd.,500,400.0,200000.0,2025-07-10 13:46:57.385854
2025-07-10,33180,2025071004013846,SPDL,Asian Securities Private Ltd.,Dakshinkali Investment & Securities Pvt. Ltd.,500,400.0,200000.0,2025-07-10 13:46:57.386207
2025-07-10,33179,2025071004013847,SPDL,Nepal Stock House (PVT) Ltd.,Dakshinkali Investment & Securities Pvt. Ltd.,200,400.0,80000.0,2025-07-10 13:46:57.386569
2025-07-10,33178,2025071004013848,SPDL,Kohinoor Investment & Securities Pvt. Ltd.,Dakshinkali Investment & Securities Pvt. Ltd.,187,400.0,74800.0,2025-07-10 13:46:57.386933
2025-07-10,33124,2025071004013860,SPDL,Dynamic Money Managers Securities Pvt. Ltd.,Blue Chip Securities Ltd,1000,400.1,400100.0,2025-07-10 13:47:13.087735
2025-07-10,33123,2025071004013861,SPDL,Kohinoor Investment & Securities Pvt. Ltd.,Blue Chip Securities Ltd,313,400.0,125200.0,2025-07-10 13:47:13.087847
2025-07-10,33122,2025071004013862,SPDL,Premier Securities Company Ltd.,Blue Chip Securities Ltd,20,400.0,8000.0,2025-07-10 13:47:13.087927
2025-07-10,33121,2025071004013863,SPDL,Imperial Securities Company Pvt. Ltd.,Blue Chip Securities Ltd,50,400.0,20000.0,2025-07-10 13:47:13.088031
2025-07-10,33120,2025071004013864,SPDL,South Asian Bulls Pvt. Ltd.,Blue Chip Securities Ltd,400,400.0,160000.0,2025-07-10 13:47:13.088131
2025-07-10,33119,2025071004013865,SPDL,Oxford Securities Pvt. Ltd.,Blue Chip Securities Ltd,400,400.0,160000.0,2025-07-10 13:47:13.088229
2025-07-10,33118,2025071004013866,SPDL,Linch Stock Market Ltd.,Blue Chip Securities Ltd,80,400.0,32000.0,2025-07-10 13:47:13.088347
2025-07-10,33117,2025071004013867,SPDL,Nepal Stock House (PVT) Ltd.,Blue Chip Securities Ltd,25,400.0,10000.0,2025-07-10 13:47:13.088432
2025-07-10,33116,2025071004013868,SPDL,Dipshikha Dhitopatra Karobar Co. Pvt Ltd.,Blue Chip Securities Ltd,400,400.0,160000.0,2025-07-10 13:47:13.088524
2025-07-10,33115,2025071004013869,SPDL,Sani Securities Company Ltd.,Blue Chip Securities Ltd,500,400.0,200000.0,2025-07-10 13:47:13.088660
2025-07-10,33114,2025071004013870,SPDL,Citizens Share Broker Limited,Blue Chip Securities Ltd,100,400.0,40000.0,2025-07-10 13:47:13.088753
2025-07-10,33113,2025071004013871,SPDL,Deevyaa Securities & Stock House Pvt. Ltd,Blue Chip Securities Ltd,500,400.0,200000.0,2025-07-10 13:47:13.088853
2025-07-10,33112,2025071004013872,SPDL,Kalika Securities Pvt. Ltd.,Blue Chip Securities Ltd,100,400.0,40000.0,2025-07-10 13:47:13.088938
2025-07-10,33111,2025071004013873,SPDL,Shree Krishna Securities Ltd.,Blue Chip Securities Ltd,100,400.0,40000.0,2025-07-10 13:47:13.089018
2025-07-10,33110,2025071004013874,SPDL,Deevyaa Securities & Stock House Pvt. Ltd,Blue Chip Securities Ltd,200,400.0,80000.0,2025-07-10 13:47:13.089125
2025-07-10,33109,2025071004013875,SPDL,Nepal Investment And Securities Trading Private Limited,Blue Chip Securities Ltd,800,400.0,320000.0,2025-07-10 13:47:13.089207
2025-07-10,33108,2025071004013876,SPDL,Sani Securities Company Ltd.,Blue Chip Securities Ltd,100,400.0,40000.0,2025-07-10 13:47:13.089293
2025-07-10,33107,2025071004013877,SPDL,Kohinoor Investment & Securities Pvt. Ltd.,Blue Chip Securities Ltd,1000,400.0,400000.0,2025-07-10 13:47:13.089407
2025-07-10,33106,2025071004013878,SPDL,Sri Hari Securities Pvt. Ltd.,Blue Chip Securities Ltd,200,400.0,80000.0,2025-07-10 13:47:13.089505
2025-07-10,33105,2025071004013879,SPDL,Opal Securities Investment (PVT) Ltd.,Blue Chip Securities Ltd,50,400.0,20000.0,2025-07-10 13:47:13.089606
2025-07-10,33104,2025071004013880,SPDL,Naasa Securities Co. Ltd.,Blue Chip Securities Ltd,20,399.9,7998.0,2025-07-10 13:47:13.089706
2025-07-10,33103,2025071004013881,SPDL,Premier Securities Company Ltd.,Blue Chip Securities Ltd,500,399.0,199500.0,2025-07-10 13:47:13.089807
2025-07-10,33102,2025071004013882,SPDL,Sani Securities Company Ltd.,Blue Chip Securities Ltd,20,399.0,7980.0,2025-07-10 13:47:13.089953
2025-07-10,33101,2025071004013883,SPDL,Primo Securities (PVT) Ltd.,Blue Chip Securities Ltd,50,399.0,19950.0,2025-07-10 13:47:13.090045
2025-07-10,33100,2025071004013884,SPDL,Asian Securities Private Ltd.,Blue Chip Securities Ltd,300,398.9,119670.0,2025-07-10 13:47:13.090141
2025-07-10,33099,2025071004013885,SPDL,Sharepro Securities Private Limited,Blue Chip Securities Ltd,50,398.8,19940.0,2025-07-10 13:47:13.090241
2025-07-10,33098,2025071004013886,SPDL,Linch Stock Market Ltd.,Blue Chip Securities Ltd,200,398.1,79620.0,2025-07-10 13:47:13.090357
2025-07-10,33097,2025071004013887,SPDL,Opal Securities Investment (PVT) Ltd.,Blue Chip Securities Ltd,5000,398.0,1990000.0,2025-07-10 13:47:13.090453
2025-07-10,33096,2025071004013888,SPDL,Cristal Kanchanjanga Securites Pvt. Ltd.,Blue Chip Securities Ltd,500,398.0,199000.0,2025-07-10 13:47:13.090544
2025-07-10,33095,2025071004013889,SPDL,Kumari Securities Private Limited,Blue Chip Securities Ltd,30,398.0,11940.0,2025-07-10 13:47:13.090647
2025-07-10,33094,2025071004013890,SPDL,Asian Securities Private Ltd.,Blue Chip Securities Ltd,100,398.0,39800.0,2025-07-10 13:47:13.090750
2025-07-10,33093,2025071004013891,SPDL,Dipshikha Dhitopatra Karobar Co. Pvt Ltd.,Blue Chip Securities Ltd,100,398.0,39800.0,2025-07-10 13:47:13.090882
2025-07-10,33092,2025071004013892,SPDL,J.F. Securites (PVT) Ltd.,Blue Chip Securities Ltd,20,397.9,7958.0,2025-07-10 13:47:13.090978
2025-07-10,33091,2025071004013893,SPDL,Sumeru Securities Pvt. Ltd.,Blue Chip Securities Ltd,320,397.4,127168.0,2025-07-10 13:47:13.091083
2025-07-10,33090,2025071004013894,SPDL,Thrive Brokerage House Pvt. Ltd,Blue Chip Securities Ltd,50,397.0,19850.0,2025-07-10 13:47:13.091191
2025-07-10,33089,2025071004013895,SPDL,Ashutosh Brokerage & Securities (PVT) Ltd.,Blue Chip Securities Ltd,1000,397.0,397000.0,2025-07-10 13:47:13.091300
2025-07-10,33088,2025071004013896,SPDL,Dipshikha Dhitopatra Karobar Co. Pvt Ltd.,Blue Chip Securities Ltd,150,397.0,59550.0,2025-07-10 13:47:13.091445
2025-07-10,33087,2025071004013897,SPDL,Sweta Securities Private Limited,Blue Chip Securities Ltd,500,397.0,198500.0,2025-07-10 13:47:13.091550
2025-07-10,33086,2025071004013898,SPDL,Asian Securities Private Ltd.,Blue Chip Securities Ltd,325,397.0,129025.0,2025-07-10 13:47:13.091694
2025-07-10,33085,2025071004013899,SPDL,J.F. Securites (PVT) Ltd.,Blue Chip Securities Ltd,126,397.0,50022.0,2025-07-10 13:47:13.091799
2025-07-10,33084,2025071004013900,SPDL,Malla & Malla Stock Broking Company Pvt. Limited,Blue Chip Securities Ltd,200,397.0,79400.0,2025-07-10 13:47:13.091902
2025-07-10,33083,2025071004013901,SPDL,Midas Stock Broking Company Private Limited,Blue Chip Securities Ltd,4101,397.0,1628097.0,2025-07-10 13:47:13.092002
2025-07-10,32882,2025071004013958,SPDL,Imperial Securities Company Pvt. Ltd.,ABC Securities Private Limited,50,400.1,20005.0,2025-07-10 13:47:55.499742
2025-07-10,32787,2025071004013972,SPDL,Imperial Securities Company Pvt. Ltd.,Sharepro Securities Private Limited,500,400.1,200050.0,2025-07-10 13:48:22.754676
2025-07-10,32545,2025071004014033,SPDL,Imperial Securities Company Pvt. Ltd.,Sharepro Securities Private Limited,100,400.1,40010.0,2025-07-10 13:49:22.024933
2025-07-10,32466,2025071004014057,SPDL,Imperial Securities Company Pvt. Ltd.,Trishakti Securities Public Limited,150,400.1,60015.0,2025-07-10 13:49:33.968814
2025-07-10,32465,2025071004014058,SPDL,Vision Securities Pvt. Ltd,Trishakti Securities Public Limited,20,400.0,8000.0,2025-07-10 13:49:33.969060
2025-07-10,32464,2025071004014059,SPDL,Agrawal Securities (PVT) Ltd.,Trishakti Securities Public Limited,330,400.0,132000.0,2025-07-10 13:49:33.969134
2025-07-10,32443,2025071004014068,SPDL,Kohinoor Investment & Securities Pvt. Ltd.,Sharepro Securities Private Limited,100,402.0,40200.0,2025-07-10 13:49:37.850153
2025-07-10,32423,2025071004014074,SPDL,Agrawal Securities (PVT) Ltd.,Siprabi Securities Pvt. Ltd.,170,400.0,68000.0,2025-07-10 13:49:42.259841
2025-07-10,32336,2025071004014093,SPDL,Market Securities & Exchange (PVT) Ltd.,Siprabi Securities Pvt. Ltd.,200,400.0,80000.0,2025-07-10 13:49:59.565294
2025-07-10,32110,2025071004014167,SPDL,Midas Stock Broking Company Private Limited,Siprabi Securities Pvt. Ltd.,110,400.0,44000.0,2025-07-10 13:50:50.060234
2025-07-10,32109,2025071004014168,SPDL,Midas Stock Broking Company Private Limited,Secured Securities Ltd.,90,400.0,36000.0,2025-07-10 13:50:50.060466
2025-07-10,31937,2025071004014213,SPDL,Midas Stock Broking Company Private Limited,Blue Chip Securities Ltd,10,399.0,3990.0,2025-07-10 13:51:34.870033
2025-07-10,31936,2025071004014214,SPDL,Himalayan Brokerage Company Limited,Blue Chip Securities Ltd,15,399.0,5985.0,2025-07-10 13:51:34.870104
2025-07-10,31800,2025071004014272,SPDL,Arun Securities (PVT) Ltd.,Secured Securities Ltd.,100,400.0,40000.0,2025-07-10 13:52:00.630821
2025-07-10,31799,2025071004014273,SPDL,Arun Securities (PVT) Ltd.,Sumeru Securities Pvt. Ltd.,20,400.0,8000.0,2025-07-10 13:52:00.631206
2025-07-10,31798,2025071004014274,SPDL,Arun Securities (PVT) Ltd.,Trademow Securities Private Limited,780,400.0,312000.0,2025-07-10 13:52:00.631443
2025-07-10,31191,2025071004014444,SPDL,Himalayan Brokerage Company Limited,Sani Securities Company Ltd.,20,399.0,7980.0,2025-07-10 13:54:35.411390
2025-07-10,31084,2025071004014475,SPDL,Vision Securities Pvt. Ltd,Trademow Securities Private Limited,20,400.0,8000.0,2025-07-10 13:54:53.112835
2025-07-10,31034,2025071004014487,SPDL,Himalayan Brokerage Company Limited,Capital Max Securities Ltd,465,400.0,186000.0,2025-07-10 13:55:07.775752
2025-07-10,30946,2025071004014505,SPDL,Himalayan Brokerage Company Limited,Capital Max Securities Ltd,400,400.0,160000.0,2025-07-10 13:55:32.872619
2025-07-10,30640,2025071004014601,SPDL,Cristal Kanchanjanga Securites Pvt. Ltd.,Imperial Securities Company Pvt. Ltd.,500,401.0,200500.0,2025-07-10 13:56:57.390583
2025-07-10,30314,2025071004014675,SPDL,Vision Securities Pvt. Ltd,Deevyaa Securities & Stock House Pvt. Ltd,50,400.0,20000.0,2025-07-10 13:58:21.245706
2025-07-10,30061,2025071004014762,SPDL,Linch Stock Market Ltd.,Imperial Securities Company Pvt. Ltd.,30,401.0,12030.0,2025-07-10 13:59:13.624363
2025-07-10,29950,2025071004014826,SPDL,Market Securities & Exchange (PVT) Ltd.,Imperial Securities Company Pvt. Ltd.,170,401.0,68170.0,2025-07-10 13:59:33.154695
2025-07-10,29385,2025071004014994,SPDL,Ashutosh Brokerage & Securities (PVT) Ltd.,Opal Securities Investment (PVT) Ltd.,80,402.0,32160.0,2025-07-10 14:01:47.947399
2025-07-10,28811,2025071004015157,SPDL,Naasa Securities Co. Ltd.,Midas Stock Broking Company Private Limited,175,401.1,70192.5,2025-07-10 14:03:57.389451
2025-07-10,28810,2025071004015158,SPDL,Online Securities Pvt. Ltd.,Midas Stock Broking Company Private Limited,100,401.0,40100.0,2025-07-10 14:03:57.389573
2025-07-10,28809,2025071004015159,SPDL,Market Securities & Exchange (PVT) Ltd.,Midas Stock Broking Company Private Limited,676,401.0,271076.0,2025-07-10 14:03:57.389649
2025-07-10,28726,2025071004015199,SPDL,Market Securities & Exchange (PVT) Ltd.,Midas Stock Broking Company Private Limited,75,401.0,30075.0,2025-07-10 14:04:06.433811
2025-07-10,28725,2025071004015200,SPDL,Naasa Securities Co. Ltd.,Midas Stock Broking Company Private Limited,100,401.0,40100.0,2025-07-10 14:04:06.433915
2025-07-10,27588,2025071004015529,SPDL,MILKY WAY SHARE BROKER COMPANY LTD ,Secured Securities Ltd.,30,401.0,12030.0,2025-07-10 14:08:34.552926
2025-07-10,27587,2025071004015530,SPDL,Vision Securities Pvt. Ltd,Secured Securities Ltd.,10,400.5,4005.0,2025-07-10 14:08:34.553149
2025-07-10,27586,2025071004015531,SPDL,Sumeru Securities Pvt. Ltd.,Secured Securities Ltd.,50,400.2,20010.0,2025-07-10 14:08:34.553261
2025-07-10,27585,2025071004015532,SPDL,Sajilo Broker Limited,Secured Securities Ltd.,50,400.1,20005.0,2025-07-10 14:08:34.553361
2025-07-10,27584,2025071004015533,SPDL,Creative Securities Pvt Ltd,Secured Securities Ltd.,250,400.1,100025.0,2025-07-10 14:08:34.553447
2025-07-10,27583,2025071004015534,SPDL,Dynamic Money Managers Securities Pvt. Ltd.,Secured Securities Ltd.,610,400.1,244061.0,2025-07-10 14:08:34.553531
2025-07-10,27495,2025071004015552,SPDL,Dynamic Money Managers Securities Pvt. Ltd.,Secured Securities Ltd.,390,400.1,156039.0,2025-07-10 14:09:00.604761
2025-07-10,27494,2025071004015553,SPDL,Dipshikha Dhitopatra Karobar Co. Pvt Ltd.,Secured Securities Ltd.,100,400.1,40010.0,2025-07-10 14:09:00.605167
2025-07-10,27493,2025071004015554,SPDL,Vision Securities Pvt. Ltd,Secured Securities Ltd.,10,400.0,4000.0,2025-07-10 14:09:00.605441
2025-07-10,26932,2025071004015787,SPDL,Vision Securities Pvt. Ltd,Primo Securities (PVT) Ltd.,17,400.2,6803.4,2025-07-10 14:11:11.038346
2025-07-10,25741,2025071004016100,SPDL,Midas Stock Broking Company Private Limited,Imperial Securities Company Pvt. Ltd.,391,401.0,156791.0,2025-07-10 14:16:08.373564
2025-07-10,25574,2025071004016161,SPDL,Siprabi Securities Pvt. Ltd.,Imperial Securities Company Pvt. Ltd.,100,400.3,40030.0,2025-07-10 14:16:54.065752
2025-07-10,25573,2025071004016162,SPDL,Linch Stock Market Ltd.,Imperial Securities Company Pvt. Ltd.,50,400.3,20015.0,2025-07-10 14:16:54.066010
2025-07-10,25572,2025071004016163,SPDL,Vision Securities Pvt. Ltd,Imperial Securities Company Pvt. Ltd.,10,400.2,4002.0,2025-07-10 14:16:54.066166
2025-07-10,25571,2025071004016164,SPDL,Sewa Securities Pvt. Ltd.,Imperial Securities Company Pvt. Ltd.,100,400.2,40020.0,2025-07-10 14:16:54.066295
2025-07-10,25570,2025071004016165,SPDL,Naasa Securities Co. Ltd.,Imperial Securities Company Pvt. Ltd.,190,400.1,76019.0,2025-07-10 14:16:54.066434
2025-07-10,25292,2025071004016196,SPDL,Naasa Securities Co. Ltd.,Dynamic Money Managers Securities Pvt. Ltd.,10,400.1,4001.0,2025-07-10 14:17:27.749335
2025-07-10,25291,2025071004016197,SPDL,S.P.S.A. Securities Limited,Dynamic Money Managers Securities Pvt. Ltd.,500,400.1,200050.0,2025-07-10 14:17:27.749833
2025-07-10,25290,2025071004016198,SPDL,Deevyaa Securities & Stock House Pvt. Ltd,Dynamic Money Managers Securities Pvt. Ltd.,100,400.1,40010.0,2025-07-10 14:17:27.750110
2025-07-10,25289,2025071004016199,SPDL,Midas Stock Broking Company Private Limited,Dynamic Money Managers Securities Pvt. Ltd.,500,400.1,200050.0,2025-07-10 14:17:27.750404
2025-07-10,25288,2025071004016200,SPDL,Vision Securities Pvt. Ltd,Dynamic Money Managers Securities Pvt. Ltd.,890,400.0,356000.0,2025-07-10 14:17:27.750683
2025-07-10,25262,2025071004016214,SPDL,Vision Securities Pvt. Ltd,Capital Max Securities Ltd,50,400.0,20000.0,2025-07-10 14:17:35.846167
2025-07-10,25261,2025071004016215,SPDL,Capital Max Securities Ltd,Capital Max Securities Ltd,100,400.0,40000.0,2025-07-10 14:17:35.846428
2025-07-10,25260,2025071004016216,SPDL,Sweta Securities Private Limited,Capital Max Securities Ltd,16,400.0,6400.0,2025-07-10 14:17:35.846529
2025-07-10,25119,2025071004016283,SPDL,Sweta Securities Private Limited,Sharepro Securities Private Limited,84,400.0,33600.0,2025-07-10 14:18:09.135348
2025-07-10,25118,2025071004016284,SPDL,ABC Securities Private Limited,Sharepro Securities Private Limited,20,400.0,8000.0,2025-07-10 14:18:09.135780
2025-07-10,25117,2025071004016285,SPDL,Linch Stock Market Ltd.,Sharepro Securities Private Limited,200,400.0,80000.0,2025-07-10 14:18:09.136045
2025-07-10,25116,2025071004016286,SPDL,Vision Securities Pvt. Ltd,Sharepro Securities Private Limited,96,400.0,38400.0,2025-07-10 14:18:09.136310
2025-07-10,24522,2025071004016429,SPDL,Naasa Securities Co. Ltd.,Imperial Securities Company Pvt. Ltd.,200,401.0,80200.0,2025-07-10 14:20:22.378216
2025-07-10,24319,2025071004016492,SPDL,MILKY WAY SHARE BROKER COMPANY LTD ,Imperial Securities Company Pvt. Ltd.,20,401.0,8020.0,2025-07-10 14:21:05.745629
2025-07-10,24108,2025071004016565,SPDL,MILKY WAY SHARE BROKER COMPANY LTD ,Imperial Securities Company Pvt. Ltd.,20,401.0,8020.0,2025-07-10 14:21:50.875096
2025-07-10,23969,2025071004016630,SPDL,Bhrikuti Stock Broking Co. Pvt. Ltd.,Imperial Securities Company Pvt. Ltd.,500,400.1,200050.0,2025-07-10 14:22:11.399390
2025-07-10,23968,2025071004016631,SPDL,Vision Securities Pvt. Ltd,Imperial Securities Company Pvt. Ltd.,104,400.0,41600.0,2025-07-10 14:22:11.399704
2025-07-10,23967,2025071004016632,SPDL,Asian Securities Private Ltd.,Imperial Securities Company Pvt. Ltd.,96,400.0,38400.0,2025-07-10 14:22:11.399810
2025-07-10,23956,2025071004016639,SPDL,Sri Hari Securities Pvt. Ltd.,Imperial Securities Company Pvt. Ltd.,100,401.0,40100.0,2025-07-10 14:22:13.646987
2025-07-10,23761,2025071004016691,SPDL,Asian Securities Private Ltd.,Imperial Securities Company Pvt. Ltd.,54,400.0,21600.0,2025-07-10 14:22:38.793362
2025-07-10,23760,2025071004016692,SPDL,Dipshikha Dhitopatra Karobar Co. Pvt Ltd.,Imperial Securities Company Pvt. Ltd.,250,400.0,100000.0,2025-07-10 14:22:38.793701
2025-07-10,23759,2025071004016693,SPDL,Online Securities Pvt. Ltd.,Imperial Securities Company Pvt. Ltd.,196,400.0,78400.0,2025-07-10 14:22:38.793811
2025-07-10,23590,2025071004016748,SPDL,Online Securities Pvt. Ltd.,Imperial Securities Company Pvt. Ltd.,804,400.0,321600.0,2025-07-10 14:23:14.225712
2025-07-10,23420,2025071004016848,SPDL,Creative Securities Pvt Ltd,Imperial Securities Company Pvt. Ltd.,496,400.0,198400.0,2025-07-10 14:23:40.492201
2025-07-10,23419,2025071004016849,SPDL,Creative Securities Pvt Ltd,Sani Securities Company Ltd.,230,400.1,92023.0,2025-07-10 14:23:40.492503
2025-07-10,23418,2025071004016850,SPDL,Creative Securities Pvt Ltd,Imperial Securities Company Pvt. Ltd.,174,401.0,69774.0,2025-07-10 14:23:40.492605
2025-07-10,23376,2025071004016857,SPDL,Trishakti Securities Public Limited,Imperial Securities Company Pvt. Ltd.,300,400.0,120000.0,2025-07-10 14:23:47.282251
2025-07-10,23375,2025071004016858,SPDL,ABC Securities Private Limited,Imperial Securities Company Pvt. Ltd.,20,399.5,7990.0,2025-07-10 14:23:47.282717
2025-07-10,23374,2025071004016859,SPDL,Imperial Securities Company Pvt. Ltd.,Imperial Securities Company Pvt. Ltd.,200,399.1,79820.0,2025-07-10 14:23:47.282996
2025-07-10,23373,2025071004016860,SPDL,Asian Securities Private Ltd.,Imperial Securities Company Pvt. Ltd.,380,399.0,151620.0,2025-07-10 14:23:47.283272
2025-07-10,23348,2025071004016865,SPDL,Asian Securities Private Ltd.,Sewa Securities Pvt. Ltd.,200,399.0,79800.0,2025-07-10 14:23:54.061020
2025-07-10,23126,2025071004016926,SPDL,Sani Securities Company Ltd.,Secured Securities Ltd.,100,399.2,39920.0,2025-07-10 14:24:22.867164
2025-07-10,23125,2025071004016927,SPDL,Asian Securities Private Ltd.,Secured Securities Ltd.,400,399.0,159600.0,2025-07-10 14:24:22.867428
2025-07-10,22502,2025071004017222,SPDL,Asian Securities Private Ltd.,Naasa Securities Co. Ltd.,20,399.0,7980.0,2025-07-10 14:25:58.718753
2025-07-10,22501,2025071004017223,SPDL,ABC Securities Private Limited,Naasa Securities Co. Ltd.,20,399.0,7980.0,2025-07-10 14:25:58.719201
2025-07-10,22500,2025071004017224,SPDL,Deevyaa Securities & Stock House Pvt. Ltd,Naasa Securities Co. Ltd.,42,399.0,16758.0,2025-07-10 14:25:58.719595
2025-07-10,22268,2025071004017299,SPDL,Oxford Securities Pvt. Ltd.,Oxford Securities Pvt. Ltd.,150,400.0,60000.0,2025-07-10 14:26:45.885838
2025-07-10,22086,2025071004017339,SPDL,Oxford Securities Pvt. Ltd.,Sani Securities Company Ltd.,350,400.0,140000.0,2025-07-10 14:27:18.723518
2025-07-10,21711,2025071004017441,SPDL,Trishakti Securities Public Limited,Sani Securities Company Ltd.,150,400.0,60000.0,2025-07-10 14:28:16.238257
2025-07-10,20564,2025071004017884,SPDL,Vision Securities Pvt. Ltd,Primo Securities (PVT) Ltd.,100,400.0,40000.0,2025-07-10 14:31:32.242871
2025-07-10,20501,2025071004017906,SPDL,Secured Securities Ltd.,Pragyan Securities (PVT) Ltd.,400,400.9,160360.0,2025-07-10 14:31:46.491778
2025-07-10,20348,2025071004017942,SPDL,Vision Securities Pvt. Ltd,Siprabi Securities Pvt. Ltd.,37,400.0,14800.0,2025-07-10 14:32:13.000726
2025-07-10,19760,2025071004018090,SPDL,Naasa Securities Co. Ltd.,Pragyan Securities (PVT) Ltd.,28,400.9,11225.2,2025-07-10 14:33:54.716972
2025-07-10,19723,2025071004018100,SPDL,Secured Securities Ltd.,Pragyan Securities (PVT) Ltd.,100,400.9,40090.0,2025-07-10 14:34:01.540573
2025-07-10,19545,2025071004018163,SPDL,Kumari Securities Private Limited,Infinity Securities Limited,20,400.5,8010.0,2025-07-10 14:34:28.084152
2025-07-10,19544,2025071004018164,SPDL,Sumeru Securities Pvt. Ltd.,Infinity Securities Limited,50,400.1,20005.0,2025-07-10 14:34:28.084451
2025-07-10,19543,2025071004018165,SPDL,Vision Securities Pvt. Ltd,Infinity Securities Limited,363,400.0,145200.0,2025-07-10 14:34:28.084572
2025-07-10,19542,2025071004018166,SPDL,Imperial Securities Company Pvt. Ltd.,Infinity Securities Limited,60,400.0,24000.0,2025-07-10 14:34:28.084738
2025-07-10,19541,2025071004018167,SPDL,Deevyaa Securities & Stock House Pvt. Ltd,Infinity Securities Limited,58,399.0,23142.0,2025-07-10 14:34:28.084853
2025-07-10,19540,2025071004018168,SPDL,Primo Securities (PVT) Ltd.,Infinity Securities Limited,399,399.0,159201.0,2025-07-10 14:34:28.084965
2025-07-10,19413,2025071004018195,SPDL,Imperial Securities Company Pvt. Ltd.,ABC Securities Private Limited,500,399.1,199550.0,2025-07-10 14:34:50.401714
2025-07-10,18874,2025071004018298,SPDL,Agrawal Securities (PVT) Ltd.,Capital Max Securities Ltd,100,400.0,40000.0,2025-07-10 14:36:07.212445
2025-07-10,18335,2025071004018407,SPDL,Vision Securities Pvt. Ltd,Capital Max Securities Ltd,35,400.0,14000.0,2025-07-10 14:37:05.929072
2025-07-10,17883,2025071004018574,SPDL,Infinity Securities Limited,Pragyan Securities (PVT) Ltd.,52,400.9,20846.8,2025-07-10 14:38:08.723230
2025-07-10,17882,2025071004018575,SPDL,Infinity Securities Limited,Imperial Securities Company Pvt. Ltd.,448,400.9,179603.2,2025-07-10 14:38:08.723532
2025-07-10,17392,2025071004018700,SPDL,Vision Securities Pvt. Ltd,Sweta Securities Private Limited,200,400.0,80000.0,2025-07-10 14:39:18.678225
2025-07-10,17261,2025071004018731,SPDL,Vision Securities Pvt. Ltd,Nabil Stock Dealer Ltd.,14,400.0,5600.0,2025-07-10 14:39:34.417212
2025-07-10,17013,2025071004018845,SPDL,Vision Securities Pvt. Ltd,Sweta Securities Private Limited,150,400.0,60000.0,2025-07-10 14:40:08.953595
2025-07-10,16684,2025071004018947,SPDL,Agrawal Securities (PVT) Ltd.,Imperial Securities Company Pvt. Ltd.,100,400.5,40050.0,2025-07-10 14:40:53.919982
2025-07-10,16263,2025071004019085,SPDL,Sani Securities Company Ltd.,Imperial Securities Company Pvt. Ltd.,50,400.1,20005.0,2025-07-10 14:41:46.191414
2025-07-10,16262,2025071004019086,SPDL,Vision Securities Pvt. Ltd,Imperial Securities Company Pvt. Ltd.,101,400.0,40400.0,2025-07-10 14:41:46.191660
2025-07-10,16049,2025071004019159,SPDL,Linch Stock Market Ltd.,Sweta Securities Private Limited,100,400.9,40090.0,2025-07-10 14:42:11.834420
2025-07-10,16048,2025071004019160,SPDL,Kalika Securities Pvt. Ltd.,Sweta Securities Private Limited,1000,400.0,400000.0,2025-07-10 14:42:11.834706
2025-07-10,15940,2025071004019180,SPDL,Linch Stock Market Ltd.,J.F. Securites (PVT) Ltd.,100,400.0,40000.0,2025-07-10 14:42:24.877532
2025-07-10,15939,2025071004019181,SPDL,Aryatara Investment & Securities,J.F. Securites (PVT) Ltd.,100,400.0,40000.0,2025-07-10 14:42:24.877868
2025-07-10,15938,2025071004019182,SPDL,Sajilo Broker Limited,J.F. Securites (PVT) Ltd.,700,400.0,280000.0,2025-07-10 14:42:24.877967
2025-07-10,15937,2025071004019183,SPDL,Vision Securities Pvt. Ltd,J.F. Securites (PVT) Ltd.,248,400.0,99200.0,2025-07-10 14:42:24.878061
2025-07-10,15901,2025071004019202,SPDL,Vision Securities Pvt. Ltd,Trishakti Securities Public Limited,252,400.0,100800.0,2025-07-10 14:42:30.619371
2025-07-10,15900,2025071004019203,SPDL,Vision Securities Pvt. Ltd,Trishakti Securities Public Limited,73,399.5,29163.5,2025-07-10 14:42:30.619445
2025-07-10,15315,2025071004019345,SPDL,Vision Securities Pvt. Ltd,Cristal Kanchanjanga Securites Pvt. Ltd.,427,399.5,170586.5,2025-07-10 14:43:34.516578
2025-07-10,15314,2025071004019346,SPDL,Vision Securities Pvt. Ltd,Cristal Kanchanjanga Securites Pvt. Ltd.,100,399.3,39930.0,2025-07-10 14:43:34.516852
2025-07-10,15313,2025071004019347,SPDL,Premier Securities Company Ltd.,Cristal Kanchanjanga Securites Pvt. Ltd.,500,399.2,199600.0,2025-07-10 14:43:34.516948
2025-07-10,15312,2025071004019348,SPDL,Linch Stock Market Ltd.,Cristal Kanchanjanga Securites Pvt. Ltd.,50,399.2,19960.0,2025-07-10 14:43:34.517047
2025-07-10,15311,2025071004019349,SPDL,Imperial Securities Company Pvt. Ltd.,Cristal Kanchanjanga Securites Pvt. Ltd.,500,399.1,199550.0,2025-07-10 14:43:34.517148
2025-07-10,15310,2025071004019350,SPDL,Premier Securities Company Ltd.,Cristal Kanchanjanga Securites Pvt. Ltd.,423,399.1,168819.3,2025-07-10 14:43:34.517250
2025-07-10,14099,2025071004019583,SPDL,Infinity Securities Limited,Imperial Securities Company Pvt. Ltd.,11,401.0,4411.0,2025-07-10 14:45:12.977533
2025-07-10,13948,2025071004019631,SPDL,Infinity Securities Limited,Nepal Investment And Securities Trading Private Limited,30,400.0,12000.0,2025-07-10 14:45:31.033323
2025-07-10,13873,2025071004019651,SPDL,Trishakti Securities Public Limited,Neev Securities Pvt. Ltd.,1000,399.3,399300.0,2025-07-10 14:45:41.071658
2025-07-10,13727,2025071004019707,SPDL,Trishakti Securities Public Limited,KALASH STOCK MARKET PVT. LTD.,1000,399.3,399300.0,2025-07-10 14:46:01.330191
2025-07-10,13587,2025071004019743,SPDL,Linch Stock Market Ltd.,Nepal Investment And Securities Trading Private Limited,300,399.3,119790.0,2025-07-10 14:46:19.087020
2025-07-10,13506,2025071004019784,SPDL,Aryatara Investment & Securities,Nepal Investment And Securities Trading Private Limited,200,399.3,79860.0,2025-07-10 14:46:27.174614
2025-07-10,13440,2025071004019801,SPDL,Himalayan Brokerage Company Limited,Nepal Investment And Securities Trading Private Limited,400,399.2,159680.0,2025-07-10 14:46:35.339660
2025-07-10,13439,2025071004019802,SPDL,Premier Securities Company Ltd.,Nepal Investment And Securities Trading Private Limited,577,399.1,230280.7,2025-07-10 14:46:35.339944
2025-07-10,13357,2025071004019834,SPDL,Sewa Securities Pvt. Ltd.,Midas Stock Broking Company Private Limited,50,399.9,19995.0,2025-07-10 14:46:46.260893
2025-07-10,12917,2025071004020012,SPDL,Aryatara Investment & Securities,Midas Stock Broking Company Private Limited,44,399.1,17560.4,2025-07-10 14:47:31.040867
2025-07-10,12916,2025071004020013,SPDL,Primo Securities (PVT) Ltd.,Midas Stock Broking Company Private Limited,601,399.0,239799.0,2025-07-10 14:47:31.041131
2025-07-10,12915,2025071004020014,SPDL,Sani Securities Company Ltd.,Midas Stock Broking Company Private Limited,100,399.0,39900.0,2025-07-10 14:47:31.041236
2025-07-10,12914,2025071004020015,SPDL,Trisul Securities & Invt. Ltd.,Midas Stock Broking Company Private Limited,205,399.0,81795.0,2025-07-10 14:47:31.041345
2025-07-10,12907,2025071004020018,SPDL,Imperial Securities Company Pvt. Ltd.,Dipshikha Dhitopatra Karobar Co. Pvt Ltd.,10,400.0,4000.0,2025-07-10 14:47:32.427255
2025-07-10,12788,2025071004020052,SPDL,Pragyan Securities (PVT) Ltd.,Capital Max Securities Ltd,100,399.9,39990.0,2025-07-10 14:47:50.889025
2025-07-10,12493,2025071004020184,SPDL,Sani Securities Company Ltd.,Dipshikha Dhitopatra Karobar Co. Pvt Ltd.,50,400.0,20000.0,2025-07-10 14:48:19.797529
2025-07-10,12193,2025071004020271,SPDL,Aryatara Investment & Securities,Dipshikha Dhitopatra Karobar Co. Pvt Ltd.,25,400.0,10000.0,2025-07-10 14:48:52.450322
2025-07-10,12192,2025071004020272,SPDL,Aryatara Investment & Securities,Market Securities & Exchange (PVT) Ltd.,140,400.0,56000.0,2025-07-10 14:48:52.450624
2025-07-10,12035,2025071004020329,SPDL,Aryatara Investment & Securities,Property Wiard Limited,335,400.0,134000.0,2025-07-10 14:49:08.467061
2025-07-10,11759,2025071004020449,SPDL,Primo Securities (PVT) Ltd.,Property Wiard Limited,1065,400.0,426000.0,2025-07-10 14:49:33.659463
2025-07-10,11717,2025071004020455,SPDL,Pragyan Securities (PVT) Ltd.,Sumeru Securities Pvt. Ltd.,400,399.9,159960.0,2025-07-10 14:49:37.090686
2025-07-10,11716,2025071004020456,SPDL,Magnet Securities and Investment Company Private Limited,Sumeru Securities Pvt. Ltd.,100,399.1,39910.0,2025-07-10 14:49:37.091140
2025-07-10,11231,2025071004020618,SPDL,Agrawal Securities (PVT) Ltd.,Sumeru Securities Pvt. Ltd.,500,400.0,200000.0,2025-07-10 14:50:21.106386
2025-07-10,11112,2025071004020655,SPDL,Magnet Securities and Investment Company Private Limited,Citizens Share Broker Limited,50,399.1,19955.0,2025-07-10 14:50:32.343235
2025-07-10,11111,2025071004020656,SPDL,Sumeru Securities Pvt. Ltd.,Citizens Share Broker Limited,50,399.1,19955.0,2025-07-10 14:50:32.343296
2025-07-10,11110,2025071004020657,SPDL,Trisul Securities & Invt. Ltd.,Citizens Share Broker Limited,95,399.0,37905.0,2025-07-10 14:50:32.343353
2025-07-10,11109,2025071004020658,SPDL,Nepal Investment And Securities Trading Private Limited,Citizens Share Broker Limited,73,399.0,29127.0,2025-07-10 14:50:32.343380
2025-07-10,11108,2025071004020659,SPDL,Sajilo Broker Limited,Citizens Share Broker Limited,700,399.0,279300.0,2025-07-10 14:50:32.343405
2025-07-10,11107,2025071004020660,SPDL,Opal Securities Investment (PVT) Ltd.,Citizens Share Broker Limited,332,399.0,132468.0,2025-07-10 14:50:32.343431
2025-07-10,10904,2025071004020717,SPDL,Opal Securities Investment (PVT) Ltd.,Imperial Securities Company Pvt. Ltd.,68,399.0,27132.0,2025-07-10 14:50:50.685838
2025-07-10,10903,2025071004020718,SPDL,Dipshikha Dhitopatra Karobar Co. Pvt Ltd.,Imperial Securities Company Pvt. Ltd.,222,399.0,88578.0,2025-07-10 14:50:50.686126
2025-07-10,10456,2025071004020888,SPDL,Aryatara Investment & Securities,Sundhara Securities Limited,75,400.0,30000.0,2025-07-10 14:51:26.735279
2025-07-10,10455,2025071004020889,SPDL,Aryatara Investment & Securities,Sani Securities Company Ltd.,100,400.0,40000.0,2025-07-10 14:51:26.735843
2025-07-10,10332,2025071004020939,SPDL,Trishakti Securities Public Limited,Himalayan Brokerage Company Limited,200,399.2,79840.0,2025-07-10 14:51:37.205130
2025-07-10,10331,2025071004020940,SPDL,Shree Krishna Securities Ltd.,Himalayan Brokerage Company Limited,50,399.2,19960.0,2025-07-10 14:51:37.205177
2025-07-10,10330,2025071004020941,SPDL,Himalayan Brokerage Company Limited,Himalayan Brokerage Company Limited,500,399.1,199550.0,2025-07-10 14:51:37.205204
2025-07-10,10329,2025071004020942,SPDL,Dipshikha Dhitopatra Karobar Co. Pvt Ltd.,Himalayan Brokerage Company Limited,78,399.0,31122.0,2025-07-10 14:51:37.205227
2025-07-10,10328,2025071004020943,SPDL,Naasa Securities Co. Ltd.,Himalayan Brokerage Company Limited,500,399.0,199500.0,2025-07-10 14:51:37.205253
2025-07-10,10327,2025071004020944,SPDL,South Asian Bulls Pvt. Ltd.,Himalayan Brokerage Company Limited,200,399.0,79800.0,2025-07-10 14:51:37.205285
2025-07-10,10326,2025071004020945,SPDL,Creative Securities Pvt Ltd,Himalayan Brokerage Company Limited,100,399.0,39900.0,2025-07-10 14:51:37.205308
2025-07-10,10325,2025071004020946,SPDL,Dynamic Money Managers Securities Pvt. Ltd.,Himalayan Brokerage Company Limited,20,399.0,7980.0,2025-07-10 14:51:37.205336
2025-07-10,10324,2025071004020947,SPDL,Arun Securities (PVT) Ltd.,Himalayan Brokerage Company Limited,352,399.0,140448.0,2025-07-10 14:51:37.205357
2025-07-10,9926,2025071004021087,SPDL,Arun Securities (PVT) Ltd.,Sweta Securities Private Limited,148,399.0,59052.0,2025-07-10 14:52:04.313279
2025-07-10,9925,2025071004021088,SPDL,Sundhara Securities Limited,Sweta Securities Private Limited,75,399.0,29925.0,2025-07-10 14:52:04.313771
2025-07-10,9924,2025071004021089,SPDL,Primo Securities (PVT) Ltd.,Sweta Securities Private Limited,300,399.0,119700.0,2025-07-10 14:52:04.314090
2025-07-10,9923,2025071004021090,SPDL,South Asian Bulls Pvt. Ltd.,Sweta Securities Private Limited,50,399.0,19950.0,2025-07-10 14:52:04.314477
2025-07-10,9922,2025071004021091,SPDL,Imperial Securities Company Pvt. Ltd.,Sweta Securities Private Limited,200,399.0,79800.0,2025-07-10 14:52:04.314798
2025-07-10,9920,2025071004021092,SPDL,Stoxkarts Securities Limited,Sweta Securities Private Limited,100,399.0,39900.0,2025-07-10 14:52:04.315117
2025-07-10,9919,2025071004021093,SPDL,Linch Stock Market Ltd.,Sweta Securities Private Limited,27,399.0,10773.0,2025-07-10 14:52:04.315454
2025-07-10,9761,2025071004021161,SPDL,Agrawal Securities (PVT) Ltd.,Premier Securities Company Ltd.,400,400.0,160000.0,2025-07-10 14:52:13.753324
2025-07-10,9760,2025071004021162,SPDL,Agrawal Securities (PVT) Ltd.,Linch Stock Market Ltd.,100,400.0,40000.0,2025-07-10 14:52:13.753567
2025-07-10,9102,2025071004021379,SPDL,Aryatara Investment & Securities,Investment Management Nepal Pvt. Ltd.,50,400.0,20000.0,2025-07-10 14:53:02.167585
2025-07-10,8949,2025071004021431,SPDL,Secured Securities Ltd.,Midas Stock Broking Company Private Limited,50,399.2,19960.0,2025-07-10 14:53:15.632511
2025-07-10,8948,2025071004021432,SPDL,Dynamic Money Managers Securities Pvt. Ltd.,Midas Stock Broking Company Private Limited,24,399.2,9580.8,2025-07-10 14:53:15.632554
2025-07-10,8947,2025071004021433,SPDL,Sani Securities Company Ltd.,Midas Stock Broking Company Private Limited,195,399.1,77824.5,2025-07-10 14:53:15.632579
2025-07-10,8946,2025071004021434,SPDL,Asian Securities Private Ltd.,Midas Stock Broking Company Private Limited,500,399.1,199550.0,2025-07-10 14:53:15.632604
2025-07-10,8945,2025071004021435,SPDL,Sani Securities Company Ltd.,Midas Stock Broking Company Private Limited,20,399.1,7982.0,2025-07-10 14:53:15.632628
2025-07-10,8944,2025071004021436,SPDL,Linch Stock Market Ltd.,Midas Stock Broking Company Private Limited,23,399.0,9177.0,2025-07-10 14:53:15.632654
2025-07-10,8943,2025071004021437,SPDL,Vision Securities Pvt. Ltd,Midas Stock Broking Company Private Limited,250,399.0,99750.0,2025-07-10 14:53:15.632681
2025-07-10,8942,2025071004021438,SPDL,Asian Securities Private Ltd.,Midas Stock Broking Company Private Limited,1000,399.0,399000.0,2025-07-10 14:53:15.632706
2025-07-10,8941,2025071004021439,SPDL,Agrawal Securities (PVT) Ltd.,Midas Stock Broking Company Private Limited,500,399.0,199500.0,2025-07-10 14:53:15.632732
2025-07-10,8940,2025071004021440,SPDL,Sundhara Securities Limited,Midas Stock Broking Company Private Limited,1000,399.0,399000.0,2025-07-10 14:53:15.632766
2025-07-10,8939,2025071004021441,SPDL,Naasa Securities Co. Ltd.,Midas Stock Broking Company Private Limited,1000,399.0,399000.0,2025-07-10 14:53:15.632789
2025-07-10,8938,2025071004021442,SPDL,Arun Securities (PVT) Ltd.,Midas Stock Broking Company Private Limited,500,399.0,199500.0,2025-07-10 14:53:15.632813
2025-07-10,8937,2025071004021443,SPDL,J.F. Securites (PVT) Ltd.,Midas Stock Broking Company Private Limited,80,398.1,31848.0,2025-07-10 14:53:15.632842
2025-07-10,8936,2025071004021444,SPDL,Opal Securities Investment (PVT) Ltd.,Midas Stock Broking Company Private Limited,1858,398.1,739669.8,2025-07-10 14:53:15.632868
2025-07-10,8537,2025071004021561,SPDL,SHUBHAKAMANA SECURITIES PVT. LTD,Asian Securities Private Ltd.,100,399.0,39900.0,2025-07-10 14:53:46.171232
2025-07-10,8353,2025071004021625,SPDL,Sewa Securities Pvt. Ltd.,Asian Securities Private Ltd.,500,399.0,199500.0,2025-07-10 14:54:00.052305
2025-07-10,8178,2025071004021666,SPDL,Agrawal Securities (PVT) Ltd.,Sumeru Securities Pvt. Ltd.,500,398.2,199100.0,2025-07-10 14:54:13.243256
2025-07-10,8112,2025071004021689,SPDL,Aryatara Investment & Securities,Asian Securities Private Ltd.,26,399.0,10374.0,2025-07-10 14:54:16.412224
2025-07-10,7835,2025071004021758,SPDL,Cristal Kanchanjanga Securites Pvt. Ltd.,Indira securities pvt. ltd,1000,398.3,398300.0,2025-07-10 14:54:36.528394
2025-07-10,7099,2025071004022004,SPDL,Investment Management Nepal Pvt. Ltd.,Asian Securities Private Ltd.,279,399.0,111321.0,2025-07-10 14:55:30.958414
2025-07-10,7098,2025071004022005,SPDL,Investment Management Nepal Pvt. Ltd.,Imperial Securities Company Pvt. Ltd.,221,399.0,88179.0,2025-07-10 14:55:30.958866
2025-07-10,7031,2025071004022042,SPDL,Oxford Securities Pvt. Ltd.,Imperial Securities Company Pvt. Ltd.,20,399.0,7980.0,2025-07-10 14:55:36.840962
2025-07-10,6738,2025071004022176,SPDL,Sani Securities Company Ltd.,Imperial Securities Company Pvt. Ltd.,20,399.0,7980.0,2025-07-10 14:55:54.946715
2025-07-10,6576,2025071004022235,SPDL,Market Securities & Exchange (PVT) Ltd.,Imperial Securities Company Pvt. Ltd.,72,399.0,28728.0,2025-07-10 14:56:06.744151
2025-07-10,6575,2025071004022236,SPDL,Market Securities & Exchange (PVT) Ltd.,Siprabi Securities Pvt. Ltd.,1428,399.0,569772.0,2025-07-10 14:56:06.744459
2025-07-10,6521,2025071004022269,SPDL,Sani Securities Company Ltd.,Siprabi Securities Pvt. Ltd.,60,399.0,23940.0,2025-07-10 14:56:09.312751
2025-07-10,6478,2025071004022285,SPDL,Cristal Kanchanjanga Securites Pvt. Ltd.,Siprabi Securities Pvt. Ltd.,12,399.0,4788.0,2025-07-10 14:56:12.447020
2025-07-10,6096,2025071004022445,SPDL,Market Securities & Exchange (PVT) Ltd.,Dakshinkali Investment & Securities Pvt. Ltd.,20,400.0,8000.0,2025-07-10 14:56:30.883635
2025-07-10,6089,2025071004022446,SPDL,Aryatara Investment & Securities,Dakshinkali Investment & Securities Pvt. Ltd.,24,400.0,9600.0,2025-07-10 14:56:31.984022
2025-07-10,5883,2025071004022497,SPDL,Agrawal Securities (PVT) Ltd.,Dakshinkali Investment & Securities Pvt. Ltd.,100,400.0,40000.0,2025-07-10 14:56:43.067212
2025-07-10,5818,2025071004022518,SPDL,Cristal Kanchanjanga Securites Pvt. Ltd.,Dakshinkali Investment & Securities Pvt. Ltd.,856,400.0,342400.0,2025-07-10 14:56:46.655881
2025-07-10,5817,2025071004022519,SPDL,Cristal Kanchanjanga Securites Pvt. Ltd.,Asian Securities Private Ltd.,100,400.0,40000.0,2025-07-10 14:56:46.656338
2025-07-10,5816,2025071004022520,SPDL,Cristal Kanchanjanga Securites Pvt. Ltd.,Aryatara Investment & Securities,30,400.0,12000.0,2025-07-10 14:56:46.656629
2025-07-10,5815,2025071004022521,SPDL,Cristal Kanchanjanga Securites Pvt. Ltd.,J.F. Securites (PVT) Ltd.,3000,400.0,1200000.0,2025-07-10 14:56:46.656917
2025-07-10,5814,2025071004022522,SPDL,Cristal Kanchanjanga Securites Pvt. Ltd.,Siprabi Securities Pvt. Ltd.,1000,400.0,400000.0,2025-07-10 14:56:46.657191
2025-07-10,5661,2025071004022559,SPDL,Cristal Kanchanjanga Securites Pvt. Ltd.,Imperial Securities Company Pvt. Ltd.,1500,400.5,600750.0,2025-07-10 14:56:59.740089
2025-07-10,5129,2025071004022713,SPDL,Cristal Kanchanjanga Securites Pvt. Ltd.,Sweta Securities Private Limited,150,400.5,60075.0,2025-07-10 14:57:24.907455
2025-07-10,5066,2025071004022733,SPDL,Oxford Securities Pvt. Ltd.,Trademow Securities Private Limited,1000,400.9,400900.0,2025-07-10 14:57:27.922431
2025-07-10,5002,2025071004022752,SPDL,Cristal Kanchanjanga Securites Pvt. Ltd.,Sweta Securities Private Limited,1250,400.5,500625.0,2025-07-10 14:57:30.977283
2025-07-10,4956,2025071004022757,SPDL,Imperial Securities Company Pvt. Ltd.,Imperial Securities Company Pvt. Ltd.,10,400.6,4006.0,2025-07-10 14:57:34.084642
2025-07-10,4881,2025071004022775,SPDL,Imperial Securities Company Pvt. Ltd.,Midas Stock Broking Company Private Limited,40,400.6,16024.0,2025-07-10 14:57:37.853014
2025-07-10,4880,2025071004022776,SPDL,Cristal Kanchanjanga Securites Pvt. Ltd.,Midas Stock Broking Company Private Limited,935,400.5,374467.5,2025-07-10 14:57:37.853059
2025-07-10,4724,2025071004022813,SPDL,Oxford Securities Pvt. Ltd.,Imperial Securities Company Pvt. Ltd.,84,401.0,33684.0,2025-07-10 14:57:45.070567
2025-07-10,4723,2025071004022814,SPDL,Oxford Securities Pvt. Ltd.,Infinity Securities Limited,916,401.0,367316.0,2025-07-10 14:57:45.070841
2025-07-10,4201,2025071004022933,SPDL,Oxford Securities Pvt. Ltd.,Infinity Securities Limited,364,401.0,145964.0,2025-07-10 14:58:04.240075
2025-07-10,4200,2025071004022934,SPDL,Oxford Securities Pvt. Ltd.,Elite Stock House Limited,250,401.0,100250.0,2025-07-10 14:58:04.240385
2025-07-10,4199,2025071004022935,SPDL,Oxford Securities Pvt. Ltd.,Cristal Kanchanjanga Securites Pvt. Ltd.,50,401.0,20050.0,2025-07-10 14:58:04.240492
2025-07-10,4198,2025071004022936,SPDL,Oxford Securities Pvt. Ltd.,Sani Securities Company Ltd.,100,401.0,40100.0,2025-07-10 14:58:04.240596
2025-07-10,4197,2025071004022937,SPDL,Oxford Securities Pvt. Ltd.,Kohinoor Investment & Securities Pvt. Ltd.,236,401.0,94636.0,2025-07-10 14:58:04.240703
2025-07-10,3720,2025071004023092,SPDL,Cristal Kanchanjanga Securites Pvt. Ltd.,Himalayan Brokerage Company Limited,1167,400.5,467383.5,2025-07-10 14:58:22.818126
2025-07-10,3719,2025071004023093,SPDL,Aryatara Investment & Securities,Himalayan Brokerage Company Limited,100,400.0,40000.0,2025-07-10 14:58:22.818429
2025-07-10,3718,2025071004023094,SPDL,ABC Securities Private Limited,Himalayan Brokerage Company Limited,500,400.0,200000.0,2025-07-10 14:58:22.818546
2025-07-10,3716,2025071004023095,SPDL,Arun Securities (PVT) Ltd.,Himalayan Brokerage Company Limited,500,399.1,199550.0,2025-07-10 14:58:22.818659
2025-07-10,3715,2025071004023096,SPDL,Midas Stock Broking Company Private Limited,Himalayan Brokerage Company Limited,223,399.1,88999.3,2025-07-10 14:58:22.818797
2025-07-10,2694,2025071004023406,SPDL,Sani Securities Company Ltd.,Himalayan Brokerage Company Limited,10,400.0,4000.0,2025-07-10 14:58:59.973232
2025-07-10,2416,2025071004023500,SPDL,Linch Stock Market Ltd.,Nepal Investment And Securities Trading Private Limited,300,400.5,120150.0,2025-07-10 14:59:08.892512
2025-07-10,2191,2025071004023576,SPDL,Sani Securities Company Ltd.,J.F. Securites (PVT) Ltd.,190,400.0,76000.0,2025-07-10 14:59:14.018158
2025-07-10,1266,2025071004023894,SPDL,Midas Stock Broking Company Private Limited,Online Securities Pvt. Ltd.,200,399.3,79860.0,2025-07-10 14:59:34.235567
2025-07-10,1241,2025071004023900,SPDL,Investment Management Nepal Pvt. Ltd.,J.F. Securites (PVT) Ltd.,10,400.0,4000.0,2025-07-10 14:59:35.197014
2025-07-10,1240,2025071004023901,SPDL,Investment Management Nepal Pvt. Ltd.,Kohinoor Investment & Securities Pvt. Ltd.,263,400.0,105200.0,2025-07-10 14:59:35.197255
2025-07-10,1203,2025071004023922,SPDL,Investment Management Nepal Pvt. Ltd.,Deevyaa Securities & Stock House Pvt. Ltd,27,400.0,10800.0,2025-07-10 14:59:35.991319
2025-07-10,843,2025071004024018,SPDL,Asian Securities Private Ltd.,Deevyaa Securities & Stock House Pvt. Ltd,173,400.0,69200.0,2025-07-10 14:59:44.429638
2025-07-10,842,2025071004024019,SPDL,Asian Securities Private Ltd.,Bhrikuti Stock Broking Co. Pvt. Ltd.,127,403.0,51181.0,2025-07-10 14:59:44.430098
2025-07-10,607,2025071004024102,SPDL,Infinity Securities Limited,Bhrikuti Stock Broking Co. Pvt. Ltd.,11,403.0,4433.0,2025-07-10 14:59:49.967869
