Date,S.N.,contract_id,symbol,buyer_broker,seller_broker,volume,price,amount,transaction_time
2025-07-10,85343,2025071004000991,UMRH,Midas Stock Broking Company Private Limited,Oxford Securities Pvt. Ltd.,12,583.0,6996.0,2025-07-10 11:14:19.255087
2025-07-10,85217,2025071004001025,UMRH,Midas Stock Broking Company Private Limited,Oxford Securities Pvt. Ltd.,100,583.0,58300.0,2025-07-10 11:14:44.358171
2025-07-10,84016,2025071004001344,UMRH,Premier Securities Company Ltd.,Oxford Securities Pvt. Ltd.,88,582.0,51216.0,2025-07-10 11:18:42.227462
2025-07-10,80832,2025071004002157,UMRH,South Asian Bulls Pvt. Ltd.,Global IME Securities Limited,500,590.0,295000.0,2025-07-10 11:28:04.915663
2025-07-10,80831,2025071004002158,UMRH,South Asian Bulls Pvt. Ltd.,Dynamic Money Managers Securities Pvt. Ltd.,24,590.0,14160.0,2025-07-10 11:28:04.915771
2025-07-10,80830,2025071004002159,UMRH,South Asian Bulls Pvt. Ltd.,ABC Securities Private Limited,100,590.0,59000.0,2025-07-10 11:28:04.915819
2025-07-10,80445,2025071004002280,UMRH,Infinity Securities Limited,Aakashbhairab Securities Ltd.,10,595.0,5950.0,2025-07-10 11:29:01.080583
2025-07-10,79888,2025071004002440,UMRH,South Asian Bulls Pvt. Ltd.,Trishakti Securities Public Limited,376,590.0,221840.0,2025-07-10 11:30:48.345498
2025-07-10,79454,2025071004002547,UMRH,Dakshinkali Investment & Securities Pvt. Ltd.,Trishakti Securities Public Limited,194,594.0,115236.0,2025-07-10 11:32:14.223046
2025-07-10,78796,2025071004002742,UMRH,South Asian Bulls Pvt. Ltd.,Vision Securities Pvt. Ltd,1000,590.0,590000.0,2025-07-10 11:34:19.025661
2025-07-10,78475,2025071004002855,UMRH,Imperial Securities Company Pvt. Ltd.,Premier Securities Company Ltd.,24,590.0,14160.0,2025-07-10 11:35:19.155219
2025-07-10,75886,2025071004003546,UMRH,South Asian Bulls Pvt. Ltd.,Capital Max Securities Ltd,1000,589.0,589000.0,2025-07-10 11:44:19.235774
2025-07-10,75698,2025071004003600,UMRH,South Asian Bulls Pvt. Ltd.,Capital Max Securities Ltd,1000,588.0,588000.0,2025-07-10 11:45:13.428275
2025-07-10,74210,2025071004003950,UMRH,South Asian Bulls Pvt. Ltd.,Siprabi Securities Pvt. Ltd.,39,590.0,23010.0,2025-07-10 11:50:28.618231
2025-07-10,73974,2025071004004031,UMRH,South Asian Bulls Pvt. Ltd.,N.M.B. SECURITIES LIMITED,224,590.0,132160.0,2025-07-10 11:51:23.187616
2025-07-10,72892,2025071004004288,UMRH,Naasa Securities Co. Ltd.,Pragyan Securities (PVT) Ltd.,40,592.0,23680.0,2025-07-10 11:54:51.986998
2025-07-10,72891,2025071004004289,UMRH,Naasa Securities Co. Ltd.,Aakashbhairab Securities Ltd.,10,592.0,5920.0,2025-07-10 11:54:51.987083
2025-07-10,72890,2025071004004290,UMRH,Naasa Securities Co. Ltd.,Imperial Securities Company Pvt. Ltd.,185,593.8,109853.0,2025-07-10 11:54:51.987126
2025-07-10,72889,2025071004004291,UMRH,Naasa Securities Co. Ltd.,Trishakti Securities Public Limited,126,594.0,74844.0,2025-07-10 11:54:51.987183
2025-07-10,72888,2025071004004292,UMRH,Naasa Securities Co. Ltd.,K.B.L. Securities Limited ,18,594.9,10708.2,2025-07-10 11:54:51.987219
2025-07-10,72887,2025071004004293,UMRH,Naasa Securities Co. Ltd.,Roadshow securities limited,200,595.0,119000.0,2025-07-10 11:54:51.987256
2025-07-10,72886,2025071004004294,UMRH,Naasa Securities Co. Ltd.,Imperial Securities Company Pvt. Ltd.,150,595.0,89250.0,2025-07-10 11:54:51.987294
2025-07-10,72885,2025071004004295,UMRH,Naasa Securities Co. Ltd.,Kumari Securities Private Limited,71,595.0,42245.0,2025-07-10 11:54:51.987338
2025-07-10,71756,2025071004004536,UMRH,Imperial Securities Company Pvt. Ltd.,Kumari Securities Private Limited,10,595.0,5950.0,2025-07-10 11:58:03.980706
2025-07-10,70104,2025071004004946,UMRH,Kumari Securities Private Limited,Nepal Investment And Securities Trading Private Limited,100,594.9,59490.0,2025-07-10 12:03:20.864194
2025-07-10,70103,2025071004004947,UMRH,Kumari Securities Private Limited,Kumari Securities Private Limited,169,595.0,100555.0,2025-07-10 12:03:20.864236
2025-07-10,70102,2025071004004948,UMRH,Kumari Securities Private Limited,Naasa Securities Co. Ltd.,20,595.0,11900.0,2025-07-10 12:03:20.864262
2025-07-10,70101,2025071004004949,UMRH,Kumari Securities Private Limited,NIMB Stock Markets Limited,211,595.0,125545.0,2025-07-10 12:03:20.864288
2025-07-10,70091,2025071004004952,UMRH,South Asian Bulls Pvt. Ltd.,NIMB Stock Markets Limited,12,595.0,7140.0,2025-07-10 12:03:24.340356
2025-07-10,69785,2025071004005009,UMRH,South Asian Bulls Pvt. Ltd.,Aryatara Investment & Securities,59,595.0,35105.0,2025-07-10 12:04:19.278433
2025-07-10,69689,2025071004005045,UMRH,South Asian Bulls Pvt. Ltd.,Capital Max Securities Ltd,929,595.0,552755.0,2025-07-10 12:04:42.520124
2025-07-10,68948,2025071004005235,UMRH,South Asian Bulls Pvt. Ltd.,Dynamic Money Managers Securities Pvt. Ltd.,18,593.0,10674.0,2025-07-10 12:07:00.805751
2025-07-10,68708,2025071004005339,UMRH,South Asian Bulls Pvt. Ltd.,Capital Max Securities Ltd,71,595.0,42245.0,2025-07-10 12:07:36.131724
2025-07-10,68707,2025071004005340,UMRH,South Asian Bulls Pvt. Ltd.,Capital Max Securities Ltd,19,595.0,11305.0,2025-07-10 12:07:36.131905
2025-07-10,68619,2025071004005358,UMRH,South Asian Bulls Pvt. Ltd.,Agrawal Securities (PVT) Ltd.,548,595.0,326060.0,2025-07-10 12:07:55.903264
2025-07-10,67491,2025071004005660,UMRH,South Asian Bulls Pvt. Ltd.,Aryatara Investment & Securities,30,595.0,17850.0,2025-07-10 12:11:07.117394
2025-07-10,67475,2025071004005662,UMRH,Sharepro Securities Private Limited,Elite Stock House Limited,40,595.1,23804.0,2025-07-10 12:11:09.274333
2025-07-10,66472,2025071004005876,UMRH,Sharepro Securities Private Limited,BHOLE GANESH SECURITIES LTD,260,595.1,154726.0,2025-07-10 12:14:46.679380
2025-07-10,66471,2025071004005877,UMRH,South Asian Bulls Pvt. Ltd.,BHOLE GANESH SECURITIES LTD,193,595.0,114835.0,2025-07-10 12:14:46.679580
2025-07-10,65111,2025071004006146,UMRH,Midas Stock Broking Company Private Limited,Capital Hub P. Ltd,10,596.3,5963.0,2025-07-10 12:18:56.728771
2025-07-10,65064,2025071004006157,UMRH,Prabhu Stock Market Limited,Kumari Securities Private Limited,150,596.8,89520.0,2025-07-10 12:19:07.651384
2025-07-10,64291,2025071004006352,UMRH,Prabhu Stock Market Limited,Aryatara Investment & Securities,20,596.8,11936.0,2025-07-10 12:20:43.517805
2025-07-10,64135,2025071004006374,UMRH,Nepal Stock House (PVT) Ltd.,Aakashbhairab Securities Ltd.,10,597.0,5970.0,2025-07-10 12:21:11.651771
2025-07-10,64134,2025071004006375,UMRH,Nepal Stock House (PVT) Ltd.,Bhrikuti Stock Broking Co. Pvt. Ltd.,20,597.0,11940.0,2025-07-10 12:21:11.651877
2025-07-10,64133,2025071004006376,UMRH,Nepal Stock House (PVT) Ltd.,Siprabi Securities Pvt. Ltd.,300,597.0,179100.0,2025-07-10 12:21:11.651922
2025-07-10,64131,2025071004006377,UMRH,Prabhu Stock Market Limited,Aryatara Investment & Securities,60,596.8,35808.0,2025-07-10 12:21:11.754608
2025-07-10,63609,2025071004006464,UMRH,Prabhu Stock Market Limited,Siprabi Securities Pvt. Ltd.,20,596.8,11936.0,2025-07-10 12:22:28.429301
2025-07-10,63438,2025071004006473,UMRH,Kalika Securities Pvt. Ltd.,Siprabi Securities Pvt. Ltd.,10,596.8,5968.0,2025-07-10 12:22:45.566598
2025-07-10,63015,2025071004006574,UMRH,South Asian Bulls Pvt. Ltd.,Siprabi Securities Pvt. Ltd.,70,596.8,41776.0,2025-07-10 12:23:23.891491
2025-07-10,63014,2025071004006575,UMRH,South Asian Bulls Pvt. Ltd.,Capital Hub P. Ltd,100,598.0,59800.0,2025-07-10 12:23:23.891655
2025-07-10,63013,2025071004006576,UMRH,South Asian Bulls Pvt. Ltd.,Aryatara Investment & Securities,50,598.8,29940.0,2025-07-10 12:23:23.891703
2025-07-10,63012,2025071004006577,UMRH,South Asian Bulls Pvt. Ltd.,ABC Securities Private Limited,200,598.9,119780.0,2025-07-10 12:23:23.891755
2025-07-10,63011,2025071004006578,UMRH,South Asian Bulls Pvt. Ltd.,Imperial Securities Company Pvt. Ltd.,500,599.0,299500.0,2025-07-10 12:23:23.891797
2025-07-10,62917,2025071004006589,UMRH,South Asian Bulls Pvt. Ltd.,South Asian Bulls Pvt. Ltd.,104,599.9,62389.6,2025-07-10 12:23:35.985156
2025-07-10,62916,2025071004006590,UMRH,South Asian Bulls Pvt. Ltd.,Aryatara Investment & Securities,150,600.0,90000.0,2025-07-10 12:23:35.985382
2025-07-10,62915,2025071004006591,UMRH,South Asian Bulls Pvt. Ltd.,Dakshinkali Investment & Securities Pvt. Ltd.,58,600.0,34800.0,2025-07-10 12:23:35.985495
2025-07-10,62914,2025071004006592,UMRH,South Asian Bulls Pvt. Ltd.,Dynamic Money Managers Securities Pvt. Ltd.,1000,600.0,600000.0,2025-07-10 12:23:35.985602
2025-07-10,62913,2025071004006593,UMRH,South Asian Bulls Pvt. Ltd.,Siprabi Securities Pvt. Ltd.,300,600.0,180000.0,2025-07-10 12:23:35.985707
2025-07-10,62912,2025071004006594,UMRH,South Asian Bulls Pvt. Ltd.,Secured Securities Ltd.,10,600.0,6000.0,2025-07-10 12:23:35.985808
2025-07-10,62911,2025071004006595,UMRH,South Asian Bulls Pvt. Ltd.,Aryatara Investment & Securities,39,600.0,23400.0,2025-07-10 12:23:35.985908
2025-07-10,62910,2025071004006596,UMRH,South Asian Bulls Pvt. Ltd.,Imperial Securities Company Pvt. Ltd.,800,600.0,480000.0,2025-07-10 12:23:35.986001
2025-07-10,62390,2025071004006708,UMRH,South Asian Bulls Pvt. Ltd.,Aryatara Investment & Securities,50,600.0,30000.0,2025-07-10 12:24:28.131103
2025-07-10,62369,2025071004006711,UMRH,South Asian Bulls Pvt. Ltd.,Aryatara Investment & Securities,10,600.0,6000.0,2025-07-10 12:24:31.190853
2025-07-10,61382,2025071004006827,UMRH,South Asian Bulls Pvt. Ltd.,Indira securities pvt. ltd,24,600.0,14400.0,2025-07-10 12:26:16.473198
2025-07-10,61244,2025071004006837,UMRH,South Asian Bulls Pvt. Ltd.,Opal Securities Investment (PVT) Ltd.,400,600.0,240000.0,2025-07-10 12:26:33.198800
2025-07-10,61135,2025071004006845,UMRH,South Asian Bulls Pvt. Ltd.,Primo Securities (PVT) Ltd.,40,600.0,24000.0,2025-07-10 12:26:45.219692
2025-07-10,60325,2025071004006952,UMRH,South Asian Bulls Pvt. Ltd.,Vision Securities Pvt. Ltd,15,600.0,9000.0,2025-07-10 12:28:04.638099
2025-07-10,58821,2025071004007197,UMRH,Vision Securities Pvt. Ltd,Dynamic Money Managers Securities Pvt. Ltd.,100,600.0,60000.0,2025-07-10 12:30:34.864470
2025-07-10,58820,2025071004007198,UMRH,Vision Securities Pvt. Ltd,ABC Securities Private Limited,30,600.0,18000.0,2025-07-10 12:30:34.864585
2025-07-10,58819,2025071004007199,UMRH,Vision Securities Pvt. Ltd,Imperial Securities Company Pvt. Ltd.,100,600.0,60000.0,2025-07-10 12:30:34.864627
2025-07-10,58818,2025071004007200,UMRH,Vision Securities Pvt. Ltd,Neev Securities Pvt. Ltd.,16,600.0,9600.0,2025-07-10 12:30:34.864663
2025-07-10,58817,2025071004007201,UMRH,Vision Securities Pvt. Ltd,Nepal Stock House (PVT) Ltd.,96,600.0,57600.0,2025-07-10 12:30:34.864740
2025-07-10,58201,2025071004007308,UMRH,Vision Securities Pvt. Ltd,Vision Securities Pvt. Ltd,158,600.0,94800.0,2025-07-10 12:31:36.417048
2025-07-10,58200,2025071004007309,UMRH,South Asian Bulls Pvt. Ltd.,Vision Securities Pvt. Ltd,342,600.0,205200.0,2025-07-10 12:31:36.417189
2025-07-10,57915,2025071004007333,UMRH,South Asian Bulls Pvt. Ltd.,Citizens Share Broker Limited,150,600.0,90000.0,2025-07-10 12:32:13.210375
2025-07-10,57577,2025071004007390,UMRH,South Asian Bulls Pvt. Ltd.,Sri Hari Securities Pvt. Ltd.,20,600.0,12000.0,2025-07-10 12:32:58.232769
2025-07-10,56784,2025071004007604,UMRH,South Asian Bulls Pvt. Ltd.,Asian Securities Private Ltd.,40,600.0,24000.0,2025-07-10 12:34:13.422350
2025-07-10,56586,2025071004007631,UMRH,South Asian Bulls Pvt. Ltd.,Online Securities Pvt. Ltd.,10,600.0,6000.0,2025-07-10 12:34:38.729718
2025-07-10,56420,2025071004007655,UMRH,Himalayan Brokerage Company Limited,Secured Securities Ltd.,29,601.0,17429.0,2025-07-10 12:34:58.852195
2025-07-10,56419,2025071004007656,UMRH,Himalayan Brokerage Company Limited,Nepal Investment And Securities Trading Private Limited,11,601.8,6619.8,2025-07-10 12:34:58.852345
2025-07-10,55647,2025071004007864,UMRH,South Asian Bulls Pvt. Ltd.,Online Securities Pvt. Ltd.,1438,600.0,862800.0,2025-07-10 12:36:44.187304
2025-07-10,55646,2025071004007865,UMRH,Online Securities Pvt. Ltd.,Online Securities Pvt. Ltd.,262,600.0,157200.0,2025-07-10 12:36:44.187449
2025-07-10,55520,2025071004007893,UMRH,Magnet Securities and Investment Company Private Limited,Dipshikha Dhitopatra Karobar Co. Pvt Ltd.,24,602.0,14448.0,2025-07-10 12:36:58.699282
2025-07-10,55519,2025071004007894,UMRH,Magnet Securities and Investment Company Private Limited,Sweta Securities Private Limited,76,602.0,45752.0,2025-07-10 12:36:58.699411
2025-07-10,54957,2025071004008040,UMRH,Online Securities Pvt. Ltd.,Nepal Stock House (PVT) Ltd.,28,600.0,16800.0,2025-07-10 12:38:05.189649
2025-07-10,54725,2025071004008085,UMRH,South Asian Bulls Pvt. Ltd.,Online Securities Pvt. Ltd.,80,599.0,47920.0,2025-07-10 12:38:34.280465
2025-07-10,52452,2025071004008607,UMRH,Opal Securities Investment (PVT) Ltd.,Cristal Kanchanjanga Securites Pvt. Ltd.,50,597.1,29855.0,2025-07-10 12:44:02.981777
2025-07-10,52254,2025071004008645,UMRH,Opal Securities Investment (PVT) Ltd.,ABC Securities Private Limited,50,597.1,29855.0,2025-07-10 12:44:35.172509
2025-07-10,51892,2025071004008735,UMRH,South Asian Bulls Pvt. Ltd.,Imperial Securities Company Pvt. Ltd.,13,598.0,7774.0,2025-07-10 12:45:39.655934
2025-07-10,51891,2025071004008736,UMRH,South Asian Bulls Pvt. Ltd.,Sani Securities Company Ltd.,10,598.0,5980.0,2025-07-10 12:45:39.656124
2025-07-10,51890,2025071004008737,UMRH,South Asian Bulls Pvt. Ltd.,Sewa Securities Pvt. Ltd.,126,599.0,75474.0,2025-07-10 12:45:39.656195
2025-07-10,51889,2025071004008738,UMRH,South Asian Bulls Pvt. Ltd.,Nepal Stock House (PVT) Ltd.,182,600.0,109200.0,2025-07-10 12:45:39.656268
2025-07-10,51888,2025071004008739,UMRH,South Asian Bulls Pvt. Ltd.,Thrive Brokerage House Pvt. Ltd,10,600.0,6000.0,2025-07-10 12:45:39.656448
2025-07-10,51109,2025071004008952,UMRH,Online Securities Pvt. Ltd.,Sweta Securities Private Limited,10,602.0,6020.0,2025-07-10 12:47:55.942875
2025-07-10,51079,2025071004008958,UMRH,South Asian Bulls Pvt. Ltd.,BHOLE GANESH SECURITIES LTD,659,600.0,395400.0,2025-07-10 12:48:02.762225
2025-07-10,50145,2025071004009212,UMRH,Opal Securities Investment (PVT) Ltd.,Naasa Securities Co. Ltd.,150,597.1,89565.0,2025-07-10 12:50:41.321376
2025-07-10,50144,2025071004009213,UMRH,South Asian Bulls Pvt. Ltd.,Naasa Securities Co. Ltd.,50,597.0,29850.0,2025-07-10 12:50:41.321531
2025-07-10,49855,2025071004009274,UMRH,South Asian Bulls Pvt. Ltd.,Online Securities Pvt. Ltd.,950,597.0,567150.0,2025-07-10 12:51:34.138858
2025-07-10,49854,2025071004009275,UMRH,Investment Management Nepal Pvt. Ltd.,Online Securities Pvt. Ltd.,100,597.0,59700.0,2025-07-10 12:51:34.138992
2025-07-10,49853,2025071004009276,UMRH,South Asian Bulls Pvt. Ltd.,Online Securities Pvt. Ltd.,950,596.0,566200.0,2025-07-10 12:51:34.139042
2025-07-10,49516,2025071004009357,UMRH,South Asian Bulls Pvt. Ltd.,BHOLE GANESH SECURITIES LTD,50,596.0,29800.0,2025-07-10 12:52:44.527928
2025-07-10,49515,2025071004009358,UMRH,South Asian Bulls Pvt. Ltd.,BHOLE GANESH SECURITIES LTD,139,595.0,82705.0,2025-07-10 12:52:44.528073
2025-07-10,49514,2025071004009359,UMRH,Opal Securities Investment (PVT) Ltd.,BHOLE GANESH SECURITIES LTD,120,595.0,71400.0,2025-07-10 12:52:44.528121
2025-07-10,49513,2025071004009360,UMRH,Vision Securities Pvt. Ltd,BHOLE GANESH SECURITIES LTD,91,595.0,54145.0,2025-07-10 12:52:44.528180
2025-07-10,49254,2025071004009411,UMRH,Opal Securities Investment (PVT) Ltd.,Sri Hari Securities Pvt. Ltd.,250,593.4,148350.0,2025-07-10 12:53:40.833842
2025-07-10,49253,2025071004009412,UMRH,South Asian Bulls Pvt. Ltd.,Sri Hari Securities Pvt. Ltd.,790,593.3,468707.0,2025-07-10 12:53:40.833960
2025-07-10,46995,2025071004010021,UMRH,Secured Securities Ltd.,Kumari Securities Private Limited,500,594.0,297000.0,2025-07-10 12:59:50.754559
2025-07-10,45653,2025071004010344,UMRH,Nepal Stock House (PVT) Ltd.,Market Securities & Exchange (PVT) Ltd.,70,596.0,41720.0,2025-07-10 13:03:43.328464
2025-07-10,45507,2025071004010388,UMRH,Premier Securities Company Ltd.,Market Securities & Exchange (PVT) Ltd.,630,596.0,375480.0,2025-07-10 13:04:14.066832
2025-07-10,45506,2025071004010389,UMRH,Premier Securities Company Ltd.,Vision Securities Pvt. Ltd,249,598.0,148902.0,2025-07-10 13:04:14.066979
2025-07-10,45505,2025071004010390,UMRH,Premier Securities Company Ltd.,Imperial Securities Company Pvt. Ltd.,100,598.0,59800.0,2025-07-10 13:04:14.067033
2025-07-10,45504,2025071004010391,UMRH,Premier Securities Company Ltd.,Online Securities Pvt. Ltd.,330,598.7,197571.0,2025-07-10 13:04:14.067081
2025-07-10,45503,2025071004010392,UMRH,Premier Securities Company Ltd.,Nagarik Stock Dealer ,1000,598.8,598800.0,2025-07-10 13:04:14.067126
2025-07-10,45502,2025071004010393,UMRH,Premier Securities Company Ltd.,BHOLE GANESH SECURITIES LTD,341,598.9,204224.9,2025-07-10 13:04:14.067171
2025-07-10,45501,2025071004010394,UMRH,Premier Securities Company Ltd.,Agrawal Securities (PVT) Ltd.,500,599.0,299500.0,2025-07-10 13:04:14.067217
2025-07-10,45500,2025071004010395,UMRH,Premier Securities Company Ltd.,Secured Securities Ltd.,20,599.8,11996.0,2025-07-10 13:04:14.067262
2025-07-10,45499,2025071004010396,UMRH,Premier Securities Company Ltd.,Sani Securities Company Ltd.,670,599.8,401866.0,2025-07-10 13:04:14.067303
2025-07-10,45498,2025071004010397,UMRH,Premier Securities Company Ltd.,Nepal Stock House (PVT) Ltd.,100,600.0,60000.0,2025-07-10 13:04:14.067354
2025-07-10,45497,2025071004010398,UMRH,Premier Securities Company Ltd.,Dynamic Money Managers Securities Pvt. Ltd.,60,600.0,36000.0,2025-07-10 13:04:14.067395
2025-07-10,45359,2025071004010432,UMRH,Premier Securities Company Ltd.,Dynamic Money Managers Securities Pvt. Ltd.,84,600.0,50400.0,2025-07-10 13:04:42.236151
2025-07-10,45358,2025071004010433,UMRH,Premier Securities Company Ltd.,Bhrikuti Stock Broking Co. Pvt. Ltd.,100,600.0,60000.0,2025-07-10 13:04:42.236274
2025-07-10,45357,2025071004010434,UMRH,Premier Securities Company Ltd.,Siprabi Securities Pvt. Ltd.,200,600.0,120000.0,2025-07-10 13:04:42.236328
2025-07-10,45356,2025071004010435,UMRH,Premier Securities Company Ltd.,Investment Management Nepal Pvt. Ltd.,700,600.0,420000.0,2025-07-10 13:04:42.236394
2025-07-10,45355,2025071004010436,UMRH,Premier Securities Company Ltd.,Aakashbhairab Securities Ltd.,223,600.0,133800.0,2025-07-10 13:04:42.236441
2025-07-10,45289,2025071004010453,UMRH,Premier Securities Company Ltd.,Capital Hub P. Ltd,40,600.0,24000.0,2025-07-10 13:04:55.243903
2025-07-10,45043,2025071004010504,UMRH,Premier Securities Company Ltd.,Online Securities Pvt. Ltd.,600,600.0,360000.0,2025-07-10 13:05:38.414452
2025-07-10,45039,2025071004010506,UMRH,Premier Securities Company Ltd.,Market Securities & Exchange (PVT) Ltd.,52,600.0,31200.0,2025-07-10 13:05:38.908744
2025-07-10,43843,2025071004010788,UMRH,Secured Securities Ltd.,Aryatara Investment & Securities,20,600.0,12000.0,2025-07-10 13:10:23.610520
2025-07-10,43842,2025071004010789,UMRH,Secured Securities Ltd.,Trisul Securities & Invt. Ltd.,480,600.0,288000.0,2025-07-10 13:10:23.610730
2025-07-10,41821,2025071004011346,UMRH,South Asian Bulls Pvt. Ltd.,Midas Stock Broking Company Private Limited,10,598.0,5980.0,2025-07-10 13:17:56.223116
2025-07-10,41820,2025071004011347,UMRH,South Asian Bulls Pvt. Ltd.,Asian Securities Private Ltd.,190,598.9,113791.0,2025-07-10 13:17:56.223279
2025-07-10,40982,2025071004011547,UMRH,Trishakti Securities Public Limited,Miyo Securities Pvt Ltd,20,595.6,11912.0,2025-07-10 13:21:05.003135
2025-07-10,39785,2025071004011899,UMRH,Trishakti Securities Public Limited,Neev Securities Pvt. Ltd.,21,595.6,12507.6,2025-07-10 13:24:47.398841
2025-07-10,38157,2025071004012411,UMRH,Trishakti Securities Public Limited,K.B.L. Securities Limited ,50,595.6,29780.0,2025-07-10 13:30:33.503827
2025-07-10,37351,2025071004012657,UMRH,Stoxkarts Securities Limited,Dipshikha Dhitopatra Karobar Co. Pvt Ltd.,300,596.0,178800.0,2025-07-10 13:33:11.358043
2025-07-10,36049,2025071004013034,UMRH,Stoxkarts Securities Limited,Shree Krishna Securities Ltd.,22,596.0,13112.0,2025-07-10 13:37:27.921892
2025-07-10,35448,2025071004013250,UMRH,Trishakti Securities Public Limited,Aryatara Investment & Securities,98,597.0,58506.0,2025-07-10 13:39:39.127343
2025-07-10,34696,2025071004013456,UMRH,Stoxkarts Securities Limited,Aryatara Investment & Securities,178,597.0,106266.0,2025-07-10 13:42:13.897026
2025-07-10,34633,2025071004013469,UMRH,Stoxkarts Securities Limited,Aryatara Investment & Securities,224,597.0,133728.0,2025-07-10 13:42:34.953389
2025-07-10,34632,2025071004013470,UMRH,Stoxkarts Securities Limited,Oxford Securities Pvt. Ltd.,100,597.0,59700.0,2025-07-10 13:42:34.953532
2025-07-10,34631,2025071004013471,UMRH,Stoxkarts Securities Limited,Sewa Securities Pvt. Ltd.,860,597.0,513420.0,2025-07-10 13:42:34.953589
2025-07-10,34319,2025071004013541,UMRH,Premier Securities Company Ltd.,Oxford Securities Pvt. Ltd.,10,598.0,5980.0,2025-07-10 13:43:40.982280
2025-07-10,34318,2025071004013542,UMRH,Premier Securities Company Ltd.,Asian Securities Private Ltd.,10,598.9,5989.0,2025-07-10 13:43:40.982556
2025-07-10,34317,2025071004013543,UMRH,Premier Securities Company Ltd.,BHOLE GANESH SECURITIES LTD,400,599.0,239600.0,2025-07-10 13:43:40.982714
2025-07-10,34316,2025071004013544,UMRH,Premier Securities Company Ltd.,Market Securities & Exchange (PVT) Ltd.,300,599.0,179700.0,2025-07-10 13:43:40.982858
2025-07-10,33935,2025071004013627,UMRH,Stoxkarts Securities Limited,K.B.L. Securities Limited ,720,599.5,431640.0,2025-07-10 13:44:20.234497
2025-07-10,33934,2025071004013628,UMRH,Stoxkarts Securities Limited,Vision Securities Pvt. Ltd,187,599.8,112162.6,2025-07-10 13:44:20.234675
2025-07-10,33933,2025071004013629,UMRH,Stoxkarts Securities Limited,South Asian Bulls Pvt. Ltd.,228,599.8,136754.4,2025-07-10 13:44:20.234793
2025-07-10,33932,2025071004013630,UMRH,Stoxkarts Securities Limited,Trisul Securities & Invt. Ltd.,20,600.0,12000.0,2025-07-10 13:44:20.234863
2025-07-10,33931,2025071004013631,UMRH,Stoxkarts Securities Limited,Secured Securities Ltd.,100,600.0,60000.0,2025-07-10 13:44:20.234924
2025-07-10,33930,2025071004013632,UMRH,Stoxkarts Securities Limited,Vision Securities Pvt. Ltd,50,600.0,30000.0,2025-07-10 13:44:20.234989
2025-07-10,33929,2025071004013633,UMRH,Stoxkarts Securities Limited,Imperial Securities Company Pvt. Ltd.,694,600.0,416400.0,2025-07-10 13:44:20.235041
2025-07-10,33928,2025071004013634,UMRH,Stoxkarts Securities Limited,Dakshinkali Investment & Securities Pvt. Ltd.,817,600.0,490200.0,2025-07-10 13:44:20.235104
2025-07-10,33856,2025071004013662,UMRH,Premier Securities Company Ltd.,Trishakti Securities Public Limited,40,599.0,23960.0,2025-07-10 13:44:33.758155
2025-07-10,33801,2025071004013677,UMRH,Premier Securities Company Ltd.,ABC Securities Private Limited,50,599.0,29950.0,2025-07-10 13:44:46.892397
2025-07-10,33782,2025071004013679,UMRH,Premier Securities Company Ltd.,Online Securities Pvt. Ltd.,190,599.0,113810.0,2025-07-10 13:44:51.703120
2025-07-10,32444,2025071004014067,UMRH,Sewa Securities Pvt. Ltd.,Midas Stock Broking Company Private Limited,10,596.1,5961.0,2025-07-10 13:49:37.689772
2025-07-10,31334,2025071004014404,UMRH,Trishakti Securities Public Limited,ABC Securities Private Limited,16,595.6,9529.6,2025-07-10 13:53:51.485179
2025-07-10,31295,2025071004014417,UMRH,Trishakti Securities Public Limited,Naasa Securities Co. Ltd.,30,595.6,17868.0,2025-07-10 13:54:03.341915
2025-07-10,29301,2025071004015009,UMRH,Dipshikha Dhitopatra Karobar Co. Pvt Ltd.,Kumari Securities Private Limited,17,596.0,10132.0,2025-07-10 14:02:08.847280
2025-07-10,29177,2025071004015050,UMRH,Dipshikha Dhitopatra Karobar Co. Pvt Ltd.,Naasa Securities Co. Ltd.,200,596.0,119200.0,2025-07-10 14:02:41.064004
2025-07-10,28928,2025071004015113,UMRH,Dipshikha Dhitopatra Karobar Co. Pvt Ltd.,Imperial Securities Company Pvt. Ltd.,83,596.0,49468.0,2025-07-10 14:03:33.459196
2025-07-10,28927,2025071004015114,UMRH,Sagarmatha Securities Private Limited,Imperial Securities Company Pvt. Ltd.,98,596.0,58408.0,2025-07-10 14:03:33.459346
2025-07-10,24429,2025071004016468,UMRH,Trishakti Securities Public Limited,Dipshikha Dhitopatra Karobar Co. Pvt Ltd.,113,596.1,67359.3,2025-07-10 14:20:34.467373
2025-07-10,24428,2025071004016469,UMRH,Sani Securities Company Ltd.,Dipshikha Dhitopatra Karobar Co. Pvt Ltd.,187,596.0,111452.0,2025-07-10 14:20:34.467502
2025-07-10,23530,2025071004016787,UMRH,Sani Securities Company Ltd.,Thrive Brokerage House Pvt. Ltd,10,596.0,5960.0,2025-07-10 14:23:22.189949
2025-07-10,23282,2025071004016902,UMRH,Siprabi Securities Pvt. Ltd.,K.B.L. Securities Limited ,40,597.0,23880.0,2025-07-10 14:23:59.784265
2025-07-10,23124,2025071004016928,UMRH,Siprabi Securities Pvt. Ltd.,ABC Securities Private Limited,110,597.0,65670.0,2025-07-10 14:24:23.016438
2025-07-10,22757,2025071004017107,UMRH,Sani Securities Company Ltd.,ABC Securities Private Limited,40,596.0,23840.0,2025-07-10 14:25:09.655222
2025-07-10,21713,2025071004017439,UMRH,Premier Securities Company Ltd.,Trishakti Securities Public Limited,500,595.6,297800.0,2025-07-10 14:28:16.228782
2025-07-10,21712,2025071004017440,UMRH,Premier Securities Company Ltd.,Asian Securities Private Ltd.,1,595.6,595.6,2025-07-10 14:28:16.228888
2025-07-10,21669,2025071004017461,UMRH,Sweta Securities Private Limited,Trishakti Securities Public Limited,50,595.5,29775.0,2025-07-10 14:28:24.283597
2025-07-10,21668,2025071004017462,UMRH,Premier Securities Company Ltd.,Trishakti Securities Public Limited,450,595.5,267975.0,2025-07-10 14:28:24.283698
2025-07-10,21587,2025071004017517,UMRH,Premier Securities Company Ltd.,Trishakti Securities Public Limited,50,595.5,29775.0,2025-07-10 14:28:32.345133
2025-07-10,21586,2025071004017518,UMRH,South Asian Bulls Pvt. Ltd.,Trishakti Securities Public Limited,450,595.3,267885.0,2025-07-10 14:28:32.345188
2025-07-10,21529,2025071004017537,UMRH,South Asian Bulls Pvt. Ltd.,Trishakti Securities Public Limited,500,595.3,297650.0,2025-07-10 14:28:42.430340
2025-07-10,21494,2025071004017551,UMRH,South Asian Bulls Pvt. Ltd.,Trishakti Securities Public Limited,260,595.3,154778.0,2025-07-10 14:28:50.486305
2025-07-10,21493,2025071004017552,UMRH,Online Securities Pvt. Ltd.,Trishakti Securities Public Limited,50,595.1,29755.0,2025-07-10 14:28:50.486351
2025-07-10,21492,2025071004017553,UMRH,Prabhu Stock Market Limited,Trishakti Securities Public Limited,50,595.0,29750.0,2025-07-10 14:28:50.486376
2025-07-10,21491,2025071004017554,UMRH,Sani Securities Company Ltd.,Trishakti Securities Public Limited,140,595.0,83300.0,2025-07-10 14:28:50.486424
2025-07-10,21397,2025071004017611,UMRH,Sani Securities Company Ltd.,K.B.L. Securities Limited ,250,595.0,148750.0,2025-07-10 14:29:06.235553
2025-07-10,21391,2025071004017613,UMRH,Sani Securities Company Ltd.,Trishakti Securities Public Limited,10,595.0,5950.0,2025-07-10 14:29:07.868455
2025-07-10,21390,2025071004017614,UMRH,Online Securities Pvt. Ltd.,Trishakti Securities Public Limited,100,594.1,59410.0,2025-07-10 14:29:07.868516
2025-07-10,21389,2025071004017615,UMRH,South Asian Bulls Pvt. Ltd.,Trishakti Securities Public Limited,390,593.0,231270.0,2025-07-10 14:29:07.868548
2025-07-10,20887,2025071004017785,UMRH,South Asian Bulls Pvt. Ltd.,Trishakti Securities Public Limited,500,593.0,296500.0,2025-07-10 14:30:32.015254
2025-07-10,20867,2025071004017790,UMRH,South Asian Bulls Pvt. Ltd.,Imperial Securities Company Pvt. Ltd.,92,593.0,54556.0,2025-07-10 14:30:35.523080
2025-07-10,20866,2025071004017791,UMRH,Market Securities & Exchange (PVT) Ltd.,Imperial Securities Company Pvt. Ltd.,125,593.0,74125.0,2025-07-10 14:30:35.523220
2025-07-10,20773,2025071004017808,UMRH,Kumari Securities Private Limited,Trishakti Securities Public Limited,200,592.0,118400.0,2025-07-10 14:30:53.142613
2025-07-10,20772,2025071004017809,UMRH,Opal Securities Investment (PVT) Ltd.,Trishakti Securities Public Limited,250,591.1,147775.0,2025-07-10 14:30:53.142702
2025-07-10,20771,2025071004017810,UMRH,South Asian Bulls Pvt. Ltd.,Trishakti Securities Public Limited,50,591.0,29550.0,2025-07-10 14:30:53.142733
2025-07-10,20155,2025071004018001,UMRH,South Asian Bulls Pvt. Ltd.,Naasa Securities Co. Ltd.,10,591.1,5911.0,2025-07-10 14:32:48.178051
2025-07-10,19506,2025071004018173,UMRH,Dynamic Money Managers Securities Pvt. Ltd.,Property Wiard Limited,14,591.2,8276.8,2025-07-10 14:34:32.947274
2025-07-10,17890,2025071004018570,UMRH,Midas Stock Broking Company Private Limited,Investment Management Nepal Pvt. Ltd.,200,591.5,118300.0,2025-07-10 14:38:05.763685
2025-07-10,17672,2025071004018639,UMRH,ABC Securities Private Limited,Imperial Securities Company Pvt. Ltd.,10,592.9,5929.0,2025-07-10 14:38:40.257092
2025-07-10,17671,2025071004018640,UMRH,ABC Securities Private Limited,Imperial Securities Company Pvt. Ltd.,280,593.0,166040.0,2025-07-10 14:38:40.257246
2025-07-10,17062,2025071004018805,UMRH,Sagarmatha Securities Private Limited,Kumari Securities Private Limited,13,595.0,7735.0,2025-07-10 14:40:05.317971
2025-07-10,8889,2025071004021453,UMRH,ABC Securities Private Limited,MILKY WAY SHARE BROKER COMPANY LTD ,10,593.0,5930.0,2025-07-10 14:53:19.617994
2025-07-10,8888,2025071004021454,UMRH,Sani Securities Company Ltd.,MILKY WAY SHARE BROKER COMPANY LTD ,10,593.0,5930.0,2025-07-10 14:53:19.618141
2025-07-10,8887,2025071004021455,UMRH,Premier Securities Company Ltd.,MILKY WAY SHARE BROKER COMPANY LTD ,480,593.0,284640.0,2025-07-10 14:53:19.618208
2025-07-10,8814,2025071004021484,UMRH,Premier Securities Company Ltd.,Naasa Securities Co. Ltd.,20,593.0,11860.0,2025-07-10 14:53:25.246734
2025-07-10,8636,2025071004021530,UMRH,Premier Securities Company Ltd.,Sumeru Securities Pvt. Ltd.,50,593.0,29650.0,2025-07-10 14:53:37.992859
2025-07-10,8558,2025071004021555,UMRH,Premier Securities Company Ltd.,Trishakti Securities Public Limited,250,593.0,148250.0,2025-07-10 14:53:43.873234
2025-07-10,8557,2025071004021556,UMRH,SUN SECURITIES PVT LTD,Trishakti Securities Public Limited,50,592.0,29600.0,2025-07-10 14:53:43.873356
2025-07-10,8257,2025071004021645,UMRH,SUN SECURITIES PVT LTD,Linch Stock Market Ltd.,200,592.0,118400.0,2025-07-10 14:54:07.439145
2025-07-10,8078,2025071004021701,UMRH,SUN SECURITIES PVT LTD,Kohinoor Investment & Securities Pvt. Ltd.,248,592.0,146816.0,2025-07-10 14:54:18.435146
2025-07-10,7267,2025071004021949,UMRH,Trishakti Securities Public Limited,Kohinoor Investment & Securities Pvt. Ltd.,40,591.6,23664.0,2025-07-10 14:55:17.910155
2025-07-10,3750,2025071004023085,UMRH,Dakshinkali Investment & Securities Pvt. Ltd.,Market Securities & Exchange (PVT) Ltd.,300,593.0,177900.0,2025-07-10 14:58:21.110421
2025-07-10,3551,2025071004023151,UMRH,Premier Securities Company Ltd.,Investment Management Nepal Pvt. Ltd.,560,593.8,332528.0,2025-07-10 14:58:28.795545
2025-07-10,3550,2025071004023152,UMRH,Premier Securities Company Ltd.,Imperial Securities Company Pvt. Ltd.,290,593.9,172231.0,2025-07-10 14:58:28.795715
2025-07-10,3549,2025071004023153,UMRH,Premier Securities Company Ltd.,Trishakti Securities Public Limited,150,594.0,89100.0,2025-07-10 14:58:28.795790
2025-07-10,3401,2025071004023209,UMRH,Dakshinkali Investment & Securities Pvt. Ltd.,Sagarmatha Securities Private Limited,20,593.0,11860.0,2025-07-10 14:58:36.744387
2025-07-10,3269,2025071004023260,UMRH,Dakshinkali Investment & Securities Pvt. Ltd.,Nepal Investment And Securities Trading Private Limited,100,593.0,59300.0,2025-07-10 14:58:40.294153
2025-07-10,2272,2025071004023545,UMRH,Dakshinkali Investment & Securities Pvt. Ltd.,Sani Securities Company Ltd.,200,593.0,118600.0,2025-07-10 14:59:11.795688
2025-07-10,1529,2025071004023796,UMRH,Trishakti Securities Public Limited,Trishakti Securities Public Limited,500,594.0,297000.0,2025-07-10 14:59:29.277287
2025-07-10,1228,2025071004023910,UMRH,Trishakti Securities Public Limited,Trishakti Securities Public Limited,190,594.0,112860.0,2025-07-10 14:59:35.396094
2025-07-10,1227,2025071004023911,UMRH,Trishakti Securities Public Limited,Himalayan Securities Limited,310,594.0,184140.0,2025-07-10 14:59:35.396155
2025-07-10,545,2025071004024121,UMRH,Trishakti Securities Public Limited,Himalayan Securities Limited,190,594.0,112860.0,2025-07-10 14:59:51.772607
2025-07-10,544,2025071004024122,UMRH,Trishakti Securities Public Limited,Opal Securities Investment (PVT) Ltd.,150,594.9,89235.0,2025-07-10 14:59:51.772664
2025-07-10,543,2025071004024123,UMRH,Trishakti Securities Public Limited,Kumari Securities Private Limited,160,595.0,95200.0,2025-07-10 14:59:51.772695
2025-07-10,530,2025071004024126,UMRH,Dakshinkali Investment & Securities Pvt. Ltd.,Sundhara Securities Limited,357,593.0,211701.0,2025-07-10 14:59:51.917602
2025-07-10,2,2025071004024286,UMRH,Dakshinkali Investment & Securities Pvt. Ltd.,Dakshinkali Investment & Securities Pvt. Ltd.,23,593.0,13639.0,2025-07-10 14:59:59.987205
2025-07-10,1,2025071004024287,UMRH,Malla & Malla Stock Broking Company Pvt. Limited,Dakshinkali Investment & Securities Pvt. Ltd.,50,593.0,29650.0,2025-07-10 14:59:59.987337
