Date,S.N.,Contract ID,Symbol,Buyer Broker,Seller Broker,volume,rate,amount,transaction_time
2025-07-10,87195,2025071004000449,UPPER,Capital Max Securities Ltd,Shree Krishna Securities Ltd.,500,196.4,98200.0,2025-07-10 11:07:11.825757
2025-07-10,87054,2025071004000513,UPPER,Naasa Securities Co. Ltd.,Imperial Securities Company Pvt. Ltd.,10,196.0,1960.0,2025-07-10 11:07:50.632753
2025-07-10,87053,2025071004000514,UPPER,Sani Securities Company Ltd.,Imperial Securities Company Pvt. Ltd.,60,195.0,11700.0,2025-07-10 11:07:50.632915
2025-07-10,87052,2025071004000515,UPPER,Aryatara Investment & Securities,Imperial Securities Company Pvt. Ltd.,368,195.0,71760.0,2025-07-10 11:07:50.632987
2025-07-10,86591,2025071004000637,UPPER,Thrive Brokerage House Pvt. Ltd,Siprabi Securities Pvt. Ltd.,10,196.0,1960.0,2025-07-10 11:09:50.916435
2025-07-10,86517,2025071004000657,UPPER,Thrive Brokerage House Pvt. Ltd,ABC Securities Private Limited,100,196.0,19600.0,2025-07-10 11:10:00.375884
2025-07-10,86289,2025071004000705,UPPER,Thrive Brokerage House Pvt. Ltd,Shree Krishna Securities Ltd.,39,196.4,7659.6,2025-07-10 11:10:39.164639
2025-07-10,86288,2025071004000706,UPPER,Thrive Brokerage House Pvt. Ltd,Sumeru Securities Pvt. Ltd.,520,196.5,102180.0,2025-07-10 11:10:39.164833
2025-07-10,86085,2025071004000770,UPPER,Thrive Brokerage House Pvt. Ltd,Naasa Securities Co. Ltd.,100,196.5,19650.0,2025-07-10 11:11:25.908053
2025-07-10,85876,2025071004000841,UPPER,Thrive Brokerage House Pvt. Ltd,Naasa Securities Co. Ltd.,73,196.5,14344.5,2025-07-10 11:12:18.218101
2025-07-10,85862,2025071004000846,UPPER,Naasa Securities Co. Ltd.,Elite Stock House Limited,50,197.0,9850.0,2025-07-10 11:12:21.915219
2025-07-10,85861,2025071004000847,UPPER,Thrive Brokerage House Pvt. Ltd,Elite Stock House Limited,18,196.5,3537.0,2025-07-10 11:12:21.915553
2025-07-10,85724,2025071004000888,UPPER,Secured Securities Ltd.,Sewa Securities Pvt. Ltd.,150,197.3,29595.0,2025-07-10 11:12:52.459811
2025-07-10,85691,2025071004000897,UPPER,Aryatara Investment & Securities,Sewa Securities Pvt. Ltd.,12,197.3,2367.6,2025-07-10 11:12:58.591855
2025-07-10,85627,2025071004000915,UPPER,Thrive Brokerage House Pvt. Ltd,Sewa Securities Pvt. Ltd.,138,197.3,27227.4,2025-07-10 11:13:10.756493
2025-07-10,85445,2025071004000955,UPPER,Thrive Brokerage House Pvt. Ltd,Naasa Securities Co. Ltd.,10,197.3,1973.0,2025-07-10 11:13:51.939687
2025-07-10,85398,2025071004000972,UPPER,Naasa Securities Co. Ltd.,Miyo Securities Pvt Ltd,180,197.0,35460.0,2025-07-10 11:14:07.358884
2025-07-10,85371,2025071004000983,UPPER,Ashutosh Brokerage & Securities (PVT) Ltd.,Miyo Securities Pvt Ltd,127,197.0,25019.0,2025-07-10 11:14:13.239615
2025-07-10,83887,2025071004001375,UPPER,Aryatara Investment & Securities,Indira securities pvt. ltd,41,196.5,8056.5,2025-07-10 11:19:13.113220
2025-07-10,83763,2025071004001415,UPPER,R.B.B. Securities Company Ltd,Trisul Securities & Invt. Ltd.,100,196.5,19650.0,2025-07-10 11:19:41.245043
2025-07-10,83762,2025071004001416,UPPER,Trishakti Securities Public Limited,Trisul Securities & Invt. Ltd.,100,196.3,19630.0,2025-07-10 11:19:41.245112
2025-07-10,83761,2025071004001417,UPPER,Linch Stock Market Ltd.,Trisul Securities & Invt. Ltd.,20,196.0,3920.0,2025-07-10 11:19:41.245142
2025-07-10,83731,2025071004001430,UPPER,Midas Stock Broking Company Private Limited,Sweta Securities Private Limited,25,197.0,4925.0,2025-07-10 11:19:43.307891
2025-07-10,83360,2025071004001531,UPPER,Premier Securities Company Ltd.,Creative Securities Pvt Ltd,80,196.1,15688.0,2025-07-10 11:20:50.717543
2025-07-10,82845,2025071004001645,UPPER,J.F. Securites (PVT) Ltd.,Sweta Securities Private Limited,90,197.0,17730.0,2025-07-10 11:22:30.285943
2025-07-10,82690,2025071004001668,UPPER,Premier Securities Company Ltd.,Imperial Securities Company Pvt. Ltd.,120,196.1,23532.0,2025-07-10 11:22:57.216946
2025-07-10,82689,2025071004001669,UPPER,Linch Stock Market Ltd.,Imperial Securities Company Pvt. Ltd.,120,196.0,23520.0,2025-07-10 11:22:57.217210
2025-07-10,82083,2025071004001816,UPPER,Linch Stock Market Ltd.,Vision Securities Pvt. Ltd,61,196.0,11956.0,2025-07-10 11:24:46.752837
2025-07-10,82082,2025071004001817,UPPER,Aryatara Investment & Securities,Vision Securities Pvt. Ltd,21,196.0,4116.0,2025-07-10 11:24:46.753082
2025-07-10,82081,2025071004001818,UPPER,Creative Securities Pvt Ltd,Vision Securities Pvt. Ltd,10,196.0,1960.0,2025-07-10 11:24:46.753177
2025-07-10,82009,2025071004001836,UPPER,Naasa Securities Co. Ltd.,Dipshikha Dhitopatra Karobar Co. Pvt Ltd.,48,195.5,9384.0,2025-07-10 11:25:00.898448
2025-07-10,81894,2025071004001872,UPPER,Naasa Securities Co. Ltd.,Dipshikha Dhitopatra Karobar Co. Pvt Ltd.,48,195.5,9384.0,2025-07-10 11:25:21.120635
2025-07-10,81723,2025071004001919,UPPER,Kohinoor Investment & Securities Pvt. Ltd.,Vision Securities Pvt. Ltd,408,196.0,79968.0,2025-07-10 11:25:50.087650
2025-07-10,81722,2025071004001920,UPPER,Kohinoor Investment & Securities Pvt. Ltd.,Thrive Brokerage House Pvt. Ltd,219,196.0,42924.0,2025-07-10 11:25:50.087871
2025-07-10,81573,2025071004001950,UPPER,Investment Management Nepal Pvt. Ltd.,Vision Securities Pvt. Ltd,100,196.8,19680.0,2025-07-10 11:26:05.428004
2025-07-10,80989,2025071004002115,UPPER,Sewa Securities Pvt. Ltd.,SUN SECURITIES PVT LTD,80,196.9,15752.0,2025-07-10 11:27:35.910970
2025-07-10,80988,2025071004002116,UPPER,Sewa Securities Pvt. Ltd.,Dynamic Money Managers Securities Pvt. Ltd.,120,196.9,23628.0,2025-07-10 11:27:35.911243
2025-07-10,80947,2025071004002125,UPPER,Premier Securities Company Ltd.,Sundhara Securities Limited,52,196.3,10207.6,2025-07-10 11:27:43.721961
2025-07-10,80556,2025071004002221,UPPER,Premier Securities Company Ltd.,Dipshikha Dhitopatra Karobar Co. Pvt Ltd.,10,196.3,1963.0,2025-07-10 11:28:43.022387
2025-07-10,79798,2025071004002470,UPPER,Premier Securities Company Ltd.,Creative Securities Pvt Ltd,106,196.3,20807.8,2025-07-10 11:31:04.830883
2025-07-10,79777,2025071004002478,UPPER,Premier Securities Company Ltd.,Bhrikuti Stock Broking Co. Pvt. Ltd.,32,196.3,6281.6,2025-07-10 11:31:07.757684
2025-07-10,79680,2025071004002488,UPPER,Sani Securities Company Ltd.,Bhrikuti Stock Broking Co. Pvt. Ltd.,25,196.3,4907.5,2025-07-10 11:31:29.376910
2025-07-10,79665,2025071004002491,UPPER,South Asian Bulls Pvt. Ltd.,Bhrikuti Stock Broking Co. Pvt. Ltd.,11,196.3,2159.3,2025-07-10 11:31:32.009775
2025-07-10,79664,2025071004002492,UPPER,South Asian Bulls Pvt. Ltd.,Shree Krishna Securities Ltd.,80,196.3,15704.0,2025-07-10 11:31:32.010279
2025-07-10,79417,2025071004002565,UPPER,Sumeru Securities Pvt. Ltd.,Investment Management Nepal Pvt. Ltd.,80,196.4,15712.0,2025-07-10 11:32:20.258714
2025-07-10,79081,2025071004002681,UPPER,Sumeru Securities Pvt. Ltd.,Linch Stock Market Ltd.,30,196.4,5892.0,2025-07-10 11:33:21.861084
2025-07-10,79064,2025071004002687,UPPER,Dipshikha Dhitopatra Karobar Co. Pvt Ltd.,Sundhara Securities Limited,100,196.5,19650.0,2025-07-10 11:33:27.169711
2025-07-10,78667,2025071004002789,UPPER,Dipshikha Dhitopatra Karobar Co. Pvt Ltd.,Naasa Securities Co. Ltd.,100,196.5,19650.0,2025-07-10 11:34:48.504918
2025-07-10,78592,2025071004002823,UPPER,Sri Hari Securities Pvt. Ltd.,Secured Securities Ltd.,50,196.5,9825.0,2025-07-10 11:34:59.763454
2025-07-10,78112,2025071004002927,UPPER,Sumeru Securities Pvt. Ltd.,Vision Securities Pvt. Ltd,104,196.7,20456.8,2025-07-10 11:36:32.792846
2025-07-10,78111,2025071004002928,UPPER,Sumeru Securities Pvt. Ltd.,Dynamic Money Managers Securities Pvt. Ltd.,180,196.9,35442.0,2025-07-10 11:36:32.793155
2025-07-10,78110,2025071004002929,UPPER,Sumeru Securities Pvt. Ltd.,Sundhara Securities Limited,100,196.9,19690.0,2025-07-10 11:36:32.793299
2025-07-10,78109,2025071004002930,UPPER,Sumeru Securities Pvt. Ltd.,Creative Securities Pvt Ltd,1000,196.9,196900.0,2025-07-10 11:36:32.793430
2025-07-10,78108,2025071004002931,UPPER,Sumeru Securities Pvt. Ltd.,Sweta Securities Private Limited,85,197.0,16745.0,2025-07-10 11:36:32.793545
2025-07-10,78107,2025071004002932,UPPER,Sumeru Securities Pvt. Ltd.,Bhrikuti Stock Broking Co. Pvt. Ltd.,40,197.0,7880.0,2025-07-10 11:36:32.793660
2025-07-10,78106,2025071004002933,UPPER,Sumeru Securities Pvt. Ltd.,Linch Stock Market Ltd.,300,197.0,59100.0,2025-07-10 11:36:32.793774
2025-07-10,78105,2025071004002934,UPPER,Sumeru Securities Pvt. Ltd.,Online Securities Pvt. Ltd.,200,197.0,39400.0,2025-07-10 11:36:32.793886
2025-07-10,78104,2025071004002935,UPPER,Sumeru Securities Pvt. Ltd.,Online Securities Pvt. Ltd.,130,197.0,25610.0,2025-07-10 11:36:32.793997
2025-07-10,78103,2025071004002936,UPPER,Sumeru Securities Pvt. Ltd.,Sri Hari Securities Pvt. Ltd.,20,197.0,3940.0,2025-07-10 11:36:32.794110
2025-07-10,78102,2025071004002937,UPPER,Sumeru Securities Pvt. Ltd.,South Asian Bulls Pvt. Ltd.,3300,197.0,650100.0,2025-07-10 11:36:32.794220
2025-07-10,78101,2025071004002938,UPPER,Sumeru Securities Pvt. Ltd.,Oxford Securities Pvt. Ltd.,1541,197.2,303885.2,2025-07-10 11:36:32.794336
2025-07-10,78068,2025071004002942,UPPER,Sri Hari Securities Pvt. Ltd.,Online Securities Pvt. Ltd.,50,196.5,9825.0,2025-07-10 11:36:41.019891
2025-07-10,77882,2025071004003009,UPPER,Sumeru Securities Pvt. Ltd.,Online Securities Pvt. Ltd.,190,196.4,37316.0,2025-07-10 11:37:13.252975
2025-07-10,77846,2025071004003021,UPPER,Sri Hari Securities Pvt. Ltd.,Online Securities Pvt. Ltd.,50,196.4,9820.0,2025-07-10 11:37:19.172571
2025-07-10,77722,2025071004003056,UPPER,South Asian Bulls Pvt. Ltd.,Online Securities Pvt. Ltd.,118,196.3,23163.4,2025-07-10 11:37:44.557049
2025-07-10,77559,2025071004003115,UPPER,Kohinoor Investment & Securities Pvt. Ltd.,Online Securities Pvt. Ltd.,92,196.0,18032.0,2025-07-10 11:38:15.830746
2025-07-10,77330,2025071004003160,UPPER,Kohinoor Investment & Securities Pvt. Ltd.,Midas Stock Broking Company Private Limited,100,196.0,19600.0,2025-07-10 11:39:05.438641
2025-07-10,76944,2025071004003294,UPPER,SHUBHAKAMANA SECURITIES PVT. LTD,Sundhara Securities Limited,50,196.5,9825.0,2025-07-10 11:40:12.728815
2025-07-10,76866,2025071004003322,UPPER,SHUBHAKAMANA SECURITIES PVT. LTD,Malla & Malla Stock Broking Company Pvt. Limited,50,196.5,9825.0,2025-07-10 11:40:34.260050
2025-07-10,76448,2025071004003427,UPPER,Oxford Securities Pvt. Ltd.,Malla & Malla Stock Broking Company Pvt. Limited,300,196.5,58950.0,2025-07-10 11:42:10.602283
2025-07-10,76439,2025071004003429,UPPER,Sunrise Securities Limited,Investment Management Nepal Pvt. Ltd.,100,196.4,19640.0,2025-07-10 11:42:15.100423
2025-07-10,76289,2025071004003457,UPPER,Sunrise Securities Limited,Dipshikha Dhitopatra Karobar Co. Pvt Ltd.,910,196.4,178724.0,2025-07-10 11:42:44.416089
2025-07-10,75895,2025071004003545,UPPER,Opal Securities Investment (PVT) Ltd.,South Asian Bulls Pvt. Ltd.,78,196.3,15311.4,2025-07-10 11:44:18.374798
2025-07-10,75752,2025071004003588,UPPER,Kohinoor Investment & Securities Pvt. Ltd.,Naasa Securities Co. Ltd.,100,196.0,19600.0,2025-07-10 11:44:57.225496
2025-07-10,75377,2025071004003707,UPPER,Kohinoor Investment & Securities Pvt. Ltd.,Creative Securities Pvt Ltd,81,196.0,15876.0,2025-07-10 11:46:20.054854
2025-07-10,75376,2025071004003708,UPPER,Dipshikha Dhitopatra Karobar Co. Pvt Ltd.,Creative Securities Pvt Ltd,387,196.0,75852.0,2025-07-10 11:46:20.055462
2025-07-10,75365,2025071004003713,UPPER,Naasa Securities Co. Ltd.,South Asian Bulls Pvt. Ltd.,10,196.3,1963.0,2025-07-10 11:46:25.187659
2025-07-10,75091,2025071004003797,UPPER,Naasa Securities Co. Ltd.,Naasa Securities Co. Ltd.,10,196.1,1961.0,2025-07-10 11:47:25.692254
2025-07-10,75056,2025071004003802,UPPER,Naasa Securities Co. Ltd.,Linch Stock Market Ltd.,85,196.1,16668.5,2025-07-10 11:47:36.769171
2025-07-10,75055,2025071004003803,UPPER,Dipshikha Dhitopatra Karobar Co. Pvt Ltd.,Linch Stock Market Ltd.,29,196.0,5684.0,2025-07-10 11:47:36.769510
2025-07-10,74628,2025071004003884,UPPER,Online Securities Pvt. Ltd.,Malla & Malla Stock Broking Company Pvt. Limited,500,196.5,98250.0,2025-07-10 11:49:13.718816
2025-07-10,74622,2025071004003885,UPPER,Secured Securities Ltd.,Asian Securities Private Ltd.,121,196.1,23728.1,2025-07-10 11:49:14.908717
2025-07-10,74621,2025071004003886,UPPER,Dipshikha Dhitopatra Karobar Co. Pvt Ltd.,Asian Securities Private Ltd.,84,196.0,16464.0,2025-07-10 11:49:14.909462
2025-07-10,74619,2025071004003887,UPPER,Linch Stock Market Ltd.,Asian Securities Private Ltd.,45,196.0,8820.0,2025-07-10 11:49:14.909983
2025-07-10,73932,2025071004004039,UPPER,Linch Stock Market Ltd.,Dipshikha Dhitopatra Karobar Co. Pvt Ltd.,55,196.0,10780.0,2025-07-10 11:51:32.382640
2025-07-10,73931,2025071004004040,UPPER,Online Securities Pvt. Ltd.,Dipshikha Dhitopatra Karobar Co. Pvt Ltd.,10,196.0,1960.0,2025-07-10 11:51:32.382688
2025-07-10,73930,2025071004004041,UPPER,Thrive Brokerage House Pvt. Ltd,Dipshikha Dhitopatra Karobar Co. Pvt Ltd.,21,196.0,4116.0,2025-07-10 11:51:32.382717
2025-07-10,73273,2025071004004196,UPPER,Creative Securities Pvt Ltd,Malla & Malla Stock Broking Company Pvt. Limited,150,196.5,29475.0,2025-07-10 11:53:43.064883
2025-07-10,73272,2025071004004197,UPPER,Creative Securities Pvt Ltd,Sundhara Securities Limited,100,196.5,19650.0,2025-07-10 11:53:43.064983
2025-07-10,73271,2025071004004198,UPPER,Creative Securities Pvt Ltd,Creative Securities Pvt Ltd,250,196.5,49125.0,2025-07-10 11:53:43.065053
2025-07-10,73087,2025071004004257,UPPER,ABC Securities Private Limited,Creative Securities Pvt Ltd,10,196.5,1965.0,2025-07-10 11:54:17.092615
2025-07-10,73019,2025071004004264,UPPER,Thrive Brokerage House Pvt. Ltd,Himalayan Brokerage Company Limited,29,196.0,5684.0,2025-07-10 11:54:29.253869
2025-07-10,73018,2025071004004265,UPPER,ABC Securities Private Limited,Himalayan Brokerage Company Limited,100,196.0,19600.0,2025-07-10 11:54:29.254219
2025-07-10,73017,2025071004004266,UPPER,Sumeru Securities Pvt. Ltd.,Himalayan Brokerage Company Limited,50,196.0,9800.0,2025-07-10 11:54:29.254369
2025-07-10,73016,2025071004004267,UPPER,Naasa Securities Co. Ltd.,Himalayan Brokerage Company Limited,25,196.0,4900.0,2025-07-10 11:54:29.254528
2025-07-10,73015,2025071004004268,UPPER,Dakshinkali Investment & Securities Pvt. Ltd.,Himalayan Brokerage Company Limited,3000,196.0,588000.0,2025-07-10 11:54:29.254662
2025-07-10,72781,2025071004004304,UPPER,Premier Securities Company Ltd.,Creative Securities Pvt Ltd,390,196.0,76440.0,2025-07-10 11:55:17.986053
2025-07-10,71465,2025071004004599,UPPER,Dipshikha Dhitopatra Karobar Co. Pvt Ltd.,Imperial Securities Company Pvt. Ltd.,100,196.1,19610.0,2025-07-10 11:58:58.022691
2025-07-10,71420,2025071004004611,UPPER,Nepal Stock House (PVT) Ltd.,Dipshikha Dhitopatra Karobar Co. Pvt Ltd.,100,196.4,19640.0,2025-07-10 11:59:05.854904
2025-07-10,71010,2025071004004707,UPPER,Dipshikha Dhitopatra Karobar Co. Pvt Ltd.,Kohinoor Investment & Securities Pvt. Ltd.,80,196.1,15688.0,2025-07-10 12:00:13.021561
2025-07-10,70423,2025071004004845,UPPER,Dipshikha Dhitopatra Karobar Co. Pvt Ltd.,Miyo Securities Pvt Ltd,120,196.1,23532.0,2025-07-10 12:02:20.216819
2025-07-10,70422,2025071004004846,UPPER,Imperial Securities Company Pvt. Ltd.,Miyo Securities Pvt Ltd,210,196.1,41181.0,2025-07-10 12:02:20.217187
2025-07-10,70421,2025071004004847,UPPER,Aryatara Investment & Securities,Miyo Securities Pvt Ltd,10,196.1,1961.0,2025-07-10 12:02:20.217352
2025-07-10,70420,2025071004004848,UPPER,Premier Securities Company Ltd.,Miyo Securities Pvt Ltd,110,196.0,21560.0,2025-07-10 12:02:20.217500
2025-07-10,70419,2025071004004849,UPPER,Naasa Securities Co. Ltd.,Miyo Securities Pvt Ltd,300,196.0,58800.0,2025-07-10 12:02:20.217646
2025-07-10,70418,2025071004004850,UPPER,Naasa Securities Co. Ltd.,Miyo Securities Pvt Ltd,40,196.0,7840.0,2025-07-10 12:02:20.217798
2025-07-10,70417,2025071004004851,UPPER,Linch Stock Market Ltd.,Miyo Securities Pvt Ltd,1000,196.0,196000.0,2025-07-10 12:02:20.217941
2025-07-10,70416,2025071004004852,UPPER,Dakshinkali Investment & Securities Pvt. Ltd.,Miyo Securities Pvt Ltd,210,196.0,41160.0,2025-07-10 12:02:20.218087
2025-07-10,70328,2025071004004882,UPPER,Dakshinkali Investment & Securities Pvt. Ltd.,Nepal Investment And Securities Trading Private Limited,100,196.0,19600.0,2025-07-10 12:02:34.692743
2025-07-10,70229,2025071004004910,UPPER,Dakshinkali Investment & Securities Pvt. Ltd.,Miyo Securities Pvt Ltd,2000,196.0,392000.0,2025-07-10 12:02:53.318328
2025-07-10,70034,2025071004004974,UPPER,Dakshinkali Investment & Securities Pvt. Ltd.,Dipshikha Dhitopatra Karobar Co. Pvt Ltd.,610,196.0,119560.0,2025-07-10 12:03:35.383866
2025-07-10,69611,2025071004005061,UPPER,Vision Securities Pvt. Ltd,Agrawal Securities (PVT) Ltd.,15,196.1,2941.5,2025-07-10 12:04:53.668437
2025-07-10,69600,2025071004005065,UPPER,Dakshinkali Investment & Securities Pvt. Ltd.,Miyo Securities Pvt Ltd,1000,196.0,196000.0,2025-07-10 12:05:01.696266
2025-07-10,69211,2025071004005173,UPPER,Online Securities Pvt. Ltd.,Agrawal Securities (PVT) Ltd.,52,196.1,10197.2,2025-07-10 12:06:10.500495
2025-07-10,69138,2025071004005191,UPPER,Dakshinkali Investment & Securities Pvt. Ltd.,Midas Stock Broking Company Private Limited,80,196.0,15680.0,2025-07-10 12:06:20.742860
2025-07-10,69137,2025071004005192,UPPER,Imperial Securities Company Pvt. Ltd.,Midas Stock Broking Company Private Limited,122,196.0,23912.0,2025-07-10 12:06:20.743217
2025-07-10,68832,2025071004005266,UPPER,Imperial Securities Company Pvt. Ltd.,Sewa Securities Pvt. Ltd.,78,196.0,15288.0,2025-07-10 12:07:20.781820
2025-07-10,68831,2025071004005267,UPPER,Online Securities Pvt. Ltd.,Sewa Securities Pvt. Ltd.,60,196.0,11760.0,2025-07-10 12:07:20.782224
2025-07-10,68830,2025071004005268,UPPER,Dakshinkali Investment & Securities Pvt. Ltd.,Sewa Securities Pvt. Ltd.,50,195.9,9795.0,2025-07-10 12:07:20.782409
2025-07-10,68829,2025071004005269,UPPER,Secured Securities Ltd.,Sewa Securities Pvt. Ltd.,111,195.8,21733.8,2025-07-10 12:07:20.782581
2025-07-10,68828,2025071004005270,UPPER,Imperial Securities Company Pvt. Ltd.,Sewa Securities Pvt. Ltd.,41,195.8,8027.8,2025-07-10 12:07:20.782743
2025-07-10,68571,2025071004005372,UPPER,Imperial Securities Company Pvt. Ltd.,Sumeru Securities Pvt. Ltd.,59,195.8,11552.2,2025-07-10 12:08:01.751076
2025-07-10,68570,2025071004005373,UPPER,Kumari Securities Private Limited,Sumeru Securities Pvt. Ltd.,61,195.7,11937.7,2025-07-10 12:08:01.751420
2025-07-10,67884,2025071004005581,UPPER,Kumari Securities Private Limited,Sani Securities Company Ltd.,68,195.7,13307.6,2025-07-10 12:09:51.383365
2025-07-10,67752,2025071004005611,UPPER,Bhrikuti Stock Broking Co. Pvt. Ltd.,Dakshinkali Investment & Securities Pvt. Ltd.,120,196.0,23520.0,2025-07-10 12:10:19.516785
2025-07-10,67751,2025071004005612,UPPER,Bhrikuti Stock Broking Co. Pvt. Ltd.,Sri Hari Securities Pvt. Ltd.,10,196.0,1960.0,2025-07-10 12:10:19.517172
2025-07-10,67410,2025071004005676,UPPER,Bhrikuti Stock Broking Co. Pvt. Ltd.,Agrawal Securities (PVT) Ltd.,200,196.1,39220.0,2025-07-10 12:11:26.006131
2025-07-10,67334,2025071004005693,UPPER,Dakshinkali Investment & Securities Pvt. Ltd.,Naasa Securities Co. Ltd.,100,196.0,19600.0,2025-07-10 12:11:41.751323
2025-07-10,66803,2025071004005802,UPPER,Dakshinkali Investment & Securities Pvt. Ltd.,Sundhara Securities Limited,50,196.0,9800.0,2025-07-10 12:13:24.573394
2025-07-10,66774,2025071004005810,UPPER,Malla & Malla Stock Broking Company Pvt. Limited,Agrawal Securities (PVT) Ltd.,120,196.1,23532.0,2025-07-10 12:13:34.115527
2025-07-10,66621,2025071004005846,UPPER,Dakshinkali Investment & Securities Pvt. Ltd.,Nepal Investment And Securities Trading Private Limited,100,196.0,19600.0,2025-07-10 12:14:03.815126
2025-07-10,66584,2025071004005851,UPPER,Aryatara Investment & Securities,Nepal Investment And Securities Trading Private Limited,14,196.0,2744.0,2025-07-10 12:14:13.567574
2025-07-10,66391,2025071004005893,UPPER,Asian Securities Private Ltd.,Nepal Investment And Securities Trading Private Limited,88,196.0,17248.0,2025-07-10 12:15:04.923763
2025-07-10,65598,2025071004006060,UPPER,Aryatara Investment & Securities,Sani Securities Company Ltd.,500,196.4,98200.0,2025-07-10 12:17:39.706733
2025-07-10,65418,2025071004006105,UPPER,Citizens Share Broker Limited,Sani Securities Company Ltd.,950,196.4,186580.0,2025-07-10 12:18:15.282789
2025-07-10,65290,2025071004006128,UPPER,Citizens Share Broker Limited,Himalayan Brokerage Company Limited,1596,196.5,313614.0,2025-07-10 12:18:31.567346
2025-07-10,64797,2025071004006230,UPPER,Shree Krishna Securities Ltd.,Linch Stock Market Ltd.,50,196.5,9825.0,2025-07-10 12:19:31.867266
2025-07-10,64580,2025071004006296,UPPER,Midas Stock Broking Company Private Limited,Aryatara Investment & Securities,68,196.0,13328.0,2025-07-10 12:20:05.185036
2025-07-10,64173,2025071004006365,UPPER,Cristal Kanchanjanga Securites Pvt. Ltd.,Linch Stock Market Ltd.,50,196.5,9825.0,2025-07-10 12:21:03.325911
2025-07-10,64172,2025071004006366,UPPER,Cristal Kanchanjanga Securites Pvt. Ltd.,Vision Securities Pvt. Ltd,950,197.0,187150.0,2025-07-10 12:21:03.326301
2025-07-10,63008,2025071004006579,UPPER,Arun Securities (PVT) Ltd.,Sundhara Securities Limited,100,196.5,19650.0,2025-07-10 12:23:24.399411
2025-07-10,61485,2025071004006808,UPPER,Midas Stock Broking Company Private Limited,Miyo Securities Pvt Ltd,279,196.0,54684.0,2025-07-10 12:26:00.472445
2025-07-10,60913,2025071004006871,UPPER,Midas Stock Broking Company Private Limited,Cristal Kanchanjanga Securites Pvt. Ltd.,153,196.0,29988.0,2025-07-10 12:27:04.772628
2025-07-10,60912,2025071004006872,UPPER,Aryatara Investment & Securities,Cristal Kanchanjanga Securites Pvt. Ltd.,143,196.0,28028.0,2025-07-10 12:27:04.773133
2025-07-10,60604,2025071004006908,UPPER,Sweta Securities Private Limited,Aryatara Investment & Securities,113,196.1,22159.3,2025-07-10 12:27:33.202968
2025-07-10,60603,2025071004006909,UPPER,Aryatara Investment & Securities,Aryatara Investment & Securities,27,196.0,5292.0,2025-07-10 12:27:33.203765
2025-07-10,60396,2025071004006943,UPPER,Citizens Share Broker Limited,Sundhara Securities Limited,400,196.5,78600.0,2025-07-10 12:27:56.043434
2025-07-10,60333,2025071004006948,UPPER,Aryatara Investment & Securities,Bhrikuti Stock Broking Co. Pvt. Ltd.,30,196.0,5880.0,2025-07-10 12:28:02.890989
2025-07-10,60332,2025071004006949,UPPER,Trishakti Securities Public Limited,Bhrikuti Stock Broking Co. Pvt. Ltd.,170,196.0,33320.0,2025-07-10 12:28:02.891407
2025-07-10,60314,2025071004006955,UPPER,Trishakti Securities Public Limited,Secured Securities Ltd.,130,196.0,25480.0,2025-07-10 12:28:07.092244
2025-07-10,60298,2025071004006956,UPPER,Citizens Share Broker Limited,Agrawal Securities (PVT) Ltd.,500,196.9,98450.0,2025-07-10 12:28:09.095876
2025-07-10,59923,2025071004007021,UPPER,Citizens Share Broker Limited,Vision Securities Pvt. Ltd,850,197.0,167450.0,2025-07-10 12:28:50.306337
2025-07-10,59922,2025071004007022,UPPER,Citizens Share Broker Limited,Trisul Securities & Invt. Ltd.,1657,197.0,326429.0,2025-07-10 12:28:50.306750
2025-07-10,59580,2025071004007089,UPPER,Citizens Share Broker Limited,Trisul Securities & Invt. Ltd.,403,197.0,79391.0,2025-07-10 12:29:19.423072
2025-07-10,59579,2025071004007090,UPPER,Citizens Share Broker Limited,Premier Securities Company Ltd.,30,197.0,5910.0,2025-07-10 12:29:19.423527
2025-07-10,59578,2025071004007091,UPPER,Citizens Share Broker Limited,Online Securities Pvt. Ltd.,134,197.0,26398.0,2025-07-10 12:29:19.423701
2025-07-10,59577,2025071004007092,UPPER,Citizens Share Broker Limited,Online Securities Pvt. Ltd.,61,197.0,12017.0,2025-07-10 12:29:19.423867
2025-07-10,59576,2025071004007093,UPPER,Citizens Share Broker Limited,Premier Securities Company Ltd.,372,197.0,73284.0,2025-07-10 12:29:19.424034
2025-07-10,59206,2025071004007156,UPPER,Citizens Share Broker Limited,Premier Securities Company Ltd.,28,197.0,5516.0,2025-07-10 12:30:02.599972
2025-07-10,59205,2025071004007157,UPPER,Citizens Share Broker Limited,Sundhara Securities Limited,322,197.0,63434.0,2025-07-10 12:30:02.600394
2025-07-10,59024,2025071004007176,UPPER,Investment Management Nepal Pvt. Ltd.,Sundhara Securities Limited,178,197.0,35066.0,2025-07-10 12:30:13.583152
2025-07-10,59023,2025071004007177,UPPER,Investment Management Nepal Pvt. Ltd.,Imperial Securities Company Pvt. Ltd.,44,197.0,8668.0,2025-07-10 12:30:13.583572
2025-07-10,59022,2025071004007178,UPPER,Investment Management Nepal Pvt. Ltd.,Imperial Securities Company Pvt. Ltd.,80,197.0,15760.0,2025-07-10 12:30:13.583741
2025-07-10,59021,2025071004007179,UPPER,Investment Management Nepal Pvt. Ltd.,Imperial Securities Company Pvt. Ltd.,264,197.0,52008.0,2025-07-10 12:30:13.583897
2025-07-10,59020,2025071004007180,UPPER,Investment Management Nepal Pvt. Ltd.,Creative Securities Pvt Ltd,434,197.0,85498.0,2025-07-10 12:30:13.584061
2025-07-10,58704,2025071004007209,UPPER,Thrive Brokerage House Pvt. Ltd,Creative Securities Pvt Ltd,400,197.0,78800.0,2025-07-10 12:30:46.452263
2025-07-10,58703,2025071004007210,UPPER,Thrive Brokerage House Pvt. Ltd,Sagarmatha Securities Private Limited,250,197.0,49250.0,2025-07-10 12:30:46.452668
2025-07-10,58678,2025071004007214,UPPER,Citizens Share Broker Limited,Imperial Securities Company Pvt. Ltd.,125,197.0,24625.0,2025-07-10 12:30:50.220016
2025-07-10,58578,2025071004007227,UPPER,Naasa Securities Co. Ltd.,Imperial Securities Company Pvt. Ltd.,10,197.0,1970.0,2025-07-10 12:30:58.408012
2025-07-10,58549,2025071004007229,UPPER,Naasa Securities Co. Ltd.,Imperial Securities Company Pvt. Ltd.,20,197.0,3940.0,2025-07-10 12:31:02.151620
2025-07-10,58050,2025071004007320,UPPER,Arun Securities (PVT) Ltd.,Oxford Securities Pvt. Ltd.,18,196.9,3544.2,2025-07-10 12:31:56.477110
2025-07-10,57624,2025071004007380,UPPER,Sani Securities Company Ltd.,Nagarik Stock Dealer ,198,196.5,38907.0,2025-07-10 12:32:52.511254
2025-07-10,57300,2025071004007454,UPPER,Online Securities Pvt. Ltd.,Oxford Securities Pvt. Ltd.,100,196.9,19690.0,2025-07-10 12:33:22.489399
2025-07-10,57029,2025071004007507,UPPER,Aryatara Investment & Securities,Oxford Securities Pvt. Ltd.,500,196.9,98450.0,2025-07-10 12:33:52.272561
2025-07-10,57023,2025071004007512,UPPER,Midas Stock Broking Company Private Limited,Oxford Securities Pvt. Ltd.,1641,196.9,323112.9,2025-07-10 12:33:53.407775
2025-07-10,57022,2025071004007513,UPPER,Midas Stock Broking Company Private Limited,Oxford Securities Pvt. Ltd.,1000,196.9,196900.0,2025-07-10 12:33:53.408187
2025-07-10,56890,2025071004007547,UPPER,Midas Stock Broking Company Private Limited,Imperial Securities Company Pvt. Ltd.,45,197.0,8865.0,2025-07-10 12:34:10.560181
2025-07-10,56889,2025071004007548,UPPER,Midas Stock Broking Company Private Limited,Dipshikha Dhitopatra Karobar Co. Pvt Ltd.,340,197.0,66980.0,2025-07-10 12:34:10.560936
2025-07-10,56888,2025071004007549,UPPER,Midas Stock Broking Company Private Limited,Sundhara Securities Limited,500,197.0,98500.0,2025-07-10 12:34:10.561471
2025-07-10,56802,2025071004007603,UPPER,Midas Stock Broking Company Private Limited,Sundhara Securities Limited,500,196.9,98450.0,2025-07-10 12:34:12.425017
2025-07-10,56390,2025071004007663,UPPER,Midas Stock Broking Company Private Limited,Midas Stock Broking Company Private Limited,20,197.0,3940.0,2025-07-10 12:35:06.856486
2025-07-10,56389,2025071004007664,UPPER,Midas Stock Broking Company Private Limited,Naasa Securities Co. Ltd.,2161,197.0,425717.0,2025-07-10 12:35:06.856898
2025-07-10,56089,2025071004007758,UPPER,Midas Stock Broking Company Private Limited,Sundhara Securities Limited,500,197.0,98500.0,2025-07-10 12:35:46.132285
2025-07-10,55598,2025071004007873,UPPER,Midas Stock Broking Company Private Limited,Sani Securities Company Ltd.,44,197.0,8668.0,2025-07-10 12:36:50.382756
2025-07-10,55183,2025071004007999,UPPER,Midas Stock Broking Company Private Limited,Thrive Brokerage House Pvt. Ltd,500,197.0,98500.0,2025-07-10 12:37:35.299144
2025-07-10,54602,2025071004008104,UPPER,Midas Stock Broking Company Private Limited,Sri Hari Securities Pvt. Ltd.,97,197.0,19109.0,2025-07-10 12:38:48.422857
2025-07-10,53520,2025071004008354,UPPER,Siprabi Securities Pvt. Ltd.,Naasa Securities Co. Ltd.,50,197.3,9865.0,2025-07-10 12:41:06.275853
2025-07-10,53519,2025071004008355,UPPER,Siprabi Securities Pvt. Ltd.,Sweta Securities Private Limited,200,197.3,39460.0,2025-07-10 12:41:06.276361
2025-07-10,53367,2025071004008385,UPPER,Midas Stock Broking Company Private Limited,Siprabi Securities Pvt. Ltd.,10,197.0,1970.0,2025-07-10 12:41:20.381216
2025-07-10,53355,2025071004008390,UPPER,Midas Stock Broking Company Private Limited,Bhrikuti Stock Broking Co. Pvt. Ltd.,80,197.0,15760.0,2025-07-10 12:41:23.373813
2025-07-10,53149,2025071004008431,UPPER,Midas Stock Broking Company Private Limited,Vision Securities Pvt. Ltd,264,197.0,52008.0,2025-07-10 12:41:58.965150
2025-07-10,53148,2025071004008432,UPPER,Sani Securities Company Ltd.,Vision Securities Pvt. Ltd,11,197.0,2167.0,2025-07-10 12:41:58.965537
2025-07-10,53147,2025071004008433,UPPER,Online Securities Pvt. Ltd.,Vision Securities Pvt. Ltd,225,197.0,44325.0,2025-07-10 12:41:58.965718
2025-07-10,53140,2025071004008434,UPPER,Online Securities Pvt. Ltd.,Online Securities Pvt. Ltd.,152,197.0,29944.0,2025-07-10 12:42:02.381783
2025-07-10,53036,2025071004008461,UPPER,Online Securities Pvt. Ltd.,J.F. Securites (PVT) Ltd.,50,197.0,9850.0,2025-07-10 12:42:21.677688
2025-07-10,52957,2025071004008486,UPPER,Online Securities Pvt. Ltd.,Naasa Securities Co. Ltd.,10,197.0,1970.0,2025-07-10 12:42:32.563755
2025-07-10,52762,2025071004008520,UPPER,Online Securities Pvt. Ltd.,Sani Securities Company Ltd.,110,197.0,21670.0,2025-07-10 12:43:10.218725
2025-07-10,52613,2025071004008570,UPPER,Online Securities Pvt. Ltd.,Sundhara Securities Limited,100,197.0,19700.0,2025-07-10 12:43:35.965770
2025-07-10,52612,2025071004008571,UPPER,Imperial Securities Company Pvt. Ltd.,Imperial Securities Company Pvt. Ltd.,30,197.1,5913.0,2025-07-10 12:43:36.165665
2025-07-10,52381,2025071004008623,UPPER,Siprabi Securities Pvt. Ltd.,Imperial Securities Company Pvt. Ltd.,10,197.1,1971.0,2025-07-10 12:44:11.117815
2025-07-10,52380,2025071004008624,UPPER,Siprabi Securities Pvt. Ltd.,Sundhara Securities Limited,205,197.2,40426.0,2025-07-10 12:44:11.118243
2025-07-10,52290,2025071004008638,UPPER,Online Securities Pvt. Ltd.,Ashutosh Brokerage & Securities (PVT) Ltd.,40,197.0,7880.0,2025-07-10 12:44:23.146818
2025-07-10,52189,2025071004008658,UPPER,Online Securities Pvt. Ltd.,Dipshikha Dhitopatra Karobar Co. Pvt Ltd.,313,197.0,61661.0,2025-07-10 12:44:50.271404
2025-07-10,52008,2025071004008708,UPPER,Dipshikha Dhitopatra Karobar Co. Pvt Ltd.,Dipshikha Dhitopatra Karobar Co. Pvt Ltd.,25,197.0,4925.0,2025-07-10 12:45:20.634281
2025-07-10,51767,2025071004008765,UPPER,Sani Securities Company Ltd.,Dynamic Money Managers Securities Pvt. Ltd.,14,196.5,2751.0,2025-07-10 12:45:58.753679
2025-07-10,51667,2025071004008783,UPPER,Sani Securities Company Ltd.,Nepal Investment And Securities Trading Private Limited,245,196.5,48142.5,2025-07-10 12:46:13.213041
2025-07-10,51570,2025071004008811,UPPER,Sani Securities Company Ltd.,Dynamic Money Managers Securities Pvt. Ltd.,43,196.5,8449.5,2025-07-10 12:46:32.359437
2025-07-10,51569,2025071004008812,UPPER,Kohinoor Investment & Securities Pvt. Ltd.,Dynamic Money Managers Securities Pvt. Ltd.,47,196.5,9235.5,2025-07-10 12:46:32.360267
2025-07-10,51545,2025071004008823,UPPER,Kohinoor Investment & Securities Pvt. Ltd.,Sewa Securities Pvt. Ltd.,200,196.5,39300.0,2025-07-10 12:46:36.105185
2025-07-10,51214,2025071004008925,UPPER,Kohinoor Investment & Securities Pvt. Ltd.,Malla & Malla Stock Broking Company Pvt. Limited,50,196.5,9825.0,2025-07-10 12:47:40.482764
2025-07-10,50949,2025071004008993,UPPER,Kohinoor Investment & Securities Pvt. Ltd.,Imperial Securities Company Pvt. Ltd.,100,196.5,19650.0,2025-07-10 12:48:25.483457
2025-07-10,50482,2025071004009136,UPPER,Agrawal Securities (PVT) Ltd.,Imperial Securities Company Pvt. Ltd.,50,196.8,9840.0,2025-07-10 12:49:39.002999
2025-07-10,50333,2025071004009159,UPPER,Midas Stock Broking Company Private Limited,Imperial Securities Company Pvt. Ltd.,208,196.8,40934.4,2025-07-10 12:50:08.302602
2025-07-10,50081,2025071004009220,UPPER,Midas Stock Broking Company Private Limited,Capital Max Securities Ltd,88,196.8,17318.4,2025-07-10 12:50:50.538310
2025-07-10,50023,2025071004009239,UPPER,Midas Stock Broking Company Private Limited,Dynamic Money Managers Securities Pvt. Ltd.,846,196.8,166492.8,2025-07-10 12:51:03.128550
2025-07-10,49728,2025071004009293,UPPER,Midas Stock Broking Company Private Limited,Online Securities Pvt. Ltd.,61,196.8,12004.8,2025-07-10 12:51:59.362305
2025-07-10,49727,2025071004009294,UPPER,Naasa Securities Co. Ltd.,Online Securities Pvt. Ltd.,80,196.7,15736.0,2025-07-10 12:51:59.362789
2025-07-10,49726,2025071004009295,UPPER,Opal Securities Investment (PVT) Ltd.,Online Securities Pvt. Ltd.,1017,196.7,200043.9,2025-07-10 12:51:59.363163
2025-07-10,49725,2025071004009296,UPPER,Sumeru Securities Pvt. Ltd.,Online Securities Pvt. Ltd.,280,196.6,55048.0,2025-07-10 12:51:59.363450
2025-07-10,49724,2025071004009297,UPPER,Kohinoor Investment & Securities Pvt. Ltd.,Online Securities Pvt. Ltd.,103,196.5,20239.5,2025-07-10 12:51:59.363667
2025-07-10,49723,2025071004009298,UPPER,Imperial Securities Company Pvt. Ltd.,Online Securities Pvt. Ltd.,50,196.5,9825.0,2025-07-10 12:51:59.363885
2025-07-10,49722,2025071004009299,UPPER,Opal Securities Investment (PVT) Ltd.,Online Securities Pvt. Ltd.,10,196.5,1965.0,2025-07-10 12:51:59.364085
2025-07-10,49721,2025071004009300,UPPER,Online Securities Pvt. Ltd.,Online Securities Pvt. Ltd.,475,196.4,93290.0,2025-07-10 12:51:59.364284
2025-07-10,49720,2025071004009301,UPPER,Agrawal Securities (PVT) Ltd.,Online Securities Pvt. Ltd.,10,196.3,1963.0,2025-07-10 12:51:59.364494
2025-07-10,49719,2025071004009302,UPPER,Primo Securities (PVT) Ltd.,Online Securities Pvt. Ltd.,100,196.2,19620.0,2025-07-10 12:51:59.364685
2025-07-10,49718,2025071004009303,UPPER,Aryatara Investment & Securities,Online Securities Pvt. Ltd.,1385,196.2,271737.0,2025-07-10 12:51:59.364888
2025-07-10,49222,2025071004009423,UPPER,Aryatara Investment & Securities,Linch Stock Market Ltd.,200,196.2,39240.0,2025-07-10 12:53:44.773599
2025-07-10,48880,2025071004009543,UPPER,Aryatara Investment & Securities,Aryatara Investment & Securities,47,196.2,9221.4,2025-07-10 12:54:50.636234
2025-07-10,48879,2025071004009544,UPPER,Vision Securities Pvt. Ltd,Aryatara Investment & Securities,25,196.2,4905.0,2025-07-10 12:54:50.636656
2025-07-10,48685,2025071004009607,UPPER,Opal Securities Investment (PVT) Ltd.,Nepal Investment And Securities Trading Private Limited,400,196.1,78440.0,2025-07-10 12:55:17.798062
2025-07-10,48471,2025071004009663,UPPER,Dipshikha Dhitopatra Karobar Co. Pvt Ltd.,Aryatara Investment & Securities,28,196.2,5493.6,2025-07-10 12:55:57.124106
2025-07-10,48070,2025071004009761,UPPER,Naasa Securities Co. Ltd.,Nepal Stock House (PVT) Ltd.,179,196.5,35173.5,2025-07-10 12:57:17.275985
2025-07-10,48069,2025071004009762,UPPER,Midas Stock Broking Company Private Limited,Nepal Stock House (PVT) Ltd.,95,196.3,18648.5,2025-07-10 12:57:17.276410
2025-07-10,48068,2025071004009763,UPPER,Dipshikha Dhitopatra Karobar Co. Pvt Ltd.,Nepal Stock House (PVT) Ltd.,47,196.2,9221.4,2025-07-10 12:57:17.276615
2025-07-10,48067,2025071004009764,UPPER,Sani Securities Company Ltd.,Nepal Stock House (PVT) Ltd.,100,196.2,19620.0,2025-07-10 12:57:17.276818
2025-07-10,48066,2025071004009765,UPPER,Midas Stock Broking Company Private Limited,Nepal Stock House (PVT) Ltd.,79,196.2,15499.8,2025-07-10 12:57:17.277043
2025-07-10,46887,2025071004010067,UPPER,Midas Stock Broking Company Private Limited,Dipshikha Dhitopatra Karobar Co. Pvt Ltd.,95,196.3,18648.5,2025-07-10 13:00:03.515838
2025-07-10,46886,2025071004010068,UPPER,Oxford Securities Pvt. Ltd.,Dipshikha Dhitopatra Karobar Co. Pvt Ltd.,100,196.3,19630.0,2025-07-10 13:00:03.516286
2025-07-10,46885,2025071004010069,UPPER,Midas Stock Broking Company Private Limited,Dipshikha Dhitopatra Karobar Co. Pvt Ltd.,255,196.2,50031.0,2025-07-10 13:00:03.516505
2025-07-10,46787,2025071004010078,UPPER,Oxford Securities Pvt. Ltd.,Dipshikha Dhitopatra Karobar Co. Pvt Ltd.,100,196.4,19640.0,2025-07-10 13:00:17.672949
2025-07-10,46786,2025071004010079,UPPER,Midas Stock Broking Company Private Limited,Dipshikha Dhitopatra Karobar Co. Pvt Ltd.,661,196.2,129688.2,2025-07-10 13:00:17.673893
2025-07-10,46785,2025071004010080,UPPER,Sri Hari Securities Pvt. Ltd.,Dipshikha Dhitopatra Karobar Co. Pvt Ltd.,280,196.2,54936.0,2025-07-10 13:00:17.674518
2025-07-10,46784,2025071004010081,UPPER,Opal Securities Investment (PVT) Ltd.,Dipshikha Dhitopatra Karobar Co. Pvt Ltd.,959,196.1,188059.9,2025-07-10 13:00:17.675125
2025-07-10,46611,2025071004010122,UPPER,Neev Securities Pvt. Ltd.,Miyo Securities Pvt Ltd,13,196.2,2550.6,2025-07-10 13:00:54.362185
2025-07-10,46610,2025071004010123,UPPER,Opal Securities Investment (PVT) Ltd.,Miyo Securities Pvt Ltd,641,196.1,125700.1,2025-07-10 13:00:54.362662
2025-07-10,46609,2025071004010124,UPPER,Nepal Stock House (PVT) Ltd.,Miyo Securities Pvt Ltd,10,196.1,1961.0,2025-07-10 13:00:54.362866
2025-07-10,46608,2025071004010125,UPPER,Miyo Securities Pvt Ltd,Miyo Securities Pvt Ltd,20,196.1,3922.0,2025-07-10 13:00:54.363079
2025-07-10,46607,2025071004010126,UPPER,Bhrikuti Stock Broking Co. Pvt. Ltd.,Miyo Securities Pvt Ltd,100,196.1,19610.0,2025-07-10 13:00:54.363290
2025-07-10,46606,2025071004010127,UPPER,Sani Securities Company Ltd.,Miyo Securities Pvt Ltd,100,196.1,19610.0,2025-07-10 13:00:54.363509
2025-07-10,46605,2025071004010128,UPPER,Trishakti Securities Public Limited,Miyo Securities Pvt Ltd,136,196.0,26656.0,2025-07-10 13:00:54.363720
2025-07-10,45411,2025071004010420,UPPER,Investment Management Nepal Pvt. Ltd.,R.B.B. Securities Company Ltd,50,196.2,9810.0,2025-07-10 13:04:31.893385
2025-07-10,45294,2025071004010452,UPPER,Investment Management Nepal Pvt. Ltd.,Aakashbhairab Securities Ltd.,120,196.2,23544.0,2025-07-10 13:04:54.957294
2025-07-10,45214,2025071004010455,UPPER,Trishakti Securities Public Limited,Dipshikha Dhitopatra Karobar Co. Pvt Ltd.,10,196.5,1965.0,2025-07-10 13:05:02.490755
2025-07-10,45129,2025071004010484,UPPER,Sani Securities Company Ltd.,Trishakti Securities Public Limited,1000,196.6,196600.0,2025-07-10 13:05:17.773527
2025-07-10,45083,2025071004010498,UPPER,Trishakti Securities Public Limited,Premier Securities Company Ltd.,40,196.5,7860.0,2025-07-10 13:05:30.491403
2025-07-10,44928,2025071004010553,UPPER,J.F. Securites (PVT) Ltd.,Premier Securities Company Ltd.,10,196.5,1965.0,2025-07-10 13:06:05.451484
2025-07-10,44655,2025071004010619,UPPER,Naasa Securities Co. Ltd.,Premier Securities Company Ltd.,10,196.5,1965.0,2025-07-10 13:06:50.991424
2025-07-10,44296,2025071004010690,UPPER,Ashutosh Brokerage & Securities (PVT) Ltd.,Trishakti Securities Public Limited,110,196.8,21648.0,2025-07-10 13:08:21.043847
2025-07-10,44295,2025071004010691,UPPER,Ashutosh Brokerage & Securities (PVT) Ltd.,Oxford Securities Pvt. Ltd.,70,196.8,13776.0,2025-07-10 13:08:21.044345
2025-07-10,43804,2025071004010801,UPPER,Creative Securities Pvt Ltd,Sani Securities Company Ltd.,146,196.6,28703.6,2025-07-10 13:10:30.955650
2025-07-10,43803,2025071004010802,UPPER,Creative Securities Pvt Ltd,Oxford Securities Pvt. Ltd.,54,196.8,10627.2,2025-07-10 13:10:30.956160
2025-07-10,43729,2025071004010821,UPPER,Bhrikuti Stock Broking Co. Pvt. Ltd.,Oxford Securities Pvt. Ltd.,200,196.8,39360.0,2025-07-10 13:10:49.648868
2025-07-10,43657,2025071004010835,UPPER,Kalika Securities Pvt. Ltd.,Oxford Securities Pvt. Ltd.,176,196.8,34636.8,2025-07-10 13:11:06.495548
2025-07-10,43656,2025071004010836,UPPER,Kalika Securities Pvt. Ltd.,Magnet Securities and Investment Company Private Limited,1000,196.8,196800.0,2025-07-10 13:11:06.495968
2025-07-10,43604,2025071004010850,UPPER,Kalika Securities Pvt. Ltd.,Secured Securities Ltd.,50,196.8,9840.0,2025-07-10 13:11:19.803069
2025-07-10,43400,2025071004010920,UPPER,Naasa Securities Co. Ltd.,Secured Securities Ltd.,100,196.9,19690.0,2025-07-10 13:11:56.217608
2025-07-10,43259,2025071004010953,UPPER,Miyo Securities Pvt Ltd,Capital Max Securities Ltd,3,194.0,582.0,2025-07-10 13:12:30.473323
2025-07-10,43121,2025071004010977,UPPER,Kalika Securities Pvt. Ltd.,Dipshikha Dhitopatra Karobar Co. Pvt Ltd.,853,197.0,168041.0,2025-07-10 13:12:56.981380
2025-07-10,43120,2025071004010978,UPPER,Kalika Securities Pvt. Ltd.,South Asian Bulls Pvt. Ltd.,194,197.0,38218.0,2025-07-10 13:12:56.981865
2025-07-10,43119,2025071004010979,UPPER,Kalika Securities Pvt. Ltd.,Nepal Stock House (PVT) Ltd.,65,197.0,12805.0,2025-07-10 13:12:56.982076
2025-07-10,43118,2025071004010980,UPPER,Kalika Securities Pvt. Ltd.,Linch Stock Market Ltd.,200,197.0,39400.0,2025-07-10 13:12:56.982278
2025-07-10,43117,2025071004010981,UPPER,Kalika Securities Pvt. Ltd.,Imperial Securities Company Pvt. Ltd.,200,197.0,39400.0,2025-07-10 13:12:56.982498
2025-07-10,43116,2025071004010982,UPPER,Kalika Securities Pvt. Ltd.,Naasa Securities Co. Ltd.,175,197.0,34475.0,2025-07-10 13:12:56.982708
2025-07-10,43115,2025071004010983,UPPER,Kalika Securities Pvt. Ltd.,Sani Securities Company Ltd.,260,197.0,51220.0,2025-07-10 13:12:56.982916
2025-07-10,43114,2025071004010984,UPPER,Kalika Securities Pvt. Ltd.,Aryatara Investment & Securities,198,197.0,39006.0,2025-07-10 13:12:56.983126
2025-07-10,43113,2025071004010985,UPPER,Kalika Securities Pvt. Ltd.,Kumari Securities Private Limited,600,197.0,118200.0,2025-07-10 13:12:56.983338
2025-07-10,43112,2025071004010986,UPPER,Kalika Securities Pvt. Ltd.,Sundhara Securities Limited,295,197.0,58115.0,2025-07-10 13:12:56.983546
2025-07-10,43111,2025071004010987,UPPER,Kalika Securities Pvt. Ltd.,Vision Securities Pvt. Ltd,40,197.0,7880.0,2025-07-10 13:12:56.983749
2025-07-10,43110,2025071004010988,UPPER,Kalika Securities Pvt. Ltd.,Siprabi Securities Pvt. Ltd.,60,197.0,11820.0,2025-07-10 13:12:56.983951
2025-07-10,42892,2025071004011028,UPPER,Naasa Securities Co. Ltd.,Online Securities Pvt. Ltd.,45,197.1,8869.5,2025-07-10 13:13:58.589712
2025-07-10,42604,2025071004011097,UPPER,Kohinoor Investment & Securities Pvt. Ltd.,Neev Securities Pvt. Ltd.,250,197.0,49250.0,2025-07-10 13:14:55.648146
2025-07-10,42261,2025071004011207,UPPER,Kohinoor Investment & Securities Pvt. Ltd.,Naasa Securities Co. Ltd.,50,197.0,9850.0,2025-07-10 13:16:03.779038
2025-07-10,42260,2025071004011208,UPPER,Sani Securities Company Ltd.,Naasa Securities Co. Ltd.,85,197.0,16745.0,2025-07-10 13:16:03.779533
2025-07-10,42202,2025071004011221,UPPER,Nepal Stock House (PVT) Ltd.,Naasa Securities Co. Ltd.,10,197.0,1970.0,2025-07-10 13:16:18.153641
2025-07-10,41718,2025071004011373,UPPER,Primo Securities (PVT) Ltd.,Kohinoor Investment & Securities Pvt. Ltd.,100,197.0,19700.0,2025-07-10 13:18:20.153894
2025-07-10,41712,2025071004011376,UPPER,Sani Securities Company Ltd.,Sagarmatha Securities Private Limited,15,197.2,2958.0,2025-07-10 13:18:21.653603
2025-07-10,41561,2025071004011397,UPPER,Primo Securities (PVT) Ltd.,Arun Securities (PVT) Ltd.,50,197.0,9850.0,2025-07-10 13:19:03.480212
2025-07-10,41560,2025071004011398,UPPER,Sweta Securities Private Limited,Arun Securities (PVT) Ltd.,65,197.0,12805.0,2025-07-10 13:19:03.481229
2025-07-10,41399,2025071004011434,UPPER,Miyo Securities Pvt Ltd,Sagarmatha Securities Private Limited,295,196.7,58026.5,2025-07-10 13:19:35.736393
2025-07-10,41398,2025071004011435,UPPER,Miyo Securities Pvt Ltd,Sagarmatha Securities Private Limited,595,196.7,117036.5,2025-07-10 13:19:35.736850
2025-07-10,41255,2025071004011469,UPPER,Dipshikha Dhitopatra Karobar Co. Pvt Ltd.,Sagarmatha Securities Private Limited,50,196.5,9825.0,2025-07-10 13:20:06.976446
2025-07-10,41254,2025071004011470,UPPER,Naasa Securities Co. Ltd.,Sagarmatha Securities Private Limited,100,196.5,19650.0,2025-07-10 13:20:06.976927
2025-07-10,41253,2025071004011471,UPPER,Creative Securities Pvt Ltd,Sagarmatha Securities Private Limited,100,196.5,19650.0,2025-07-10 13:20:06.977189
2025-07-10,41252,2025071004011472,UPPER,Sani Securities Company Ltd.,Sagarmatha Securities Private Limited,50,196.4,9820.0,2025-07-10 13:20:06.977442
2025-07-10,41251,2025071004011473,UPPER,Vision Securities Pvt. Ltd,Sagarmatha Securities Private Limited,61,196.3,11974.3,2025-07-10 13:20:06.977661
2025-07-10,41250,2025071004011474,UPPER,Naasa Securities Co. Ltd.,Sagarmatha Securities Private Limited,50,196.2,9810.0,2025-07-10 13:20:06.977873
2025-07-10,41249,2025071004011475,UPPER,Oxford Securities Pvt. Ltd.,Sagarmatha Securities Private Limited,100,196.1,19610.0,2025-07-10 13:20:06.978087
2025-07-10,41248,2025071004011476,UPPER,Sani Securities Company Ltd.,Sagarmatha Securities Private Limited,1189,196.1,233162.9,2025-07-10 13:20:06.978305
2025-07-10,41166,2025071004011487,UPPER,Sani Securities Company Ltd.,Sagarmatha Securities Private Limited,311,196.1,60987.1,2025-07-10 13:20:24.055423
2025-07-10,41165,2025071004011488,UPPER,Trishakti Securities Public Limited,Sagarmatha Securities Private Limited,564,196.0,110544.0,2025-07-10 13:20:24.056379
2025-07-10,41164,2025071004011489,UPPER,Ashutosh Brokerage & Securities (PVT) Ltd.,Sagarmatha Securities Private Limited,50,196.0,9800.0,2025-07-10 13:20:24.057017
2025-07-10,41163,2025071004011490,UPPER,Naasa Securities Co. Ltd.,Sagarmatha Securities Private Limited,10,196.0,1960.0,2025-07-10 13:20:24.057651
2025-07-10,41162,2025071004011491,UPPER,Naasa Securities Co. Ltd.,Sagarmatha Securities Private Limited,100,196.0,19600.0,2025-07-10 13:20:24.058254
2025-07-10,41161,2025071004011492,UPPER,Sani Securities Company Ltd.,Sagarmatha Securities Private Limited,20,196.0,3920.0,2025-07-10 13:20:24.058862
2025-07-10,41160,2025071004011493,UPPER,Midas Stock Broking Company Private Limited,Sagarmatha Securities Private Limited,2000,196.0,392000.0,2025-07-10 13:20:24.059484
2025-07-10,41159,2025071004011494,UPPER,Dynamic Money Managers Securities Pvt. Ltd.,Sagarmatha Securities Private Limited,224,196.0,43904.0,2025-07-10 13:20:24.060124
2025-07-10,41158,2025071004011495,UPPER,Sewa Securities Pvt. Ltd.,Sagarmatha Securities Private Limited,51,196.0,9996.0,2025-07-10 13:20:24.060757
2025-07-10,41157,2025071004011496,UPPER,Malla & Malla Stock Broking Company Pvt. Limited,Sagarmatha Securities Private Limited,100,196.0,19600.0,2025-07-10 13:20:24.061412
2025-07-10,41156,2025071004011497,UPPER,Linch Stock Market Ltd.,Sagarmatha Securities Private Limited,100,196.0,19600.0,2025-07-10 13:20:24.062054
2025-07-10,41155,2025071004011498,UPPER,Dakshinkali Investment & Securities Pvt. Ltd.,Sagarmatha Securities Private Limited,1000,196.0,196000.0,2025-07-10 13:20:24.062683
2025-07-10,41154,2025071004011499,UPPER,Oxford Securities Pvt. Ltd.,Sagarmatha Securities Private Limited,300,196.0,58800.0,2025-07-10 13:20:24.063296
2025-07-10,41153,2025071004011500,UPPER,Kohinoor Investment & Securities Pvt. Ltd.,Sagarmatha Securities Private Limited,500,196.0,98000.0,2025-07-10 13:20:24.063919
2025-07-10,41152,2025071004011501,UPPER,Naasa Securities Co. Ltd.,Sagarmatha Securities Private Limited,1000,196.0,196000.0,2025-07-10 13:20:24.064562
2025-07-10,41151,2025071004011502,UPPER,Online Securities Pvt. Ltd.,Sagarmatha Securities Private Limited,50,196.0,9800.0,2025-07-10 13:20:24.064836
2025-07-10,41150,2025071004011503,UPPER,Online Securities Pvt. Ltd.,Sagarmatha Securities Private Limited,15,196.0,2940.0,2025-07-10 13:20:24.065040
2025-07-10,41149,2025071004011504,UPPER,Sani Securities Company Ltd.,Sagarmatha Securities Private Limited,25,196.0,4900.0,2025-07-10 13:20:24.065241
2025-07-10,41148,2025071004011505,UPPER,Naasa Securities Co. Ltd.,Sagarmatha Securities Private Limited,10,196.0,1960.0,2025-07-10 13:20:24.065449
2025-07-10,41147,2025071004011506,UPPER,Online Securities Pvt. Ltd.,Sagarmatha Securities Private Limited,500,196.0,98000.0,2025-07-10 13:20:24.065653
2025-07-10,41146,2025071004011507,UPPER,Shree Krishna Securities Ltd.,Sagarmatha Securities Private Limited,2000,196.0,392000.0,2025-07-10 13:20:24.065860
2025-07-10,41145,2025071004011508,UPPER,Investment Management Nepal Pvt. Ltd.,Sagarmatha Securities Private Limited,70,196.0,13720.0,2025-07-10 13:20:24.066060
2025-07-10,40294,2025071004011701,UPPER,Miyo Securities Pvt Ltd,Aryatara Investment & Securities,40,196.7,7868.0,2025-07-10 13:23:11.136377
2025-07-10,40143,2025071004011743,UPPER,Sani Securities Company Ltd.,Arun Securities (PVT) Ltd.,29,197.0,5713.0,2025-07-10 13:23:41.133438
2025-07-10,40142,2025071004011744,UPPER,Sani Securities Company Ltd.,Sweta Securities Private Limited,21,197.0,4137.0,2025-07-10 13:23:41.133990
2025-07-10,39913,2025071004011855,UPPER,Miyo Securities Pvt Ltd,Sri Hari Securities Pvt. Ltd.,100,196.7,19670.0,2025-07-10 13:24:23.312525
2025-07-10,39395,2025071004012040,UPPER,Online Securities Pvt. Ltd.,Sagarmatha Securities Private Limited,15,196.8,2952.0,2025-07-10 13:25:58.715655
2025-07-10,39394,2025071004012041,UPPER,Miyo Securities Pvt Ltd,Sagarmatha Securities Private Limited,855,196.7,168178.5,2025-07-10 13:25:58.716128
2025-07-10,39393,2025071004012042,UPPER,Investment Management Nepal Pvt. Ltd.,Sagarmatha Securities Private Limited,110,196.0,21560.0,2025-07-10 13:25:58.716356
2025-07-10,39392,2025071004012043,UPPER,Naasa Securities Co. Ltd.,Sagarmatha Securities Private Limited,97,196.0,19012.0,2025-07-10 13:25:58.716571
2025-07-10,39391,2025071004012044,UPPER,Asian Securities Private Ltd.,Sagarmatha Securities Private Limited,50,196.0,9800.0,2025-07-10 13:25:58.716778
2025-07-10,39390,2025071004012045,UPPER,Asian Securities Private Ltd.,Sagarmatha Securities Private Limited,400,196.0,78400.0,2025-07-10 13:25:58.716986
2025-07-10,39389,2025071004012046,UPPER,Premier Securities Company Ltd.,Sagarmatha Securities Private Limited,10,196.0,1960.0,2025-07-10 13:25:58.717190
2025-07-10,39388,2025071004012047,UPPER,Naasa Securities Co. Ltd.,Sagarmatha Securities Private Limited,63,196.0,12348.0,2025-07-10 13:25:58.717403
2025-07-10,39089,2025071004012136,UPPER,Trishakti Securities Public Limited,Sweta Securities Private Limited,279,197.0,54963.0,2025-07-10 13:26:59.429935
2025-07-10,39088,2025071004012137,UPPER,Trishakti Securities Public Limited,ABC Securities Private Limited,100,197.0,19700.0,2025-07-10 13:26:59.430027
2025-07-10,39087,2025071004012138,UPPER,Trishakti Securities Public Limited,Kohinoor Investment & Securities Pvt. Ltd.,221,197.0,43537.0,2025-07-10 13:26:59.430090
2025-07-10,39016,2025071004012151,UPPER,Kalika Securities Pvt. Ltd.,Kohinoor Investment & Securities Pvt. Ltd.,589,197.0,116033.0,2025-07-10 13:27:16.110856
2025-07-10,39015,2025071004012152,UPPER,Kalika Securities Pvt. Ltd.,Dakshinkali Investment & Securities Pvt. Ltd.,11,197.0,2167.0,2025-07-10 13:27:16.111350
2025-07-10,38917,2025071004012181,UPPER,ABC Securities Private Limited,Sagarmatha Securities Private Limited,250,196.2,49050.0,2025-07-10 13:27:40.208048
2025-07-10,38916,2025071004012182,UPPER,Imperial Securities Company Pvt. Ltd.,Sagarmatha Securities Private Limited,50,196.1,9805.0,2025-07-10 13:27:40.208542
2025-07-10,38915,2025071004012183,UPPER,Naasa Securities Co. Ltd.,Sagarmatha Securities Private Limited,37,196.0,7252.0,2025-07-10 13:27:40.208781
2025-07-10,38914,2025071004012184,UPPER,Asian Securities Private Ltd.,Sagarmatha Securities Private Limited,15,196.0,2940.0,2025-07-10 13:27:40.209024
2025-07-10,38913,2025071004012185,UPPER,Asian Securities Private Ltd.,Sagarmatha Securities Private Limited,50,196.0,9800.0,2025-07-10 13:27:40.209251
2025-07-10,38912,2025071004012186,UPPER,Nepal Stock House (PVT) Ltd.,Sagarmatha Securities Private Limited,10,196.0,1960.0,2025-07-10 13:27:40.209514
2025-07-10,38911,2025071004012187,UPPER,Online Securities Pvt. Ltd.,Sagarmatha Securities Private Limited,188,196.0,36848.0,2025-07-10 13:27:40.209731
2025-07-10,38886,2025071004012193,UPPER,Kumari Securities Private Limited,Dakshinkali Investment & Securities Pvt. Ltd.,100,197.0,19700.0,2025-07-10 13:27:46.012963
2025-07-10,38732,2025071004012229,UPPER,Online Securities Pvt. Ltd.,Sagarmatha Securities Private Limited,12,196.0,2352.0,2025-07-10 13:28:21.432285
2025-07-10,38731,2025071004012230,UPPER,Asian Securities Private Ltd.,Sagarmatha Securities Private Limited,100,196.0,19600.0,2025-07-10 13:28:21.432748
2025-07-10,38730,2025071004012231,UPPER,Nepal Stock House (PVT) Ltd.,Sagarmatha Securities Private Limited,25,196.0,4900.0,2025-07-10 13:28:21.432987
2025-07-10,38663,2025071004012248,UPPER,Secured Securities Ltd.,Sagarmatha Securities Private Limited,210,196.0,41160.0,2025-07-10 13:28:35.703794
2025-07-10,38074,2025071004012430,UPPER,Naasa Securities Co. Ltd.,Sagarmatha Securities Private Limited,50,195.8,9790.0,2025-07-10 13:30:46.309823
2025-07-10,38073,2025071004012431,UPPER,Kumari Securities Private Limited,Sagarmatha Securities Private Limited,71,195.7,13894.7,2025-07-10 13:30:46.310283
2025-07-10,38072,2025071004012432,UPPER,Neev Securities Pvt. Ltd.,Sagarmatha Securities Private Limited,500,195.7,97850.0,2025-07-10 13:30:46.310612
2025-07-10,38071,2025071004012433,UPPER,Aryatara Investment & Securities,Sagarmatha Securities Private Limited,17,195.7,3326.9,2025-07-10 13:30:46.310915
2025-07-10,37758,2025071004012529,UPPER,Sewa Securities Pvt. Ltd.,Aryatara Investment & Securities,30,196.0,5880.0,2025-07-10 13:31:43.309918
2025-07-10,37757,2025071004012530,UPPER,Aryatara Investment & Securities,Aryatara Investment & Securities,183,195.7,35813.1,2025-07-10 13:31:43.310407
2025-07-10,37590,2025071004012591,UPPER,Miyo Securities Pvt Ltd,Aryatara Investment & Securities,275,195.7,53817.5,2025-07-10 13:32:23.122659
2025-07-10,37079,2025071004012720,UPPER,INDEX SECURITIES LIMITED,Dakshinkali Investment & Securities Pvt. Ltd.,20,197.0,3940.0,2025-07-10 13:34:03.088360
2025-07-10,36863,2025071004012770,UPPER,Primo Securities (PVT) Ltd.,Online Securities Pvt. Ltd.,20,196.9,3938.0,2025-07-10 13:34:37.112279
2025-07-10,36777,2025071004012792,UPPER,Online Securities Pvt. Ltd.,Thrive Brokerage House Pvt. Ltd,100,196.0,19600.0,2025-07-10 13:34:54.537915
2025-07-10,36751,2025071004012799,UPPER,Dynamic Money Managers Securities Pvt. Ltd.,Siprabi Securities Pvt. Ltd.,200,196.0,39200.0,2025-07-10 13:35:03.283257
2025-07-10,36576,2025071004012866,UPPER,South Asian Bulls Pvt. Ltd.,Siprabi Securities Pvt. Ltd.,90,196.0,17640.0,2025-07-10 13:35:34.896265
2025-07-10,36045,2025071004013036,UPPER,South Asian Bulls Pvt. Ltd.,Dipshikha Dhitopatra Karobar Co. Pvt Ltd.,810,196.0,158760.0,2025-07-10 13:37:29.326155
2025-07-10,35711,2025071004013156,UPPER,Blue Chip Securities Ltd,Dipshikha Dhitopatra Karobar Co. Pvt Ltd.,36,196.0,7056.0,2025-07-10 13:38:38.873103
2025-07-10,35318,2025071004013294,UPPER,Dynamic Money Managers Securities Pvt. Ltd.,Online Securities Pvt. Ltd.,30,196.9,5907.0,2025-07-10 13:40:04.777173
2025-07-10,33993,2025071004013616,UPPER,Secured Securities Ltd.,Arun Securities (PVT) Ltd.,80,196.1,15688.0,2025-07-10 13:44:09.035847
2025-07-10,33815,2025071004013671,UPPER,Deevyaa Securities & Stock House Pvt. Ltd,ABC Securities Private Limited,50,196.6,9830.0,2025-07-10 13:44:43.119684
2025-07-10,33814,2025071004013672,UPPER,Deevyaa Securities & Stock House Pvt. Ltd,Online Securities Pvt. Ltd.,99,196.7,19473.3,2025-07-10 13:44:43.120649
2025-07-10,33813,2025071004013673,UPPER,Deevyaa Securities & Stock House Pvt. Ltd,South Asian Bulls Pvt. Ltd.,500,196.8,98400.0,2025-07-10 13:44:43.121369
2025-07-10,33812,2025071004013674,UPPER,Deevyaa Securities & Stock House Pvt. Ltd,Trishakti Securities Public Limited,129,196.9,25400.1,2025-07-10 13:44:43.122205
2025-07-10,33811,2025071004013675,UPPER,Deevyaa Securities & Stock House Pvt. Ltd,Dakshinkali Investment & Securities Pvt. Ltd.,222,197.0,43734.0,2025-07-10 13:44:43.123015
2025-07-10,33658,2025071004013698,UPPER,Deevyaa Securities & Stock House Pvt. Ltd,Arun Securities (PVT) Ltd.,63,196.9,12404.7,2025-07-10 13:45:12.287880
2025-07-10,33657,2025071004013699,UPPER,Deevyaa Securities & Stock House Pvt. Ltd,Dakshinkali Investment & Securities Pvt. Ltd.,67,197.0,13199.0,2025-07-10 13:45:12.288823
2025-07-10,33656,2025071004013700,UPPER,Deevyaa Securities & Stock House Pvt. Ltd,Primo Securities (PVT) Ltd.,140,197.0,27580.0,2025-07-10 13:45:12.289494
2025-07-10,33655,2025071004013701,UPPER,Deevyaa Securities & Stock House Pvt. Ltd,Aryatara Investment & Securities,80,197.0,15760.0,2025-07-10 13:45:12.290134
2025-07-10,33654,2025071004013702,UPPER,Deevyaa Securities & Stock House Pvt. Ltd,Asian Securities Private Ltd.,150,197.0,29550.0,2025-07-10 13:45:12.290788
2025-07-10,33440,2025071004013778,UPPER,Deevyaa Securities & Stock House Pvt. Ltd,Arun Securities (PVT) Ltd.,10,196.9,1969.0,2025-07-10 13:45:49.463397
2025-07-10,33439,2025071004013779,UPPER,Deevyaa Securities & Stock House Pvt. Ltd,Asian Securities Private Ltd.,250,197.0,49250.0,2025-07-10 13:45:49.463874
2025-07-10,33438,2025071004013780,UPPER,Deevyaa Securities & Stock House Pvt. Ltd,Imperial Securities Company Pvt. Ltd.,700,197.0,137900.0,2025-07-10 13:45:49.464123
2025-07-10,33437,2025071004013781,UPPER,Deevyaa Securities & Stock House Pvt. Ltd,South Asian Bulls Pvt. Ltd.,100,197.0,19700.0,2025-07-10 13:45:49.464434
2025-07-10,33436,2025071004013782,UPPER,Deevyaa Securities & Stock House Pvt. Ltd,Vision Securities Pvt. Ltd,700,197.0,137900.0,2025-07-10 13:45:49.464686
2025-07-10,33435,2025071004013783,UPPER,Deevyaa Securities & Stock House Pvt. Ltd,Opal Securities Investment (PVT) Ltd.,255,197.0,50235.0,2025-07-10 13:45:49.464948
2025-07-10,33434,2025071004013784,UPPER,Deevyaa Securities & Stock House Pvt. Ltd,Sweta Securities Private Limited,490,197.0,96530.0,2025-07-10 13:45:49.465237
2025-07-10,33433,2025071004013785,UPPER,Deevyaa Securities & Stock House Pvt. Ltd,Sewa Securities Pvt. Ltd.,200,197.0,39400.0,2025-07-10 13:45:49.465582
2025-07-10,33432,2025071004013786,UPPER,Deevyaa Securities & Stock House Pvt. Ltd,Vision Securities Pvt. Ltd,70,197.0,13790.0,2025-07-10 13:45:49.465885
2025-07-10,33431,2025071004013787,UPPER,Deevyaa Securities & Stock House Pvt. Ltd,Sweta Securities Private Limited,144,197.0,28368.0,2025-07-10 13:45:49.466136
2025-07-10,33430,2025071004013788,UPPER,Deevyaa Securities & Stock House Pvt. Ltd,J.F. Securites (PVT) Ltd.,270,197.0,53190.0,2025-07-10 13:45:49.466424
2025-07-10,33386,2025071004013793,UPPER,Deevyaa Securities & Stock House Pvt. Ltd,Nagarik Stock Dealer ,144,197.0,28368.0,2025-07-10 13:46:04.266646
2025-07-10,33337,2025071004013803,UPPER,Deevyaa Securities & Stock House Pvt. Ltd,Naasa Securities Co. Ltd.,100,197.0,19700.0,2025-07-10 13:46:24.045270
2025-07-10,33271,2025071004013824,UPPER,Deevyaa Securities & Stock House Pvt. Ltd,Dynamic Money Managers Securities Pvt. Ltd.,1500,197.0,295500.0,2025-07-10 13:46:38.843559
2025-07-10,33137,2025071004013857,UPPER,Deevyaa Securities & Stock House Pvt. Ltd,Agrawal Securities (PVT) Ltd.,67,197.0,13199.0,2025-07-10 13:47:09.587932
2025-07-10,33136,2025071004013858,UPPER,Secured Securities Ltd.,Agrawal Securities (PVT) Ltd.,13,196.1,2549.3,2025-07-10 13:47:09.588887
2025-07-10,31478,2025071004014363,UPPER,Deevyaa Securities & Stock House Pvt. Ltd,Opal Securities Investment (PVT) Ltd.,382,196.8,75177.6,2025-07-10 13:53:14.089703
2025-07-10,31444,2025071004014374,UPPER,Linch Stock Market Ltd.,Naasa Securities Co. Ltd.,60,197.0,11820.0,2025-07-10 13:53:23.654775
2025-07-10,31443,2025071004014375,UPPER,Linch Stock Market Ltd.,South Asian Bulls Pvt. Ltd.,60,197.0,11820.0,2025-07-10 13:53:23.655288
2025-07-10,31442,2025071004014376,UPPER,Linch Stock Market Ltd.,Online Securities Pvt. Ltd.,130,197.0,25610.0,2025-07-10 13:53:23.655651
2025-07-10,30811,2025071004014530,UPPER,Deevyaa Securities & Stock House Pvt. Ltd,Sipla Securities Private Limited,618,196.8,121622.4,2025-07-10 13:56:11.953158
2025-07-10,30810,2025071004014531,UPPER,Kalika Securities Pvt. Ltd.,Sipla Securities Private Limited,80,196.2,15696.0,2025-07-10 13:56:11.953615
2025-07-10,30809,2025071004014532,UPPER,Secured Securities Ltd.,Sipla Securities Private Limited,61,196.1,11962.1,2025-07-10 13:56:11.953841
2025-07-10,30808,2025071004014533,UPPER,Naasa Securities Co. Ltd.,Sipla Securities Private Limited,200,196.1,39220.0,2025-07-10 13:56:11.954062
2025-07-10,30807,2025071004014534,UPPER,Blue Chip Securities Ltd,Sipla Securities Private Limited,1041,196.0,204036.0,2025-07-10 13:56:11.954279
2025-07-10,30680,2025071004014593,UPPER,Blue Chip Securities Ltd,Sri Hari Securities Pvt. Ltd.,68,196.0,13328.0,2025-07-10 13:56:41.172547
2025-07-10,30442,2025071004014644,UPPER,Naasa Securities Co. Ltd.,Trishakti Securities Public Limited,20,196.8,3936.0,2025-07-10 13:57:50.112098
2025-07-10,30322,2025071004014673,UPPER,Blue Chip Securities Ltd,Blue Chip Securities Ltd,57,196.0,11172.0,2025-07-10 13:58:20.319973
2025-07-10,30315,2025071004014674,UPPER,Blue Chip Securities Ltd,Creative Securities Pvt Ltd,100,196.0,19600.0,2025-07-10 13:58:21.099414
2025-07-10,30280,2025071004014680,UPPER,Blue Chip Securities Ltd,Dynamic Money Managers Securities Pvt. Ltd.,1698,196.0,332808.0,2025-07-10 13:58:28.173384
2025-07-10,30002,2025071004014778,UPPER,Naasa Securities Co. Ltd.,Creative Securities Pvt Ltd,100,196.0,19600.0,2025-07-10 13:59:29.422470
2025-07-10,29861,2025071004014855,UPPER,Naasa Securities Co. Ltd.,Linch Stock Market Ltd.,500,196.0,98000.0,2025-07-10 13:59:55.911707
2025-07-10,29499,2025071004014961,UPPER,Dynamic Money Managers Securities Pvt. Ltd.,Trishakti Securities Public Limited,50,196.8,9840.0,2025-07-10 14:01:18.087643
2025-07-10,28305,2025071004015356,UPPER,Asian Securities Private Ltd.,Sundhara Securities Limited,50,196.5,9825.0,2025-07-10 14:05:52.457578
2025-07-10,27756,2025071004015482,UPPER,Online Securities Pvt. Ltd.,Trishakti Securities Public Limited,115,196.8,22632.0,2025-07-10 14:07:57.181913
2025-07-10,27748,2025071004015486,UPPER,Oxford Securities Pvt. Ltd.,Trishakti Securities Public Limited,186,196.8,36604.8,2025-07-10 14:07:58.102538
2025-07-10,27747,2025071004015487,UPPER,Oxford Securities Pvt. Ltd.,Sweta Securities Private Limited,120,196.8,23616.0,2025-07-10 14:07:58.102627
2025-07-10,27746,2025071004015488,UPPER,Oxford Securities Pvt. Ltd.,Online Securities Pvt. Ltd.,94,197.0,18518.0,2025-07-10 14:07:58.102712
2025-07-10,27578,2025071004015536,UPPER,Online Securities Pvt. Ltd.,Online Securities Pvt. Ltd.,100,197.0,19700.0,2025-07-10 14:08:36.723034
2025-07-10,27320,2025071004015637,UPPER,Sumeru Securities Pvt. Ltd.,Online Securities Pvt. Ltd.,346,197.0,68162.0,2025-07-10 14:09:26.228371
2025-07-10,27319,2025071004015638,UPPER,Sumeru Securities Pvt. Ltd.,Asian Securities Private Ltd.,500,197.0,98500.0,2025-07-10 14:09:26.228913
2025-07-10,27318,2025071004015639,UPPER,Sumeru Securities Pvt. Ltd.,Dipshikha Dhitopatra Karobar Co. Pvt Ltd.,200,197.0,39400.0,2025-07-10 14:09:26.229147
2025-07-10,27317,2025071004015640,UPPER,Sumeru Securities Pvt. Ltd.,South Asian Bulls Pvt. Ltd.,60,197.0,11820.0,2025-07-10 14:09:26.229382
2025-07-10,27316,2025071004015641,UPPER,Sumeru Securities Pvt. Ltd.,Ashutosh Brokerage & Securities (PVT) Ltd.,594,197.0,117018.0,2025-07-10 14:09:26.229614
2025-07-10,27159,2025071004015698,UPPER,Aryatara Investment & Securities,Ashutosh Brokerage & Securities (PVT) Ltd.,500,197.0,98500.0,2025-07-10 14:10:12.557649
2025-07-10,27111,2025071004015725,UPPER,Aryatara Investment & Securities,Ashutosh Brokerage & Securities (PVT) Ltd.,500,197.0,98500.0,2025-07-10 14:10:27.749279
2025-07-10,27064,2025071004015728,UPPER,Secured Securities Ltd.,Ashutosh Brokerage & Securities (PVT) Ltd.,151,197.0,29747.0,2025-07-10 14:10:42.628873
2025-07-10,27045,2025071004015739,UPPER,Dipshikha Dhitopatra Karobar Co. Pvt Ltd.,Linch Stock Market Ltd.,30,196.8,5904.0,2025-07-10 14:10:45.856351
2025-07-10,26905,2025071004015789,UPPER,Aryatara Investment & Securities,Linch Stock Market Ltd.,500,196.8,98400.0,2025-07-10 14:11:18.382710
2025-07-10,26810,2025071004015806,UPPER,Aryatara Investment & Securities,Linch Stock Market Ltd.,170,196.8,33456.0,2025-07-10 14:11:41.650931
2025-07-10,26460,2025071004015921,UPPER,Aryatara Investment & Securities,Trishakti Securities Public Limited,100,196.8,19680.0,2025-07-10 14:12:46.002208
2025-07-10,26303,2025071004015964,UPPER,Swarna Laxmi Securities Pvt. Ltd.,Ashutosh Brokerage & Securities (PVT) Ltd.,95,197.0,18715.0,2025-07-10 14:13:29.740952
2025-07-10,25984,2025071004016033,UPPER,Aryatara Investment & Securities,Naasa Securities Co. Ltd.,230,196.8,45264.0,2025-07-10 14:15:02.771285
2025-07-10,25365,2025071004016188,UPPER,Naasa Securities Co. Ltd.,Naasa Securities Co. Ltd.,100,196.6,19660.0,2025-07-10 14:17:17.033069
2025-07-10,24457,2025071004016448,UPPER,Dipshikha Dhitopatra Karobar Co. Pvt Ltd.,Naasa Securities Co. Ltd.,30,196.8,5904.0,2025-07-10 14:20:31.177806
2025-07-10,24361,2025071004016489,UPPER,Miyo Securities Pvt Ltd,ABC Securities Private Limited,50,196.7,9835.0,2025-07-10 14:20:56.438414
2025-07-10,24123,2025071004016557,UPPER,Bhrikuti Stock Broking Co. Pvt. Ltd.,Naasa Securities Co. Ltd.,42,196.8,8265.6,2025-07-10 14:21:46.831330
2025-07-10,24122,2025071004016558,UPPER,Bhrikuti Stock Broking Co. Pvt. Ltd.,Trishakti Securities Public Limited,200,196.8,39360.0,2025-07-10 14:21:46.831936
2025-07-10,24121,2025071004016559,UPPER,Bhrikuti Stock Broking Co. Pvt. Ltd.,Ashutosh Brokerage & Securities (PVT) Ltd.,583,197.0,114851.0,2025-07-10 14:21:46.832527
2025-07-10,24112,2025071004016561,UPPER,Miyo Securities Pvt Ltd,Malla & Malla Stock Broking Company Pvt. Limited,30,196.7,5901.0,2025-07-10 14:21:49.258216
2025-07-10,23724,2025071004016701,UPPER,Online Securities Pvt. Ltd.,Ashutosh Brokerage & Securities (PVT) Ltd.,51,197.0,10047.0,2025-07-10 14:22:43.765258
2025-07-10,23723,2025071004016702,UPPER,Online Securities Pvt. Ltd.,Sani Securities Company Ltd.,1149,197.0,226353.0,2025-07-10 14:22:43.765802
2025-07-10,23350,2025071004016864,UPPER,ABC Securities Private Limited,SHUBHAKAMANA SECURITIES PVT. LTD,50,196.9,9845.0,2025-07-10 14:23:53.709546
2025-07-10,23329,2025071004016869,UPPER,Online Securities Pvt. Ltd.,SHUBHAKAMANA SECURITIES PVT. LTD,70,196.9,13783.0,2025-07-10 14:23:56.498084
2025-07-10,22695,2025071004017147,UPPER,Miyo Securities Pvt Ltd,Aryatara Investment & Securities,515,196.7,101300.5,2025-07-10 14:25:23.975452
2025-07-10,22694,2025071004017148,UPPER,Online Securities Pvt. Ltd.,Aryatara Investment & Securities,284,196.7,55862.8,2025-07-10 14:25:23.975974
2025-07-10,22602,2025071004017187,UPPER,J.F. Securites (PVT) Ltd.,Aryatara Investment & Securities,200,196.7,39340.0,2025-07-10 14:25:42.118298
2025-07-10,22450,2025071004017256,UPPER,Asian Securities Private Ltd.,Aryatara Investment & Securities,50,196.8,9840.0,2025-07-10 14:26:08.168478
2025-07-10,22295,2025071004017289,UPPER,Aryatara Investment & Securities,Aryatara Investment & Securities,500,196.8,98400.0,2025-07-10 14:26:39.076944
2025-07-10,22261,2025071004017304,UPPER,Naasa Securities Co. Ltd.,Oxford Securities Pvt. Ltd.,144,196.6,28310.4,2025-07-10 14:26:47.899983
2025-07-10,22236,2025071004017308,UPPER,Naasa Securities Co. Ltd.,Naasa Securities Co. Ltd.,31,196.6,6094.6,2025-07-10 14:26:50.557628
2025-07-10,22235,2025071004017309,UPPER,Sumeru Securities Pvt. Ltd.,Naasa Securities Co. Ltd.,10,196.6,1966.0,2025-07-10 14:26:50.558195
2025-07-10,22225,2025071004017311,UPPER,Kalika Securities Pvt. Ltd.,Naasa Securities Co. Ltd.,59,196.6,11599.4,2025-07-10 14:26:52.567170
2025-07-10,22224,2025071004017312,UPPER,Kalika Securities Pvt. Ltd.,Aryatara Investment & Securities,1150,196.8,226320.0,2025-07-10 14:26:52.567689
2025-07-10,22203,2025071004017317,UPPER,Kalika Securities Pvt. Ltd.,Sani Securities Company Ltd.,852,196.8,167673.6,2025-07-10 14:26:55.118080
2025-07-10,21749,2025071004017427,UPPER,Kalika Securities Pvt. Ltd.,Kalika Securities Pvt. Ltd.,116,196.8,22828.8,2025-07-10 14:28:08.562249
2025-07-10,21683,2025071004017457,UPPER,Kalika Securities Pvt. Ltd.,ABC Securities Private Limited,250,196.8,49200.0,2025-07-10 14:28:20.765577
2025-07-10,21341,2025071004017625,UPPER,Kalika Securities Pvt. Ltd.,Kalika Securities Pvt. Ltd.,637,196.8,125361.6,2025-07-10 14:29:17.466383
2025-07-10,20997,2025071004017770,UPPER,Kalika Securities Pvt. Ltd.,Cristal Kanchanjanga Securites Pvt. Ltd.,250,196.8,49200.0,2025-07-10 14:30:11.998142
2025-07-10,20686,2025071004017840,UPPER,Kalika Securities Pvt. Ltd.,Dipshikha Dhitopatra Karobar Co. Pvt Ltd.,1856,196.8,365260.8,2025-07-10 14:31:09.697902
2025-07-10,20629,2025071004017868,UPPER,Naasa Securities Co. Ltd.,Dipshikha Dhitopatra Karobar Co. Pvt Ltd.,100,196.8,19680.0,2025-07-10 14:31:18.504111
2025-07-10,20102,2025071004018014,UPPER,Aryatara Investment & Securities,Sewa Securities Pvt. Ltd.,10,196.5,1965.0,2025-07-10 14:32:58.070473
2025-07-10,20101,2025071004018015,UPPER,Sani Securities Company Ltd.,Sewa Securities Pvt. Ltd.,13,196.5,2554.5,2025-07-10 14:32:58.070976
2025-07-10,20011,2025071004018033,UPPER,Midas Stock Broking Company Private Limited,Dipshikha Dhitopatra Karobar Co. Pvt Ltd.,100,196.8,19680.0,2025-07-10 14:33:14.473931
2025-07-10,19955,2025071004018038,UPPER,Aryatara Investment & Securities,Sundhara Securities Limited,40,196.6,7864.0,2025-07-10 14:33:23.833330
2025-07-10,19954,2025071004018039,UPPER,Aryatara Investment & Securities,Dipshikha Dhitopatra Karobar Co. Pvt Ltd.,35,196.8,6888.0,2025-07-10 14:33:23.833858
2025-07-10,19920,2025071004018046,UPPER,Kalika Securities Pvt. Ltd.,Dipshikha Dhitopatra Karobar Co. Pvt Ltd.,20,196.8,3936.0,2025-07-10 14:33:29.039212
2025-07-10,19640,2025071004018139,UPPER,Sani Securities Company Ltd.,Trishakti Securities Public Limited,37,196.5,7270.5,2025-07-10 14:34:11.258822
2025-07-10,19639,2025071004018140,UPPER,Imperial Securities Company Pvt. Ltd.,Trishakti Securities Public Limited,383,196.5,75259.5,2025-07-10 14:34:11.259495
2025-07-10,19433,2025071004018193,UPPER,Imperial Securities Company Pvt. Ltd.,Online Securities Pvt. Ltd.,68,196.5,13362.0,2025-07-10 14:34:47.268954
2025-07-10,19182,2025071004018240,UPPER,Imperial Securities Company Pvt. Ltd.,Imperial Securities Company Pvt. Ltd.,20,196.5,3930.0,2025-07-10 14:35:28.035627
2025-07-10,19022,2025071004018266,UPPER,Imperial Securities Company Pvt. Ltd.,Dipshikha Dhitopatra Karobar Co. Pvt Ltd.,10,196.5,1965.0,2025-07-10 14:35:45.721683
2025-07-10,18895,2025071004018294,UPPER,Imperial Securities Company Pvt. Ltd.,MILKY WAY SHARE BROKER COMPANY LTD ,19,196.5,3733.5,2025-07-10 14:36:03.359425
2025-07-10,18894,2025071004018295,UPPER,Aryatara Investment & Securities,MILKY WAY SHARE BROKER COMPANY LTD ,11,196.5,2161.5,2025-07-10 14:36:03.359985
2025-07-10,18893,2025071004018296,UPPER,Sharepro Securities Private Limited,MILKY WAY SHARE BROKER COMPANY LTD ,35,196.5,6877.5,2025-07-10 14:36:03.360278
2025-07-10,18723,2025071004018330,UPPER,Ashutosh Brokerage & Securities (PVT) Ltd.,Dipshikha Dhitopatra Karobar Co. Pvt Ltd.,20,196.8,3936.0,2025-07-10 14:36:24.551157
2025-07-10,18700,2025071004018335,UPPER,Sani Securities Company Ltd.,Dipshikha Dhitopatra Karobar Co. Pvt Ltd.,1010,196.8,198768.0,2025-07-10 14:36:29.591433
2025-07-10,18174,2025071004018476,UPPER,Sharepro Securities Private Limited,Trisul Securities & Invt. Ltd.,265,196.5,52072.5,2025-07-10 14:37:21.836170
2025-07-10,18173,2025071004018477,UPPER,Thrive Brokerage House Pvt. Ltd,Trisul Securities & Invt. Ltd.,15,196.5,2947.5,2025-07-10 14:37:21.837256
2025-07-10,18145,2025071004018490,UPPER,Naasa Securities Co. Ltd.,Online Securities Pvt. Ltd.,10,196.5,1965.0,2025-07-10 14:37:24.285069
2025-07-10,18011,2025071004018528,UPPER,Naasa Securities Co. Ltd.,Linch Stock Market Ltd.,10,196.5,1965.0,2025-07-10 14:37:43.821039
2025-07-10,17913,2025071004018568,UPPER,Naasa Securities Co. Ltd.,Online Securities Pvt. Ltd.,10,196.5,1965.0,2025-07-10 14:38:01.696861
2025-07-10,17668,2025071004018641,UPPER,Sani Securities Company Ltd.,Linch Stock Market Ltd.,15,196.5,2947.5,2025-07-10 14:38:41.579099
2025-07-10,17638,2025071004018650,UPPER,Market Securities & Exchange (PVT) Ltd.,Dipshikha Dhitopatra Karobar Co. Pvt Ltd.,1000,196.8,196800.0,2025-07-10 14:38:44.358509
2025-07-10,17460,2025071004018680,UPPER,Vision Securities Pvt. Ltd,ABC Securities Private Limited,50,196.6,9830.0,2025-07-10 14:39:06.688298
2025-07-10,17214,2025071004018746,UPPER,Vision Securities Pvt. Ltd,Dakshinkali Investment & Securities Pvt. Ltd.,64,196.6,12582.4,2025-07-10 14:39:40.753243
2025-07-10,17213,2025071004018747,UPPER,Vision Securities Pvt. Ltd,J.F. Securites (PVT) Ltd.,50,196.6,9830.0,2025-07-10 14:39:40.768209
2025-07-10,16815,2025071004018896,UPPER,Online Securities Pvt. Ltd.,Dipshikha Dhitopatra Karobar Co. Pvt Ltd.,500,196.8,98400.0,2025-07-10 14:40:31.813390
2025-07-10,16501,2025071004019015,UPPER,Vision Securities Pvt. Ltd,Oxford Securities Pvt. Ltd.,114,196.6,22412.4,2025-07-10 14:41:20.453848
2025-07-10,15998,2025071004019172,UPPER,Vision Securities Pvt. Ltd,Oxford Securities Pvt. Ltd.,10,196.6,1966.0,2025-07-10 14:42:17.891513
2025-07-10,15853,2025071004019213,UPPER,Vision Securities Pvt. Ltd,Naasa Securities Co. Ltd.,112,196.6,22019.2,2025-07-10 14:42:36.338975
2025-07-10,15260,2025071004019370,UPPER,Agrawal Securities (PVT) Ltd.,Dipshikha Dhitopatra Karobar Co. Pvt Ltd.,25,196.8,4920.0,2025-07-10 14:43:42.050524
2025-07-10,15031,2025071004019412,UPPER,Shree Krishna Securities Ltd.,Capital Max Securities Ltd,84,196.6,16514.4,2025-07-10 14:44:01.523535
2025-07-10,14989,2025071004019424,UPPER,Primo Securities (PVT) Ltd.,Dipshikha Dhitopatra Karobar Co. Pvt Ltd.,10,196.8,1968.0,2025-07-10 14:44:08.131535
2025-07-10,14834,2025071004019457,UPPER,Thrive Brokerage House Pvt. Ltd,Kumari Securities Private Limited,250,196.7,49175.0,2025-07-10 14:44:21.483551
2025-07-10,14212,2025071004019575,UPPER,Siprabi Securities Pvt. Ltd.,Dipshikha Dhitopatra Karobar Co. Pvt Ltd.,900,196.8,177120.0,2025-07-10 14:45:07.168449
2025-07-10,13915,2025071004019641,UPPER,Siprabi Securities Pvt. Ltd.,Aryatara Investment & Securities,100,196.8,19680.0,2025-07-10 14:45:36.341712
2025-07-10,13914,2025071004019642,UPPER,Dakshinkali Investment & Securities Pvt. Ltd.,Aryatara Investment & Securities,200,196.8,39360.0,2025-07-10 14:45:36.342246
2025-07-10,13913,2025071004019643,UPPER,Thrive Brokerage House Pvt. Ltd,Aryatara Investment & Securities,10,196.7,1967.0,2025-07-10 14:45:36.342533
2025-07-10,13912,2025071004019644,UPPER,Shree Krishna Securities Ltd.,Aryatara Investment & Securities,231,196.6,45414.6,2025-07-10 14:45:36.342802
2025-07-10,13795,2025071004019679,UPPER,Naasa Securities Co. Ltd.,SHUBHAKAMANA SECURITIES PVT. LTD,20,196.9,3938.0,2025-07-10 14:45:54.338873
2025-07-10,13635,2025071004019733,UPPER,Shree Krishna Securities Ltd.,Naasa Securities Co. Ltd.,10,196.6,1966.0,2025-07-10 14:46:11.805936
2025-07-10,12358,2025071004020223,UPPER,Pragyan Securities (PVT) Ltd.,Imperial Securities Company Pvt. Ltd.,20,196.7,3934.0,2025-07-10 14:48:36.956688
2025-07-10,12357,2025071004020224,UPPER,Midas Stock Broking Company Private Limited,Imperial Securities Company Pvt. Ltd.,10,196.7,1967.0,2025-07-10 14:48:36.957305
2025-07-10,12356,2025071004020225,UPPER,Shree Krishna Securities Ltd.,Imperial Securities Company Pvt. Ltd.,115,196.6,22609.0,2025-07-10 14:48:36.957809
2025-07-10,12355,2025071004020226,UPPER,Trisul Securities & Invt. Ltd.,Imperial Securities Company Pvt. Ltd.,50,196.6,9830.0,2025-07-10 14:48:36.958162
2025-07-10,12026,2025071004020337,UPPER,ABC Securities Private Limited,Agrawal Securities (PVT) Ltd.,1000,196.6,196600.0,2025-07-10 14:49:08.878822
2025-07-10,11731,2025071004020453,UPPER,Vision Securities Pvt. Ltd,Asian Securities Private Ltd.,400,196.8,78720.0,2025-07-10 14:49:35.439466
2025-07-10,11706,2025071004020459,UPPER,Dakshinkali Investment & Securities Pvt. Ltd.,Dipshikha Dhitopatra Karobar Co. Pvt Ltd.,10,196.6,1966.0,2025-07-10 14:49:38.553658
2025-07-10,11619,2025071004020496,UPPER,Bhrikuti Stock Broking Co. Pvt. Ltd.,Asian Securities Private Ltd.,40,196.8,7872.0,2025-07-10 14:49:46.025919
2025-07-10,11551,2025071004020521,UPPER,Capital Max Securities Ltd,Asian Securities Private Ltd.,55,196.8,10824.0,2025-07-10 14:49:52.704095
2025-07-10,11550,2025071004020522,UPPER,Capital Max Securities Ltd,Agrawal Securities (PVT) Ltd.,95,196.8,18696.0,2025-07-10 14:49:52.704633
2025-07-10,10968,2025071004020695,UPPER,Imperial Securities Company Pvt. Ltd.,Vision Securities Pvt. Ltd,100,196.7,19670.0,2025-07-10 14:50:42.530765
2025-07-10,10900,2025071004020719,UPPER,Sani Securities Company Ltd.,Vision Securities Pvt. Ltd,100,196.7,19670.0,2025-07-10 14:50:51.327872
2025-07-10,10795,2025071004020756,UPPER,Dakshinkali Investment & Securities Pvt. Ltd.,Siprabi Securities Pvt. Ltd.,50,196.6,9830.0,2025-07-10 14:50:58.106340
2025-07-10,10653,2025071004020787,UPPER,Miyo Securities Pvt Ltd,Vision Securities Pvt. Ltd,800,196.7,157360.0,2025-07-10 14:51:10.531373
2025-07-10,10220,2025071004020985,UPPER,Dakshinkali Investment & Securities Pvt. Ltd.,Opal Securities Investment (PVT) Ltd.,1040,196.6,204464.0,2025-07-10 14:51:41.880679
2025-07-10,10219,2025071004020986,UPPER,Vision Securities Pvt. Ltd,Opal Securities Investment (PVT) Ltd.,60,196.6,11796.0,2025-07-10 14:51:41.881244
2025-07-10,9977,2025071004021070,UPPER,Kumari Securities Private Limited,Agrawal Securities (PVT) Ltd.,50,196.8,9840.0,2025-07-10 14:51:59.219490
2025-07-10,9976,2025071004021071,UPPER,Miyo Securities Pvt Ltd,Sweta Securities Private Limited,30,196.7,5901.0,2025-07-10 14:51:59.252466
2025-07-10,9959,2025071004021080,UPPER,Vision Securities Pvt. Ltd,Agrawal Securities (PVT) Ltd.,55,196.8,10824.0,2025-07-10 14:52:02.365574
2025-07-10,9958,2025071004021081,UPPER,Vision Securities Pvt. Ltd,SHUBHAKAMANA SECURITIES PVT. LTD,70,196.9,13783.0,2025-07-10 14:52:02.366120
2025-07-10,9559,2025071004021207,UPPER,Linch Stock Market Ltd.,SHUBHAKAMANA SECURITIES PVT. LTD,250,196.9,49225.0,2025-07-10 14:52:26.738644
2025-07-10,9447,2025071004021250,UPPER,Miyo Securities Pvt Ltd,Aryatara Investment & Securities,100,196.7,19670.0,2025-07-10 14:52:36.818530
2025-07-10,9206,2025071004021338,UPPER,Miyo Securities Pvt Ltd,Asian Securities Private Ltd.,100,196.7,19670.0,2025-07-10 14:52:53.876666
2025-07-10,9144,2025071004021364,UPPER,Miyo Securities Pvt Ltd,SHUBHAKAMANA SECURITIES PVT. LTD,2360,196.9,464684.0,2025-07-10 14:52:57.929465
2025-07-10,9095,2025071004021382,UPPER,Miyo Securities Pvt Ltd,Sweta Securities Private Limited,600,196.7,118020.0,2025-07-10 14:53:02.719937
2025-07-10,8982,2025071004021425,UPPER,Vision Securities Pvt. Ltd,SHUBHAKAMANA SECURITIES PVT. LTD,180,196.9,35442.0,2025-07-10 14:53:12.467053
2025-07-10,8981,2025071004021426,UPPER,Vision Securities Pvt. Ltd,Sani Securities Company Ltd.,920,196.9,181148.0,2025-07-10 14:53:12.467598
2025-07-10,8850,2025071004021470,UPPER,Sri Hari Securities Pvt. Ltd.,Sani Securities Company Ltd.,80,196.9,15752.0,2025-07-10 14:53:23.416579
2025-07-10,8849,2025071004021471,UPPER,Sri Hari Securities Pvt. Ltd.,Aryatara Investment & Securities,370,196.9,72853.0,2025-07-10 14:53:23.417097
2025-07-10,8848,2025071004021472,UPPER,Sri Hari Securities Pvt. Ltd.,Investment Management Nepal Pvt. Ltd.,1200,196.9,236280.0,2025-07-10 14:53:23.417371
2025-07-10,8847,2025071004021473,UPPER,Sri Hari Securities Pvt. Ltd.,Sweta Securities Private Limited,100,197.0,19700.0,2025-07-10 14:53:23.417632
2025-07-10,8846,2025071004021474,UPPER,Sri Hari Securities Pvt. Ltd.,Asian Securities Private Ltd.,500,197.0,98500.0,2025-07-10 14:53:23.417894
2025-07-10,8845,2025071004021475,UPPER,Sri Hari Securities Pvt. Ltd.,Sundhara Securities Limited,1000,197.0,197000.0,2025-07-10 14:53:23.418150
2025-07-10,8844,2025071004021476,UPPER,Sri Hari Securities Pvt. Ltd.,Dipshikha Dhitopatra Karobar Co. Pvt Ltd.,60,197.0,11820.0,2025-07-10 14:53:23.418414
2025-07-10,8843,2025071004021477,UPPER,Sri Hari Securities Pvt. Ltd.,Sewa Securities Pvt. Ltd.,100,197.0,19700.0,2025-07-10 14:53:23.418665
2025-07-10,8842,2025071004021478,UPPER,Sri Hari Securities Pvt. Ltd.,Kohinoor Investment & Securities Pvt. Ltd.,500,197.0,98500.0,2025-07-10 14:53:23.418928
2025-07-10,8841,2025071004021479,UPPER,Sri Hari Securities Pvt. Ltd.,Stoxkarts Securities Limited,550,197.0,108350.0,2025-07-10 14:53:23.419186
2025-07-10,8840,2025071004021480,UPPER,Sri Hari Securities Pvt. Ltd.,Trisul Securities & Invt. Ltd.,500,197.0,98500.0,2025-07-10 14:53:23.419462
2025-07-10,8800,2025071004021487,UPPER,Sri Hari Securities Pvt. Ltd.,South Asian Bulls Pvt. Ltd.,30,197.0,5910.0,2025-07-10 14:53:25.872900
2025-07-10,8685,2025071004021524,UPPER,Sri Hari Securities Pvt. Ltd.,ABC Securities Private Limited,10,197.0,1970.0,2025-07-10 14:53:34.046874
2025-07-10,8080,2025071004021699,UPPER,Vision Securities Pvt. Ltd,ABC Securities Private Limited,19,197.0,3743.0,2025-07-10 14:54:18.221258
2025-07-10,7901,2025071004021743,UPPER,Siprabi Securities Pvt. Ltd.,ABC Securities Private Limited,15,197.0,2955.0,2025-07-10 14:54:30.714824
2025-07-10,7377,2025071004021922,UPPER,Arun Securities (PVT) Ltd.,Sani Securities Company Ltd.,20,196.8,3936.0,2025-07-10 14:55:11.052786
2025-07-10,7376,2025071004021923,UPPER,Miyo Securities Pvt Ltd,Sani Securities Company Ltd.,165,196.7,32455.5,2025-07-10 14:55:11.053855
2025-07-10,7375,2025071004021924,UPPER,Miyo Securities Pvt Ltd,Sani Securities Company Ltd.,595,196.7,117036.5,2025-07-10 14:55:11.054684
2025-07-10,7241,2025071004021952,UPPER,Kalika Securities Pvt. Ltd.,Sani Securities Company Ltd.,137,196.7,26947.9,2025-07-10 14:55:19.599915
2025-07-10,7240,2025071004021953,UPPER,Kalika Securities Pvt. Ltd.,ABC Securities Private Limited,156,197.0,30732.0,2025-07-10 14:55:19.600517
2025-07-10,7239,2025071004021954,UPPER,Kalika Securities Pvt. Ltd.,Kohinoor Investment & Securities Pvt. Ltd.,80,197.0,15760.0,2025-07-10 14:55:19.600882
2025-07-10,7037,2025071004022036,UPPER,Sri Hari Securities Pvt. Ltd.,Sani Securities Company Ltd.,100,197.1,19710.0,2025-07-10 14:55:35.982959
2025-07-10,7036,2025071004022037,UPPER,Sri Hari Securities Pvt. Ltd.,Naasa Securities Co. Ltd.,10,197.1,1971.0,2025-07-10 14:55:35.983496
2025-07-10,7035,2025071004022038,UPPER,Sri Hari Securities Pvt. Ltd.,Trisul Securities & Invt. Ltd.,190,197.1,37449.0,2025-07-10 14:55:35.983785
2025-07-10,6637,2025071004022213,UPPER,Imperial Securities Company Pvt. Ltd.,Trisul Securities & Invt. Ltd.,100,197.1,19710.0,2025-07-10 14:56:04.085667
2025-07-10,6196,2025071004022376,UPPER,Kalika Securities Pvt. Ltd.,South Asian Bulls Pvt. Ltd.,50,197.0,9850.0,2025-07-10 14:56:27.918389
2025-07-10,5725,2025071004022540,UPPER,Kalika Securities Pvt. Ltd.,Sundhara Securities Limited,577,197.0,113669.0,2025-07-10 14:56:53.663513
2025-07-10,5724,2025071004022541,UPPER,K.B.L. Securities Limited ,Sundhara Securities Limited,10,197.0,1970.0,2025-07-10 14:56:53.664640
2025-07-10,5711,2025071004022543,UPPER,Arun Securities (PVT) Ltd.,Sundhara Securities Limited,100,197.0,19700.0,2025-07-10 14:56:54.561676
2025-07-10,5007,2025071004022749,UPPER,Trishakti Securities Public Limited,Sundhara Securities Limited,313,197.0,61661.0,2025-07-10 14:57:30.680369
2025-07-10,4603,2025071004022829,UPPER,Trishakti Securities Public Limited,Naasa Securities Co. Ltd.,150,197.0,29550.0,2025-07-10 14:57:50.130526
2025-07-10,4300,2025071004022906,UPPER,Nepal Investment And Securities Trading Private Limited,Naasa Securities Co. Ltd.,35,197.1,6898.5,2025-07-10 14:58:00.646609
2025-07-10,4299,2025071004022907,UPPER,Nepal Investment And Securities Trading Private Limited,Thrive Brokerage House Pvt. Ltd,65,197.1,12811.5,2025-07-10 14:58:00.647122
2025-07-10,3686,2025071004023106,UPPER,Sagarmatha Securities Private Limited,Thrive Brokerage House Pvt. Ltd,435,197.1,85738.5,2025-07-10 14:58:23.674699
2025-07-10,3685,2025071004023107,UPPER,Sagarmatha Securities Private Limited,Thrive Brokerage House Pvt. Ltd,165,197.1,32521.5,2025-07-10 14:58:23.675202
2025-07-10,3249,2025071004023266,UPPER,Trishakti Securities Public Limited,Agrawal Securities (PVT) Ltd.,1050,197.0,206850.0,2025-07-10 14:58:40.846776
2025-07-10,3054,2025071004023326,UPPER,Trishakti Securities Public Limited,Agrawal Securities (PVT) Ltd.,100,197.0,19700.0,2025-07-10 14:58:47.942673
2025-07-10,2413,2025071004023502,UPPER,Trishakti Securities Public Limited,Sweta Securities Private Limited,100,197.0,19700.0,2025-07-10 14:59:08.922227
2025-07-10,2237,2025071004023556,UPPER,Trishakti Securities Public Limited,Aryatara Investment & Securities,120,197.0,23640.0,2025-07-10 14:59:12.602950
2025-07-10,1994,2025071004023657,UPPER,Trishakti Securities Public Limited,Thrive Brokerage House Pvt. Ltd,167,197.0,32899.0,2025-07-10 14:59:19.905279
2025-07-10,1993,2025071004023658,UPPER,Trishakti Securities Public Limited,Thrive Brokerage House Pvt. Ltd,50,197.0,9850.0,2025-07-10 14:59:19.905936
2025-07-10,1992,2025071004023659,UPPER,Vision Securities Pvt. Ltd,Thrive Brokerage House Pvt. Ltd,283,197.0,55751.0,2025-07-10 14:59:19.906385
2025-07-10,1715,2025071004023745,UPPER,Vision Securities Pvt. Ltd,Naasa Securities Co. Ltd.,157,197.0,30929.0,2025-07-10 14:59:26.793615
2025-07-10,1714,2025071004023746,UPPER,Sewa Securities Pvt. Ltd.,Naasa Securities Co. Ltd.,1083,197.0,213351.0,2025-07-10 14:59:26.794171
2025-07-10,1543,2025071004023786,UPPER,Himalayan Brokerage Company Limited,Thrive Brokerage House Pvt. Ltd,335,197.1,66028.5,2025-07-10 14:59:29.101182
2025-07-10,1542,2025071004023787,UPPER,Himalayan Brokerage Company Limited,Sundhara Securities Limited,400,197.1,78840.0,2025-07-10 14:59:29.101725
2025-07-10,1541,2025071004023788,UPPER,Himalayan Brokerage Company Limited,Naasa Securities Co. Ltd.,20,197.2,3944.0,2025-07-10 14:59:29.102013
2025-07-10,1540,2025071004023789,UPPER,Himalayan Brokerage Company Limited,Sweta Securities Private Limited,300,197.3,59190.0,2025-07-10 14:59:29.102302
2025-07-10,1539,2025071004023790,UPPER,Himalayan Brokerage Company Limited,Aryatara Investment & Securities,20,197.3,3946.0,2025-07-10 14:59:29.102575
2025-07-10,1538,2025071004023791,UPPER,Himalayan Brokerage Company Limited,Naasa Securities Co. Ltd.,20,197.3,3946.0,2025-07-10 14:59:29.102842
2025-07-10,1537,2025071004023792,UPPER,Himalayan Brokerage Company Limited,Trishakti Securities Public Limited,80,197.3,15784.0,2025-07-10 14:59:29.103109
2025-07-10,1536,2025071004023793,UPPER,Himalayan Brokerage Company Limited,Trisul Securities & Invt. Ltd.,500,197.3,98650.0,2025-07-10 14:59:29.103395
2025-07-10,1535,2025071004023794,UPPER,Himalayan Brokerage Company Limited,Trisul Securities & Invt. Ltd.,210,197.3,41433.0,2025-07-10 14:59:29.103674
2025-07-10,1289,2025071004023884,UPPER,Midas Stock Broking Company Private Limited,Citizens Share Broker Limited,1000,197.5,197500.0,2025-07-10 14:59:33.616284
2025-07-10,1288,2025071004023885,UPPER,Midas Stock Broking Company Private Limited,Trisul Securities & Invt. Ltd.,520,197.5,102700.0,2025-07-10 14:59:33.616798
2025-07-10,1287,2025071004023886,UPPER,Midas Stock Broking Company Private Limited,Sri Hari Securities Pvt. Ltd.,150,197.5,29625.0,2025-07-10 14:59:33.617084
2025-07-10,1257,2025071004023898,UPPER,Midas Stock Broking Company Private Limited,Primo Securities (PVT) Ltd.,100,197.5,19750.0,2025-07-10 14:59:34.717214
2025-07-10,840,2025071004024020,UPPER,Midas Stock Broking Company Private Limited,Trisul Securities & Invt. Ltd.,230,197.5,45425.0,2025-07-10 14:59:44.471410
2025-07-10,553,2025071004024118,UPPER,Himalayan Brokerage Company Limited,Asian Securities Private Ltd.,115,197.3,22689.5,2025-07-10 14:59:51.508758
