Date,S.N.,Contract ID,Symbol,Buyer Broker,Seller Broker,volume,rate,amount,transaction_time
2025-08-19,60642,2025081903000128,MNBBL,Capital Hub P. Ltd,J.F. Securites (PVT) Ltd.,300,462.0,138600.0,2025-08-19 11:07:43.327466
2025-08-19,60600,2025081903000131,MNBBL,Asian Securities Private Ltd.,Capital Hub P. Ltd,10,464.0,4640.0,2025-08-19 11:07:57.846213
2025-08-19,60293,2025081903000146,MNBBL,ABC Securities Private Limited,Imperial Securities Company Pvt. Ltd.,100,462.0,46200.0,2025-08-19 11:09:41.795682
2025-08-19,59909,2025081903000177,MNBBL,Imperial Securities Company Pvt. Ltd.,Linch Stock Market Ltd.,100,462.9,46290.0,2025-08-19 11:11:47.391660
2025-08-19,59492,2025081903000207,MNBBL,Premier Securities Company Ltd.,Nepal Stock House (PVT) Ltd.,200,463.5,92700.0,2025-08-19 11:13:59.669589
2025-08-19,59491,2025081903000208,MNBBL,Premier Securities Company Ltd.,Capital Hub P. Ltd,160,464.0,74240.0,2025-08-19 11:13:59.669631
2025-08-19,59456,2025081903000213,MNBBL,South Asian Bulls Pvt. Ltd.,Capital Hub P. Ltd,330,464.0,153120.0,2025-08-19 11:14:12.733527
2025-08-19,59455,2025081903000214,MNBBL,South Asian Bulls Pvt. Ltd.,Creative Securities Pvt Ltd,100,464.8,46480.0,2025-08-19 11:14:12.733581
2025-08-19,59454,2025081903000215,MNBBL,South Asian Bulls Pvt. Ltd.,J.F. Securites (PVT) Ltd.,70,464.8,32536.0,2025-08-19 11:14:12.733616
2025-08-19,59058,2025081903000257,MNBBL,Kumari Securities Private Limited,J.F. Securites (PVT) Ltd.,30,464.8,13944.0,2025-08-19 11:16:28.289806
2025-08-19,59057,2025081903000258,MNBBL,Kumari Securities Private Limited,Linch Stock Market Ltd.,30,464.8,13944.0,2025-08-19 11:16:28.289945
2025-08-19,59056,2025081903000259,MNBBL,Kumari Securities Private Limited,Capital Hub P. Ltd,290,464.8,134792.0,2025-08-19 11:16:28.290007
2025-08-19,58869,2025081903000274,MNBBL,South Asian Bulls Pvt. Ltd.,Capital Hub P. Ltd,210,464.8,97608.0,2025-08-19 11:17:23.621418
2025-08-19,58868,2025081903000275,MNBBL,South Asian Bulls Pvt. Ltd.,Online Securities Pvt. Ltd.,290,464.9,134821.0,2025-08-19 11:17:23.621517
2025-08-19,58674,2025081903000295,MNBBL,Sani Securities Company Ltd.,Online Securities Pvt. Ltd.,210,464.9,97629.0,2025-08-19 11:18:10.112182
2025-08-19,58624,2025081903000301,MNBBL,Sani Securities Company Ltd.,Imperial Securities Company Pvt. Ltd.,42,464.9,19525.8,2025-08-19 11:18:28.296659
2025-08-19,58607,2025081903000307,MNBBL,South Asian Bulls Pvt. Ltd.,Vision Securities Pvt. Ltd,100,465.0,46500.0,2025-08-19 11:18:35.003383
2025-08-19,58606,2025081903000308,MNBBL,South Asian Bulls Pvt. Ltd.,Opal Securities Investment (PVT) Ltd.,900,465.0,418500.0,2025-08-19 11:18:35.003496
2025-08-19,58564,2025081903000311,MNBBL,Agrawal Securities (PVT) Ltd.,Opal Securities Investment (PVT) Ltd.,72,465.0,33480.0,2025-08-19 11:18:46.242642
2025-08-19,58510,2025081903000314,MNBBL,Ashutosh Brokerage & Securities (PVT) Ltd.,Opal Securities Investment (PVT) Ltd.,28,465.0,13020.0,2025-08-19 11:19:06.047188
2025-08-19,58509,2025081903000315,MNBBL,Ashutosh Brokerage & Securities (PVT) Ltd.,Kohinoor Investment & Securities Pvt. Ltd.,472,465.0,219480.0,2025-08-19 11:19:06.047321
2025-08-19,58460,2025081903000317,MNBBL,South Asian Bulls Pvt. Ltd.,Kohinoor Investment & Securities Pvt. Ltd.,528,465.0,245520.0,2025-08-19 11:19:16.201038
2025-08-19,58459,2025081903000318,MNBBL,South Asian Bulls Pvt. Ltd.,Trishakti Securities Public Limited,472,465.0,219480.0,2025-08-19 11:19:16.201081
2025-08-19,58415,2025081903000321,MNBBL,Trishakti Securities Public Limited,Trishakti Securities Public Limited,225,465.0,104625.0,2025-08-19 11:19:23.536790
2025-08-19,58377,2025081903000324,MNBBL,Online Securities Pvt. Ltd.,Trishakti Securities Public Limited,303,465.0,140895.0,2025-08-19 11:19:35.305234
2025-08-19,58376,2025081903000325,MNBBL,Online Securities Pvt. Ltd.,Agrawal Securities (PVT) Ltd.,197,465.0,91605.0,2025-08-19 11:19:35.305531
2025-08-19,58127,2025081903000351,MNBBL,K.B.L. Securities Limited ,Online Securities Pvt. Ltd.,300,465.7,139710.0,2025-08-19 11:20:43.217711
2025-08-19,58121,2025081903000354,MNBBL,South Asian Bulls Pvt. Ltd.,Online Securities Pvt. Ltd.,400,465.8,186320.0,2025-08-19 11:20:46.792268
2025-08-19,58120,2025081903000355,MNBBL,South Asian Bulls Pvt. Ltd.,Ashutosh Brokerage & Securities (PVT) Ltd.,100,466.4,46640.0,2025-08-19 11:20:46.792340
2025-08-19,57948,2025081903000377,MNBBL,Online Securities Pvt. Ltd.,Online Securities Pvt. Ltd.,400,466.3,186520.0,2025-08-19 11:21:35.281548
2025-08-19,57947,2025081903000378,MNBBL,Online Securities Pvt. Ltd.,Ashutosh Brokerage & Securities (PVT) Ltd.,35,466.4,16324.0,2025-08-19 11:21:35.281841
2025-08-19,57903,2025081903000381,MNBBL,Market Securities & Exchange (PVT) Ltd.,South Asian Bulls Pvt. Ltd.,30,466.3,13989.0,2025-08-19 11:21:49.528636
2025-08-19,57880,2025081903000384,MNBBL,Market Securities & Exchange (PVT) Ltd.,Capital Hub P. Ltd,170,466.3,79271.0,2025-08-19 11:21:56.838861
2025-08-19,57823,2025081903000386,MNBBL,Market Securities & Exchange (PVT) Ltd.,Capital Hub P. Ltd,130,466.0,60580.0,2025-08-19 11:22:08.941975
2025-08-19,57722,2025081903000408,MNBBL,Miyo Securities Pvt Ltd,Kohinoor Investment & Securities Pvt. Ltd.,3000,465.1,1395300.0,2025-08-19 11:22:42.072867
2025-08-19,57605,2025081903000414,MNBBL,Miyo Securities Pvt Ltd,Dynamic Money Managers Securities Pvt. Ltd.,600,465.1,279060.0,2025-08-19 11:23:10.326792
2025-08-19,57604,2025081903000415,MNBBL,Nepal Stock House (PVT) Ltd.,Dynamic Money Managers Securities Pvt. Ltd.,338,465.0,157170.0,2025-08-19 11:23:10.326963
2025-08-19,57603,2025081903000416,MNBBL,K.B.L. Securities Limited ,Dynamic Money Managers Securities Pvt. Ltd.,216,465.0,100440.0,2025-08-19 11:23:10.327048
2025-08-19,57565,2025081903000419,MNBBL,K.B.L. Securities Limited ,Online Securities Pvt. Ltd.,84,465.0,39060.0,2025-08-19 11:23:23.194166
2025-08-19,57564,2025081903000420,MNBBL,Online Securities Pvt. Ltd.,Online Securities Pvt. Ltd.,10,465.0,4650.0,2025-08-19 11:23:23.194327
2025-08-19,57563,2025081903000421,MNBBL,Kohinoor Investment & Securities Pvt. Ltd.,Online Securities Pvt. Ltd.,506,465.0,235290.0,2025-08-19 11:23:23.194395
2025-08-19,57521,2025081903000430,MNBBL,Kohinoor Investment & Securities Pvt. Ltd.,Imperial Securities Company Pvt. Ltd.,100,465.0,46500.0,2025-08-19 11:23:36.232379
2025-08-19,57421,2025081903000439,MNBBL,Nepal Stock House (PVT) Ltd.,Capital Hub P. Ltd,200,466.0,93200.0,2025-08-19 11:23:59.155806
2025-08-19,57416,2025081903000440,MNBBL,Nepal Stock House (PVT) Ltd.,Imperial Securities Company Pvt. Ltd.,100,466.0,46600.0,2025-08-19 11:23:59.474604
2025-08-19,57415,2025081903000441,MNBBL,Agrawal Securities (PVT) Ltd.,Imperial Securities Company Pvt. Ltd.,100,465.5,46550.0,2025-08-19 11:23:59.474778
2025-08-19,57382,2025081903000446,MNBBL,Agrawal Securities (PVT) Ltd.,Online Securities Pvt. Ltd.,100,465.5,46550.0,2025-08-19 11:24:08.588601
2025-08-19,57346,2025081903000452,MNBBL,Kohinoor Investment & Securities Pvt. Ltd.,Naasa Securities Co. Ltd.,50,465.0,23250.0,2025-08-19 11:24:18.289006
2025-08-19,57328,2025081903000456,MNBBL,Kohinoor Investment & Securities Pvt. Ltd.,Imperial Securities Company Pvt. Ltd.,7000,465.0,3255000.0,2025-08-19 11:24:23.676410
2025-08-19,57239,2025081903000465,MNBBL,Aryatara Investment & Securities,Imperial Securities Company Pvt. Ltd.,500,465.1,232550.0,2025-08-19 11:24:41.887943
2025-08-19,57238,2025081903000466,MNBBL,Kohinoor Investment & Securities Pvt. Ltd.,Imperial Securities Company Pvt. Ltd.,4500,465.0,2092500.0,2025-08-19 11:24:41.888120
2025-08-19,57226,2025081903000467,MNBBL,Nepal Stock House (PVT) Ltd.,Online Securities Pvt. Ltd.,100,465.5,46550.0,2025-08-19 11:24:44.722926
2025-08-19,57205,2025081903000469,MNBBL,Nepal Stock House (PVT) Ltd.,Cristal Kanchanjanga Securites Pvt. Ltd.,100,465.5,46550.0,2025-08-19 11:24:53.692954
2025-08-19,57186,2025081903000472,MNBBL,Kohinoor Investment & Securities Pvt. Ltd.,Imperial Securities Company Pvt. Ltd.,1000,465.0,465000.0,2025-08-19 11:24:57.065364
2025-08-19,57175,2025081903000474,MNBBL,Kohinoor Investment & Securities Pvt. Ltd.,Imperial Securities Company Pvt. Ltd.,200,465.0,93000.0,2025-08-19 11:24:59.083174
2025-08-19,57141,2025081903000479,MNBBL,Online Securities Pvt. Ltd.,Creative Securities Pvt Ltd,10,465.9,4659.0,2025-08-19 11:25:07.286735
2025-08-19,57018,2025081903000499,MNBBL,Nepal Stock House (PVT) Ltd.,Imperial Securities Company Pvt. Ltd.,210,464.9,97629.0,2025-08-19 11:25:35.394801
2025-08-19,57017,2025081903000500,MNBBL,Linch Stock Market Ltd.,Imperial Securities Company Pvt. Ltd.,190,464.5,88255.0,2025-08-19 11:25:35.394955
2025-08-19,56887,2025081903000521,MNBBL,Nepal Stock House (PVT) Ltd.,Sweta Securities Private Limited,50,465.0,23250.0,2025-08-19 11:26:01.122264
2025-08-19,56886,2025081903000522,MNBBL,Nepal Stock House (PVT) Ltd.,Creative Securities Pvt Ltd,40,465.9,18636.0,2025-08-19 11:26:01.122537
2025-08-19,56852,2025081903000529,MNBBL,Linch Stock Market Ltd.,Deevyaa Securities & Stock House Pvt. Ltd,10,464.5,4645.0,2025-08-19 11:26:08.588600
2025-08-19,56851,2025081903000530,MNBBL,Online Securities Pvt. Ltd.,Deevyaa Securities & Stock House Pvt. Ltd,60,464.0,27840.0,2025-08-19 11:26:08.588913
2025-08-19,56765,2025081903000543,MNBBL,South Asian Bulls Pvt. Ltd.,Capital Hub P. Ltd,300,465.8,139740.0,2025-08-19 11:26:33.021071
2025-08-19,56764,2025081903000544,MNBBL,South Asian Bulls Pvt. Ltd.,Creative Securities Pvt Ltd,50,465.9,23295.0,2025-08-19 11:26:33.021379
2025-08-19,56763,2025081903000545,MNBBL,South Asian Bulls Pvt. Ltd.,J.F. Securites (PVT) Ltd.,150,465.9,69885.0,2025-08-19 11:26:33.021576
2025-08-19,56737,2025081903000548,MNBBL,Online Securities Pvt. Ltd.,Creative Securities Pvt Ltd,500,464.0,232000.0,2025-08-19 11:26:39.928366
2025-08-19,56731,2025081903000549,MNBBL,Nepal Stock House (PVT) Ltd.,J.F. Securites (PVT) Ltd.,50,465.9,23295.0,2025-08-19 11:26:41.866009
2025-08-19,56712,2025081903000554,MNBBL,Nepal Stock House (PVT) Ltd.,Midas Stock Broking Company Private Limited,200,465.9,93180.0,2025-08-19 11:26:47.038447
2025-08-19,56711,2025081903000555,MNBBL,Sani Securities Company Ltd.,Midas Stock Broking Company Private Limited,748,463.2,346473.6,2025-08-19 11:26:47.038545
2025-08-19,56710,2025081903000556,MNBBL,Naasa Securities Co. Ltd.,Midas Stock Broking Company Private Limited,52,462.1,24029.2,2025-08-19 11:26:47.038621
2025-08-19,56620,2025081903000572,MNBBL,Naasa Securities Co. Ltd.,Nepal Stock House (PVT) Ltd.,15,462.1,6931.5,2025-08-19 11:27:04.138233
2025-08-19,56522,2025081903000590,MNBBL,Aryatara Investment & Securities,Nepal Stock House (PVT) Ltd.,185,462.1,85488.5,2025-08-19 11:27:40.072976
2025-08-19,56298,2025081903000602,MNBBL,Nepal Stock House (PVT) Ltd.,Sweta Securities Private Limited,185,462.1,85488.5,2025-08-19 11:28:28.213757
2025-08-19,56297,2025081903000603,MNBBL,Aryatara Investment & Securities,Sweta Securities Private Limited,60,462.0,27720.0,2025-08-19 11:28:28.213934
2025-08-19,56099,2025081903000649,MNBBL,Sharepro Securities Private Limited,Sweta Securities Private Limited,755,462.0,348810.0,2025-08-19 11:29:26.623848
2025-08-19,55631,2025081903000707,MNBBL,Agrawal Securities (PVT) Ltd.,Market Securities & Exchange (PVT) Ltd.,30,462.1,13863.0,2025-08-19 11:31:52.063377
2025-08-19,55630,2025081903000708,MNBBL,Aryatara Investment & Securities,Market Securities & Exchange (PVT) Ltd.,120,462.0,55440.0,2025-08-19 11:31:52.063554
2025-08-19,55355,2025081903000752,MNBBL,APPLE SECURITIES PRIVATE LIMITED,Market Securities & Exchange (PVT) Ltd.,256,462.0,118272.0,2025-08-19 11:33:01.454879
2025-08-19,54749,2025081903000831,MNBBL,ABC Securities Private Limited,Sumeru Securities Pvt. Ltd.,1,460.0,460.0,2025-08-19 11:36:02.504227
2025-08-19,54609,2025081903000864,MNBBL,Sri Hari Securities Pvt. Ltd.,Siprabi Securities Pvt. Ltd.,67,464.5,31121.5,2025-08-19 11:36:37.128672
2025-08-19,54608,2025081903000865,MNBBL,Sri Hari Securities Pvt. Ltd.,Online Securities Pvt. Ltd.,133,464.8,61818.4,2025-08-19 11:36:37.128894
2025-08-19,54508,2025081903000879,MNBBL,Dipshikha Dhitopatra Karobar Co. Pvt Ltd.,Sweta Securities Private Limited,30,463.5,13905.0,2025-08-19 11:37:09.528899
2025-08-19,54507,2025081903000880,MNBBL,Secured Securities Ltd.,Sweta Securities Private Limited,300,463.2,138960.0,2025-08-19 11:37:09.529131
2025-08-19,54506,2025081903000881,MNBBL,Aryatara Investment & Securities,Sweta Securities Private Limited,270,463.1,125037.0,2025-08-19 11:37:09.529219
2025-08-19,54505,2025081903000882,MNBBL,Cristal Kanchanjanga Securites Pvt. Ltd.,Sweta Securities Private Limited,1400,463.0,648200.0,2025-08-19 11:37:09.529304
2025-08-19,54381,2025081903000896,MNBBL,Cristal Kanchanjanga Securites Pvt. Ltd.,Kohinoor Investment & Securities Pvt. Ltd.,48000,463.0,22224000.0,2025-08-19 11:37:47.213399
2025-08-19,54263,2025081903000905,MNBBL,Thrive Brokerage House Pvt. Ltd,Online Securities Pvt. Ltd.,67,464.8,31141.6,2025-08-19 11:38:25.707282
2025-08-19,54262,2025081903000906,MNBBL,Thrive Brokerage House Pvt. Ltd,Online Securities Pvt. Ltd.,300,464.9,139470.0,2025-08-19 11:38:25.707480
2025-08-19,54261,2025081903000907,MNBBL,Thrive Brokerage House Pvt. Ltd,Nepal Stock House (PVT) Ltd.,50,464.9,23245.0,2025-08-19 11:38:25.707565
2025-08-19,54260,2025081903000908,MNBBL,Thrive Brokerage House Pvt. Ltd,Primo Securities (PVT) Ltd.,83,464.9,38586.7,2025-08-19 11:38:25.707648
2025-08-19,54136,2025081903000943,MNBBL,Cristal Kanchanjanga Securites Pvt. Ltd.,Kohinoor Investment & Securities Pvt. Ltd.,60,463.0,27780.0,2025-08-19 11:39:03.543255
2025-08-19,54071,2025081903000948,MNBBL,Vision Securities Pvt. Ltd,Primo Securities (PVT) Ltd.,517,464.9,240353.3,2025-08-19 11:39:38.691640
2025-08-19,54070,2025081903000949,MNBBL,Vision Securities Pvt. Ltd,Sweta Securities Private Limited,1000,465.0,465000.0,2025-08-19 11:39:38.691688
2025-08-19,54069,2025081903000950,MNBBL,Vision Securities Pvt. Ltd,Trishakti Securities Public Limited,200,465.0,93000.0,2025-08-19 11:39:38.691741
2025-08-19,54068,2025081903000951,MNBBL,Vision Securities Pvt. Ltd,Naasa Securities Co. Ltd.,1000,465.0,465000.0,2025-08-19 11:39:38.691766
2025-08-19,54067,2025081903000952,MNBBL,Vision Securities Pvt. Ltd,Naasa Securities Co. Ltd.,283,465.0,131595.0,2025-08-19 11:39:38.691805
2025-08-19,53970,2025081903000959,MNBBL,Dipshikha Dhitopatra Karobar Co. Pvt Ltd.,Naasa Securities Co. Ltd.,100,465.0,46500.0,2025-08-19 11:40:07.981450
2025-08-19,53925,2025081903000962,MNBBL,Creative Securities Pvt Ltd,Naasa Securities Co. Ltd.,300,465.0,139500.0,2025-08-19 11:40:18.880825
2025-08-19,53749,2025081903000984,MNBBL,Nepal Stock House (PVT) Ltd.,Naasa Securities Co. Ltd.,40,465.0,18600.0,2025-08-19 11:41:11.808193
2025-08-19,53415,2025081903001004,MNBBL,Aryatara Investment & Securities,Arun Securities (PVT) Ltd.,175,464.1,81217.5,2025-08-19 11:42:46.242709
2025-08-19,53414,2025081903001005,MNBBL,Trisul Securities & Invt. Ltd.,Arun Securities (PVT) Ltd.,110,464.1,51051.0,2025-08-19 11:42:46.243136
2025-08-19,53277,2025081903001017,MNBBL,Dipshikha Dhitopatra Karobar Co. Pvt Ltd.,Capital Hub P. Ltd,100,464.9,46490.0,2025-08-19 11:43:21.512409
2025-08-19,53199,2025081903001030,MNBBL,Vision Securities Pvt. Ltd,Capital Hub P. Ltd,15,464.9,6973.5,2025-08-19 11:43:52.020071
2025-08-19,53129,2025081903001040,MNBBL,Agrawal Securities (PVT) Ltd.,Linch Stock Market Ltd.,30,464.8,13944.0,2025-08-19 11:44:15.480766
2025-08-19,53128,2025081903001041,MNBBL,Agrawal Securities (PVT) Ltd.,Capital Hub P. Ltd,70,464.9,32543.0,2025-08-19 11:44:15.481202
2025-08-19,52938,2025081903001080,MNBBL,Creative Securities Pvt Ltd,Deevyaa Securities & Stock House Pvt. Ltd,200,464.3,92860.0,2025-08-19 11:45:00.980426
2025-08-19,52827,2025081903001091,MNBBL,Nepal Stock House (PVT) Ltd.,Capital Hub P. Ltd,15,464.9,6973.5,2025-08-19 11:45:37.351571
2025-08-19,52796,2025081903001094,MNBBL,Kumari Securities Private Limited,Capital Hub P. Ltd,300,464.9,139470.0,2025-08-19 11:45:51.667461
2025-08-19,52795,2025081903001095,MNBBL,Kumari Securities Private Limited,Naasa Securities Co. Ltd.,107,465.0,49755.0,2025-08-19 11:45:51.667690
2025-08-19,52794,2025081903001096,MNBBL,Kumari Securities Private Limited,Siprabi Securities Pvt. Ltd.,80,465.0,37200.0,2025-08-19 11:45:51.667789
2025-08-19,52793,2025081903001097,MNBBL,Kumari Securities Private Limited,Pragyan Securities (PVT) Ltd.,113,465.0,52545.0,2025-08-19 11:45:51.667906
2025-08-19,52265,2025081903001147,MNBBL,NIMB Stock Markets Limited,Malla & Malla Stock Broking Company Pvt. Limited,10,464.5,4645.0,2025-08-19 11:48:22.971089
2025-08-19,52185,2025081903001159,MNBBL,Asian Securities Private Ltd.,Malla & Malla Stock Broking Company Pvt. Limited,100,464.5,46450.0,2025-08-19 11:48:42.046382
2025-08-19,52178,2025081903001160,MNBBL,Online Securities Pvt. Ltd.,Malla & Malla Stock Broking Company Pvt. Limited,390,464.5,181155.0,2025-08-19 11:48:42.937409
2025-08-19,52173,2025081903001163,MNBBL,Online Securities Pvt. Ltd.,Ashutosh Brokerage & Securities (PVT) Ltd.,110,464.5,51095.0,2025-08-19 11:48:45.330467
2025-08-19,52172,2025081903001164,MNBBL,Vision Securities Pvt. Ltd,Ashutosh Brokerage & Securities (PVT) Ltd.,100,464.4,46440.0,2025-08-19 11:48:45.330689
2025-08-19,52171,2025081903001165,MNBBL,Imperial Securities Company Pvt. Ltd.,Ashutosh Brokerage & Securities (PVT) Ltd.,200,464.3,92860.0,2025-08-19 11:48:45.330794
2025-08-19,52170,2025081903001166,MNBBL,NIMB Stock Markets Limited,Ashutosh Brokerage & Securities (PVT) Ltd.,90,464.3,41787.0,2025-08-19 11:48:45.330891
2025-08-19,52003,2025081903001182,MNBBL,Trisul Securities & Invt. Ltd.,Market Securities & Exchange (PVT) Ltd.,250,464.5,116125.0,2025-08-19 11:49:36.931523
2025-08-19,51726,2025081903001211,MNBBL,Dipshikha Dhitopatra Karobar Co. Pvt Ltd.,Pragyan Securities (PVT) Ltd.,887,465.0,412455.0,2025-08-19 11:50:41.239120
2025-08-19,51725,2025081903001212,MNBBL,Dipshikha Dhitopatra Karobar Co. Pvt Ltd.,Trishakti Securities Public Limited,30,465.0,13950.0,2025-08-19 11:50:41.239586
2025-08-19,51724,2025081903001213,MNBBL,Dipshikha Dhitopatra Karobar Co. Pvt Ltd.,Thrive Brokerage House Pvt. Ltd,83,465.0,38595.0,2025-08-19 11:50:41.239888
2025-08-19,51707,2025081903001215,MNBBL,Dipshikha Dhitopatra Karobar Co. Pvt Ltd.,Thrive Brokerage House Pvt. Ltd,917,465.0,426405.0,2025-08-19 11:50:49.268644
2025-08-19,51706,2025081903001216,MNBBL,Dipshikha Dhitopatra Karobar Co. Pvt Ltd.,Bhrikuti Stock Broking Co. Pvt. Ltd.,83,465.0,38595.0,2025-08-19 11:50:49.268891
2025-08-19,51622,2025081903001232,MNBBL,Shree Krishna Securities Ltd.,Bhrikuti Stock Broking Co. Pvt. Ltd.,117,465.0,54405.0,2025-08-19 11:51:13.193196
2025-08-19,51621,2025081903001233,MNBBL,Shree Krishna Securities Ltd.,Dakshinkali Investment & Securities Pvt. Ltd.,183,465.0,85095.0,2025-08-19 11:51:13.193652
2025-08-19,51601,2025081903001235,MNBBL,Aryatara Investment & Securities,Dakshinkali Investment & Securities Pvt. Ltd.,500,465.0,232500.0,2025-08-19 11:51:22.926901
2025-08-19,51582,2025081903001238,MNBBL,Aryatara Investment & Securities,Dakshinkali Investment & Securities Pvt. Ltd.,200,465.0,93000.0,2025-08-19 11:51:28.962058
2025-08-19,51506,2025081903001248,MNBBL,Nabil Stock Dealer Ltd.,Imperial Securities Company Pvt. Ltd.,32,464.7,14870.4,2025-08-19 11:51:55.460735
2025-08-19,51505,2025081903001249,MNBBL,Oxford Securities Pvt. Ltd.,Imperial Securities Company Pvt. Ltd.,68,464.6,31592.8,2025-08-19 11:51:55.460993
2025-08-19,51501,2025081903001250,MNBBL,Sani Securities Company Ltd.,Dakshinkali Investment & Securities Pvt. Ltd.,100,465.0,46500.0,2025-08-19 11:51:59.485939
2025-08-19,51465,2025081903001251,MNBBL,KALASH STOCK MARKET PVT. LTD.,Dakshinkali Investment & Securities Pvt. Ltd.,500,465.0,232500.0,2025-08-19 11:52:11.497345
2025-08-19,51424,2025081903001254,MNBBL,Sumeru Securities Pvt. Ltd.,Dakshinkali Investment & Securities Pvt. Ltd.,100,465.0,46500.0,2025-08-19 11:52:19.617690
2025-08-19,51377,2025081903001257,MNBBL,Oxford Securities Pvt. Ltd.,Imperial Securities Company Pvt. Ltd.,32,464.6,14867.2,2025-08-19 11:52:31.768847
2025-08-19,51376,2025081903001258,MNBBL,Shree Krishna Securities Ltd.,Imperial Securities Company Pvt. Ltd.,968,464.5,449636.0,2025-08-19 11:52:31.769435
2025-08-19,51353,2025081903001265,MNBBL,Shree Krishna Securities Ltd.,Imperial Securities Company Pvt. Ltd.,32,464.5,14864.0,2025-08-19 11:52:38.827065
2025-08-19,51352,2025081903001266,MNBBL,Naasa Securities Co. Ltd.,Imperial Securities Company Pvt. Ltd.,300,464.4,139320.0,2025-08-19 11:52:38.827299
2025-08-19,51351,2025081903001267,MNBBL,Sri Hari Securities Pvt. Ltd.,Imperial Securities Company Pvt. Ltd.,100,464.4,46440.0,2025-08-19 11:52:38.827408
2025-08-19,51350,2025081903001268,MNBBL,NIMB Stock Markets Limited,Imperial Securities Company Pvt. Ltd.,10,464.3,4643.0,2025-08-19 11:52:38.827510
2025-08-19,51349,2025081903001269,MNBBL,Kohinoor Investment & Securities Pvt. Ltd.,Imperial Securities Company Pvt. Ltd.,558,464.3,259079.4,2025-08-19 11:52:38.827610
2025-08-19,51315,2025081903001283,MNBBL,Creative Securities Pvt Ltd,Dakshinkali Investment & Securities Pvt. Ltd.,400,465.0,186000.0,2025-08-19 11:52:46.011499
2025-08-19,51309,2025081903001284,MNBBL,Naasa Securities Co. Ltd.,Imperial Securities Company Pvt. Ltd.,100,464.6,46460.0,2025-08-19 11:52:47.885125
2025-08-19,51308,2025081903001285,MNBBL,Kohinoor Investment & Securities Pvt. Ltd.,Imperial Securities Company Pvt. Ltd.,900,464.3,417870.0,2025-08-19 11:52:47.885397
2025-08-19,51271,2025081903001289,MNBBL,Kohinoor Investment & Securities Pvt. Ltd.,Imperial Securities Company Pvt. Ltd.,1000,464.3,464300.0,2025-08-19 11:52:57.969249
2025-08-19,51244,2025081903001294,MNBBL,Kohinoor Investment & Securities Pvt. Ltd.,Imperial Securities Company Pvt. Ltd.,1000,464.3,464300.0,2025-08-19 11:53:05.004349
2025-08-19,51222,2025081903001296,MNBBL,Cristal Kanchanjanga Securites Pvt. Ltd.,Imperial Securities Company Pvt. Ltd.,1000,464.5,464500.0,2025-08-19 11:53:12.062643
2025-08-19,50927,2025081903001322,MNBBL,Cristal Kanchanjanga Securites Pvt. Ltd.,Deevyaa Securities & Stock House Pvt. Ltd,433,464.5,201128.5,2025-08-19 11:54:19.097990
2025-08-19,50783,2025081903001326,MNBBL,Creative Securities Pvt Ltd,Dakshinkali Investment & Securities Pvt. Ltd.,17,465.0,7905.0,2025-08-19 11:54:35.203874
2025-08-19,50782,2025081903001327,MNBBL,Creative Securities Pvt Ltd,Online Securities Pvt. Ltd.,83,465.0,38595.0,2025-08-19 11:54:35.204347
2025-08-19,50619,2025081903001338,MNBBL,Cristal Kanchanjanga Securites Pvt. Ltd.,Shree Krishna Securities Ltd.,5000,464.5,2322500.0,2025-08-19 11:55:18.161526
2025-08-19,50598,2025081903001343,MNBBL,Online Securities Pvt. Ltd.,Online Securities Pvt. Ltd.,17,465.0,7905.0,2025-08-19 11:55:25.892788
2025-08-19,50508,2025081903001350,MNBBL,Online Securities Pvt. Ltd.,Bhrikuti Stock Broking Co. Pvt. Ltd.,100,465.0,46500.0,2025-08-19 11:55:46.059852
2025-08-19,50422,2025081903001359,MNBBL,Neev Securities Pvt. Ltd.,Imperial Securities Company Pvt. Ltd.,80,465.5,37240.0,2025-08-19 11:56:16.646897
2025-08-19,50413,2025081903001361,MNBBL,J.F. Securites (PVT) Ltd.,Online Securities Pvt. Ltd.,50,465.8,23290.0,2025-08-19 11:56:19.712250
2025-08-19,50311,2025081903001380,MNBBL,Online Securities Pvt. Ltd.,Online Securities Pvt. Ltd.,350,465.8,163030.0,2025-08-19 11:57:06.654135
2025-08-19,50310,2025081903001381,MNBBL,Online Securities Pvt. Ltd.,Siprabi Securities Pvt. Ltd.,100,465.8,46580.0,2025-08-19 11:57:06.654371
2025-08-19,50287,2025081903001382,MNBBL,Online Securities Pvt. Ltd.,Imperial Securities Company Pvt. Ltd.,10,465.8,4658.0,2025-08-19 11:57:14.901762
2025-08-19,50177,2025081903001400,MNBBL,South Asian Bulls Pvt. Ltd.,Aryatara Investment & Securities,20,465.9,9318.0,2025-08-19 11:57:45.299851
2025-08-19,50176,2025081903001401,MNBBL,South Asian Bulls Pvt. Ltd.,Online Securities Pvt. Ltd.,300,465.9,139770.0,2025-08-19 11:57:45.300344
2025-08-19,50175,2025081903001402,MNBBL,South Asian Bulls Pvt. Ltd.,Linch Stock Market Ltd.,1000,466.0,466000.0,2025-08-19 11:57:45.300644
2025-08-19,50174,2025081903001403,MNBBL,South Asian Bulls Pvt. Ltd.,Vision Securities Pvt. Ltd,30,466.0,13980.0,2025-08-19 11:57:45.300943
2025-08-19,50173,2025081903001404,MNBBL,South Asian Bulls Pvt. Ltd.,Imperial Securities Company Pvt. Ltd.,1140,466.0,531240.0,2025-08-19 11:57:45.301267
2025-08-19,50172,2025081903001405,MNBBL,South Asian Bulls Pvt. Ltd.,Sumeru Securities Pvt. Ltd.,700,466.0,326200.0,2025-08-19 11:57:45.301606
2025-08-19,50171,2025081903001406,MNBBL,South Asian Bulls Pvt. Ltd.,Dakshinkali Investment & Securities Pvt. Ltd.,1010,466.0,470660.0,2025-08-19 11:57:45.301904
2025-08-19,50170,2025081903001407,MNBBL,Midas Stock Broking Company Private Limited,Dakshinkali Investment & Securities Pvt. Ltd.,900,466.0,419400.0,2025-08-19 11:57:45.399705
2025-08-19,50077,2025081903001416,MNBBL,Property Wiard Limited,Dakshinkali Investment & Securities Pvt. Ltd.,90,466.0,41940.0,2025-08-19 11:58:12.940362
2025-08-19,50076,2025081903001417,MNBBL,Property Wiard Limited,Online Securities Pvt. Ltd.,300,466.2,139860.0,2025-08-19 11:58:12.940876
2025-08-19,50075,2025081903001418,MNBBL,Property Wiard Limited,Imperial Securities Company Pvt. Ltd.,607,466.2,282983.4,2025-08-19 11:58:12.941365
2025-08-19,50036,2025081903001421,MNBBL,Imperial Securities Company Pvt. Ltd.,Capital Hub P. Ltd,1000,466.0,466000.0,2025-08-19 11:58:26.165807
2025-08-19,50032,2025081903001422,MNBBL,Dipshikha Dhitopatra Karobar Co. Pvt Ltd.,Sani Securities Company Ltd.,4,461.0,1844.0,2025-08-19 11:58:26.928308
2025-08-19,49969,2025081903001439,MNBBL,Imperial Securities Company Pvt. Ltd.,Bhrikuti Stock Broking Co. Pvt. Ltd.,250,466.0,116500.0,2025-08-19 11:58:44.420322
2025-08-19,49968,2025081903001440,MNBBL,Online Securities Pvt. Ltd.,Bhrikuti Stock Broking Co. Pvt. Ltd.,40,465.8,18632.0,2025-08-19 11:58:44.420801
2025-08-19,49967,2025081903001441,MNBBL,Neev Securities Pvt. Ltd.,Bhrikuti Stock Broking Co. Pvt. Ltd.,20,465.5,9310.0,2025-08-19 11:58:44.421111
2025-08-19,49966,2025081903001442,MNBBL,Aryatara Investment & Securities,Bhrikuti Stock Broking Co. Pvt. Ltd.,690,465.1,320919.0,2025-08-19 11:58:44.421403
2025-08-19,49561,2025081903001494,MNBBL,Dipshikha Dhitopatra Karobar Co. Pvt Ltd.,Imperial Securities Company Pvt. Ltd.,20,466.0,9320.0,2025-08-19 12:00:58.988127
2025-08-19,49448,2025081903001514,MNBBL,Sundhara Securities Limited,Cristal Kanchanjanga Securites Pvt. Ltd.,5,463.0,2315.0,2025-08-19 12:01:21.435744
2025-08-19,49389,2025081903001521,MNBBL,Siprabi Securities Pvt. Ltd.,Imperial Securities Company Pvt. Ltd.,65,466.0,30290.0,2025-08-19 12:01:40.005797
2025-08-19,49322,2025081903001525,MNBBL,Primo Securities (PVT) Ltd.,Imperial Securities Company Pvt. Ltd.,15,466.0,6990.0,2025-08-19 12:02:03.279061
2025-08-19,49321,2025081903001526,MNBBL,Primo Securities (PVT) Ltd.,Dakshinkali Investment & Securities Pvt. Ltd.,385,466.0,179410.0,2025-08-19 12:02:03.279354
2025-08-19,48922,2025081903001585,MNBBL,Sundhara Securities Limited,Asian Securities Private Ltd.,1,462.0,462.0,2025-08-19 12:03:41.979084
2025-08-19,48411,2025081903001633,MNBBL,Naasa Securities Co. Ltd.,Online Securities Pvt. Ltd.,110,465.9,51249.0,2025-08-19 12:06:08.624261
2025-08-19,48220,2025081903001666,MNBBL,Siprabi Securities Pvt. Ltd.,Online Securities Pvt. Ltd.,290,465.9,135111.0,2025-08-19 12:06:54.307301
2025-08-19,47711,2025081903001745,MNBBL,Sani Securities Company Ltd.,Dakshinkali Investment & Securities Pvt. Ltd.,400,466.0,186400.0,2025-08-19 12:09:10.171807
2025-08-19,47642,2025081903001750,MNBBL,Sri Hari Securities Pvt. Ltd.,Dakshinkali Investment & Securities Pvt. Ltd.,200,466.0,93200.0,2025-08-19 12:09:21.241350
2025-08-19,47562,2025081903001765,MNBBL,Imperial Securities Company Pvt. Ltd.,Online Securities Pvt. Ltd.,100,465.9,46590.0,2025-08-19 12:09:42.325824
2025-08-19,47558,2025081903001766,MNBBL,Naasa Securities Co. Ltd.,Online Securities Pvt. Ltd.,300,465.9,139770.0,2025-08-19 12:09:43.344091
2025-08-19,47557,2025081903001767,MNBBL,Naasa Securities Co. Ltd.,Dakshinkali Investment & Securities Pvt. Ltd.,15,466.0,6990.0,2025-08-19 12:09:43.344757
2025-08-19,47556,2025081903001768,MNBBL,Naasa Securities Co. Ltd.,ABC Securities Private Limited,233,466.0,108578.0,2025-08-19 12:09:43.345388
2025-08-19,47555,2025081903001769,MNBBL,Naasa Securities Co. Ltd.,Nepal Stock House (PVT) Ltd.,101,466.0,47066.0,2025-08-19 12:09:43.345922
2025-08-19,47554,2025081903001770,MNBBL,Naasa Securities Co. Ltd.,Shree Krishna Securities Ltd.,100,466.0,46600.0,2025-08-19 12:09:43.346467
2025-08-19,47553,2025081903001771,MNBBL,Naasa Securities Co. Ltd.,Asian Securities Private Ltd.,247,466.0,115102.0,2025-08-19 12:09:43.346986
2025-08-19,47273,2025081903001811,MNBBL,Ashutosh Brokerage & Securities (PVT) Ltd.,Premier Securities Company Ltd.,150,465.6,69840.0,2025-08-19 12:10:47.315329
2025-08-19,47272,2025081903001812,MNBBL,Linch Stock Market Ltd.,Online Securities Pvt. Ltd.,30,466.1,13983.0,2025-08-19 12:10:47.363768
2025-08-19,46992,2025081903001845,MNBBL,Kumari Securities Private Limited,Online Securities Pvt. Ltd.,10,466.1,4661.0,2025-08-19 12:11:51.001307
2025-08-19,46914,2025081903001848,MNBBL,ABC Securities Private Limited,Kohinoor Investment & Securities Pvt. Ltd.,250,466.0,116500.0,2025-08-19 12:12:08.464436
2025-08-19,46743,2025081903001865,MNBBL,Kohinoor Investment & Securities Pvt. Ltd.,Kohinoor Investment & Securities Pvt. Ltd.,750,466.0,349500.0,2025-08-19 12:12:38.814139
2025-08-19,46706,2025081903001876,MNBBL,Naasa Securities Co. Ltd.,Online Securities Pvt. Ltd.,19,466.1,8855.9,2025-08-19 12:12:48.397978
2025-08-19,46699,2025081903001877,MNBBL,Kohinoor Investment & Securities Pvt. Ltd.,Sri Hari Securities Pvt. Ltd.,250,466.0,116500.0,2025-08-19 12:12:50.379866
2025-08-19,46637,2025081903001881,MNBBL,Naasa Securities Co. Ltd.,Sri Hari Securities Pvt. Ltd.,60,466.0,27960.0,2025-08-19 12:13:04.013506
2025-08-19,46445,2025081903001903,MNBBL,ABC Securities Private Limited,Online Securities Pvt. Ltd.,100,466.1,46610.0,2025-08-19 12:13:45.149261
2025-08-19,46442,2025081903001904,MNBBL,Naasa Securities Co. Ltd.,Sumeru Securities Pvt. Ltd.,33,466.0,15378.0,2025-08-19 12:13:50.733073
2025-08-19,45876,2025081903001988,MNBBL,Naasa Securities Co. Ltd.,Sumeru Securities Pvt. Ltd.,67,466.0,31222.0,2025-08-19 12:15:58.082561
2025-08-19,45875,2025081903001989,MNBBL,Naasa Securities Co. Ltd.,Primo Securities (PVT) Ltd.,30,466.0,13980.0,2025-08-19 12:15:58.082851
2025-08-19,45767,2025081903001999,MNBBL,Naasa Securities Co. Ltd.,Opal Securities Investment (PVT) Ltd.,34,466.0,15844.0,2025-08-19 12:16:17.880937
2025-08-19,45766,2025081903002000,MNBBL,Linch Stock Market Ltd.,Opal Securities Investment (PVT) Ltd.,106,466.0,49396.0,2025-08-19 12:16:17.881289
2025-08-19,45651,2025081903002028,MNBBL,Linch Stock Market Ltd.,Secured Securities Ltd.,112,466.0,52192.0,2025-08-19 12:16:44.721109
2025-08-19,45623,2025081903002031,MNBBL,Linch Stock Market Ltd.,Asian Securities Private Ltd.,100,466.0,46600.0,2025-08-19 12:16:53.028824
2025-08-19,45620,2025081903002032,MNBBL,Kohinoor Investment & Securities Pvt. Ltd.,Online Securities Pvt. Ltd.,41,466.1,19110.1,2025-08-19 12:16:54.140545
2025-08-19,45619,2025081903002033,MNBBL,Kohinoor Investment & Securities Pvt. Ltd.,Kohinoor Investment & Securities Pvt. Ltd.,959,466.1,446989.9,2025-08-19 12:16:54.140816
2025-08-19,45595,2025081903002037,MNBBL,Linch Stock Market Ltd.,Online Securities Pvt. Ltd.,62,466.0,28892.0,2025-08-19 12:16:56.902199
2025-08-19,45594,2025081903002038,MNBBL,Sewa Securities Pvt. Ltd.,Online Securities Pvt. Ltd.,50,466.0,23300.0,2025-08-19 12:16:56.902787
2025-08-19,45593,2025081903002039,MNBBL,Sewa Securities Pvt. Ltd.,Online Securities Pvt. Ltd.,100,466.0,46600.0,2025-08-19 12:16:56.903334
2025-08-19,45450,2025081903002057,MNBBL,Aryatara Investment & Securities,Online Securities Pvt. Ltd.,88,466.0,41008.0,2025-08-19 12:17:27.047553
2025-08-19,45449,2025081903002058,MNBBL,Aryatara Investment & Securities,Bhrikuti Stock Broking Co. Pvt. Ltd.,200,466.0,93200.0,2025-08-19 12:17:27.047832
2025-08-19,45434,2025081903002060,MNBBL,APPLE SECURITIES PRIVATE LIMITED,Kohinoor Investment & Securities Pvt. Ltd.,41,466.1,19110.1,2025-08-19 12:17:32.686466
2025-08-19,45433,2025081903002061,MNBBL,APPLE SECURITIES PRIVATE LIMITED,Deevyaa Securities & Stock House Pvt. Ltd,124,466.1,57796.4,2025-08-19 12:17:32.686764
2025-08-19,45270,2025081903002081,MNBBL,APPLE SECURITIES PRIVATE LIMITED,Kohinoor Investment & Securities Pvt. Ltd.,79,466.1,36821.9,2025-08-19 12:17:59.419202
2025-08-19,45264,2025081903002082,MNBBL,Opal Securities Investment (PVT) Ltd.,Kohinoor Investment & Securities Pvt. Ltd.,500,466.1,233050.0,2025-08-19 12:18:00.283400
2025-08-19,45044,2025081903002126,MNBBL,Nagarik Stock Dealer ,Kohinoor Investment & Securities Pvt. Ltd.,1400,466.1,652540.0,2025-08-19 12:18:44.154307
2025-08-19,44853,2025081903002160,MNBBL,Aryatara Investment & Securities,Kohinoor Investment & Securities Pvt. Ltd.,21,466.1,9788.1,2025-08-19 12:19:22.857213
2025-08-19,44813,2025081903002165,MNBBL,Capital Hub P. Ltd,Imperial Securities Company Pvt. Ltd.,200,466.2,93240.0,2025-08-19 12:19:32.173717
2025-08-19,44760,2025081903002182,MNBBL,Shree Krishna Securities Ltd.,Imperial Securities Company Pvt. Ltd.,193,466.2,89976.6,2025-08-19 12:19:51.228156
2025-08-19,44651,2025081903002210,MNBBL,Aryatara Investment & Securities,Online Securities Pvt. Ltd.,22,466.3,10258.6,2025-08-19 12:20:12.300424
2025-08-19,44632,2025081903002214,MNBBL,Creative Securities Pvt Ltd,Online Securities Pvt. Ltd.,278,466.3,129631.4,2025-08-19 12:20:18.965813
2025-08-19,44631,2025081903002215,MNBBL,Creative Securities Pvt Ltd,Trisul Securities & Invt. Ltd.,200,466.3,93260.0,2025-08-19 12:20:18.966155
2025-08-19,44574,2025081903002231,MNBBL,Naasa Securities Co. Ltd.,Naasa Securities Co. Ltd.,3,466.0,1398.0,2025-08-19 12:20:31.110502
2025-08-19,44572,2025081903002232,MNBBL,Investment Management Nepal Pvt. Ltd.,Ashutosh Brokerage & Securities (PVT) Ltd.,199,466.4,92813.6,2025-08-19 12:20:32.102842
2025-08-19,44444,2025081903002266,MNBBL,Creative Securities Pvt Ltd,Online Securities Pvt. Ltd.,500,466.3,233150.0,2025-08-19 12:21:08.783693
2025-08-19,44339,2025081903002283,MNBBL,Sharepro Securities Private Limited,Ashutosh Brokerage & Securities (PVT) Ltd.,50,466.4,23320.0,2025-08-19 12:21:27.262606
2025-08-19,44211,2025081903002310,MNBBL,Naasa Securities Co. Ltd.,Naasa Securities Co. Ltd.,4,466.0,1864.0,2025-08-19 12:21:49.025645
2025-08-19,44150,2025081903002320,MNBBL,Market Securities & Exchange (PVT) Ltd.,Ashutosh Brokerage & Securities (PVT) Ltd.,116,466.4,54102.4,2025-08-19 12:21:59.140850
2025-08-19,44149,2025081903002321,MNBBL,Market Securities & Exchange (PVT) Ltd.,Naasa Securities Co. Ltd.,15,466.4,6996.0,2025-08-19 12:21:59.141135
2025-08-19,44148,2025081903002322,MNBBL,Market Securities & Exchange (PVT) Ltd.,Dipshikha Dhitopatra Karobar Co. Pvt Ltd.,50,466.4,23320.0,2025-08-19 12:21:59.141259
2025-08-19,44147,2025081903002323,MNBBL,Market Securities & Exchange (PVT) Ltd.,Sweta Securities Private Limited,219,466.5,102163.5,2025-08-19 12:21:59.141378
2025-08-19,44100,2025081903002328,MNBBL,Creative Securities Pvt Ltd,Deevyaa Securities & Stock House Pvt. Ltd,22,466.3,10258.6,2025-08-19 12:22:02.711993
2025-08-19,44099,2025081903002329,MNBBL,Asian Securities Private Ltd.,Deevyaa Securities & Stock House Pvt. Ltd,100,466.2,46620.0,2025-08-19 12:22:02.712703
2025-08-19,44098,2025081903002330,MNBBL,Swarna Laxmi Securities Pvt. Ltd.,Deevyaa Securities & Stock House Pvt. Ltd,28,466.2,13053.6,2025-08-19 12:22:02.713111
2025-08-19,44083,2025081903002335,MNBBL,Deevyaa Securities & Stock House Pvt. Ltd,Sweta Securities Private Limited,81,466.5,37786.5,2025-08-19 12:22:05.723968
2025-08-19,44082,2025081903002336,MNBBL,Deevyaa Securities & Stock House Pvt. Ltd,Online Securities Pvt. Ltd.,344,466.6,160510.4,2025-08-19 12:22:05.724544
2025-08-19,43784,2025081903002358,MNBBL,MILKY WAY SHARE BROKER COMPANY LTD ,Online Securities Pvt. Ltd.,56,466.6,26129.6,2025-08-19 12:23:03.601462
2025-08-19,43783,2025081903002359,MNBBL,MILKY WAY SHARE BROKER COMPANY LTD ,Online Securities Pvt. Ltd.,300,466.7,140010.0,2025-08-19 12:23:03.601773
2025-08-19,43782,2025081903002360,MNBBL,MILKY WAY SHARE BROKER COMPANY LTD ,Online Securities Pvt. Ltd.,400,466.8,186720.0,2025-08-19 12:23:03.602077
2025-08-19,43781,2025081903002361,MNBBL,MILKY WAY SHARE BROKER COMPANY LTD ,Aryatara Investment & Securities,100,466.9,46690.0,2025-08-19 12:23:03.602447
2025-08-19,43780,2025081903002362,MNBBL,MILKY WAY SHARE BROKER COMPANY LTD ,Naasa Securities Co. Ltd.,50,466.9,23345.0,2025-08-19 12:23:03.602793
2025-08-19,43779,2025081903002363,MNBBL,MILKY WAY SHARE BROKER COMPANY LTD ,Bhrikuti Stock Broking Co. Pvt. Ltd.,150,467.0,70050.0,2025-08-19 12:23:03.603170
2025-08-19,43778,2025081903002364,MNBBL,MILKY WAY SHARE BROKER COMPANY LTD ,Linch Stock Market Ltd.,100,467.0,46700.0,2025-08-19 12:23:03.603522
2025-08-19,43777,2025081903002365,MNBBL,MILKY WAY SHARE BROKER COMPANY LTD ,Kalika Securities Pvt. Ltd.,100,467.0,46700.0,2025-08-19 12:23:03.603882
2025-08-19,43776,2025081903002366,MNBBL,MILKY WAY SHARE BROKER COMPANY LTD ,Dakshinkali Investment & Securities Pvt. Ltd.,25,467.0,11675.0,2025-08-19 12:23:03.604279
2025-08-19,43775,2025081903002367,MNBBL,MILKY WAY SHARE BROKER COMPANY LTD ,Trishakti Securities Public Limited,500,467.0,233500.0,2025-08-19 12:23:03.604634
2025-08-19,43774,2025081903002368,MNBBL,MILKY WAY SHARE BROKER COMPANY LTD ,Sani Securities Company Ltd.,60,467.0,28020.0,2025-08-19 12:23:03.604987
2025-08-19,43773,2025081903002369,MNBBL,MILKY WAY SHARE BROKER COMPANY LTD ,Trishakti Securities Public Limited,48,467.0,22416.0,2025-08-19 12:23:03.605353
2025-08-19,43772,2025081903002370,MNBBL,MILKY WAY SHARE BROKER COMPANY LTD ,Cristal Kanchanjanga Securites Pvt. Ltd.,10,467.0,4670.0,2025-08-19 12:23:03.605703
2025-08-19,43744,2025081903002378,MNBBL,MILKY WAY SHARE BROKER COMPANY LTD ,Online Securities Pvt. Ltd.,101,467.0,47167.0,2025-08-19 12:23:10.747311
2025-08-19,43582,2025081903002402,MNBBL,Vision Securities Pvt. Ltd,Online Securities Pvt. Ltd.,20,466.6,9332.0,2025-08-19 12:23:36.609949
2025-08-19,43572,2025081903002405,MNBBL,Aryatara Investment & Securities,Online Securities Pvt. Ltd.,179,466.6,83521.4,2025-08-19 12:23:40.024298
2025-08-19,43564,2025081903002409,MNBBL,Secured Securities Ltd.,Online Securities Pvt. Ltd.,400,467.8,187120.0,2025-08-19 12:23:41.677873
2025-08-19,43361,2025081903002447,MNBBL,Dakshinkali Investment & Securities Pvt. Ltd.,Online Securities Pvt. Ltd.,10,467.7,4677.0,2025-08-19 12:24:30.151832
2025-08-19,43281,2025081903002467,MNBBL,Naasa Securities Co. Ltd.,Online Securities Pvt. Ltd.,190,467.7,88863.0,2025-08-19 12:24:46.683884
2025-08-19,43280,2025081903002468,MNBBL,Naasa Securities Co. Ltd.,Online Securities Pvt. Ltd.,10,467.8,4678.0,2025-08-19 12:24:46.683965
2025-08-19,43160,2025081903002501,MNBBL,Cristal Kanchanjanga Securites Pvt. Ltd.,Online Securities Pvt. Ltd.,50,467.8,23390.0,2025-08-19 12:25:16.732619
2025-08-19,43143,2025081903002515,MNBBL,Nepal Investment And Securities Trading Private Limited,Online Securities Pvt. Ltd.,200,467.7,93540.0,2025-08-19 12:25:19.944784
2025-08-19,43119,2025081903002524,MNBBL,Nepal Investment And Securities Trading Private Limited,Online Securities Pvt. Ltd.,300,467.7,140310.0,2025-08-19 12:25:30.012430
2025-08-19,43026,2025081903002544,MNBBL,Dipshikha Dhitopatra Karobar Co. Pvt Ltd.,Online Securities Pvt. Ltd.,240,467.8,112272.0,2025-08-19 12:25:52.013907
2025-08-19,43025,2025081903002545,MNBBL,Dipshikha Dhitopatra Karobar Co. Pvt Ltd.,Online Securities Pvt. Ltd.,160,467.8,74848.0,2025-08-19 12:25:52.014492
2025-08-19,42901,2025081903002575,MNBBL,ABC Securities Private Limited,Trishakti Securities Public Limited,100,467.0,46700.0,2025-08-19 12:26:22.629371
2025-08-19,42900,2025081903002576,MNBBL,Deevyaa Securities & Stock House Pvt. Ltd,Trishakti Securities Public Limited,100,467.0,46700.0,2025-08-19 12:26:22.629664
2025-08-19,42899,2025081903002577,MNBBL,Cristal Kanchanjanga Securites Pvt. Ltd.,Trishakti Securities Public Limited,210,467.0,98070.0,2025-08-19 12:26:22.629790
2025-08-19,42893,2025081903002579,MNBBL,Kohinoor Investment & Securities Pvt. Ltd.,J.F. Securites (PVT) Ltd.,10,467.6,4676.0,2025-08-19 12:26:24.890283
2025-08-19,42808,2025081903002605,MNBBL,Investment Management Nepal Pvt. Ltd.,J.F. Securites (PVT) Ltd.,190,467.6,88844.0,2025-08-19 12:26:36.819684
2025-08-19,42807,2025081903002606,MNBBL,Investment Management Nepal Pvt. Ltd.,Deevyaa Securities & Stock House Pvt. Ltd,80,467.6,37408.0,2025-08-19 12:26:36.819993
2025-08-19,42806,2025081903002607,MNBBL,Investment Management Nepal Pvt. Ltd.,Online Securities Pvt. Ltd.,300,467.7,140310.0,2025-08-19 12:26:36.820137
2025-08-19,42805,2025081903002608,MNBBL,Investment Management Nepal Pvt. Ltd.,Kohinoor Investment & Securities Pvt. Ltd.,1000,467.7,467700.0,2025-08-19 12:26:36.820259
2025-08-19,42729,2025081903002629,MNBBL,Investment Management Nepal Pvt. Ltd.,Imperial Securities Company Pvt. Ltd.,50,467.7,23385.0,2025-08-19 12:26:49.889975
2025-08-19,42665,2025081903002637,MNBBL,Investment Management Nepal Pvt. Ltd.,Sri Hari Securities Pvt. Ltd.,380,467.7,177726.0,2025-08-19 12:27:04.794383
2025-08-19,42657,2025081903002638,MNBBL,Trisul Securities & Invt. Ltd.,Online Securities Pvt. Ltd.,55,467.8,25729.0,2025-08-19 12:27:06.131542
2025-08-19,42602,2025081903002643,MNBBL,Siprabi Securities Pvt. Ltd.,Online Securities Pvt. Ltd.,85,467.8,39763.0,2025-08-19 12:27:21.700834
2025-08-19,42473,2025081903002661,MNBBL,Aryatara Investment & Securities,Bhrikuti Stock Broking Co. Pvt. Ltd.,400,468.0,187200.0,2025-08-19 12:27:51.530135
2025-08-19,42456,2025081903002663,MNBBL,Siprabi Securities Pvt. Ltd.,Bhrikuti Stock Broking Co. Pvt. Ltd.,80,468.0,37440.0,2025-08-19 12:27:53.933450
2025-08-19,42358,2025081903002677,MNBBL,Aryatara Investment & Securities,Online Securities Pvt. Ltd.,100,467.9,46790.0,2025-08-19 12:28:16.714395
2025-08-19,42340,2025081903002678,MNBBL,Creative Securities Pvt Ltd,Online Securities Pvt. Ltd.,200,467.9,93580.0,2025-08-19 12:28:21.602303
2025-08-19,42313,2025081903002679,MNBBL,Dipshikha Dhitopatra Karobar Co. Pvt Ltd.,Bhrikuti Stock Broking Co. Pvt. Ltd.,20,468.0,9360.0,2025-08-19 12:28:24.104219
2025-08-19,42234,2025081903002694,MNBBL,Aryatara Investment & Securities,Bhrikuti Stock Broking Co. Pvt. Ltd.,300,468.0,140400.0,2025-08-19 12:28:44.928132
2025-08-19,42220,2025081903002700,MNBBL,Vision Securities Pvt. Ltd,Bhrikuti Stock Broking Co. Pvt. Ltd.,100,468.0,46800.0,2025-08-19 12:28:46.942241
2025-08-19,42177,2025081903002708,MNBBL,Creative Securities Pvt Ltd,Bhrikuti Stock Broking Co. Pvt. Ltd.,100,468.0,46800.0,2025-08-19 12:28:58.754666
2025-08-19,42176,2025081903002709,MNBBL,Creative Securities Pvt Ltd,Bhrikuti Stock Broking Co. Pvt. Ltd.,200,468.0,93600.0,2025-08-19 12:28:58.754975
2025-08-19,42175,2025081903002710,MNBBL,Creative Securities Pvt Ltd,Sumeru Securities Pvt. Ltd.,20,468.0,9360.0,2025-08-19 12:28:58.755126
2025-08-19,42174,2025081903002711,MNBBL,Creative Securities Pvt Ltd,Malla & Malla Stock Broking Company Pvt. Limited,200,468.0,93600.0,2025-08-19 12:28:58.755246
2025-08-19,42173,2025081903002712,MNBBL,Creative Securities Pvt Ltd,Midas Stock Broking Company Private Limited,160,468.0,74880.0,2025-08-19 12:28:58.755383
2025-08-19,42172,2025081903002713,MNBBL,Creative Securities Pvt Ltd,Naasa Securities Co. Ltd.,120,468.0,56160.0,2025-08-19 12:28:58.755525
2025-08-19,42147,2025081903002721,MNBBL,Sweta Securities Private Limited,Naasa Securities Co. Ltd.,500,468.0,234000.0,2025-08-19 12:29:03.385143
2025-08-19,42128,2025081903002722,MNBBL,Malla & Malla Stock Broking Company Pvt. Limited,Naasa Securities Co. Ltd.,43,468.0,20124.0,2025-08-19 12:29:07.547286
2025-08-19,42123,2025081903002724,MNBBL,Dakshinkali Investment & Securities Pvt. Ltd.,Online Securities Pvt. Ltd.,300,467.9,140370.0,2025-08-19 12:29:10.342311
2025-08-19,42110,2025081903002727,MNBBL,Dakshinkali Investment & Securities Pvt. Ltd.,Naasa Securities Co. Ltd.,328,468.0,153504.0,2025-08-19 12:29:16.164194
2025-08-19,42109,2025081903002728,MNBBL,Dakshinkali Investment & Securities Pvt. Ltd.,Dakshinkali Investment & Securities Pvt. Ltd.,72,468.0,33696.0,2025-08-19 12:29:16.164553
2025-08-19,41966,2025081903002749,MNBBL,Naasa Securities Co. Ltd.,Premier Securities Company Ltd.,100,467.9,46790.0,2025-08-19 12:29:44.299298
2025-08-19,41893,2025081903002755,MNBBL,Naasa Securities Co. Ltd.,Kohinoor Investment & Securities Pvt. Ltd.,1263,467.9,590957.7,2025-08-19 12:30:02.126142
2025-08-19,41810,2025081903002765,MNBBL,Aryatara Investment & Securities,Kohinoor Investment & Securities Pvt. Ltd.,300,467.9,140370.0,2025-08-19 12:30:23.710719
2025-08-19,41518,2025081903002814,MNBBL,Cristal Kanchanjanga Securites Pvt. Ltd.,Kohinoor Investment & Securities Pvt. Ltd.,437,467.9,204472.3,2025-08-19 12:31:23.296716
2025-08-19,41517,2025081903002815,MNBBL,Cristal Kanchanjanga Securites Pvt. Ltd.,Dakshinkali Investment & Securities Pvt. Ltd.,563,468.0,263484.0,2025-08-19 12:31:23.297300
2025-08-19,41490,2025081903002819,MNBBL,Swarna Laxmi Securities Pvt. Ltd.,Naasa Securities Co. Ltd.,16,467.7,7483.2,2025-08-19 12:31:32.387858
2025-08-19,41489,2025081903002820,MNBBL,Himalayan Brokerage Company Limited,Dakshinkali Investment & Securities Pvt. Ltd.,1365,468.0,638820.0,2025-08-19 12:31:33.045284
2025-08-19,41488,2025081903002821,MNBBL,Himalayan Brokerage Company Limited,Swarna Laxmi Securities Pvt. Ltd.,70,468.0,32760.0,2025-08-19 12:31:33.045581
2025-08-19,41173,2025081903002874,MNBBL,Naasa Securities Co. Ltd.,Dakshinkali Investment & Securities Pvt. Ltd.,200,468.0,93600.0,2025-08-19 12:32:35.564290
2025-08-19,41172,2025081903002875,MNBBL,Sani Securities Company Ltd.,Dakshinkali Investment & Securities Pvt. Ltd.,53,468.0,24804.0,2025-08-19 12:32:35.564837
2025-08-19,41171,2025081903002876,MNBBL,Imperial Securities Company Pvt. Ltd.,Dakshinkali Investment & Securities Pvt. Ltd.,72,468.0,33696.0,2025-08-19 12:32:35.565232
2025-08-19,41169,2025081903002878,MNBBL,Siprabi Securities Pvt. Ltd.,Dakshinkali Investment & Securities Pvt. Ltd.,500,468.0,234000.0,2025-08-19 12:32:35.744547
2025-08-19,40983,2025081903002914,MNBBL,Trishakti Securities Public Limited,Dakshinkali Investment & Securities Pvt. Ltd.,175,468.0,81900.0,2025-08-19 12:33:20.044879
2025-08-19,40982,2025081903002915,MNBBL,Trishakti Securities Public Limited,Ashutosh Brokerage & Securities (PVT) Ltd.,25,468.9,11722.5,2025-08-19 12:33:20.044936
2025-08-19,40900,2025081903002939,MNBBL,Midas Stock Broking Company Private Limited,Agrawal Securities (PVT) Ltd.,303,469.0,142107.0,2025-08-19 12:33:43.639436
2025-08-19,40899,2025081903002940,MNBBL,Midas Stock Broking Company Private Limited,Citizens Share Broker Limited,15,469.0,7035.0,2025-08-19 12:33:43.639539
2025-08-19,40898,2025081903002941,MNBBL,Midas Stock Broking Company Private Limited,Sri Hari Securities Pvt. Ltd.,282,469.0,132258.0,2025-08-19 12:33:43.639607
2025-08-19,40757,2025081903002968,MNBBL,Naasa Securities Co. Ltd.,Sri Hari Securities Pvt. Ltd.,218,469.0,102242.0,2025-08-19 12:34:04.039515
2025-08-19,40756,2025081903002969,MNBBL,Naasa Securities Co. Ltd.,Kohinoor Investment & Securities Pvt. Ltd.,309,469.0,144921.0,2025-08-19 12:34:04.040183
2025-08-19,40716,2025081903002979,MNBBL,Vision Securities Pvt. Ltd,Kohinoor Investment & Securities Pvt. Ltd.,15,469.0,7035.0,2025-08-19 12:34:12.547326
2025-08-19,40638,2025081903002998,MNBBL,Thrive Brokerage House Pvt. Ltd,Kohinoor Investment & Securities Pvt. Ltd.,200,469.0,93800.0,2025-08-19 12:34:33.246792
2025-08-19,40626,2025081903003002,MNBBL,Kohinoor Investment & Securities Pvt. Ltd.,Kohinoor Investment & Securities Pvt. Ltd.,100,469.0,46900.0,2025-08-19 12:34:36.460324
2025-08-19,40615,2025081903003003,MNBBL,Sewa Securities Pvt. Ltd.,Kohinoor Investment & Securities Pvt. Ltd.,10,469.0,4690.0,2025-08-19 12:34:39.413258
2025-08-19,40533,2025081903003019,MNBBL,Himalayan Brokerage Company Limited,Kohinoor Investment & Securities Pvt. Ltd.,366,469.0,171654.0,2025-08-19 12:34:58.653960
2025-08-19,40532,2025081903003020,MNBBL,Himalayan Brokerage Company Limited,Primo Securities (PVT) Ltd.,150,469.0,70350.0,2025-08-19 12:34:58.654243
2025-08-19,40397,2025081903003039,MNBBL,Naasa Securities Co. Ltd.,Kohinoor Investment & Securities Pvt. Ltd.,75,469.3,35197.5,2025-08-19 12:35:30.800385
2025-08-19,40366,2025081903003052,MNBBL,Himalayan Brokerage Company Limited,Kohinoor Investment & Securities Pvt. Ltd.,666,469.3,312553.8,2025-08-19 12:35:37.765668
2025-08-19,40251,2025081903003066,MNBBL,J.F. Securites (PVT) Ltd.,Kohinoor Investment & Securities Pvt. Ltd.,50,469.3,23465.0,2025-08-19 12:35:56.738865
2025-08-19,40205,2025081903003079,MNBBL,Swarna Laxmi Securities Pvt. Ltd.,Nepal Investment And Securities Trading Private Limited,184,469.0,86296.0,2025-08-19 12:36:08.748184
2025-08-19,40204,2025081903003080,MNBBL,Aryatara Investment & Securities,Nepal Investment And Securities Trading Private Limited,50,469.0,23450.0,2025-08-19 12:36:08.748519
2025-08-19,40203,2025081903003081,MNBBL,Dipshikha Dhitopatra Karobar Co. Pvt Ltd.,Nepal Investment And Securities Trading Private Limited,100,469.0,46900.0,2025-08-19 12:36:08.748687
2025-08-19,40202,2025081903003082,MNBBL,Naasa Securities Co. Ltd.,Nepal Investment And Securities Trading Private Limited,10,468.3,4683.0,2025-08-19 12:36:08.748828
2025-08-19,40201,2025081903003083,MNBBL,Cristal Kanchanjanga Securites Pvt. Ltd.,Nepal Investment And Securities Trading Private Limited,656,468.3,307204.8,2025-08-19 12:36:08.749084
2025-08-19,40164,2025081903003090,MNBBL,Secured Securities Ltd.,Deevyaa Securities & Stock House Pvt. Ltd,100,468.5,46850.0,2025-08-19 12:36:20.375466
2025-08-19,40086,2025081903003112,MNBBL,Vision Securities Pvt. Ltd,Deevyaa Securities & Stock House Pvt. Ltd,14,468.5,6559.0,2025-08-19 12:36:40.745532
2025-08-19,40008,2025081903003137,MNBBL,Thrive Brokerage House Pvt. Ltd,Deevyaa Securities & Stock House Pvt. Ltd,386,468.5,180841.0,2025-08-19 12:37:04.839532
2025-08-19,39957,2025081903003145,MNBBL,Opal Securities Investment (PVT) Ltd.,SHUBHAKAMANA SECURITIES PVT. LTD,400,469.0,187600.0,2025-08-19 12:37:20.888291
2025-08-19,39956,2025081903003146,MNBBL,Aryatara Investment & Securities,SHUBHAKAMANA SECURITIES PVT. LTD,89,469.0,41741.0,2025-08-19 12:37:20.888586
2025-08-19,39889,2025081903003166,MNBBL,Aryatara Investment & Securities,Machhapuchchhre Securities Limited,300,469.0,140700.0,2025-08-19 12:37:34.357298
2025-08-19,39882,2025081903003167,MNBBL,Aryatara Investment & Securities,Online Securities Pvt. Ltd.,11,469.0,5159.0,2025-08-19 12:37:34.962058
2025-08-19,39825,2025081903003179,MNBBL,Thrive Brokerage House Pvt. Ltd,Linch Stock Market Ltd.,100,468.5,46850.0,2025-08-19 12:37:51.564521
2025-08-19,39793,2025081903003182,MNBBL,Nepal Investment And Securities Trading Private Limited,Online Securities Pvt. Ltd.,10,469.0,4690.0,2025-08-19 12:38:02.300938
2025-08-19,39755,2025081903003189,MNBBL,Thrive Brokerage House Pvt. Ltd,Kohinoor Investment & Securities Pvt. Ltd.,300,468.9,140670.0,2025-08-19 12:38:10.046569
2025-08-19,39696,2025081903003192,MNBBL,Thrive Brokerage House Pvt. Ltd,Linch Stock Market Ltd.,14,468.5,6559.0,2025-08-19 12:38:22.760655
2025-08-19,39695,2025081903003193,MNBBL,Kohinoor Investment & Securities Pvt. Ltd.,Linch Stock Market Ltd.,36,468.4,16862.4,2025-08-19 12:38:22.760943
2025-08-19,39677,2025081903003198,MNBBL,Kohinoor Investment & Securities Pvt. Ltd.,Midas Stock Broking Company Private Limited,200,468.4,93680.0,2025-08-19 12:38:28.362634
2025-08-19,39577,2025081903003208,MNBBL,Kohinoor Investment & Securities Pvt. Ltd.,Online Securities Pvt. Ltd.,764,468.4,357857.6,2025-08-19 12:38:44.501694
2025-08-19,39576,2025081903003209,MNBBL,Dipshikha Dhitopatra Karobar Co. Pvt Ltd.,Online Securities Pvt. Ltd.,36,468.4,16862.4,2025-08-19 12:38:44.502278
2025-08-19,39530,2025081903003216,MNBBL,Dipshikha Dhitopatra Karobar Co. Pvt Ltd.,Midas Stock Broking Company Private Limited,64,468.4,29977.6,2025-08-19 12:38:52.544774
2025-08-19,39529,2025081903003217,MNBBL,Cristal Kanchanjanga Securites Pvt. Ltd.,Midas Stock Broking Company Private Limited,136,468.3,63688.8,2025-08-19 12:38:52.545478
2025-08-19,39393,2025081903003239,MNBBL,Online Securities Pvt. Ltd.,Linch Stock Market Ltd.,500,468.5,234250.0,2025-08-19 12:39:15.138602
2025-08-19,39184,2025081903003268,MNBBL,Cristal Kanchanjanga Securites Pvt. Ltd.,ABC Securities Private Limited,10,468.3,4683.0,2025-08-19 12:39:59.429257
2025-08-19,39175,2025081903003270,MNBBL,Cristal Kanchanjanga Securites Pvt. Ltd.,Dynamic Money Managers Securities Pvt. Ltd.,100,468.3,46830.0,2025-08-19 12:40:02.251215
2025-08-19,39174,2025081903003271,MNBBL,Cristal Kanchanjanga Securites Pvt. Ltd.,Sharepro Securities Private Limited,260,468.3,121758.0,2025-08-19 12:40:02.727447
2025-08-19,39163,2025081903003272,MNBBL,Cristal Kanchanjanga Securites Pvt. Ltd.,Dakshinkali Investment & Securities Pvt. Ltd.,1000,468.3,468300.0,2025-08-19 12:40:06.846066
2025-08-19,39128,2025081903003275,MNBBL,Linch Stock Market Ltd.,Dakshinkali Investment & Securities Pvt. Ltd.,50,468.5,23425.0,2025-08-19 12:40:16.496095
2025-08-19,39114,2025081903003279,MNBBL,Cristal Kanchanjanga Securites Pvt. Ltd.,Cristal Kanchanjanga Securites Pvt. Ltd.,100,468.3,46830.0,2025-08-19 12:40:19.501924
2025-08-19,39034,2025081903003295,MNBBL,Linch Stock Market Ltd.,N.M.B. SECURITIES LIMITED,100,468.3,46830.0,2025-08-19 12:40:37.246147
2025-08-19,38970,2025081903003307,MNBBL,Naasa Securities Co. Ltd.,Sharepro Securities Private Limited,90,468.2,42138.0,2025-08-19 12:40:51.175353
2025-08-19,38938,2025081903003311,MNBBL,Market Securities & Exchange (PVT) Ltd.,SHUBHAKAMANA SECURITIES PVT. LTD,200,468.1,93620.0,2025-08-19 12:40:59.458297
2025-08-19,38937,2025081903003312,MNBBL,Kohinoor Investment & Securities Pvt. Ltd.,SHUBHAKAMANA SECURITIES PVT. LTD,100,468.0,46800.0,2025-08-19 12:40:59.458990
2025-08-19,38936,2025081903003313,MNBBL,Aryatara Investment & Securities,SHUBHAKAMANA SECURITIES PVT. LTD,300,468.0,140400.0,2025-08-19 12:40:59.459490
2025-08-19,38912,2025081903003319,MNBBL,Linch Stock Market Ltd.,SHUBHAKAMANA SECURITIES PVT. LTD,50,468.0,23400.0,2025-08-19 12:41:03.933997
2025-08-19,38885,2025081903003326,MNBBL,Bhrikuti Stock Broking Co. Pvt. Ltd.,Online Securities Pvt. Ltd.,200,467.7,93540.0,2025-08-19 12:41:08.835495
2025-08-19,38884,2025081903003327,MNBBL,Siprabi Securities Pvt. Ltd.,Online Securities Pvt. Ltd.,400,467.7,187080.0,2025-08-19 12:41:08.835918
2025-08-19,38856,2025081903003329,MNBBL,Asian Securities Private Ltd.,SHUBHAKAMANA SECURITIES PVT. LTD,100,468.0,46800.0,2025-08-19 12:41:12.523651
2025-08-19,38832,2025081903003341,MNBBL,Siprabi Securities Pvt. Ltd.,Sharepro Securities Private Limited,100,467.7,46770.0,2025-08-19 12:41:16.261691
2025-08-19,38812,2025081903003351,MNBBL,Linch Stock Market Ltd.,Online Securities Pvt. Ltd.,230,467.6,107548.0,2025-08-19 12:41:18.954071
2025-08-19,38811,2025081903003352,MNBBL,Creative Securities Pvt Ltd,Online Securities Pvt. Ltd.,70,467.6,32732.0,2025-08-19 12:41:18.954646
2025-08-19,38777,2025081903003363,MNBBL,Creative Securities Pvt Ltd,Kohinoor Investment & Securities Pvt. Ltd.,30,467.6,14028.0,2025-08-19 12:41:24.354173
2025-08-19,38776,2025081903003364,MNBBL,Dakshinkali Investment & Securities Pvt. Ltd.,Kohinoor Investment & Securities Pvt. Ltd.,90,467.1,42039.0,2025-08-19 12:41:24.354820
2025-08-19,38775,2025081903003365,MNBBL,Sani Securities Company Ltd.,Kohinoor Investment & Securities Pvt. Ltd.,200,467.0,93400.0,2025-08-19 12:41:24.355360
2025-08-19,38774,2025081903003366,MNBBL,Opal Securities Investment (PVT) Ltd.,Kohinoor Investment & Securities Pvt. Ltd.,100,467.0,46700.0,2025-08-19 12:41:24.355883
2025-08-19,38773,2025081903003367,MNBBL,Dakshinkali Investment & Securities Pvt. Ltd.,Kohinoor Investment & Securities Pvt. Ltd.,500,466.7,233350.0,2025-08-19 12:41:24.356446
2025-08-19,38772,2025081903003368,MNBBL,Kalika Securities Pvt. Ltd.,Kohinoor Investment & Securities Pvt. Ltd.,1000,466.6,466600.0,2025-08-19 12:41:24.356944
2025-08-19,38771,2025081903003369,MNBBL,Creative Securities Pvt Ltd,Kohinoor Investment & Securities Pvt. Ltd.,500,466.5,233250.0,2025-08-19 12:41:24.357457
2025-08-19,38770,2025081903003370,MNBBL,Aryatara Investment & Securities,Kohinoor Investment & Securities Pvt. Ltd.,120,466.1,55932.0,2025-08-19 12:41:24.357953
2025-08-19,38769,2025081903003371,MNBBL,Opal Securities Investment (PVT) Ltd.,Kohinoor Investment & Securities Pvt. Ltd.,10,466.0,4660.0,2025-08-19 12:41:24.358491
2025-08-19,38768,2025081903003372,MNBBL,Cristal Kanchanjanga Securites Pvt. Ltd.,Kohinoor Investment & Securities Pvt. Ltd.,40,466.0,18640.0,2025-08-19 12:41:24.359051
2025-08-19,38767,2025081903003373,MNBBL,Kohinoor Investment & Securities Pvt. Ltd.,Kohinoor Investment & Securities Pvt. Ltd.,110,466.0,51260.0,2025-08-19 12:41:24.359542
2025-08-19,38685,2025081903003379,MNBBL,Kumari Securities Private Limited,Kohinoor Investment & Securities Pvt. Ltd.,12,465.8,5589.6,2025-08-19 12:41:46.569282
2025-08-19,38684,2025081903003380,MNBBL,Ashutosh Brokerage & Securities (PVT) Ltd.,Kohinoor Investment & Securities Pvt. Ltd.,100,465.6,46560.0,2025-08-19 12:41:46.569575
2025-08-19,38683,2025081903003381,MNBBL,Siprabi Securities Pvt. Ltd.,Kohinoor Investment & Securities Pvt. Ltd.,500,465.3,232650.0,2025-08-19 12:41:46.569705
2025-08-19,38682,2025081903003382,MNBBL,Naasa Securities Co. Ltd.,Kohinoor Investment & Securities Pvt. Ltd.,50,465.1,23255.0,2025-08-19 12:41:46.569831
2025-08-19,38681,2025081903003383,MNBBL,Naasa Securities Co. Ltd.,Kohinoor Investment & Securities Pvt. Ltd.,200,465.1,93020.0,2025-08-19 12:41:46.569955
2025-08-19,38680,2025081903003384,MNBBL,Nepal Stock House (PVT) Ltd.,Kohinoor Investment & Securities Pvt. Ltd.,200,465.0,93000.0,2025-08-19 12:41:46.570090
2025-08-19,38679,2025081903003385,MNBBL,Dipshikha Dhitopatra Karobar Co. Pvt Ltd.,Kohinoor Investment & Securities Pvt. Ltd.,100,465.0,46500.0,2025-08-19 12:41:46.570215
2025-08-19,38678,2025081903003386,MNBBL,Sani Securities Company Ltd.,Kohinoor Investment & Securities Pvt. Ltd.,47,465.0,21855.0,2025-08-19 12:41:46.570339
2025-08-19,38656,2025081903003388,MNBBL,Sani Securities Company Ltd.,Cristal Kanchanjanga Securites Pvt. Ltd.,163,465.0,75795.0,2025-08-19 12:41:51.868395
2025-08-19,38655,2025081903003389,MNBBL,Sagarmatha Securities Private Limited,Cristal Kanchanjanga Securites Pvt. Ltd.,200,465.0,93000.0,2025-08-19 12:41:51.868709
2025-08-19,38654,2025081903003390,MNBBL,Cristal Kanchanjanga Securites Pvt. Ltd.,Cristal Kanchanjanga Securites Pvt. Ltd.,50,465.0,23250.0,2025-08-19 12:41:51.868837
2025-08-19,38610,2025081903003397,MNBBL,Trisul Securities & Invt. Ltd.,Sharepro Securities Private Limited,90,464.1,41769.0,2025-08-19 12:42:04.516570
2025-08-19,38541,2025081903003418,MNBBL,Trisul Securities & Invt. Ltd.,Online Securities Pvt. Ltd.,404,464.1,187496.4,2025-08-19 12:42:18.429952
2025-08-19,38429,2025081903003431,MNBBL,Siprabi Securities Pvt. Ltd.,Cristal Kanchanjanga Securites Pvt. Ltd.,87,465.0,40455.0,2025-08-19 12:42:49.483423
2025-08-19,38367,2025081903003443,MNBBL,Siprabi Securities Pvt. Ltd.,Sani Securities Company Ltd.,80,465.0,37200.0,2025-08-19 12:43:05.743769
2025-08-19,38327,2025081903003454,MNBBL,Siprabi Securities Pvt. Ltd.,Aryatara Investment & Securities,11,465.0,5115.0,2025-08-19 12:43:15.334280
2025-08-19,38311,2025081903003456,MNBBL,ABC Securities Private Limited,Online Securities Pvt. Ltd.,200,466.0,93200.0,2025-08-19 12:43:23.133439
2025-08-19,38271,2025081903003460,MNBBL,Siprabi Securities Pvt. Ltd.,J.F. Securites (PVT) Ltd.,300,465.0,139500.0,2025-08-19 12:43:38.061242
2025-08-19,38081,2025081903003488,MNBBL,APPLE SECURITIES PRIVATE LIMITED,Deevyaa Securities & Stock House Pvt. Ltd,170,467.0,79390.0,2025-08-19 12:44:11.863473
2025-08-19,37782,2025081903003555,MNBBL,Siprabi Securities Pvt. Ltd.,Aakashbhairab Securities Ltd.,22,465.0,10230.0,2025-08-19 12:45:11.700233
2025-08-19,37781,2025081903003556,MNBBL,ABC Securities Private Limited,Aakashbhairab Securities Ltd.,87,465.0,40455.0,2025-08-19 12:45:11.700545
2025-08-19,37780,2025081903003557,MNBBL,Sewa Securities Pvt. Ltd.,Aakashbhairab Securities Ltd.,391,465.0,181815.0,2025-08-19 12:45:11.700685
2025-08-19,37538,2025081903003586,MNBBL,Deevyaa Securities & Stock House Pvt. Ltd,South Asian Bulls Pvt. Ltd.,100,465.1,46510.0,2025-08-19 12:46:20.659855
2025-08-19,37537,2025081903003587,MNBBL,Sewa Securities Pvt. Ltd.,South Asian Bulls Pvt. Ltd.,39,465.0,18135.0,2025-08-19 12:46:20.660219
2025-08-19,37536,2025081903003588,MNBBL,Deevyaa Securities & Stock House Pvt. Ltd,South Asian Bulls Pvt. Ltd.,120,465.0,55800.0,2025-08-19 12:46:20.660373
2025-08-19,37535,2025081903003589,MNBBL,Secured Securities Ltd.,South Asian Bulls Pvt. Ltd.,741,465.0,344565.0,2025-08-19 12:46:20.660525
2025-08-19,37258,2025081903003627,MNBBL,Secured Securities Ltd.,Kohinoor Investment & Securities Pvt. Ltd.,259,465.0,120435.0,2025-08-19 12:47:12.539886
2025-08-19,37208,2025081903003644,MNBBL,Agrawal Securities (PVT) Ltd.,Kohinoor Investment & Securities Pvt. Ltd.,22,465.0,10230.0,2025-08-19 12:47:24.205121
2025-08-19,37116,2025081903003667,MNBBL,Aryatara Investment & Securities,Kohinoor Investment & Securities Pvt. Ltd.,50,465.0,23250.0,2025-08-19 12:47:50.319540
2025-08-19,36976,2025081903003697,MNBBL,Trisul Securities & Invt. Ltd.,South Asian Bulls Pvt. Ltd.,396,464.1,183783.6,2025-08-19 12:48:25.172165
2025-08-19,36975,2025081903003698,MNBBL,Primo Securities (PVT) Ltd.,South Asian Bulls Pvt. Ltd.,100,464.0,46400.0,2025-08-19 12:48:25.172492
2025-08-19,36974,2025081903003699,MNBBL,Nepal Stock House (PVT) Ltd.,South Asian Bulls Pvt. Ltd.,101,464.0,46864.0,2025-08-19 12:48:25.172635
2025-08-19,36973,2025081903003700,MNBBL,Nepal Stock House (PVT) Ltd.,South Asian Bulls Pvt. Ltd.,20,464.0,9280.0,2025-08-19 12:48:25.172786
2025-08-19,36972,2025081903003701,MNBBL,Kalika Securities Pvt. Ltd.,South Asian Bulls Pvt. Ltd.,107,464.0,49648.0,2025-08-19 12:48:25.172917
2025-08-19,36546,2025081903003773,MNBBL,Midas Stock Broking Company Private Limited,South Asian Bulls Pvt. Ltd.,90,464.0,41760.0,2025-08-19 12:50:15.309759
2025-08-19,36506,2025081903003782,MNBBL,Creative Securities Pvt Ltd,South Asian Bulls Pvt. Ltd.,186,464.0,86304.0,2025-08-19 12:50:29.756162
2025-08-19,36305,2025081903003801,MNBBL,Creative Securities Pvt Ltd,South Asian Bulls Pvt. Ltd.,14,464.0,6496.0,2025-08-19 12:51:27.160198
2025-08-19,36113,2025081903003828,MNBBL,Sri Hari Securities Pvt. Ltd.,Asian Securities Private Ltd.,14,463.5,6489.0,2025-08-19 12:52:42.127284
2025-08-19,36064,2025081903003833,MNBBL,Naasa Securities Co. Ltd.,South Asian Bulls Pvt. Ltd.,100,464.0,46400.0,2025-08-19 12:52:57.314252
2025-08-19,35720,2025081903003892,MNBBL,Aryatara Investment & Securities,South Asian Bulls Pvt. Ltd.,500,464.0,232000.0,2025-08-19 12:54:55.047349
2025-08-19,35637,2025081903003903,MNBBL,Asian Securities Private Ltd.,South Asian Bulls Pvt. Ltd.,80,464.0,37120.0,2025-08-19 12:55:30.367468
2025-08-19,35558,2025081903003912,MNBBL,J.F. Securites (PVT) Ltd.,Sundhara Securities Limited,50,463.9,23195.0,2025-08-19 12:56:00.690800
2025-08-19,35492,2025081903003920,MNBBL,Secured Securities Ltd.,Sundhara Securities Limited,150,463.9,69585.0,2025-08-19 12:56:14.055341
2025-08-19,35427,2025081903003925,MNBBL,Aryatara Investment & Securities,South Asian Bulls Pvt. Ltd.,35,464.0,16240.0,2025-08-19 12:56:34.780989
2025-08-19,35206,2025081903003961,MNBBL,MILKY WAY SHARE BROKER COMPANY LTD ,South Asian Bulls Pvt. Ltd.,271,464.0,125744.0,2025-08-19 12:57:36.962334
2025-08-19,35205,2025081903003962,MNBBL,MILKY WAY SHARE BROKER COMPANY LTD ,Aakashbhairab Securities Ltd.,36,464.0,16704.0,2025-08-19 12:57:36.962975
2025-08-19,35204,2025081903003963,MNBBL,MILKY WAY SHARE BROKER COMPANY LTD ,Kohinoor Investment & Securities Pvt. Ltd.,669,465.0,311085.0,2025-08-19 12:57:36.963415
2025-08-19,35203,2025081903003964,MNBBL,MILKY WAY SHARE BROKER COMPANY LTD ,Vision Securities Pvt. Ltd,130,465.0,60450.0,2025-08-19 12:57:36.963827
2025-08-19,35202,2025081903003965,MNBBL,MILKY WAY SHARE BROKER COMPANY LTD ,Primo Securities (PVT) Ltd.,1000,465.0,465000.0,2025-08-19 12:57:36.964253
2025-08-19,35201,2025081903003966,MNBBL,MILKY WAY SHARE BROKER COMPANY LTD ,Oxford Securities Pvt. Ltd.,615,465.0,285975.0,2025-08-19 12:57:36.964682
2025-08-19,35200,2025081903003967,MNBBL,MILKY WAY SHARE BROKER COMPANY LTD ,KALASH STOCK MARKET PVT. LTD.,200,465.9,93180.0,2025-08-19 12:57:36.965115
2025-08-19,35199,2025081903003968,MNBBL,MILKY WAY SHARE BROKER COMPANY LTD ,Oxford Securities Pvt. Ltd.,79,466.0,36814.0,2025-08-19 12:57:36.965524
2025-08-19,34988,2025081903004010,MNBBL,Secured Securities Ltd.,Oxford Securities Pvt. Ltd.,50,466.0,23300.0,2025-08-19 12:58:38.384120
2025-08-19,34674,2025081903004087,MNBBL,Vision Securities Pvt. Ltd,Oxford Securities Pvt. Ltd.,58,466.0,27028.0,2025-08-19 13:00:12.078540
2025-08-19,34651,2025081903004096,MNBBL,Secured Securities Ltd.,Oxford Securities Pvt. Ltd.,313,466.0,145858.0,2025-08-19 13:00:20.341680
2025-08-19,34586,2025081903004102,MNBBL,Secured Securities Ltd.,Ashutosh Brokerage & Securities (PVT) Ltd.,57,466.0,26562.0,2025-08-19 13:00:27.996466
2025-08-19,33751,2025081903004225,MNBBL,Dynamic Money Managers Securities Pvt. Ltd.,J.F. Securites (PVT) Ltd.,200,465.0,93000.0,2025-08-19 13:04:26.882071
2025-08-19,33750,2025081903004226,MNBBL,Midas Stock Broking Company Private Limited,J.F. Securites (PVT) Ltd.,108,465.0,50220.0,2025-08-19 13:04:26.882272
2025-08-19,33681,2025081903004231,MNBBL,Aryatara Investment & Securities,Ashutosh Brokerage & Securities (PVT) Ltd.,443,466.0,206438.0,2025-08-19 13:04:44.572842
2025-08-19,33453,2025081903004255,MNBBL,Aryatara Investment & Securities,Cristal Kanchanjanga Securites Pvt. Ltd.,500,466.5,233250.0,2025-08-19 13:05:53.183273
2025-08-19,33317,2025081903004285,MNBBL,Imperial Securities Company Pvt. Ltd.,Linch Stock Market Ltd.,30,466.0,13980.0,2025-08-19 13:06:25.776119
2025-08-19,33298,2025081903004289,MNBBL,Deevyaa Securities & Stock House Pvt. Ltd,Linch Stock Market Ltd.,400,466.0,186400.0,2025-08-19 13:06:34.522654
2025-08-19,33245,2025081903004295,MNBBL,Thrive Brokerage House Pvt. Ltd,Linch Stock Market Ltd.,270,466.0,125820.0,2025-08-19 13:06:45.053322
2025-08-19,33124,2025081903004315,MNBBL,Aryatara Investment & Securities,Kohinoor Investment & Securities Pvt. Ltd.,300,466.4,139920.0,2025-08-19 13:07:14.824614
2025-08-19,33083,2025081903004319,MNBBL,Aryatara Investment & Securities,Premier Securities Company Ltd.,35,466.4,16324.0,2025-08-19 13:07:20.371110
2025-08-19,33082,2025081903004320,MNBBL,Thrive Brokerage House Pvt. Ltd,Premier Securities Company Ltd.,90,466.0,41940.0,2025-08-19 13:07:20.371516
2025-08-19,32762,2025081903004378,MNBBL,Naasa Securities Co. Ltd.,Premier Securities Company Ltd.,315,466.0,146790.0,2025-08-19 13:08:51.894016
2025-08-19,32699,2025081903004387,MNBBL,Aryatara Investment & Securities,Premier Securities Company Ltd.,100,466.0,46600.0,2025-08-19 13:09:06.659761
2025-08-19,32636,2025081903004395,MNBBL,Deevyaa Securities & Stock House Pvt. Ltd,Kohinoor Investment & Securities Pvt. Ltd.,23,465.1,10697.3,2025-08-19 13:09:26.785626
2025-08-19,32635,2025081903004396,MNBBL,Vision Securities Pvt. Ltd,Kohinoor Investment & Securities Pvt. Ltd.,400,465.1,186040.0,2025-08-19 13:09:26.785966
2025-08-19,32634,2025081903004397,MNBBL,Midas Stock Broking Company Private Limited,Kohinoor Investment & Securities Pvt. Ltd.,92,465.0,42780.0,2025-08-19 13:09:26.786128
2025-08-19,32633,2025081903004398,MNBBL,Sri Hari Securities Pvt. Ltd.,Kohinoor Investment & Securities Pvt. Ltd.,270,465.0,125550.0,2025-08-19 13:09:26.786272
2025-08-19,32632,2025081903004399,MNBBL,Sani Securities Company Ltd.,Kohinoor Investment & Securities Pvt. Ltd.,200,465.0,93000.0,2025-08-19 13:09:26.786437
2025-08-19,32332,2025081903004465,MNBBL,Creative Securities Pvt Ltd,Kohinoor Investment & Securities Pvt. Ltd.,15,465.0,6975.0,2025-08-19 13:11:02.613621
2025-08-19,32331,2025081903004466,MNBBL,Creative Securities Pvt Ltd,Naasa Securities Co. Ltd.,585,465.0,272025.0,2025-08-19 13:11:02.614326
2025-08-19,32082,2025081903004503,MNBBL,Imperial Securities Company Pvt. Ltd.,Naasa Securities Co. Ltd.,80,465.0,37200.0,2025-08-19 13:12:28.584662
2025-08-19,32062,2025081903004509,MNBBL,Imperial Securities Company Pvt. Ltd.,Vision Securities Pvt. Ltd,920,465.0,427800.0,2025-08-19 13:12:40.604162
2025-08-19,31853,2025081903004545,MNBBL,Secured Securities Ltd.,Vision Securities Pvt. Ltd,80,465.0,37200.0,2025-08-19 13:13:41.410584
2025-08-19,31131,2025081903004646,MNBBL,Vision Securities Pvt. Ltd,Naasa Securities Co. Ltd.,10,464.2,4642.0,2025-08-19 13:18:02.859564
2025-08-19,31069,2025081903004658,MNBBL,Vision Securities Pvt. Ltd,Miyo Securities Pvt Ltd,50,464.2,23210.0,2025-08-19 13:18:26.336332
2025-08-19,31068,2025081903004659,MNBBL,Vision Securities Pvt. Ltd,Kohinoor Investment & Securities Pvt. Ltd.,40,464.2,18568.0,2025-08-19 13:18:26.507319
2025-08-19,31067,2025081903004660,MNBBL,Kalika Securities Pvt. Ltd.,Kohinoor Investment & Securities Pvt. Ltd.,260,464.1,120666.0,2025-08-19 13:18:26.507950
2025-08-19,31028,2025081903004662,MNBBL,Kalika Securities Pvt. Ltd.,Miyo Securities Pvt Ltd,240,464.1,111384.0,2025-08-19 13:18:39.385784
2025-08-19,31016,2025081903004664,MNBBL,Shree Krishna Securities Ltd.,Miyo Securities Pvt Ltd,10,464.0,4640.0,2025-08-19 13:18:45.411204
2025-08-19,30954,2025081903004681,MNBBL,Shree Krishna Securities Ltd.,Linch Stock Market Ltd.,40,464.0,18560.0,2025-08-19 13:19:03.086784
2025-08-19,30953,2025081903004682,MNBBL,Sagarmatha Securities Private Limited,Linch Stock Market Ltd.,10,464.0,4640.0,2025-08-19 13:19:03.087182
2025-08-19,30917,2025081903004684,MNBBL,Sagarmatha Securities Private Limited,Miyo Securities Pvt Ltd,90,464.0,41760.0,2025-08-19 13:19:11.499812
2025-08-19,30887,2025081903004692,MNBBL,Secured Securities Ltd.,Miyo Securities Pvt Ltd,50,463.9,23195.0,2025-08-19 13:19:23.550705
2025-08-19,30773,2025081903004714,MNBBL,South Asian Bulls Pvt. Ltd.,Cristal Kanchanjanga Securites Pvt. Ltd.,500,463.2,231600.0,2025-08-19 13:20:02.062292
2025-08-19,30772,2025081903004715,MNBBL,Sharepro Securities Private Limited,Cristal Kanchanjanga Securites Pvt. Ltd.,500,463.2,231600.0,2025-08-19 13:20:02.062880
2025-08-19,30771,2025081903004716,MNBBL,Sri Hari Securities Pvt. Ltd.,Cristal Kanchanjanga Securites Pvt. Ltd.,20,463.0,9260.0,2025-08-19 13:20:02.063314
2025-08-19,30770,2025081903004717,MNBBL,Imperial Securities Company Pvt. Ltd.,Cristal Kanchanjanga Securites Pvt. Ltd.,50,463.0,23150.0,2025-08-19 13:20:02.063752
2025-08-19,30769,2025081903004718,MNBBL,Naasa Securities Co. Ltd.,Cristal Kanchanjanga Securites Pvt. Ltd.,30,463.0,13890.0,2025-08-19 13:20:02.064170
2025-08-19,30768,2025081903004719,MNBBL,Cristal Kanchanjanga Securites Pvt. Ltd.,Cristal Kanchanjanga Securites Pvt. Ltd.,100,463.0,46300.0,2025-08-19 13:20:02.064561
2025-08-19,30767,2025081903004720,MNBBL,Vision Securities Pvt. Ltd,Cristal Kanchanjanga Securites Pvt. Ltd.,1000,463.0,463000.0,2025-08-19 13:20:02.065009
2025-08-19,30766,2025081903004721,MNBBL,Vision Securities Pvt. Ltd,Cristal Kanchanjanga Securites Pvt. Ltd.,50,463.0,23150.0,2025-08-19 13:20:02.065522
2025-08-19,30765,2025081903004722,MNBBL,Linch Stock Market Ltd.,Cristal Kanchanjanga Securites Pvt. Ltd.,333,463.0,154179.0,2025-08-19 13:20:02.066046
2025-08-19,30764,2025081903004723,MNBBL,Agrawal Securities (PVT) Ltd.,Cristal Kanchanjanga Securites Pvt. Ltd.,25,463.0,11575.0,2025-08-19 13:20:02.066481
2025-08-19,30763,2025081903004724,MNBBL,Secured Securities Ltd.,Cristal Kanchanjanga Securites Pvt. Ltd.,892,463.0,412996.0,2025-08-19 13:20:02.066971
2025-08-19,30225,2025081903004786,MNBBL,South Asian Bulls Pvt. Ltd.,Citizens Share Broker Limited,34,463.0,15742.0,2025-08-19 13:23:37.050485
2025-08-19,30022,2025081903004812,MNBBL,Naasa Securities Co. Ltd.,Kumari Securities Private Limited,45,464.0,20880.0,2025-08-19 13:25:03.829972
2025-08-19,30021,2025081903004813,MNBBL,Naasa Securities Co. Ltd.,Premier Securities Company Ltd.,455,464.0,211120.0,2025-08-19 13:25:03.830764
2025-08-19,29984,2025081903004819,MNBBL,ABC Securities Private Limited,Kumari Securities Private Limited,24,463.1,11114.4,2025-08-19 13:25:23.494354
2025-08-19,29681,2025081903004860,MNBBL,Premier Securities Company Ltd.,Miyo Securities Pvt Ltd,10,464.4,4644.0,2025-08-19 13:27:18.184000
2025-08-19,29680,2025081903004861,MNBBL,Premier Securities Company Ltd.,Blue Chip Securities Ltd,40,464.5,18580.0,2025-08-19 13:27:18.184380
2025-08-19,28418,2025081903005026,MNBBL,Naasa Securities Co. Ltd.,Cristal Kanchanjanga Securites Pvt. Ltd.,150,463.6,69540.0,2025-08-19 13:33:35.307106
2025-08-19,28417,2025081903005027,MNBBL,Naasa Securities Co. Ltd.,Cristal Kanchanjanga Securites Pvt. Ltd.,15,463.2,6948.0,2025-08-19 13:33:35.307463
2025-08-19,28416,2025081903005028,MNBBL,ABC Securities Private Limited,Cristal Kanchanjanga Securites Pvt. Ltd.,226,463.1,104660.6,2025-08-19 13:33:35.307622
2025-08-19,28415,2025081903005029,MNBBL,South Asian Bulls Pvt. Ltd.,Cristal Kanchanjanga Securites Pvt. Ltd.,16,463.0,7408.0,2025-08-19 13:33:35.307795
2025-08-19,28414,2025081903005030,MNBBL,Vision Securities Pvt. Ltd,Cristal Kanchanjanga Securites Pvt. Ltd.,1000,463.0,463000.0,2025-08-19 13:33:35.307989
2025-08-19,28413,2025081903005031,MNBBL,Sani Securities Company Ltd.,Cristal Kanchanjanga Securites Pvt. Ltd.,200,463.0,92600.0,2025-08-19 13:33:35.308163
2025-08-19,28412,2025081903005032,MNBBL,S.P.S.A. Securities Limited,Cristal Kanchanjanga Securites Pvt. Ltd.,300,462.3,138690.0,2025-08-19 13:33:35.308320
2025-08-19,28411,2025081903005033,MNBBL,Imperial Securities Company Pvt. Ltd.,Cristal Kanchanjanga Securites Pvt. Ltd.,300,462.1,138630.0,2025-08-19 13:33:35.308489
2025-08-19,28410,2025081903005034,MNBBL,Kalika Securities Pvt. Ltd.,Cristal Kanchanjanga Securites Pvt. Ltd.,500,462.1,231050.0,2025-08-19 13:33:35.308655
2025-08-19,28409,2025081903005035,MNBBL,Sri Hari Securities Pvt. Ltd.,Cristal Kanchanjanga Securites Pvt. Ltd.,20,462.0,9240.0,2025-08-19 13:33:35.308807
2025-08-19,28408,2025081903005036,MNBBL,Kumari Securities Private Limited,Cristal Kanchanjanga Securites Pvt. Ltd.,1070,462.0,494340.0,2025-08-19 13:33:35.308986
2025-08-19,28407,2025081903005037,MNBBL,Cristal Kanchanjanga Securites Pvt. Ltd.,Cristal Kanchanjanga Securites Pvt. Ltd.,20,462.0,9240.0,2025-08-19 13:33:35.309213
2025-08-19,28406,2025081903005038,MNBBL,Secured Securities Ltd.,Cristal Kanchanjanga Securites Pvt. Ltd.,1000,462.0,462000.0,2025-08-19 13:33:35.309446
2025-08-19,27964,2025081903005118,MNBBL,Nepal Stock House (PVT) Ltd.,Online Securities Pvt. Ltd.,338,461.2,155885.6,2025-08-19 13:35:21.202973
2025-08-19,27963,2025081903005119,MNBBL,Sumeru Securities Pvt. Ltd.,Online Securities Pvt. Ltd.,462,461.1,213028.2,2025-08-19 13:35:21.203694
2025-08-19,27698,2025081903005170,MNBBL,Sumeru Securities Pvt. Ltd.,Sharepro Securities Private Limited,100,461.1,46110.0,2025-08-19 13:36:26.834470
2025-08-19,27371,2025081903005245,MNBBL,Sumeru Securities Pvt. Ltd.,Trishakti Securities Public Limited,250,461.1,115275.0,2025-08-19 13:38:17.225615
2025-08-19,27289,2025081903005253,MNBBL,Deevyaa Securities & Stock House Pvt. Ltd,Deevyaa Securities & Stock House Pvt. Ltd,70,462.0,32340.0,2025-08-19 13:38:41.541245
2025-08-19,27070,2025081903005287,MNBBL,Sumeru Securities Pvt. Ltd.,Kohinoor Investment & Securities Pvt. Ltd.,89,461.1,41037.9,2025-08-19 13:39:44.035853
2025-08-19,27034,2025081903005291,MNBBL,Sumeru Securities Pvt. Ltd.,ABC Securities Private Limited,30,461.1,13833.0,2025-08-19 13:39:56.610342
2025-08-19,25439,2025081903005514,MNBBL,Online Securities Pvt. Ltd.,Kohinoor Investment & Securities Pvt. Ltd.,500,462.1,231050.0,2025-08-19 13:45:53.779016
2025-08-19,25438,2025081903005515,MNBBL,Naasa Securities Co. Ltd.,Kohinoor Investment & Securities Pvt. Ltd.,500,462.0,231000.0,2025-08-19 13:45:53.779729
2025-08-19,25425,2025081903005519,MNBBL,Naasa Securities Co. Ltd.,Miyo Securities Pvt Ltd,77,462.0,35574.0,2025-08-19 13:45:57.603546
2025-08-19,25374,2025081903005527,MNBBL,Online Securities Pvt. Ltd.,Miyo Securities Pvt Ltd,490,461.5,226135.0,2025-08-19 13:46:13.660203
2025-08-19,25020,2025081903005568,MNBBL,Online Securities Pvt. Ltd.,Miyo Securities Pvt Ltd,10,461.5,4615.0,2025-08-19 13:47:49.121251
2025-08-19,25019,2025081903005569,MNBBL,Sumeru Securities Pvt. Ltd.,Miyo Securities Pvt Ltd,68,461.1,31354.8,2025-08-19 13:47:49.121935
2025-08-19,25018,2025081903005570,MNBBL,Deevyaa Securities & Stock House Pvt. Ltd,Miyo Securities Pvt Ltd,90,461.1,41499.0,2025-08-19 13:47:49.122503
2025-08-19,25017,2025081903005571,MNBBL,Online Securities Pvt. Ltd.,Miyo Securities Pvt Ltd,300,461.1,138330.0,2025-08-19 13:47:49.123069
2025-08-19,25016,2025081903005572,MNBBL,Investment Management Nepal Pvt. Ltd.,Miyo Securities Pvt Ltd,500,461.0,230500.0,2025-08-19 13:47:49.123670
2025-08-19,25015,2025081903005573,MNBBL,Dynamic Money Managers Securities Pvt. Ltd.,Miyo Securities Pvt Ltd,32,461.0,14752.0,2025-08-19 13:47:49.124247
2025-08-19,24976,2025081903005580,MNBBL,Dynamic Money Managers Securities Pvt. Ltd.,Miyo Securities Pvt Ltd,68,461.0,31348.0,2025-08-19 13:48:03.187628
2025-08-19,24975,2025081903005581,MNBBL,Sri Hari Securities Pvt. Ltd.,Miyo Securities Pvt Ltd,20,461.0,9220.0,2025-08-19 13:48:03.187971
2025-08-19,24974,2025081903005582,MNBBL,Trishakti Securities Public Limited,Miyo Securities Pvt Ltd,216,461.0,99576.0,2025-08-19 13:48:03.188139
2025-08-19,24973,2025081903005583,MNBBL,Kohinoor Investment & Securities Pvt. Ltd.,Miyo Securities Pvt Ltd,119,460.2,54763.8,2025-08-19 13:48:03.188345
2025-08-19,24899,2025081903005588,MNBBL,Kohinoor Investment & Securities Pvt. Ltd.,Kohinoor Investment & Securities Pvt. Ltd.,381,460.2,175336.2,2025-08-19 13:48:19.386112
2025-08-19,24898,2025081903005589,MNBBL,Dynamic Money Managers Securities Pvt. Ltd.,Kohinoor Investment & Securities Pvt. Ltd.,200,460.1,92020.0,2025-08-19 13:48:19.386157
2025-08-19,24897,2025081903005590,MNBBL,Secured Securities Ltd.,Kohinoor Investment & Securities Pvt. Ltd.,1000,460.1,460100.0,2025-08-19 13:48:19.386184
2025-08-19,24896,2025081903005591,MNBBL,Kumari Securities Private Limited,Kohinoor Investment & Securities Pvt. Ltd.,100,460.0,46000.0,2025-08-19 13:48:19.386208
2025-08-19,24895,2025081903005592,MNBBL,K.B.L. Securities Limited ,Kohinoor Investment & Securities Pvt. Ltd.,200,460.0,92000.0,2025-08-19 13:48:19.386241
2025-08-19,24894,2025081903005593,MNBBL,K.B.L. Securities Limited ,Kohinoor Investment & Securities Pvt. Ltd.,119,460.0,54740.0,2025-08-19 13:48:19.386268
2025-08-19,24741,2025081903005609,MNBBL,K.B.L. Securities Limited ,Miyo Securities Pvt Ltd,381,460.0,175260.0,2025-08-19 13:49:05.453965
2025-08-19,24740,2025081903005610,MNBBL,Sri Hari Securities Pvt. Ltd.,Miyo Securities Pvt Ltd,20,460.0,9200.0,2025-08-19 13:49:05.454349
2025-08-19,24739,2025081903005611,MNBBL,Agrawal Securities (PVT) Ltd.,Miyo Securities Pvt Ltd,159,460.0,73140.0,2025-08-19 13:49:05.454505
2025-08-19,24708,2025081903005612,MNBBL,Agrawal Securities (PVT) Ltd.,Opal Securities Investment (PVT) Ltd.,104,460.0,47840.0,2025-08-19 13:49:13.215658
2025-08-19,24570,2025081903005650,MNBBL,Kalika Securities Pvt. Ltd.,Kohinoor Investment & Securities Pvt. Ltd.,1000,462.0,462000.0,2025-08-19 13:49:54.977826
2025-08-19,24350,2025081903005681,MNBBL,Market Securities & Exchange (PVT) Ltd.,Dakshinkali Investment & Securities Pvt. Ltd.,300,461.1,138330.0,2025-08-19 13:50:44.604394
2025-08-19,24349,2025081903005682,MNBBL,Asian Securities Private Ltd.,Dakshinkali Investment & Securities Pvt. Ltd.,100,460.1,46010.0,2025-08-19 13:50:44.604755
2025-08-19,24348,2025081903005683,MNBBL,Creative Securities Pvt Ltd,Dakshinkali Investment & Securities Pvt. Ltd.,200,460.1,92020.0,2025-08-19 13:50:44.604948
2025-08-19,24347,2025081903005684,MNBBL,Online Securities Pvt. Ltd.,Dakshinkali Investment & Securities Pvt. Ltd.,200,460.1,92020.0,2025-08-19 13:50:44.605158
2025-08-19,24346,2025081903005685,MNBBL,Agrawal Securities (PVT) Ltd.,Dakshinkali Investment & Securities Pvt. Ltd.,737,460.0,339020.0,2025-08-19 13:50:44.605329
2025-08-19,24345,2025081903005686,MNBBL,Online Securities Pvt. Ltd.,Dakshinkali Investment & Securities Pvt. Ltd.,600,460.0,276000.0,2025-08-19 13:50:44.605529
2025-08-19,24344,2025081903005687,MNBBL,Dynamic Money Managers Securities Pvt. Ltd.,Dakshinkali Investment & Securities Pvt. Ltd.,500,460.0,230000.0,2025-08-19 13:50:44.605745
2025-08-19,24343,2025081903005688,MNBBL,Nepal Investment And Securities Trading Private Limited,Dakshinkali Investment & Securities Pvt. Ltd.,30,460.0,13800.0,2025-08-19 13:50:44.605928
2025-08-19,24342,2025081903005689,MNBBL,Investment Management Nepal Pvt. Ltd.,Dakshinkali Investment & Securities Pvt. Ltd.,1000,460.0,460000.0,2025-08-19 13:50:44.606123
2025-08-19,24341,2025081903005690,MNBBL,Cristal Kanchanjanga Securites Pvt. Ltd.,Dakshinkali Investment & Securities Pvt. Ltd.,30,460.0,13800.0,2025-08-19 13:50:44.606278
2025-08-19,24340,2025081903005691,MNBBL,Asian Securities Private Ltd.,Dakshinkali Investment & Securities Pvt. Ltd.,300,460.0,138000.0,2025-08-19 13:50:44.606460
2025-08-19,24339,2025081903005692,MNBBL,Asian Securities Private Ltd.,Dakshinkali Investment & Securities Pvt. Ltd.,100,460.0,46000.0,2025-08-19 13:50:44.606648
2025-08-19,24338,2025081903005693,MNBBL,Naasa Securities Co. Ltd.,Dakshinkali Investment & Securities Pvt. Ltd.,20,460.0,9200.0,2025-08-19 13:50:44.606802
2025-08-19,24337,2025081903005694,MNBBL,ABC Securities Private Limited,Dakshinkali Investment & Securities Pvt. Ltd.,10,460.0,4600.0,2025-08-19 13:50:44.606975
2025-08-19,24336,2025081903005695,MNBBL,ABC Securities Private Limited,Dakshinkali Investment & Securities Pvt. Ltd.,100,460.0,46000.0,2025-08-19 13:50:44.607137
2025-08-19,24335,2025081903005696,MNBBL,Creative Securities Pvt Ltd,Dakshinkali Investment & Securities Pvt. Ltd.,100,460.0,46000.0,2025-08-19 13:50:44.607323
2025-08-19,24334,2025081903005697,MNBBL,Investment Management Nepal Pvt. Ltd.,Dakshinkali Investment & Securities Pvt. Ltd.,500,460.0,230000.0,2025-08-19 13:50:44.607520
2025-08-19,24333,2025081903005698,MNBBL,Asian Securities Private Ltd.,Dakshinkali Investment & Securities Pvt. Ltd.,1500,460.0,690000.0,2025-08-19 13:50:44.607677
2025-08-19,24332,2025081903005699,MNBBL,Cristal Kanchanjanga Securites Pvt. Ltd.,Dakshinkali Investment & Securities Pvt. Ltd.,50,460.0,23000.0,2025-08-19 13:50:44.607846
2025-08-19,24331,2025081903005700,MNBBL,Opal Securities Investment (PVT) Ltd.,Dakshinkali Investment & Securities Pvt. Ltd.,250,460.0,115000.0,2025-08-19 13:50:44.608017
2025-08-19,24330,2025081903005701,MNBBL,Asian Securities Private Ltd.,Dakshinkali Investment & Securities Pvt. Ltd.,750,460.0,345000.0,2025-08-19 13:50:44.608189
2025-08-19,24329,2025081903005702,MNBBL,Trisul Securities & Invt. Ltd.,Dakshinkali Investment & Securities Pvt. Ltd.,100,460.0,46000.0,2025-08-19 13:50:44.608336
2025-08-19,24328,2025081903005703,MNBBL,Midas Stock Broking Company Private Limited,Dakshinkali Investment & Securities Pvt. Ltd.,20,460.0,9200.0,2025-08-19 13:50:44.608511
2025-08-19,24327,2025081903005704,MNBBL,Infinity Securities Limited,Dakshinkali Investment & Securities Pvt. Ltd.,500,460.0,230000.0,2025-08-19 13:50:44.648771
2025-08-19,24268,2025081903005718,MNBBL,Kalika Securities Pvt. Ltd.,Dakshinkali Investment & Securities Pvt. Ltd.,1000,460.0,460000.0,2025-08-19 13:50:57.097527
2025-08-19,24211,2025081903005733,MNBBL,Kohinoor Investment & Securities Pvt. Ltd.,Linch Stock Market Ltd.,50,459.3,22965.0,2025-08-19 13:51:09.140010
2025-08-19,23910,2025081903005789,MNBBL,Capital Hub P. Ltd,Kohinoor Investment & Securities Pvt. Ltd.,300,460.0,138000.0,2025-08-19 13:52:14.660975
2025-08-19,23785,2025081903005798,MNBBL,Kohinoor Investment & Securities Pvt. Ltd.,Investment Management Nepal Pvt. Ltd.,50,459.3,22965.0,2025-08-19 13:52:40.098062
2025-08-19,23784,2025081903005799,MNBBL,Kalika Securities Pvt. Ltd.,Investment Management Nepal Pvt. Ltd.,450,459.1,206595.0,2025-08-19 13:52:40.098140
2025-08-19,23612,2025081903005825,MNBBL,Kalika Securities Pvt. Ltd.,Kohinoor Investment & Securities Pvt. Ltd.,90,461.9,41571.0,2025-08-19 13:53:12.579100
2025-08-19,23023,2025081903005925,MNBBL,Secured Securities Ltd.,Sharepro Securities Private Limited,120,461.9,55428.0,2025-08-19 13:55:19.713210
2025-08-19,22871,2025081903005943,MNBBL,ABC Securities Private Limited,Ashutosh Brokerage & Securities (PVT) Ltd.,1500,459.6,689400.0,2025-08-19 13:55:58.113039
2025-08-19,22736,2025081903005951,MNBBL,Trisul Securities & Invt. Ltd.,Dipshikha Dhitopatra Karobar Co. Pvt Ltd.,225,460.5,103612.5,2025-08-19 13:56:35.085726
2025-08-19,22735,2025081903005952,MNBBL,ABC Securities Private Limited,Dipshikha Dhitopatra Karobar Co. Pvt Ltd.,500,459.6,229800.0,2025-08-19 13:56:35.086376
2025-08-19,22734,2025081903005953,MNBBL,Nepal Investment And Securities Trading Private Limited,Dipshikha Dhitopatra Karobar Co. Pvt Ltd.,150,459.5,68925.0,2025-08-19 13:56:35.086836
2025-08-19,22733,2025081903005954,MNBBL,Kalika Securities Pvt. Ltd.,Dipshikha Dhitopatra Karobar Co. Pvt Ltd.,550,459.2,252560.0,2025-08-19 13:56:35.087265
2025-08-19,22732,2025081903005955,MNBBL,Aryatara Investment & Securities,Dipshikha Dhitopatra Karobar Co. Pvt Ltd.,1575,459.1,723082.5,2025-08-19 13:56:35.087686
2025-08-19,22132,2025081903006044,MNBBL,Kumari Securities Private Limited,Kumari Securities Private Limited,10,461.7,4617.0,2025-08-19 13:58:46.231591
2025-08-19,21937,2025081903006068,MNBBL,Deevyaa Securities & Stock House Pvt. Ltd,Nabil Stock Dealer Ltd.,55,459.2,25256.0,2025-08-19 13:59:32.333266
2025-08-19,21936,2025081903006069,MNBBL,Aryatara Investment & Securities,Nabil Stock Dealer Ltd.,95,459.1,43614.5,2025-08-19 13:59:32.333592
2025-08-19,21905,2025081903006073,MNBBL,Aryatara Investment & Securities,Nabil Stock Dealer Ltd.,100,459.1,45910.0,2025-08-19 13:59:44.375206
2025-08-19,21883,2025081903006074,MNBBL,ABC Securities Private Limited,Kohinoor Investment & Securities Pvt. Ltd.,400,461.0,184400.0,2025-08-19 13:59:50.172871
2025-08-19,21525,2025081903006115,MNBBL,Cristal Kanchanjanga Securites Pvt. Ltd.,Sani Securities Company Ltd.,100,460.0,46000.0,2025-08-19 14:01:24.858589
2025-08-19,21156,2025081903006153,MNBBL,Cristal Kanchanjanga Securites Pvt. Ltd.,Kumari Securities Private Limited,190,460.0,87400.0,2025-08-19 14:03:21.459524
2025-08-19,20772,2025081903006189,MNBBL,Cristal Kanchanjanga Securites Pvt. Ltd.,Premier Securities Company Ltd.,200,460.0,92000.0,2025-08-19 14:05:11.632259
2025-08-19,20607,2025081903006205,MNBBL,Cristal Kanchanjanga Securites Pvt. Ltd.,Imperial Securities Company Pvt. Ltd.,10,460.0,4600.0,2025-08-19 14:05:46.215884
2025-08-19,20606,2025081903006206,MNBBL,Vision Securities Pvt. Ltd,Imperial Securities Company Pvt. Ltd.,500,460.0,230000.0,2025-08-19 14:05:46.216220
2025-08-19,20605,2025081903006207,MNBBL,Imperial Securities Company Pvt. Ltd.,Imperial Securities Company Pvt. Ltd.,30,460.0,13800.0,2025-08-19 14:05:46.216373
2025-08-19,19849,2025081903006286,MNBBL,Aryatara Investment & Securities,Kohinoor Investment & Securities Pvt. Ltd.,100,459.4,45940.0,2025-08-19 14:08:26.508526
2025-08-19,19848,2025081903006287,MNBBL,Sweta Securities Private Limited,Kohinoor Investment & Securities Pvt. Ltd.,20,459.2,9184.0,2025-08-19 14:08:26.508911
2025-08-19,19847,2025081903006288,MNBBL,Oxford Securities Pvt. Ltd.,Kohinoor Investment & Securities Pvt. Ltd.,480,459.2,220416.0,2025-08-19 14:08:26.509085
2025-08-19,19438,2025081903006345,MNBBL,Oxford Securities Pvt. Ltd.,Kohinoor Investment & Securities Pvt. Ltd.,520,459.2,238784.0,2025-08-19 14:09:50.795790
2025-08-19,19437,2025081903006346,MNBBL,Aryatara Investment & Securities,Kohinoor Investment & Securities Pvt. Ltd.,1230,459.1,564693.0,2025-08-19 14:09:50.796178
2025-08-19,19436,2025081903006347,MNBBL,Vision Securities Pvt. Ltd,Kohinoor Investment & Securities Pvt. Ltd.,250,459.1,114775.0,2025-08-19 14:09:50.796331
2025-08-19,19387,2025081903006350,MNBBL,Vision Securities Pvt. Ltd,Sanima Securities Limited,750,459.1,344325.0,2025-08-19 14:10:01.100587
2025-08-19,19386,2025081903006351,MNBBL,Sundhara Securities Limited,Sanima Securities Limited,1000,459.0,459000.0,2025-08-19 14:10:01.100919
2025-08-19,19385,2025081903006352,MNBBL,Thrive Brokerage House Pvt. Ltd,Sanima Securities Limited,250,459.0,114750.0,2025-08-19 14:10:01.101078
2025-08-19,19305,2025081903006364,MNBBL,Thrive Brokerage House Pvt. Ltd,Kohinoor Investment & Securities Pvt. Ltd.,50,459.0,22950.0,2025-08-19 14:10:22.984175
2025-08-19,19304,2025081903006365,MNBBL,Shree Krishna Securities Ltd.,Kohinoor Investment & Securities Pvt. Ltd.,200,459.0,91800.0,2025-08-19 14:10:22.984540
2025-08-19,19303,2025081903006366,MNBBL,J.F. Securites (PVT) Ltd.,Kohinoor Investment & Securities Pvt. Ltd.,20,459.0,9180.0,2025-08-19 14:10:22.984795
2025-08-19,19215,2025081903006399,MNBBL,Investment Management Nepal Pvt. Ltd.,Ashutosh Brokerage & Securities (PVT) Ltd.,100,458.5,45850.0,2025-08-19 14:10:42.439197
2025-08-19,19214,2025081903006400,MNBBL,Naasa Securities Co. Ltd.,Ashutosh Brokerage & Securities (PVT) Ltd.,400,458.0,183200.0,2025-08-19 14:10:42.439912
2025-08-19,19185,2025081903006405,MNBBL,Naasa Securities Co. Ltd.,Ashutosh Brokerage & Securities (PVT) Ltd.,100,458.0,45800.0,2025-08-19 14:10:51.525105
2025-08-19,19184,2025081903006406,MNBBL,Midas Stock Broking Company Private Limited,Ashutosh Brokerage & Securities (PVT) Ltd.,20,458.0,9160.0,2025-08-19 14:10:51.525431
2025-08-19,18793,2025081903006477,MNBBL,Sundhara Securities Limited,Imperial Securities Company Pvt. Ltd.,10,457.0,4570.0,2025-08-19 14:12:44.576055
2025-08-19,18792,2025081903006478,MNBBL,Deevyaa Securities & Stock House Pvt. Ltd,Imperial Securities Company Pvt. Ltd.,234,457.0,106938.0,2025-08-19 14:12:44.576437
2025-08-19,18753,2025081903006481,MNBBL,Imperial Securities Company Pvt. Ltd.,Ashutosh Brokerage & Securities (PVT) Ltd.,76,458.0,34808.0,2025-08-19 14:12:51.651268
2025-08-19,18715,2025081903006501,MNBBL,Trisul Securities & Invt. Ltd.,Ashutosh Brokerage & Securities (PVT) Ltd.,200,458.0,91600.0,2025-08-19 14:12:59.816930
2025-08-19,18702,2025081903006505,MNBBL,Deevyaa Securities & Stock House Pvt. Ltd,Bhrikuti Stock Broking Co. Pvt. Ltd.,266,457.0,121562.0,2025-08-19 14:13:04.134530
2025-08-19,18701,2025081903006506,MNBBL,ABC Securities Private Limited,Bhrikuti Stock Broking Co. Pvt. Ltd.,300,457.0,137100.0,2025-08-19 14:13:04.135180
2025-08-19,18700,2025081903006507,MNBBL,Trishakti Securities Public Limited,Bhrikuti Stock Broking Co. Pvt. Ltd.,218,457.0,99626.0,2025-08-19 14:13:04.135609
2025-08-19,18699,2025081903006508,MNBBL,ABC Securities Private Limited,Bhrikuti Stock Broking Co. Pvt. Ltd.,10,457.0,4570.0,2025-08-19 14:13:04.136156
2025-08-19,18698,2025081903006509,MNBBL,Dipshikha Dhitopatra Karobar Co. Pvt Ltd.,Bhrikuti Stock Broking Co. Pvt. Ltd.,100,457.0,45700.0,2025-08-19 14:13:04.136573
2025-08-19,18697,2025081903006510,MNBBL,Nepal Investment And Securities Trading Private Limited,Bhrikuti Stock Broking Co. Pvt. Ltd.,106,457.0,48442.0,2025-08-19 14:13:04.136979
2025-08-19,18643,2025081903006519,MNBBL,Trisul Securities & Invt. Ltd.,Dipshikha Dhitopatra Karobar Co. Pvt Ltd.,19,457.1,8684.9,2025-08-19 14:13:22.139184
2025-08-19,18608,2025081903006523,MNBBL,Secured Securities Ltd.,Ashutosh Brokerage & Securities (PVT) Ltd.,100,458.0,45800.0,2025-08-19 14:13:34.313204
2025-08-19,18253,2025081903006585,MNBBL,J.F. Securites (PVT) Ltd.,Kohinoor Investment & Securities Pvt. Ltd.,10,457.2,4572.0,2025-08-19 14:15:24.736896
2025-08-19,17996,2025081903006620,MNBBL,J.F. Securites (PVT) Ltd.,Imperial Securities Company Pvt. Ltd.,400,457.6,183040.0,2025-08-19 14:16:54.166304
2025-08-19,17926,2025081903006634,MNBBL,J.F. Securites (PVT) Ltd.,Oxford Securities Pvt. Ltd.,590,457.6,269984.0,2025-08-19 14:17:05.422428
2025-08-19,17925,2025081903006635,MNBBL,Sani Securities Company Ltd.,Oxford Securities Pvt. Ltd.,1000,457.5,457500.0,2025-08-19 14:17:05.422740
2025-08-19,17924,2025081903006636,MNBBL,Secured Securities Ltd.,Oxford Securities Pvt. Ltd.,93,457.4,42538.2,2025-08-19 14:17:05.422885
2025-08-19,17812,2025081903006648,MNBBL,Vision Securities Pvt. Ltd,Kohinoor Investment & Securities Pvt. Ltd.,730,459.0,335070.0,2025-08-19 14:17:36.796121
2025-08-19,17811,2025081903006649,MNBBL,Vision Securities Pvt. Ltd,Kumari Securities Private Limited,500,459.0,229500.0,2025-08-19 14:17:36.796467
2025-08-19,17810,2025081903006650,MNBBL,Vision Securities Pvt. Ltd,Sanima Securities Limited,1770,459.9,814023.0,2025-08-19 14:17:36.796612
2025-08-19,17569,2025081903006687,MNBBL,J.F. Securites (PVT) Ltd.,Imperial Securities Company Pvt. Ltd.,200,457.4,91480.0,2025-08-19 14:18:59.436978
2025-08-19,17462,2025081903006705,MNBBL,Secured Securities Ltd.,Machhapuchchhre Securities Limited,150,457.4,68610.0,2025-08-19 14:19:33.782823
2025-08-19,16925,2025081903006793,MNBBL,ABC Securities Private Limited,Aakashbhairab Securities Ltd.,100,457.5,45750.0,2025-08-19 14:22:24.860569
2025-08-19,16924,2025081903006794,MNBBL,Investment Management Nepal Pvt. Ltd.,Aakashbhairab Securities Ltd.,100,457.5,45750.0,2025-08-19 14:22:24.860970
2025-08-19,16923,2025081903006795,MNBBL,Secured Securities Ltd.,Aakashbhairab Securities Ltd.,50,457.4,22870.0,2025-08-19 14:22:24.861126
2025-08-19,16922,2025081903006796,MNBBL,Cristal Kanchanjanga Securites Pvt. Ltd.,Aakashbhairab Securities Ltd.,50,457.3,22865.0,2025-08-19 14:22:24.861267
2025-08-19,16921,2025081903006797,MNBBL,Vision Securities Pvt. Ltd,Aakashbhairab Securities Ltd.,100,457.3,45730.0,2025-08-19 14:22:24.861409
2025-08-19,16920,2025081903006798,MNBBL,Sweta Securities Private Limited,Aakashbhairab Securities Ltd.,10,457.2,4572.0,2025-08-19 14:22:24.861551
2025-08-19,16919,2025081903006799,MNBBL,Trisul Securities & Invt. Ltd.,Aakashbhairab Securities Ltd.,90,457.1,41139.0,2025-08-19 14:22:24.861697
2025-08-19,16481,2025081903006842,MNBBL,Trisul Securities & Invt. Ltd.,SHUBHAKAMANA SECURITIES PVT. LTD,91,457.1,41596.1,2025-08-19 14:24:21.022759
2025-08-19,16480,2025081903006843,MNBBL,Sharepro Securities Private Limited,SHUBHAKAMANA SECURITIES PVT. LTD,206,457.1,94162.6,2025-08-19 14:24:21.023450
2025-08-19,15188,2025081903007006,MNBBL,Kalika Securities Pvt. Ltd.,Ashutosh Brokerage & Securities (PVT) Ltd.,170,458.0,77860.0,2025-08-19 14:28:48.342744
2025-08-19,15057,2025081903007027,MNBBL,Sundhara Securities Limited,SHUBHAKAMANA SECURITIES PVT. LTD,1000,457.3,457300.0,2025-08-19 14:29:13.950010
2025-08-19,15020,2025081903007034,MNBBL,Opal Securities Investment (PVT) Ltd.,Ashutosh Brokerage & Securities (PVT) Ltd.,250,458.0,114500.0,2025-08-19 14:29:20.796564
2025-08-19,14950,2025081903007055,MNBBL,Sharepro Securities Private Limited,Vision Securities Pvt. Ltd,20,457.1,9142.0,2025-08-19 14:29:28.022601
2025-08-19,14617,2025081903007165,MNBBL,Sharepro Securities Private Limited,Sagarmatha Securities Private Limited,200,457.1,91420.0,2025-08-19 14:30:25.751717
2025-08-19,14591,2025081903007167,MNBBL,Sharepro Securities Private Limited,Oxford Securities Pvt. Ltd.,74,457.1,33825.4,2025-08-19 14:30:29.111065
2025-08-19,14590,2025081903007168,MNBBL,Sani Securities Company Ltd.,Oxford Securities Pvt. Ltd.,16,457.1,7313.6,2025-08-19 14:30:29.111408
2025-08-19,14581,2025081903007172,MNBBL,Sani Securities Company Ltd.,S.P.S.A. Securities Limited,84,457.1,38396.4,2025-08-19 14:30:32.396146
2025-08-19,14580,2025081903007173,MNBBL,Nepal Investment And Securities Trading Private Limited,S.P.S.A. Securities Limited,216,457.0,98712.0,2025-08-19 14:30:32.396196
2025-08-19,14472,2025081903007186,MNBBL,Nepal Investment And Securities Trading Private Limited,SHUBHAKAMANA SECURITIES PVT. LTD,178,457.0,81346.0,2025-08-19 14:30:51.221887
2025-08-19,14471,2025081903007187,MNBBL,Pragyan Securities (PVT) Ltd.,SHUBHAKAMANA SECURITIES PVT. LTD,100,457.0,45700.0,2025-08-19 14:30:51.222210
2025-08-19,14470,2025081903007188,MNBBL,Dynamic Money Managers Securities Pvt. Ltd.,SHUBHAKAMANA SECURITIES PVT. LTD,222,457.0,101454.0,2025-08-19 14:30:51.222354
2025-08-19,14374,2025081903007196,MNBBL,Dynamic Money Managers Securities Pvt. Ltd.,Midas Stock Broking Company Private Limited,800,457.0,365600.0,2025-08-19 14:31:16.509891
2025-08-19,14206,2025081903007224,MNBBL,Dynamic Money Managers Securities Pvt. Ltd.,Midas Stock Broking Company Private Limited,600,457.0,274200.0,2025-08-19 14:31:46.807492
2025-08-19,14199,2025081903007225,MNBBL,Aryatara Investment & Securities,Vision Securities Pvt. Ltd,30,457.1,13713.0,2025-08-19 14:31:49.683635
2025-08-19,14069,2025081903007241,MNBBL,Nepal Stock House (PVT) Ltd.,Aryatara Investment & Securities,30,457.1,13713.0,2025-08-19 14:32:17.913592
2025-08-19,14068,2025081903007242,MNBBL,Dynamic Money Managers Securities Pvt. Ltd.,Aryatara Investment & Securities,378,457.0,172746.0,2025-08-19 14:32:17.913980
2025-08-19,14067,2025081903007243,MNBBL,Sri Hari Securities Pvt. Ltd.,Aryatara Investment & Securities,20,457.0,9140.0,2025-08-19 14:32:17.914160
2025-08-19,14066,2025081903007244,MNBBL,Naasa Securities Co. Ltd.,Aryatara Investment & Securities,14,457.0,6398.0,2025-08-19 14:32:17.914300
2025-08-19,14065,2025081903007245,MNBBL,Miyo Securities Pvt Ltd,Aryatara Investment & Securities,100,457.0,45700.0,2025-08-19 14:32:17.914437
2025-08-19,14064,2025081903007246,MNBBL,Opal Securities Investment (PVT) Ltd.,Aryatara Investment & Securities,250,457.0,114250.0,2025-08-19 14:32:17.914574
2025-08-19,13980,2025081903007254,MNBBL,Kalika Securities Pvt. Ltd.,Aryatara Investment & Securities,1000,457.0,457000.0,2025-08-19 14:32:33.645695
2025-08-19,13834,2025081903007276,MNBBL,Linch Stock Market Ltd.,Aryatara Investment & Securities,208,457.0,95056.0,2025-08-19 14:33:02.322416
2025-08-19,13624,2025081903007317,MNBBL,Linch Stock Market Ltd.,Dakshinkali Investment & Securities Pvt. Ltd.,792,457.0,361944.0,2025-08-19 14:33:41.975248
2025-08-19,13623,2025081903007318,MNBBL,Kalika Securities Pvt. Ltd.,Dakshinkali Investment & Securities Pvt. Ltd.,200,457.0,91400.0,2025-08-19 14:33:41.976003
2025-08-19,13562,2025081903007325,MNBBL,Sewa Securities Pvt. Ltd.,SHUBHAKAMANA SECURITIES PVT. LTD,50,456.8,22840.0,2025-08-19 14:33:55.706200
2025-08-19,13561,2025081903007326,MNBBL,Cristal Kanchanjanga Securites Pvt. Ltd.,SHUBHAKAMANA SECURITIES PVT. LTD,20,456.8,9136.0,2025-08-19 14:33:55.706248
2025-08-19,13560,2025081903007327,MNBBL,Premier Securities Company Ltd.,SHUBHAKAMANA SECURITIES PVT. LTD,50,456.7,22835.0,2025-08-19 14:33:55.706276
2025-08-19,13559,2025081903007328,MNBBL,Aryatara Investment & Securities,SHUBHAKAMANA SECURITIES PVT. LTD,100,456.7,45670.0,2025-08-19 14:33:55.706304
2025-08-19,13558,2025081903007329,MNBBL,Cristal Kanchanjanga Securites Pvt. Ltd.,SHUBHAKAMANA SECURITIES PVT. LTD,50,456.3,22815.0,2025-08-19 14:33:55.706332
2025-08-19,13557,2025081903007330,MNBBL,J.F. Securites (PVT) Ltd.,SHUBHAKAMANA SECURITIES PVT. LTD,300,456.1,136830.0,2025-08-19 14:33:55.706373
2025-08-19,13556,2025081903007331,MNBBL,Vision Securities Pvt. Ltd,SHUBHAKAMANA SECURITIES PVT. LTD,430,456.0,196080.0,2025-08-19 14:33:55.706397
2025-08-19,13515,2025081903007341,MNBBL,Nepal Stock House (PVT) Ltd.,Linch Stock Market Ltd.,90,456.9,41121.0,2025-08-19 14:34:05.932737
2025-08-19,13397,2025081903007361,MNBBL,Vision Securities Pvt. Ltd,Sweta Securities Private Limited,70,456.0,31920.0,2025-08-19 14:34:35.349745
2025-08-19,13396,2025081903007362,MNBBL,Online Securities Pvt. Ltd.,Sweta Securities Private Limited,30,456.0,13680.0,2025-08-19 14:34:35.350068
2025-08-19,12622,2025081903007511,MNBBL,Online Securities Pvt. Ltd.,Linch Stock Market Ltd.,10,456.0,4560.0,2025-08-19 14:36:49.127384
2025-08-19,12589,2025081903007516,MNBBL,Siprabi Securities Pvt. Ltd.,Midas Stock Broking Company Private Limited,500,456.1,228050.0,2025-08-19 14:36:56.894986
