Date,S.N.,Contract ID,Symbol,Buyer Broker,Seller Broker,volume,rate,amount,transaction_time
2025-08-19,61508,2025081904000163,SHEL,Kohinoor Investment & Securities Pvt. Ltd.,Premier Securities Company Ltd.,10,313.9,3139.0,2025-08-19 11:01:23.197486
2025-08-19,60958,2025081904000346,SHEL,Capital Max Securities Ltd,Secured Securities Ltd.,50,310.0,15500.0,2025-08-19 11:05:39.619759
2025-08-19,60943,2025081904000355,SHEL,Capital Max Securities Ltd,Sani Securities Company Ltd.,250,310.0,77500.0,2025-08-19 11:05:43.002116
2025-08-19,60942,2025081904000356,SHEL,Thrive Brokerage House Pvt. Ltd,Sani Securities Company Ltd.,250,310.0,77500.0,2025-08-19 11:05:43.002227
2025-08-19,60774,2025081904000432,SHEL,Thrive Brokerage House Pvt. Ltd,S.P.S.A. Securities Limited,250,310.0,77500.0,2025-08-19 11:06:53.768165
2025-08-19,60773,2025081904000433,SHEL,Naasa Securities Co. Ltd.,S.P.S.A. Securities Limited,200,310.0,62000.0,2025-08-19 11:06:53.768304
2025-08-19,60687,2025081904000459,SHEL,Dipshikha Dhitopatra Karobar Co. Pvt Ltd.,Sumeru Securities Pvt. Ltd.,10,309.9,3099.0,2025-08-19 11:07:37.537800
2025-08-19,60686,2025081904000460,SHEL,Dipshikha Dhitopatra Karobar Co. Pvt Ltd.,S.P.S.A. Securities Limited,50,310.0,15500.0,2025-08-19 11:07:37.537928
2025-08-19,60685,2025081904000461,SHEL,Dipshikha Dhitopatra Karobar Co. Pvt Ltd.,Siprabi Securities Pvt. Ltd.,20,310.0,6200.0,2025-08-19 11:07:37.538001
2025-08-19,60580,2025081904000487,SHEL,Dipshikha Dhitopatra Karobar Co. Pvt Ltd.,Nepal Stock House (PVT) Ltd.,420,310.0,130200.0,2025-08-19 11:08:06.677804
2025-08-19,60579,2025081904000488,SHEL,Naasa Securities Co. Ltd.,Nepal Stock House (PVT) Ltd.,10,310.0,3100.0,2025-08-19 11:08:06.677993
2025-08-19,60542,2025081904000500,SHEL,Nagarik Stock Dealer ,Sri Hari Securities Pvt. Ltd.,500,309.2,154600.0,2025-08-19 11:08:23.183183
2025-08-19,60541,2025081904000501,SHEL,Dakshinkali Investment & Securities Pvt. Ltd.,Sri Hari Securities Pvt. Ltd.,400,309.0,123600.0,2025-08-19 11:08:23.183345
2025-08-19,60540,2025081904000502,SHEL,Bhrikuti Stock Broking Co. Pvt. Ltd.,Sri Hari Securities Pvt. Ltd.,300,309.0,92700.0,2025-08-19 11:08:23.183421
2025-08-19,60539,2025081904000503,SHEL,Sani Securities Company Ltd.,Sri Hari Securities Pvt. Ltd.,800,309.0,247200.0,2025-08-19 11:08:23.183476
2025-08-19,60305,2025081904000577,SHEL,Sani Securities Company Ltd.,Nepal Stock House (PVT) Ltd.,200,309.0,61800.0,2025-08-19 11:09:39.350142
2025-08-19,60304,2025081904000578,SHEL,Sumeru Securities Pvt. Ltd.,Nepal Stock House (PVT) Ltd.,300,309.0,92700.0,2025-08-19 11:09:39.350431
2025-08-19,60206,2025081904000603,SHEL,Kumari Securities Private Limited,Sri Hari Securities Pvt. Ltd.,500,309.0,154500.0,2025-08-19 11:10:17.482267
2025-08-19,60157,2025081904000616,SHEL,Online Securities Pvt. Ltd.,Sri Hari Securities Pvt. Ltd.,300,308.3,92490.0,2025-08-19 11:10:37.168463
2025-08-19,60156,2025081904000617,SHEL,Bhrikuti Stock Broking Co. Pvt. Ltd.,Sri Hari Securities Pvt. Ltd.,1000,308.3,308300.0,2025-08-19 11:10:37.168643
2025-08-19,59990,2025081904000688,SHEL,Dipshikha Dhitopatra Karobar Co. Pvt Ltd.,Siprabi Securities Pvt. Ltd.,54,308.0,16632.0,2025-08-19 11:11:29.600984
2025-08-19,59447,2025081904000829,SHEL,Aryatara Investment & Securities,Naasa Securities Co. Ltd.,10,309.0,3090.0,2025-08-19 11:14:14.642343
2025-08-19,59220,2025081904000902,SHEL,Naasa Securities Co. Ltd.,Sri Hari Securities Pvt. Ltd.,555,309.0,171495.0,2025-08-19 11:15:32.146228
2025-08-19,58549,2025081904001026,SHEL,Bhrikuti Stock Broking Co. Pvt. Ltd.,Market Securities & Exchange (PVT) Ltd.,280,310.0,86800.0,2025-08-19 11:18:51.332530
2025-08-19,58480,2025081904001040,SHEL,Bhrikuti Stock Broking Co. Pvt. Ltd.,Vision Securities Pvt. Ltd,200,310.8,62160.0,2025-08-19 11:19:11.557677
2025-08-19,58317,2025081904001060,SHEL,Capital Max Securities Ltd,Imperial Securities Company Pvt. Ltd.,100,310.9,31090.0,2025-08-19 11:19:48.552940
2025-08-19,58306,2025081904001063,SHEL,Bhrikuti Stock Broking Co. Pvt. Ltd.,Imperial Securities Company Pvt. Ltd.,300,310.9,93270.0,2025-08-19 11:19:51.186671
2025-08-19,58252,2025081904001072,SHEL,Siprabi Securities Pvt. Ltd.,Imperial Securities Company Pvt. Ltd.,100,310.9,31090.0,2025-08-19 11:20:07.010668
2025-08-19,58122,2025081904001101,SHEL,Bhrikuti Stock Broking Co. Pvt. Ltd.,Secured Securities Ltd.,100,310.8,31080.0,2025-08-19 11:20:46.409392
2025-08-19,58013,2025081904001131,SHEL,Vision Securities Pvt. Ltd,Secured Securities Ltd.,50,310.8,15540.0,2025-08-19 11:21:19.926581
2025-08-19,58012,2025081904001132,SHEL,Vision Securities Pvt. Ltd,Nepal Stock House (PVT) Ltd.,50,310.9,15545.0,2025-08-19 11:21:19.926813
2025-08-19,57771,2025081904001187,SHEL,Bhrikuti Stock Broking Co. Pvt. Ltd.,Naasa Securities Co. Ltd.,20,310.0,6200.0,2025-08-19 11:22:23.301665
2025-08-19,56968,2025081904001380,SHEL,Sani Securities Company Ltd.,Creative Securities Pvt Ltd,35,310.0,10850.0,2025-08-19 11:25:46.459415
2025-08-19,56967,2025081904001381,SHEL,Linch Stock Market Ltd.,Creative Securities Pvt Ltd,50,310.0,15500.0,2025-08-19 11:25:46.459801
2025-08-19,56966,2025081904001382,SHEL,Trishakti Securities Public Limited,Creative Securities Pvt Ltd,20,310.0,6200.0,2025-08-19 11:25:46.460055
2025-08-19,56845,2025081904001403,SHEL,Premier Securities Company Ltd.,Nepal Stock House (PVT) Ltd.,300,309.7,92910.0,2025-08-19 11:26:10.158853
2025-08-19,56424,2025081904001483,SHEL,ABC Securities Private Limited,Creative Securities Pvt Ltd,95,310.0,29450.0,2025-08-19 11:28:02.337359
2025-08-19,56285,2025081904001527,SHEL,ABC Securities Private Limited,Naasa Securities Co. Ltd.,100,310.0,31000.0,2025-08-19 11:28:32.534978
2025-08-19,55998,2025081904001589,SHEL,Online Securities Pvt. Ltd.,Ashutosh Brokerage & Securities (PVT) Ltd.,100,309.7,30970.0,2025-08-19 11:30:05.995609
2025-08-19,55997,2025081904001590,SHEL,Kumari Securities Private Limited,Ashutosh Brokerage & Securities (PVT) Ltd.,100,309.6,30960.0,2025-08-19 11:30:05.995831
2025-08-19,55969,2025081904001599,SHEL,Naasa Securities Co. Ltd.,Naasa Securities Co. Ltd.,25,310.0,7750.0,2025-08-19 11:30:15.796862
2025-08-19,55934,2025081904001617,SHEL,Hatemalo Financial Services Private Limited,Naasa Securities Co. Ltd.,25,310.0,7750.0,2025-08-19 11:30:30.167676
2025-08-19,55933,2025081904001618,SHEL,Hatemalo Financial Services Private Limited,Sani Securities Company Ltd.,75,310.0,23250.0,2025-08-19 11:30:30.167884
2025-08-19,55815,2025081904001646,SHEL,Kumari Securities Private Limited,Ashutosh Brokerage & Securities (PVT) Ltd.,20,309.6,6192.0,2025-08-19 11:30:54.456120
2025-08-19,55605,2025081904001695,SHEL,Kumari Securities Private Limited,Sani Securities Company Ltd.,880,309.6,272448.0,2025-08-19 11:32:00.193339
2025-08-19,55604,2025081904001696,SHEL,Deevyaa Securities & Stock House Pvt. Ltd,Sani Securities Company Ltd.,120,309.6,37152.0,2025-08-19 11:32:00.193601
2025-08-19,55405,2025081904001726,SHEL,Deevyaa Securities & Stock House Pvt. Ltd,Neev Securities Pvt. Ltd.,10,309.6,3096.0,2025-08-19 11:32:48.945401
2025-08-19,55227,2025081904001763,SHEL,Dynamic Money Managers Securities Pvt. Ltd.,Sani Securities Company Ltd.,50,310.0,15500.0,2025-08-19 11:33:33.501990
2025-08-19,55206,2025081904001770,SHEL,Himalayan Brokerage Company Limited,Sani Securities Company Ltd.,10,310.0,3100.0,2025-08-19 11:33:39.569821
2025-08-19,55166,2025081904001778,SHEL,SUN SECURITIES PVT LTD,Sani Securities Company Ltd.,30,310.0,9300.0,2025-08-19 11:33:51.362214
2025-08-19,55165,2025081904001779,SHEL,Aryatara Investment & Securities,KALASH STOCK MARKET PVT. LTD.,1000,309.5,309500.0,2025-08-19 11:33:52.566293
2025-08-19,55164,2025081904001780,SHEL,Dynamic Money Managers Securities Pvt. Ltd.,KALASH STOCK MARKET PVT. LTD.,20,309.5,6190.0,2025-08-19 11:33:52.566365
2025-08-19,55163,2025081904001781,SHEL,Deevyaa Securities & Stock House Pvt. Ltd,KALASH STOCK MARKET PVT. LTD.,48,309.5,14856.0,2025-08-19 11:33:52.566393
2025-08-19,55162,2025081904001782,SHEL,Imperial Securities Company Pvt. Ltd.,KALASH STOCK MARKET PVT. LTD.,432,309.2,133574.4,2025-08-19 11:33:52.566421
2025-08-19,55151,2025081904001784,SHEL,ABC Securities Private Limited,Sani Securities Company Ltd.,135,310.0,41850.0,2025-08-19 11:33:54.731363
2025-08-19,55150,2025081904001785,SHEL,ABC Securities Private Limited,Nepal Investment And Securities Trading Private Limited,200,310.0,62000.0,2025-08-19 11:33:54.731800
2025-08-19,55086,2025081904001802,SHEL,ABC Securities Private Limited,Swarna Laxmi Securities Pvt. Ltd.,10,310.0,3100.0,2025-08-19 11:34:14.710680
2025-08-19,55064,2025081904001804,SHEL,ABC Securities Private Limited,Siprabi Securities Pvt. Ltd.,20,310.0,6200.0,2025-08-19 11:34:20.340696
2025-08-19,55044,2025081904001806,SHEL,ABC Securities Private Limited,Swarna Laxmi Securities Pvt. Ltd.,10,310.0,3100.0,2025-08-19 11:34:24.756493
2025-08-19,54960,2025081904001817,SHEL,SUN SECURITIES PVT LTD,Aakashbhairab Securities Ltd.,40,310.0,12400.0,2025-08-19 11:34:51.553136
2025-08-19,54576,2025081904001928,SHEL,Imperial Securities Company Pvt. Ltd.,K.B.L. Securities Limited ,163,309.2,50399.6,2025-08-19 11:36:47.972055
2025-08-19,54575,2025081904001929,SHEL,Online Securities Pvt. Ltd.,K.B.L. Securities Limited ,22,309.0,6798.0,2025-08-19 11:36:47.972558
2025-08-19,54574,2025081904001930,SHEL,Kumari Securities Private Limited,K.B.L. Securities Limited ,500,309.0,154500.0,2025-08-19 11:36:47.972851
2025-08-19,54573,2025081904001931,SHEL,Vision Securities Pvt. Ltd,K.B.L. Securities Limited ,15,309.0,4635.0,2025-08-19 11:36:47.973203
2025-08-19,54403,2025081904001969,SHEL,Vision Securities Pvt. Ltd,Kohinoor Investment & Securities Pvt. Ltd.,85,309.0,26265.0,2025-08-19 11:37:40.180267
2025-08-19,54402,2025081904001970,SHEL,Secured Securities Ltd.,Kohinoor Investment & Securities Pvt. Ltd.,130,309.0,40170.0,2025-08-19 11:37:40.180509
2025-08-19,54401,2025081904001971,SHEL,Premier Securities Company Ltd.,Kohinoor Investment & Securities Pvt. Ltd.,1000,309.0,309000.0,2025-08-19 11:37:40.180605
2025-08-19,54400,2025081904001972,SHEL,Trishakti Securities Public Limited,Kohinoor Investment & Securities Pvt. Ltd.,20,309.0,6180.0,2025-08-19 11:37:40.180696
2025-08-19,54258,2025081904002003,SHEL,Creative Securities Pvt Ltd,Linch Stock Market Ltd.,200,309.0,61800.0,2025-08-19 11:38:28.409008
2025-08-19,54213,2025081904002017,SHEL,Creative Securities Pvt Ltd,Linch Stock Market Ltd.,100,309.0,30900.0,2025-08-19 11:38:46.461791
2025-08-19,54207,2025081904002018,SHEL,Siprabi Securities Pvt. Ltd.,Linch Stock Market Ltd.,300,309.0,92700.0,2025-08-19 11:38:49.377178
2025-08-19,54152,2025081904002033,SHEL,Sewa Securities Pvt. Ltd.,Linch Stock Market Ltd.,100,309.0,30900.0,2025-08-19 11:38:57.602389
2025-08-19,54134,2025081904002040,SHEL,Linch Stock Market Ltd.,Linch Stock Market Ltd.,300,309.0,92700.0,2025-08-19 11:39:04.402217
2025-08-19,53957,2025081904002076,SHEL,Swarna Laxmi Securities Pvt. Ltd.,Aakashbhairab Securities Ltd.,320,310.0,99200.0,2025-08-19 11:40:09.821749
2025-08-19,53956,2025081904002077,SHEL,Swarna Laxmi Securities Pvt. Ltd.,Naasa Securities Co. Ltd.,230,310.0,71300.0,2025-08-19 11:40:09.822194
2025-08-19,53454,2025081904002149,SHEL,Nepal Stock House (PVT) Ltd.,Naasa Securities Co. Ltd.,18,310.0,5580.0,2025-08-19 11:42:33.407405
2025-08-19,53259,2025081904002182,SHEL,Capital Hub P. Ltd,Sumeru Securities Pvt. Ltd.,100,309.0,30900.0,2025-08-19 11:43:27.880955
2025-08-19,53190,2025081904002200,SHEL,Sweta Securities Private Limited,Dynamic Money Managers Securities Pvt. Ltd.,10,310.0,3100.0,2025-08-19 11:43:54.804807
2025-08-19,53107,2025081904002214,SHEL,Aryatara Investment & Securities,J.F. Securites (PVT) Ltd.,30,309.1,9273.0,2025-08-19 11:44:21.898799
2025-08-19,53106,2025081904002215,SHEL,Capital Hub P. Ltd,J.F. Securites (PVT) Ltd.,400,309.0,123600.0,2025-08-19 11:44:21.899086
2025-08-19,53032,2025081904002231,SHEL,Online Securities Pvt. Ltd.,J.F. Securites (PVT) Ltd.,70,309.0,21630.0,2025-08-19 11:44:39.427555
2025-08-19,53031,2025081904002232,SHEL,Online Securities Pvt. Ltd.,Dynamic Money Managers Securities Pvt. Ltd.,30,310.0,9300.0,2025-08-19 11:44:39.427844
2025-08-19,53008,2025081904002234,SHEL,Imperial Securities Company Pvt. Ltd.,Dynamic Money Managers Securities Pvt. Ltd.,1000,310.0,310000.0,2025-08-19 11:44:42.006233
2025-08-19,52823,2025081904002265,SHEL,Primo Securities (PVT) Ltd.,Sagarmatha Securities Private Limited,300,309.0,92700.0,2025-08-19 11:45:41.252851
2025-08-19,52473,2025081904002354,SHEL,Sewa Securities Pvt. Ltd.,Dipshikha Dhitopatra Karobar Co. Pvt Ltd.,4,306.0,1224.0,2025-08-19 11:47:13.786145
2025-08-19,52282,2025081904002384,SHEL,Aryatara Investment & Securities,Sagarmatha Securities Private Limited,90,309.8,27882.0,2025-08-19 11:48:15.403825
2025-08-19,52016,2025081904002463,SHEL,Kumari Securities Private Limited,Dakshinkali Investment & Securities Pvt. Ltd.,50,309.9,15495.0,2025-08-19 11:49:31.874070
2025-08-19,52015,2025081904002464,SHEL,Kumari Securities Private Limited,Dynamic Money Managers Securities Pvt. Ltd.,150,310.0,46500.0,2025-08-19 11:49:31.874376
2025-08-19,51883,2025081904002493,SHEL,Imperial Securities Company Pvt. Ltd.,Dipshikha Dhitopatra Karobar Co. Pvt Ltd.,10,309.0,3090.0,2025-08-19 11:50:01.737708
2025-08-19,51814,2025081904002505,SHEL,Imperial Securities Company Pvt. Ltd.,Premier Securities Company Ltd.,10,309.0,3090.0,2025-08-19 11:50:15.753265
2025-08-19,51772,2025081904002517,SHEL,Naasa Securities Co. Ltd.,Dynamic Money Managers Securities Pvt. Ltd.,50,310.0,15500.0,2025-08-19 11:50:29.475644
2025-08-19,51700,2025081904002532,SHEL,Imperial Securities Company Pvt. Ltd.,Sundhara Securities Limited,10,309.0,3090.0,2025-08-19 11:50:51.087059
2025-08-19,51513,2025081904002584,SHEL,Swarna Laxmi Securities Pvt. Ltd.,Shree Krishna Securities Ltd.,50,309.9,15495.0,2025-08-19 11:51:55.366357
2025-08-19,51512,2025081904002585,SHEL,Imperial Securities Company Pvt. Ltd.,Shree Krishna Securities Ltd.,1000,309.0,309000.0,2025-08-19 11:51:55.366917
2025-08-19,51511,2025081904002586,SHEL,Sweta Securities Private Limited,Shree Krishna Securities Ltd.,226,309.0,69834.0,2025-08-19 11:51:55.367372
2025-08-19,51510,2025081904002587,SHEL,Primo Securities (PVT) Ltd.,Shree Krishna Securities Ltd.,1000,309.0,309000.0,2025-08-19 11:51:55.367747
2025-08-19,51509,2025081904002588,SHEL,Imperial Securities Company Pvt. Ltd.,Shree Krishna Securities Ltd.,49,309.0,15141.0,2025-08-19 11:51:55.368166
2025-08-19,51508,2025081904002589,SHEL,Sani Securities Company Ltd.,Shree Krishna Securities Ltd.,950,309.0,293550.0,2025-08-19 11:51:55.368698
2025-08-19,51402,2025081904002609,SHEL,Sani Securities Company Ltd.,Shree Krishna Securities Ltd.,50,309.0,15450.0,2025-08-19 11:52:26.489570
2025-08-19,51401,2025081904002610,SHEL,Secured Securities Ltd.,Shree Krishna Securities Ltd.,100,309.0,30900.0,2025-08-19 11:52:26.490094
2025-08-19,50757,2025081904002738,SHEL,Swarna Laxmi Securities Pvt. Ltd.,Shree Krishna Securities Ltd.,75,309.0,23175.0,2025-08-19 11:54:45.343835
2025-08-19,49886,2025081904002901,SHEL,Naasa Securities Co. Ltd.,Dipshikha Dhitopatra Karobar Co. Pvt Ltd.,10,308.9,3089.0,2025-08-19 11:59:13.276190
2025-08-19,49546,2025081904002960,SHEL,Agrawal Securities (PVT) Ltd.,Imperial Securities Company Pvt. Ltd.,1000,309.0,309000.0,2025-08-19 12:01:03.126835
2025-08-19,49193,2025081904003015,SHEL,Naasa Securities Co. Ltd.,Elite Stock House Limited,10,308.9,3089.0,2025-08-19 12:02:43.551974
2025-08-19,49077,2025081904003044,SHEL,Agrawal Securities (PVT) Ltd.,Kohinoor Investment & Securities Pvt. Ltd.,100,309.0,30900.0,2025-08-19 12:03:03.134031
2025-08-19,49004,2025081904003058,SHEL,Agrawal Securities (PVT) Ltd.,KALASH STOCK MARKET PVT. LTD.,10,309.0,3090.0,2025-08-19 12:03:19.933545
2025-08-19,48974,2025081904003063,SHEL,Agrawal Securities (PVT) Ltd.,Nepal Stock House (PVT) Ltd.,10,309.0,3090.0,2025-08-19 12:03:27.168260
2025-08-19,48819,2025081904003112,SHEL,Agrawal Securities (PVT) Ltd.,Shree Krishna Securities Ltd.,380,309.0,117420.0,2025-08-19 12:04:10.657944
2025-08-19,48818,2025081904003113,SHEL,Sewa Securities Pvt. Ltd.,Shree Krishna Securities Ltd.,45,309.0,13905.0,2025-08-19 12:04:10.658274
2025-08-19,48656,2025081904003158,SHEL,ABC Securities Private Limited,Online Securities Pvt. Ltd.,20,309.0,6180.0,2025-08-19 12:05:03.346395
2025-08-19,48655,2025081904003159,SHEL,ABC Securities Private Limited,Naasa Securities Co. Ltd.,77,309.9,23862.3,2025-08-19 12:05:03.346701
2025-08-19,47015,2025081904003489,SHEL,Nepal Investment And Securities Trading Private Limited,Shree Krishna Securities Ltd.,100,309.1,30910.0,2025-08-19 12:11:46.136799
2025-08-19,47014,2025081904003490,SHEL,Siprabi Securities Pvt. Ltd.,Shree Krishna Securities Ltd.,1000,309.0,309000.0,2025-08-19 12:11:46.137152
2025-08-19,47013,2025081904003491,SHEL,Dynamic Money Managers Securities Pvt. Ltd.,Shree Krishna Securities Ltd.,50,309.0,15450.0,2025-08-19 12:11:46.137276
2025-08-19,46963,2025081904003499,SHEL,Aryatara Investment & Securities,Shree Krishna Securities Ltd.,260,309.0,80340.0,2025-08-19 12:11:58.184384
2025-08-19,46704,2025081904003544,SHEL,Naasa Securities Co. Ltd.,Naasa Securities Co. Ltd.,10,308.9,3089.0,2025-08-19 12:12:48.867186
2025-08-19,46501,2025081904003578,SHEL,Nepal Investment And Securities Trading Private Limited,J.F. Securites (PVT) Ltd.,10,309.0,3090.0,2025-08-19 12:13:32.980105
2025-08-19,46287,2025081904003616,SHEL,Nepal Investment And Securities Trading Private Limited,Deevyaa Securities & Stock House Pvt. Ltd,490,309.0,151410.0,2025-08-19 12:14:30.621744
2025-08-19,46286,2025081904003617,SHEL,Nepal Investment And Securities Trading Private Limited,Deevyaa Securities & Stock House Pvt. Ltd,10,309.0,3090.0,2025-08-19 12:14:30.622113
2025-08-19,46259,2025081904003623,SHEL,Nepal Investment And Securities Trading Private Limited,Vision Securities Pvt. Ltd,50,309.0,15450.0,2025-08-19 12:14:34.612918
2025-08-19,46148,2025081904003650,SHEL,Nepal Investment And Securities Trading Private Limited,Deevyaa Securities & Stock House Pvt. Ltd,285,309.0,88065.0,2025-08-19 12:15:03.747231
2025-08-19,46124,2025081904003653,SHEL,Sagarmatha Securities Private Limited,Naasa Securities Co. Ltd.,20,309.9,6198.0,2025-08-19 12:15:09.300129
2025-08-19,46123,2025081904003654,SHEL,Sagarmatha Securities Private Limited,Nepal Stock House (PVT) Ltd.,120,309.9,37188.0,2025-08-19 12:15:09.300243
2025-08-19,46089,2025081904003663,SHEL,Sagarmatha Securities Private Limited,Dynamic Money Managers Securities Pvt. Ltd.,10,310.0,3100.0,2025-08-19 12:15:16.324308
2025-08-19,45925,2025081904003673,SHEL,Nepal Investment And Securities Trading Private Limited,Miyo Securities Pvt Ltd,50,309.0,15450.0,2025-08-19 12:15:55.003284
2025-08-19,45656,2025081904003720,SHEL,Sagarmatha Securities Private Limited,Dynamic Money Managers Securities Pvt. Ltd.,10,310.0,3100.0,2025-08-19 12:16:40.182254
2025-08-19,45537,2025081904003758,SHEL,Nepal Investment And Securities Trading Private Limited,Market Securities & Exchange (PVT) Ltd.,200,309.0,61800.0,2025-08-19 12:17:10.531133
2025-08-19,45399,2025081904003787,SHEL,Citizens Share Broker Limited,Opal Securities Investment (PVT) Ltd.,550,309.1,170005.0,2025-08-19 12:17:36.186030
2025-08-19,45373,2025081904003795,SHEL,Citizens Share Broker Limited,Sri Hari Securities Pvt. Ltd.,100,309.1,30910.0,2025-08-19 12:17:42.276384
2025-08-19,44764,2025081904003949,SHEL,Neev Securities Pvt. Ltd.,Sri Hari Securities Pvt. Ltd.,188,309.9,58261.2,2025-08-19 12:19:50.876720
2025-08-19,44763,2025081904003950,SHEL,Neev Securities Pvt. Ltd.,Dynamic Money Managers Securities Pvt. Ltd.,212,310.0,65720.0,2025-08-19 12:19:50.876773
2025-08-19,44626,2025081904003982,SHEL,Online Securities Pvt. Ltd.,Dynamic Money Managers Securities Pvt. Ltd.,195,310.0,60450.0,2025-08-19 12:20:21.442400
2025-08-19,43540,2025081904004221,SHEL,Aryatara Investment & Securities,Shree Krishna Securities Ltd.,20,309.3,6186.0,2025-08-19 12:23:46.613151
2025-08-19,43539,2025081904004222,SHEL,Citizens Share Broker Limited,Shree Krishna Securities Ltd.,200,309.2,61840.0,2025-08-19 12:23:46.613478
2025-08-19,43538,2025081904004223,SHEL,Citizens Share Broker Limited,Shree Krishna Securities Ltd.,1350,309.1,417285.0,2025-08-19 12:23:46.613620
2025-08-19,43537,2025081904004224,SHEL,Nepal Investment And Securities Trading Private Limited,Shree Krishna Securities Ltd.,150,309.0,46350.0,2025-08-19 12:23:46.613793
2025-08-19,43536,2025081904004225,SHEL,Aryatara Investment & Securities,Shree Krishna Securities Ltd.,100,309.0,30900.0,2025-08-19 12:23:46.613927
2025-08-19,43535,2025081904004226,SHEL,Primo Securities (PVT) Ltd.,Shree Krishna Securities Ltd.,300,309.0,92700.0,2025-08-19 12:23:46.614074
2025-08-19,43534,2025081904004227,SHEL,Aryatara Investment & Securities,Shree Krishna Securities Ltd.,300,309.0,92700.0,2025-08-19 12:23:46.614227
2025-08-19,43533,2025081904004228,SHEL,Oxford Securities Pvt. Ltd.,Shree Krishna Securities Ltd.,14,309.0,4326.0,2025-08-19 12:23:46.614362
2025-08-19,43434,2025081904004265,SHEL,Aryatara Investment & Securities,Shree Krishna Securities Ltd.,100,309.0,30900.0,2025-08-19 12:24:10.273120
2025-08-19,43121,2025081904004309,SHEL,Pragyan Securities (PVT) Ltd.,Shree Krishna Securities Ltd.,121,309.0,37389.0,2025-08-19 12:25:29.305501
2025-08-19,42928,2025081904004357,SHEL,Pragyan Securities (PVT) Ltd.,Shree Krishna Securities Ltd.,10,309.0,3090.0,2025-08-19 12:26:14.249459
2025-08-19,42878,2025081904004372,SHEL,Aryatara Investment & Securities,Midas Stock Broking Company Private Limited,10,309.2,3092.0,2025-08-19 12:26:25.758266
2025-08-19,42020,2025081904004521,SHEL,Pragyan Securities (PVT) Ltd.,J.F. Securites (PVT) Ltd.,10,309.0,3090.0,2025-08-19 12:29:33.742893
2025-08-19,41880,2025081904004543,SHEL,Pragyan Securities (PVT) Ltd.,Nepal Investment And Securities Trading Private Limited,150,309.0,46350.0,2025-08-19 12:30:06.940479
2025-08-19,41255,2025081904004660,SHEL,Sani Securities Company Ltd.,Sri Hari Securities Pvt. Ltd.,100,309.7,30970.0,2025-08-19 12:32:19.660874
2025-08-19,41182,2025081904004679,SHEL,Midas Stock Broking Company Private Limited,Investment Management Nepal Pvt. Ltd.,1000,309.1,309100.0,2025-08-19 12:32:33.565124
2025-08-19,41181,2025081904004680,SHEL,Naasa Securities Co. Ltd.,Investment Management Nepal Pvt. Ltd.,50,309.0,15450.0,2025-08-19 12:32:33.565465
2025-08-19,41180,2025081904004681,SHEL,Midas Stock Broking Company Private Limited,Investment Management Nepal Pvt. Ltd.,50,309.0,15450.0,2025-08-19 12:32:33.565633
2025-08-19,41179,2025081904004682,SHEL,Capital Hub P. Ltd,Investment Management Nepal Pvt. Ltd.,1000,309.0,309000.0,2025-08-19 12:32:33.565783
2025-08-19,41178,2025081904004683,SHEL,Imperial Securities Company Pvt. Ltd.,Investment Management Nepal Pvt. Ltd.,300,309.0,92700.0,2025-08-19 12:32:33.565926
2025-08-19,40509,2025081904004822,SHEL,KALASH STOCK MARKET PVT. LTD.,Investment Management Nepal Pvt. Ltd.,100,309.0,30900.0,2025-08-19 12:35:04.583458
2025-08-19,40029,2025081904004915,SHEL,Agrawal Securities (PVT) Ltd.,Investment Management Nepal Pvt. Ltd.,400,309.0,123600.0,2025-08-19 12:36:59.692765
2025-08-19,39821,2025081904004956,SHEL,Sani Securities Company Ltd.,Investment Management Nepal Pvt. Ltd.,10,309.0,3090.0,2025-08-19 12:37:54.382787
2025-08-19,39797,2025081904004963,SHEL,Naasa Securities Co. Ltd.,Sri Hari Securities Pvt. Ltd.,120,308.9,37068.0,2025-08-19 12:38:02.179691
2025-08-19,39796,2025081904004964,SHEL,Aryatara Investment & Securities,Sri Hari Securities Pvt. Ltd.,100,308.9,30890.0,2025-08-19 12:38:02.180020
2025-08-19,39795,2025081904004965,SHEL,Aryatara Investment & Securities,Sri Hari Securities Pvt. Ltd.,20,308.8,6176.0,2025-08-19 12:38:02.180162
2025-08-19,39794,2025081904004966,SHEL,Kohinoor Investment & Securities Pvt. Ltd.,Sri Hari Securities Pvt. Ltd.,400,308.8,123520.0,2025-08-19 12:38:02.180294
2025-08-19,39725,2025081904004977,SHEL,Dipshikha Dhitopatra Karobar Co. Pvt Ltd.,Sri Hari Securities Pvt. Ltd.,200,308.7,61740.0,2025-08-19 12:38:15.312494
2025-08-19,39724,2025081904004978,SHEL,Creative Securities Pvt Ltd,Sri Hari Securities Pvt. Ltd.,100,308.6,30860.0,2025-08-19 12:38:15.312812
2025-08-19,39723,2025081904004979,SHEL,Dipshikha Dhitopatra Karobar Co. Pvt Ltd.,Sri Hari Securities Pvt. Ltd.,100,308.5,30850.0,2025-08-19 12:38:15.312954
2025-08-19,39656,2025081904004990,SHEL,Dipshikha Dhitopatra Karobar Co. Pvt Ltd.,Sri Hari Securities Pvt. Ltd.,100,308.5,30850.0,2025-08-19 12:38:30.461897
2025-08-19,39655,2025081904004991,SHEL,Himalayan Brokerage Company Limited,Sri Hari Securities Pvt. Ltd.,100,308.5,30850.0,2025-08-19 12:38:30.462234
2025-08-19,39654,2025081904004992,SHEL,ABC Securities Private Limited,Sri Hari Securities Pvt. Ltd.,500,308.5,154250.0,2025-08-19 12:38:30.462384
2025-08-19,39526,2025081904005022,SHEL,Aryatara Investment & Securities,Dynamic Money Managers Securities Pvt. Ltd.,20,308.2,6164.0,2025-08-19 12:38:53.049155
2025-08-19,39525,2025081904005023,SHEL,Cristal Kanchanjanga Securites Pvt. Ltd.,Dynamic Money Managers Securities Pvt. Ltd.,200,308.1,61620.0,2025-08-19 12:38:53.049506
2025-08-19,39524,2025081904005024,SHEL,Himalayan Securities Limited,Dynamic Money Managers Securities Pvt. Ltd.,80,308.0,24640.0,2025-08-19 12:38:53.049652
2025-08-19,39523,2025081904005025,SHEL,Imperial Securities Company Pvt. Ltd.,Dynamic Money Managers Securities Pvt. Ltd.,200,308.0,61600.0,2025-08-19 12:38:53.049785
2025-08-19,39522,2025081904005026,SHEL,Naasa Securities Co. Ltd.,Dynamic Money Managers Securities Pvt. Ltd.,20,308.0,6160.0,2025-08-19 12:38:53.050002
2025-08-19,39521,2025081904005027,SHEL,Kohinoor Investment & Securities Pvt. Ltd.,Dynamic Money Managers Securities Pvt. Ltd.,210,308.0,64680.0,2025-08-19 12:38:53.050239
2025-08-19,39520,2025081904005028,SHEL,Dipshikha Dhitopatra Karobar Co. Pvt Ltd.,Dynamic Money Managers Securities Pvt. Ltd.,200,308.0,61600.0,2025-08-19 12:38:53.050483
2025-08-19,39519,2025081904005029,SHEL,Dipshikha Dhitopatra Karobar Co. Pvt Ltd.,Dynamic Money Managers Securities Pvt. Ltd.,200,308.0,61600.0,2025-08-19 12:38:53.050689
2025-08-19,39518,2025081904005030,SHEL,Imperial Securities Company Pvt. Ltd.,Dynamic Money Managers Securities Pvt. Ltd.,1000,308.0,308000.0,2025-08-19 12:38:53.050891
2025-08-19,39517,2025081904005031,SHEL,Aryatara Investment & Securities,Dynamic Money Managers Securities Pvt. Ltd.,100,308.0,30800.0,2025-08-19 12:38:53.051322
2025-08-19,39516,2025081904005032,SHEL,Naasa Securities Co. Ltd.,Dynamic Money Managers Securities Pvt. Ltd.,82,308.0,25256.0,2025-08-19 12:38:53.051598
2025-08-19,39515,2025081904005033,SHEL,Sani Securities Company Ltd.,Dynamic Money Managers Securities Pvt. Ltd.,1500,308.0,462000.0,2025-08-19 12:38:53.051738
2025-08-19,39514,2025081904005034,SHEL,Sani Securities Company Ltd.,Dynamic Money Managers Securities Pvt. Ltd.,1500,308.0,462000.0,2025-08-19 12:38:53.051921
2025-08-19,39513,2025081904005035,SHEL,Dipshikha Dhitopatra Karobar Co. Pvt Ltd.,Dynamic Money Managers Securities Pvt. Ltd.,570,308.0,175560.0,2025-08-19 12:38:53.052142
2025-08-19,39512,2025081904005036,SHEL,Pragyan Securities (PVT) Ltd.,Dynamic Money Managers Securities Pvt. Ltd.,118,308.0,36344.0,2025-08-19 12:38:53.052298
2025-08-19,39414,2025081904005049,SHEL,Pragyan Securities (PVT) Ltd.,Dynamic Money Managers Securities Pvt. Ltd.,182,308.0,56056.0,2025-08-19 12:39:11.413139
2025-08-19,39413,2025081904005050,SHEL,Naasa Securities Co. Ltd.,Dynamic Money Managers Securities Pvt. Ltd.,100,308.0,30800.0,2025-08-19 12:39:11.413452
2025-08-19,39412,2025081904005051,SHEL,Naasa Securities Co. Ltd.,Dynamic Money Managers Securities Pvt. Ltd.,100,308.0,30800.0,2025-08-19 12:39:11.413584
2025-08-19,39279,2025081904005093,SHEL,Premier Securities Company Ltd.,Kohinoor Investment & Securities Pvt. Ltd.,20,307.7,6154.0,2025-08-19 12:39:39.062546
2025-08-19,39204,2025081904005110,SHEL,Premier Securities Company Ltd.,Nepal Stock House (PVT) Ltd.,10,307.7,3077.0,2025-08-19 12:39:55.728955
2025-08-19,39105,2025081904005148,SHEL,Premier Securities Company Ltd.,Sri Hari Securities Pvt. Ltd.,570,307.7,175389.0,2025-08-19 12:40:22.676347
2025-08-19,39104,2025081904005149,SHEL,Nepal Stock House (PVT) Ltd.,Sri Hari Securities Pvt. Ltd.,85,307.7,26154.5,2025-08-19 12:40:22.676677
2025-08-19,39049,2025081904005155,SHEL,Sani Securities Company Ltd.,Dynamic Money Managers Securities Pvt. Ltd.,151,308.0,46508.0,2025-08-19 12:40:34.157721
2025-08-19,39048,2025081904005156,SHEL,Sani Securities Company Ltd.,K.B.L. Securities Limited ,349,308.0,107492.0,2025-08-19 12:40:34.158090
2025-08-19,39043,2025081904005159,SHEL,Naasa Securities Co. Ltd.,K.B.L. Securities Limited ,151,308.0,46508.0,2025-08-19 12:40:35.862790
2025-08-19,38661,2025081904005249,SHEL,Naasa Securities Co. Ltd.,Sri Hari Securities Pvt. Ltd.,49,308.0,15092.0,2025-08-19 12:41:51.575956
2025-08-19,38660,2025081904005250,SHEL,Hatemalo Financial Services Private Limited,Sri Hari Securities Pvt. Ltd.,100,308.0,30800.0,2025-08-19 12:41:51.576354
2025-08-19,38659,2025081904005251,SHEL,Opal Securities Investment (PVT) Ltd.,Sri Hari Securities Pvt. Ltd.,146,307.2,44851.2,2025-08-19 12:41:51.576492
2025-08-19,38658,2025081904005252,SHEL,Capital Max Securities Ltd,Sri Hari Securities Pvt. Ltd.,500,307.1,153550.0,2025-08-19 12:41:51.576626
2025-08-19,38657,2025081904005253,SHEL,Nagarik Stock Dealer ,Sri Hari Securities Pvt. Ltd.,350,307.1,107485.0,2025-08-19 12:41:51.576802
2025-08-19,38124,2025081904005352,SHEL,Nagarik Stock Dealer ,Premier Securities Company Ltd.,50,307.1,15355.0,2025-08-19 12:44:06.884258
2025-08-19,38093,2025081904005358,SHEL,Nagarik Stock Dealer ,SUN SECURITIES PVT LTD,100,307.1,30710.0,2025-08-19 12:44:08.537456
2025-08-19,38092,2025081904005359,SHEL,Hatemalo Financial Services Private Limited,SUN SECURITIES PVT LTD,100,307.1,30710.0,2025-08-19 12:44:08.537740
2025-08-19,38091,2025081904005360,SHEL,Online Securities Pvt. Ltd.,SUN SECURITIES PVT LTD,300,307.0,92100.0,2025-08-19 12:44:08.537961
2025-08-19,37886,2025081904005427,SHEL,Online Securities Pvt. Ltd.,Investment Management Nepal Pvt. Ltd.,200,307.0,61400.0,2025-08-19 12:44:49.774797
2025-08-19,37885,2025081904005428,SHEL,South Asian Bulls Pvt. Ltd.,Investment Management Nepal Pvt. Ltd.,50,307.0,15350.0,2025-08-19 12:44:49.774859
2025-08-19,37884,2025081904005429,SHEL,Aryatara Investment & Securities,Investment Management Nepal Pvt. Ltd.,100,307.0,30700.0,2025-08-19 12:44:49.774888
2025-08-19,37883,2025081904005430,SHEL,Himalayan Brokerage Company Limited,Investment Management Nepal Pvt. Ltd.,100,307.0,30700.0,2025-08-19 12:44:49.774912
2025-08-19,37882,2025081904005431,SHEL,Nepal Stock House (PVT) Ltd.,Investment Management Nepal Pvt. Ltd.,10,307.0,3070.0,2025-08-19 12:44:49.774937
2025-08-19,37881,2025081904005432,SHEL,Siprabi Securities Pvt. Ltd.,Investment Management Nepal Pvt. Ltd.,300,307.0,92100.0,2025-08-19 12:44:49.774991
2025-08-19,37880,2025081904005433,SHEL,Dipshikha Dhitopatra Karobar Co. Pvt Ltd.,Investment Management Nepal Pvt. Ltd.,200,307.0,61400.0,2025-08-19 12:44:49.775019
2025-08-19,37879,2025081904005434,SHEL,Dipshikha Dhitopatra Karobar Co. Pvt Ltd.,Investment Management Nepal Pvt. Ltd.,100,307.0,30700.0,2025-08-19 12:44:49.775050
2025-08-19,37878,2025081904005435,SHEL,Aryatara Investment & Securities,Investment Management Nepal Pvt. Ltd.,100,307.0,30700.0,2025-08-19 12:44:49.775075
2025-08-19,37877,2025081904005436,SHEL,Siprabi Securities Pvt. Ltd.,Investment Management Nepal Pvt. Ltd.,840,306.5,257460.0,2025-08-19 12:44:49.775100
2025-08-19,36575,2025081904005847,SHEL,Investment Management Nepal Pvt. Ltd.,Midas Stock Broking Company Private Limited,50,306.6,15330.0,2025-08-19 12:50:05.256248
2025-08-19,36574,2025081904005848,SHEL,Siprabi Securities Pvt. Ltd.,Midas Stock Broking Company Private Limited,150,306.5,45975.0,2025-08-19 12:50:05.256872
2025-08-19,36299,2025081904005911,SHEL,Siprabi Securities Pvt. Ltd.,Naasa Securities Co. Ltd.,10,308.0,3080.0,2025-08-19 12:51:31.456018
2025-08-19,36250,2025081904005919,SHEL,Neev Securities Pvt. Ltd.,Naasa Securities Co. Ltd.,90,308.0,27720.0,2025-08-19 12:51:54.349274
2025-08-19,35926,2025081904005978,SHEL,Naasa Securities Co. Ltd.,Sweta Securities Private Limited,100,307.0,30700.0,2025-08-19 12:53:43.461489
2025-08-19,35925,2025081904005979,SHEL,Vision Securities Pvt. Ltd,Sweta Securities Private Limited,100,307.0,30700.0,2025-08-19 12:53:43.461867
2025-08-19,35678,2025081904006031,SHEL,Kohinoor Investment & Securities Pvt. Ltd.,Oxford Securities Pvt. Ltd.,400,308.7,123480.0,2025-08-19 12:55:16.092865
2025-08-19,35269,2025081904006085,SHEL,Investment Management Nepal Pvt. Ltd.,Machhapuchchhre Securities Limited,10,308.0,3080.0,2025-08-19 12:57:16.449181
2025-08-19,34858,2025081904006167,SHEL,Vision Securities Pvt. Ltd,Oxford Securities Pvt. Ltd.,600,308.7,185220.0,2025-08-19 12:59:24.694133
2025-08-19,34857,2025081904006168,SHEL,Vision Securities Pvt. Ltd,Dynamic Money Managers Securities Pvt. Ltd.,300,308.8,92640.0,2025-08-19 12:59:24.694826
2025-08-19,33965,2025081904006346,SHEL,Sundhara Securities Limited,Midas Stock Broking Company Private Limited,100,308.7,30870.0,2025-08-19 13:03:12.830763
2025-08-19,33896,2025081904006355,SHEL,Online Securities Pvt. Ltd.,Secured Securities Ltd.,80,308.7,24696.0,2025-08-19 13:03:31.256676
2025-08-19,33872,2025081904006361,SHEL,Nepal Investment And Securities Trading Private Limited,Dynamic Money Managers Securities Pvt. Ltd.,1000,308.8,308800.0,2025-08-19 13:03:43.065769
2025-08-19,33870,2025081904006362,SHEL,Online Securities Pvt. Ltd.,Sumeru Securities Pvt. Ltd.,20,308.7,6174.0,2025-08-19 13:03:43.711376
2025-08-19,33869,2025081904006363,SHEL,Dynamic Money Managers Securities Pvt. Ltd.,Sumeru Securities Pvt. Ltd.,80,308.3,24664.0,2025-08-19 13:03:43.711771
2025-08-19,33590,2025081904006471,SHEL,Investment Management Nepal Pvt. Ltd.,Dynamic Money Managers Securities Pvt. Ltd.,690,308.8,213072.0,2025-08-19 13:05:12.535959
2025-08-19,33580,2025081904006474,SHEL,Siprabi Securities Pvt. Ltd.,ABC Securities Private Limited,113,308.4,34849.2,2025-08-19 13:05:15.324621
2025-08-19,33579,2025081904006475,SHEL,Dynamic Money Managers Securities Pvt. Ltd.,ABC Securities Private Limited,20,308.3,6166.0,2025-08-19 13:05:15.325005
2025-08-19,33578,2025081904006476,SHEL,Sundhara Securities Limited,ABC Securities Private Limited,100,308.2,30820.0,2025-08-19 13:05:15.325154
2025-08-19,33577,2025081904006477,SHEL,Sri Hari Securities Pvt. Ltd.,ABC Securities Private Limited,767,308.1,236312.7,2025-08-19 13:05:15.325299
2025-08-19,33488,2025081904006517,SHEL,Sundhara Securities Limited,ABC Securities Private Limited,100,308.0,30800.0,2025-08-19 13:05:41.573129
2025-08-19,33487,2025081904006518,SHEL,Kohinoor Investment & Securities Pvt. Ltd.,ABC Securities Private Limited,190,307.2,58368.0,2025-08-19 13:05:41.573586
2025-08-19,33486,2025081904006519,SHEL,Agrawal Securities (PVT) Ltd.,ABC Securities Private Limited,10,307.1,3071.0,2025-08-19 13:05:41.573747
2025-08-19,33199,2025081904006595,SHEL,Agrawal Securities (PVT) Ltd.,Agrawal Securities (PVT) Ltd.,90,307.1,27639.0,2025-08-19 13:06:55.917106
2025-08-19,33198,2025081904006596,SHEL,Imperial Securities Company Pvt. Ltd.,Agrawal Securities (PVT) Ltd.,80,307.0,24560.0,2025-08-19 13:06:55.917509
2025-08-19,33013,2025081904006667,SHEL,Nepal Investment And Securities Trading Private Limited,Oxford Securities Pvt. Ltd.,350,306.7,107345.0,2025-08-19 13:07:49.140662
2025-08-19,32764,2025081904006741,SHEL,Nepal Investment And Securities Trading Private Limited,KALASH STOCK MARKET PVT. LTD.,150,306.7,46005.0,2025-08-19 13:08:51.417438
2025-08-19,32763,2025081904006742,SHEL,Linch Stock Market Ltd.,KALASH STOCK MARKET PVT. LTD.,350,306.7,107345.0,2025-08-19 13:08:51.417824
2025-08-19,32684,2025081904006763,SHEL,Linch Stock Market Ltd.,Capital Hub P. Ltd,206,306.7,63180.2,2025-08-19 13:09:11.473300
2025-08-19,32435,2025081904006814,SHEL,Aryatara Investment & Securities,Agrawal Securities (PVT) Ltd.,12,307.0,3684.0,2025-08-19 13:10:24.165206
2025-08-19,32197,2025081904006861,SHEL,Linch Stock Market Ltd.,Naasa Securities Co. Ltd.,10,306.7,3067.0,2025-08-19 13:11:45.295833
2025-08-19,32072,2025081904006901,SHEL,Nepal Investment And Securities Trading Private Limited,Agrawal Securities (PVT) Ltd.,100,307.0,30700.0,2025-08-19 13:12:36.098741
2025-08-19,32009,2025081904006917,SHEL,Sani Securities Company Ltd.,Magnet Securities and Investment Company Private Limited,200,306.8,61360.0,2025-08-19 13:12:51.377625
2025-08-19,31953,2025081904006920,SHEL,R.B.B. Securities Company Ltd,Agrawal Securities (PVT) Ltd.,218,307.0,66926.0,2025-08-19 13:13:08.304555
2025-08-19,31952,2025081904006921,SHEL,R.B.B. Securities Company Ltd,Naasa Securities Co. Ltd.,82,307.0,25174.0,2025-08-19 13:13:08.304910
2025-08-19,31645,2025081904007027,SHEL,KALASH STOCK MARKET PVT. LTD.,Naasa Securities Co. Ltd.,500,307.0,153500.0,2025-08-19 13:14:59.412951
2025-08-19,31544,2025081904007073,SHEL,Linch Stock Market Ltd.,Naasa Securities Co. Ltd.,418,307.0,128326.0,2025-08-19 13:15:21.646834
2025-08-19,31543,2025081904007074,SHEL,Linch Stock Market Ltd.,Sani Securities Company Ltd.,16,307.0,4912.0,2025-08-19 13:15:21.647235
2025-08-19,31512,2025081904007090,SHEL,Sani Securities Company Ltd.,Sani Securities Company Ltd.,34,307.0,10438.0,2025-08-19 13:15:39.308702
2025-08-19,31315,2025081904007137,SHEL,Sani Securities Company Ltd.,Investment Management Nepal Pvt. Ltd.,90,307.0,27630.0,2025-08-19 13:16:49.344455
2025-08-19,30915,2025081904007239,SHEL,Sani Securities Company Ltd.,Market Securities & Exchange (PVT) Ltd.,450,308.0,138600.0,2025-08-19 13:19:12.427935
2025-08-19,30578,2025081904007334,SHEL,Bhrikuti Stock Broking Co. Pvt. Ltd.,Vision Securities Pvt. Ltd,50,307.3,15365.0,2025-08-19 13:21:19.257894
2025-08-19,30577,2025081904007335,SHEL,Linch Stock Market Ltd.,Vision Securities Pvt. Ltd,95,307.2,29184.0,2025-08-19 13:21:19.258296
2025-08-19,30246,2025081904007409,SHEL,Aryatara Investment & Securities,Market Securities & Exchange (PVT) Ltd.,25,308.0,7700.0,2025-08-19 13:23:26.516437
2025-08-19,30098,2025081904007445,SHEL,Linch Stock Market Ltd.,Naasa Securities Co. Ltd.,20,307.2,6144.0,2025-08-19 13:24:35.992122
2025-08-19,29820,2025081904007514,SHEL,Linch Stock Market Ltd.,Naasa Securities Co. Ltd.,10,307.2,3072.0,2025-08-19 13:26:34.062193
2025-08-19,29618,2025081904007596,SHEL,South Asian Bulls Pvt. Ltd.,Market Securities & Exchange (PVT) Ltd.,25,308.0,7700.0,2025-08-19 13:27:28.013657
2025-08-19,29513,2025081904007615,SHEL,South Asian Bulls Pvt. Ltd.,Dynamic Money Managers Securities Pvt. Ltd.,10,308.8,3088.0,2025-08-19 13:27:50.116525
2025-08-19,29512,2025081904007616,SHEL,South Asian Bulls Pvt. Ltd.,Sri Hari Securities Pvt. Ltd.,400,308.8,123520.0,2025-08-19 13:27:50.116873
2025-08-19,29511,2025081904007617,SHEL,South Asian Bulls Pvt. Ltd.,Citizens Share Broker Limited,565,308.9,174528.5,2025-08-19 13:27:50.117052
2025-08-19,29374,2025081904007665,SHEL,Linch Stock Market Ltd.,Deevyaa Securities & Stock House Pvt. Ltd,100,307.2,30720.0,2025-08-19 13:28:49.175469
2025-08-19,28759,2025081904007846,SHEL,Linch Stock Market Ltd.,Dynamic Money Managers Securities Pvt. Ltd.,1375,307.2,422400.0,2025-08-19 13:32:05.429691
2025-08-19,28758,2025081904007847,SHEL,Sri Hari Securities Pvt. Ltd.,Dynamic Money Managers Securities Pvt. Ltd.,500,307.1,153550.0,2025-08-19 13:32:05.430195
2025-08-19,28757,2025081904007848,SHEL,Nepal Investment And Securities Trading Private Limited,Dynamic Money Managers Securities Pvt. Ltd.,125,307.1,38387.5,2025-08-19 13:32:05.430712
2025-08-19,28731,2025081904007856,SHEL,Nepal Investment And Securities Trading Private Limited,Citizens Share Broker Limited,75,307.1,23032.5,2025-08-19 13:32:10.460301
2025-08-19,28730,2025081904007857,SHEL,Trishakti Securities Public Limited,Citizens Share Broker Limited,500,307.1,153550.0,2025-08-19 13:32:10.460721
2025-08-19,28729,2025081904007858,SHEL,Sani Securities Company Ltd.,Citizens Share Broker Limited,425,307.0,130475.0,2025-08-19 13:32:10.460887
2025-08-19,28487,2025081904007923,SHEL,Sani Securities Company Ltd.,Nepal Investment And Securities Trading Private Limited,451,307.0,138457.0,2025-08-19 13:33:16.174507
2025-08-19,28486,2025081904007924,SHEL,Kohinoor Investment & Securities Pvt. Ltd.,Nepal Investment And Securities Trading Private Limited,1300,307.0,399100.0,2025-08-19 13:33:16.174933
2025-08-19,28485,2025081904007925,SHEL,Primo Securities (PVT) Ltd.,Nepal Investment And Securities Trading Private Limited,1000,307.0,307000.0,2025-08-19 13:33:16.175097
2025-08-19,28484,2025081904007926,SHEL,Dipshikha Dhitopatra Karobar Co. Pvt Ltd.,Nepal Investment And Securities Trading Private Limited,30,307.0,9210.0,2025-08-19 13:33:16.175256
2025-08-19,28483,2025081904007927,SHEL,South Asian Bulls Pvt. Ltd.,Nepal Investment And Securities Trading Private Limited,1000,307.0,307000.0,2025-08-19 13:33:16.175417
2025-08-19,28482,2025081904007928,SHEL,Sani Securities Company Ltd.,Nepal Investment And Securities Trading Private Limited,320,307.0,98240.0,2025-08-19 13:33:16.175596
2025-08-19,28395,2025081904007945,SHEL,Sani Securities Company Ltd.,Premier Securities Company Ltd.,70,307.0,21490.0,2025-08-19 13:33:37.429024
2025-08-19,27385,2025081904008166,SHEL,Creative Securities Pvt Ltd,Property Wiard Limited,10,306.9,3069.0,2025-08-19 13:38:10.817462
2025-08-19,26694,2025081904008332,SHEL,Creative Securities Pvt Ltd,Nepal Stock House (PVT) Ltd.,90,306.9,27621.0,2025-08-19 13:41:14.640869
2025-08-19,26693,2025081904008333,SHEL,Shree Krishna Securities Ltd.,Nepal Stock House (PVT) Ltd.,160,306.8,49088.0,2025-08-19 13:41:14.641610
2025-08-19,26462,2025081904008484,SHEL,Shree Krishna Securities Ltd.,Investment Management Nepal Pvt. Ltd.,90,306.8,27612.0,2025-08-19 13:41:39.459252
2025-08-19,26461,2025081904008485,SHEL,Dipshikha Dhitopatra Karobar Co. Pvt Ltd.,Investment Management Nepal Pvt. Ltd.,80,306.7,24536.0,2025-08-19 13:41:39.459672
2025-08-19,26460,2025081904008486,SHEL,Naasa Securities Co. Ltd.,Investment Management Nepal Pvt. Ltd.,20,306.7,6134.0,2025-08-19 13:41:39.459849
2025-08-19,26459,2025081904008487,SHEL,Secured Securities Ltd.,Investment Management Nepal Pvt. Ltd.,10,306.6,3066.0,2025-08-19 13:41:39.460064
2025-08-19,25885,2025081904008660,SHEL,Trishakti Securities Public Limited,Sundhara Securities Limited,500,306.7,153350.0,2025-08-19 13:43:55.776915
2025-08-19,25884,2025081904008661,SHEL,Secured Securities Ltd.,Sundhara Securities Limited,90,306.6,27594.0,2025-08-19 13:43:55.776998
2025-08-19,25883,2025081904008662,SHEL,Market Securities & Exchange (PVT) Ltd.,Sundhara Securities Limited,3000,306.6,919800.0,2025-08-19 13:43:55.777032
2025-08-19,25882,2025081904008663,SHEL,Vision Securities Pvt. Ltd,Sundhara Securities Limited,100,306.6,30660.0,2025-08-19 13:43:55.777059
2025-08-19,25881,2025081904008664,SHEL,Cristal Kanchanjanga Securites Pvt. Ltd.,Sundhara Securities Limited,10,306.6,3066.0,2025-08-19 13:43:55.777090
2025-08-19,25880,2025081904008665,SHEL,Naasa Securities Co. Ltd.,Sundhara Securities Limited,325,306.6,99645.0,2025-08-19 13:43:55.777140
2025-08-19,25879,2025081904008666,SHEL,Hatemalo Financial Services Private Limited,Sundhara Securities Limited,100,306.5,30650.0,2025-08-19 13:43:55.777176
2025-08-19,25878,2025081904008667,SHEL,Sani Securities Company Ltd.,Sundhara Securities Limited,1100,306.5,337150.0,2025-08-19 13:43:55.777208
2025-08-19,25877,2025081904008668,SHEL,South Asian Bulls Pvt. Ltd.,Sundhara Securities Limited,40,306.5,12260.0,2025-08-19 13:43:55.777235
2025-08-19,25876,2025081904008669,SHEL,Primo Securities (PVT) Ltd.,Sundhara Securities Limited,100,306.5,30650.0,2025-08-19 13:43:55.777261
2025-08-19,25875,2025081904008670,SHEL,Premier Securities Company Ltd.,Sundhara Securities Limited,200,306.5,61300.0,2025-08-19 13:43:55.777288
2025-08-19,25874,2025081904008671,SHEL,Aryatara Investment & Securities,Sundhara Securities Limited,2000,306.3,612600.0,2025-08-19 13:43:55.777322
2025-08-19,25873,2025081904008672,SHEL,Sri Hari Securities Pvt. Ltd.,Sundhara Securities Limited,1243,306.2,380606.6,2025-08-19 13:43:55.777362
2025-08-19,25729,2025081904008697,SHEL,Nagarik Stock Dealer ,South Asian Bulls Pvt. Ltd.,40,308.8,12352.0,2025-08-19 13:44:35.888373
2025-08-19,25559,2025081904008765,SHEL,South Asian Bulls Pvt. Ltd.,South Asian Bulls Pvt. Ltd.,1000,306.6,306600.0,2025-08-19 13:45:22.483970
2025-08-19,25496,2025081904008790,SHEL,South Asian Bulls Pvt. Ltd.,South Asian Bulls Pvt. Ltd.,1000,306.6,306600.0,2025-08-19 13:45:36.544008
2025-08-19,25430,2025081904008804,SHEL,INDEX SECURITIES LIMITED,South Asian Bulls Pvt. Ltd.,500,306.6,153300.0,2025-08-19 13:45:55.431124
2025-08-19,24076,2025081904009133,SHEL,Oxford Securities Pvt. Ltd.,Opal Securities Investment (PVT) Ltd.,10,307.0,3070.0,2025-08-19 13:51:43.923971
2025-08-19,23549,2025081904009303,SHEL,Neev Securities Pvt. Ltd.,Opal Securities Investment (PVT) Ltd.,400,307.0,122800.0,2025-08-19 13:53:27.517569
2025-08-19,22838,2025081904009515,SHEL,Aryatara Investment & Securities,Investment Management Nepal Pvt. Ltd.,325,307.0,99775.0,2025-08-19 13:56:10.385491
2025-08-19,22782,2025081904009539,SHEL,ABC Securities Private Limited,Trishakti Securities Public Limited,50,306.4,15320.0,2025-08-19 13:56:25.797671
2025-08-19,22781,2025081904009540,SHEL,INDEX SECURITIES LIMITED,Trishakti Securities Public Limited,547,306.3,167546.1,2025-08-19 13:56:25.798095
2025-08-19,22780,2025081904009541,SHEL,INDEX SECURITIES LIMITED,Trishakti Securities Public Limited,338,306.3,103529.4,2025-08-19 13:56:25.799340
2025-08-19,22779,2025081904009542,SHEL,Sri Hari Securities Pvt. Ltd.,Trishakti Securities Public Limited,757,306.2,231793.4,2025-08-19 13:56:25.799634
2025-08-19,22778,2025081904009543,SHEL,Vision Securities Pvt. Ltd,Trishakti Securities Public Limited,100,306.1,30610.0,2025-08-19 13:56:25.799820
2025-08-19,22777,2025081904009544,SHEL,Siprabi Securities Pvt. Ltd.,Trishakti Securities Public Limited,50,306.0,15300.0,2025-08-19 13:56:25.799993
2025-08-19,22776,2025081904009545,SHEL,Secured Securities Ltd.,Trishakti Securities Public Limited,500,306.0,153000.0,2025-08-19 13:56:25.800159
2025-08-19,22775,2025081904009546,SHEL,J.F. Securites (PVT) Ltd.,Trishakti Securities Public Limited,300,306.0,91800.0,2025-08-19 13:56:25.800365
2025-08-19,22774,2025081904009547,SHEL,Premier Securities Company Ltd.,Trishakti Securities Public Limited,14,306.0,4284.0,2025-08-19 13:56:25.800528
2025-08-19,22773,2025081904009548,SHEL,Imperial Securities Company Pvt. Ltd.,Trishakti Securities Public Limited,510,306.0,156060.0,2025-08-19 13:56:25.800702
2025-08-19,22772,2025081904009549,SHEL,Sani Securities Company Ltd.,Trishakti Securities Public Limited,431,306.0,131886.0,2025-08-19 13:56:25.800868
2025-08-19,22137,2025081904009811,SHEL,Sani Securities Company Ltd.,Sweta Securities Private Limited,20,306.0,6120.0,2025-08-19 13:58:44.140196
2025-08-19,22135,2025081904009813,SHEL,Sani Securities Company Ltd.,Sri Hari Securities Pvt. Ltd.,500,306.0,153000.0,2025-08-19 13:58:44.292813
2025-08-19,21477,2025081904010039,SHEL,Sani Securities Company Ltd.,Naasa Securities Co. Ltd.,49,306.0,14994.0,2025-08-19 14:01:43.774358
2025-08-19,21476,2025081904010040,SHEL,Cristal Kanchanjanga Securites Pvt. Ltd.,Naasa Securities Co. Ltd.,200,306.0,61200.0,2025-08-19 14:01:43.774778
2025-08-19,21475,2025081904010041,SHEL,ABC Securities Private Limited,Naasa Securities Co. Ltd.,50,306.0,15300.0,2025-08-19 14:01:43.774950
2025-08-19,21474,2025081904010042,SHEL,Sani Securities Company Ltd.,Naasa Securities Co. Ltd.,201,306.0,61506.0,2025-08-19 14:01:43.775110
2025-08-19,21150,2025081904010149,SHEL,Sani Securities Company Ltd.,Imperial Securities Company Pvt. Ltd.,56,306.0,17136.0,2025-08-19 14:03:23.676634
2025-08-19,21149,2025081904010150,SHEL,Agrawal Securities (PVT) Ltd.,Imperial Securities Company Pvt. Ltd.,150,306.0,45900.0,2025-08-19 14:03:23.677021
2025-08-19,21148,2025081904010151,SHEL,Online Securities Pvt. Ltd.,Imperial Securities Company Pvt. Ltd.,50,306.0,15300.0,2025-08-19 14:03:23.677220
2025-08-19,21147,2025081904010152,SHEL,Dipshikha Dhitopatra Karobar Co. Pvt Ltd.,Imperial Securities Company Pvt. Ltd.,25,306.0,7650.0,2025-08-19 14:03:23.677394
2025-08-19,21146,2025081904010153,SHEL,Hatemalo Financial Services Private Limited,Imperial Securities Company Pvt. Ltd.,29,306.0,8874.0,2025-08-19 14:03:23.677596
2025-08-19,21109,2025081904010159,SHEL,Hatemalo Financial Services Private Limited,Sewa Securities Pvt. Ltd.,71,306.0,21726.0,2025-08-19 14:03:31.477605
2025-08-19,21079,2025081904010174,SHEL,Dakshinkali Investment & Securities Pvt. Ltd.,Sewa Securities Pvt. Ltd.,129,306.0,39474.0,2025-08-19 14:03:36.697009
2025-08-19,20994,2025081904010206,SHEL,Dakshinkali Investment & Securities Pvt. Ltd.,Linch Stock Market Ltd.,50,306.0,15300.0,2025-08-19 14:04:06.636126
2025-08-19,20974,2025081904010214,SHEL,Dakshinkali Investment & Securities Pvt. Ltd.,Sagarmatha Securities Private Limited,20,306.0,6120.0,2025-08-19 14:04:14.474340
2025-08-19,20939,2025081904010227,SHEL,Dakshinkali Investment & Securities Pvt. Ltd.,Online Securities Pvt. Ltd.,305,306.0,93330.0,2025-08-19 14:04:24.660721
2025-08-19,20938,2025081904010228,SHEL,Hatemalo Financial Services Private Limited,Online Securities Pvt. Ltd.,100,306.0,30600.0,2025-08-19 14:04:24.661190
2025-08-19,20740,2025081904010283,SHEL,Aryatara Investment & Securities,Dynamic Money Managers Securities Pvt. Ltd.,100,305.3,30530.0,2025-08-19 14:05:22.481106
2025-08-19,20739,2025081904010284,SHEL,J.F. Securites (PVT) Ltd.,Dynamic Money Managers Securities Pvt. Ltd.,500,305.2,152600.0,2025-08-19 14:05:22.481532
2025-08-19,20738,2025081904010285,SHEL,Midas Stock Broking Company Private Limited,Dynamic Money Managers Securities Pvt. Ltd.,100,305.1,30510.0,2025-08-19 14:05:22.481713
2025-08-19,20737,2025081904010286,SHEL,South Asian Bulls Pvt. Ltd.,Dynamic Money Managers Securities Pvt. Ltd.,60,305.1,18306.0,2025-08-19 14:05:22.481881
2025-08-19,20736,2025081904010287,SHEL,Naasa Securities Co. Ltd.,Dynamic Money Managers Securities Pvt. Ltd.,900,305.1,274590.0,2025-08-19 14:05:22.482054
2025-08-19,20735,2025081904010288,SHEL,Naasa Securities Co. Ltd.,Dynamic Money Managers Securities Pvt. Ltd.,107,305.0,32635.0,2025-08-19 14:05:22.482228
2025-08-19,20734,2025081904010289,SHEL,Aryatara Investment & Securities,Dynamic Money Managers Securities Pvt. Ltd.,70,305.0,21350.0,2025-08-19 14:05:22.482400
2025-08-19,20733,2025081904010290,SHEL,Sharepro Securities Private Limited,Dynamic Money Managers Securities Pvt. Ltd.,100,305.0,30500.0,2025-08-19 14:05:22.482816
2025-08-19,20732,2025081904010291,SHEL,Shree Krishna Securities Ltd.,Dynamic Money Managers Securities Pvt. Ltd.,100,305.0,30500.0,2025-08-19 14:05:22.483331
2025-08-19,20731,2025081904010292,SHEL,Linch Stock Market Ltd.,Dynamic Money Managers Securities Pvt. Ltd.,1000,305.0,305000.0,2025-08-19 14:05:22.483841
2025-08-19,20730,2025081904010293,SHEL,Agrawal Securities (PVT) Ltd.,Dynamic Money Managers Securities Pvt. Ltd.,100,305.0,30500.0,2025-08-19 14:05:22.484354
2025-08-19,20729,2025081904010294,SHEL,Sewa Securities Pvt. Ltd.,Dynamic Money Managers Securities Pvt. Ltd.,100,305.0,30500.0,2025-08-19 14:05:22.484856
2025-08-19,20728,2025081904010295,SHEL,Dipshikha Dhitopatra Karobar Co. Pvt Ltd.,Dynamic Money Managers Securities Pvt. Ltd.,200,305.0,61000.0,2025-08-19 14:05:22.485354
2025-08-19,20727,2025081904010296,SHEL,Kalika Securities Pvt. Ltd.,Dynamic Money Managers Securities Pvt. Ltd.,40,305.0,12200.0,2025-08-19 14:05:22.485861
2025-08-19,20726,2025081904010297,SHEL,Midas Stock Broking Company Private Limited,Dynamic Money Managers Securities Pvt. Ltd.,500,305.0,152500.0,2025-08-19 14:05:22.486363
2025-08-19,20725,2025081904010298,SHEL,Sri Hari Securities Pvt. Ltd.,Dynamic Money Managers Securities Pvt. Ltd.,1000,305.0,305000.0,2025-08-19 14:05:22.486861
2025-08-19,20724,2025081904010299,SHEL,ABC Securities Private Limited,Dynamic Money Managers Securities Pvt. Ltd.,100,305.0,30500.0,2025-08-19 14:05:22.487360
2025-08-19,20723,2025081904010300,SHEL,Nepal Stock House (PVT) Ltd.,Dynamic Money Managers Securities Pvt. Ltd.,200,305.0,61000.0,2025-08-19 14:05:22.487840
2025-08-19,20722,2025081904010301,SHEL,Himalayan Brokerage Company Limited,Dynamic Money Managers Securities Pvt. Ltd.,100,305.0,30500.0,2025-08-19 14:05:22.488347
2025-08-19,20721,2025081904010302,SHEL,Malla & Malla Stock Broking Company Pvt. Limited,Dynamic Money Managers Securities Pvt. Ltd.,50,305.0,15250.0,2025-08-19 14:05:22.488824
2025-08-19,20720,2025081904010303,SHEL,Sani Securities Company Ltd.,Dynamic Money Managers Securities Pvt. Ltd.,1000,305.0,305000.0,2025-08-19 14:05:22.489328
2025-08-19,20719,2025081904010304,SHEL,Bhrikuti Stock Broking Co. Pvt. Ltd.,Dynamic Money Managers Securities Pvt. Ltd.,1000,305.0,305000.0,2025-08-19 14:05:22.489804
2025-08-19,20718,2025081904010305,SHEL,Naasa Securities Co. Ltd.,Dynamic Money Managers Securities Pvt. Ltd.,100,305.0,30500.0,2025-08-19 14:05:22.490275
2025-08-19,20717,2025081904010306,SHEL,Dynamic Money Managers Securities Pvt. Ltd.,Dynamic Money Managers Securities Pvt. Ltd.,180,305.0,54900.0,2025-08-19 14:05:22.490765
2025-08-19,20716,2025081904010307,SHEL,Naasa Securities Co. Ltd.,Dynamic Money Managers Securities Pvt. Ltd.,500,305.0,152500.0,2025-08-19 14:05:22.491271
2025-08-19,20715,2025081904010308,SHEL,Naasa Securities Co. Ltd.,Dynamic Money Managers Securities Pvt. Ltd.,2500,305.0,762500.0,2025-08-19 14:05:22.491759
2025-08-19,20714,2025081904010309,SHEL,Online Securities Pvt. Ltd.,Dynamic Money Managers Securities Pvt. Ltd.,50,305.0,15250.0,2025-08-19 14:05:22.492089
2025-08-19,20713,2025081904010310,SHEL,Online Securities Pvt. Ltd.,Dynamic Money Managers Securities Pvt. Ltd.,200,305.0,61000.0,2025-08-19 14:05:22.492269
2025-08-19,20712,2025081904010311,SHEL,Opal Securities Investment (PVT) Ltd.,Dynamic Money Managers Securities Pvt. Ltd.,1000,305.0,305000.0,2025-08-19 14:05:22.492448
2025-08-19,20711,2025081904010312,SHEL,Online Securities Pvt. Ltd.,Dynamic Money Managers Securities Pvt. Ltd.,500,305.0,152500.0,2025-08-19 14:05:22.492608
2025-08-19,20710,2025081904010313,SHEL,Bhrikuti Stock Broking Co. Pvt. Ltd.,Dynamic Money Managers Securities Pvt. Ltd.,300,305.0,91500.0,2025-08-19 14:05:22.492769
2025-08-19,20709,2025081904010314,SHEL,Vision Securities Pvt. Ltd,Dynamic Money Managers Securities Pvt. Ltd.,710,305.0,216550.0,2025-08-19 14:05:22.492932
2025-08-19,20708,2025081904010315,SHEL,Midas Stock Broking Company Private Limited,Dynamic Money Managers Securities Pvt. Ltd.,50,305.0,15250.0,2025-08-19 14:05:22.493083
2025-08-19,20707,2025081904010316,SHEL,Secured Securities Ltd.,Dynamic Money Managers Securities Pvt. Ltd.,450,305.0,137250.0,2025-08-19 14:05:22.493231
2025-08-19,20706,2025081904010317,SHEL,Online Securities Pvt. Ltd.,Dynamic Money Managers Securities Pvt. Ltd.,25,305.0,7625.0,2025-08-19 14:05:22.493393
2025-08-19,20705,2025081904010318,SHEL,Deevyaa Securities & Stock House Pvt. Ltd,Dynamic Money Managers Securities Pvt. Ltd.,500,305.0,152500.0,2025-08-19 14:05:22.493571
2025-08-19,20704,2025081904010319,SHEL,Premier Securities Company Ltd.,Dynamic Money Managers Securities Pvt. Ltd.,508,305.0,154940.0,2025-08-19 14:05:22.493755
2025-08-19,20494,2025081904010395,SHEL,Online Securities Pvt. Ltd.,Online Securities Pvt. Ltd.,25,306.0,7650.0,2025-08-19 14:06:11.808206
2025-08-19,20493,2025081904010396,SHEL,Premier Securities Company Ltd.,Online Securities Pvt. Ltd.,50,305.0,15250.0,2025-08-19 14:06:11.811579
2025-08-19,20415,2025081904010423,SHEL,Premier Securities Company Ltd.,Linch Stock Market Ltd.,20,305.0,6100.0,2025-08-19 14:06:30.961868
2025-08-19,20346,2025081904010464,SHEL,Premier Securities Company Ltd.,Aakashbhairab Securities Ltd.,100,305.0,30500.0,2025-08-19 14:06:42.065024
2025-08-19,19836,2025081904010636,SHEL,Neev Securities Pvt. Ltd.,Online Securities Pvt. Ltd.,110,306.0,33660.0,2025-08-19 14:08:29.626256
2025-08-19,19748,2025081904010646,SHEL,Sumeru Securities Pvt. Ltd.,Citizens Share Broker Limited,150,305.5,45825.0,2025-08-19 14:08:41.425079
2025-08-19,19340,2025081904010758,SHEL,Sumeru Securities Pvt. Ltd.,Primo Securities (PVT) Ltd.,80,305.5,24440.0,2025-08-19 14:10:14.181394
2025-08-19,19339,2025081904010759,SHEL,Premier Securities Company Ltd.,Primo Securities (PVT) Ltd.,322,305.0,98210.0,2025-08-19 14:10:14.181461
2025-08-19,19338,2025081904010760,SHEL,Siprabi Securities Pvt. Ltd.,Primo Securities (PVT) Ltd.,100,305.0,30500.0,2025-08-19 14:10:14.181500
2025-08-19,19337,2025081904010761,SHEL,Agrawal Securities (PVT) Ltd.,Primo Securities (PVT) Ltd.,198,305.0,60390.0,2025-08-19 14:10:14.181563
2025-08-19,19275,2025081904010772,SHEL,Primo Securities (PVT) Ltd.,Online Securities Pvt. Ltd.,20,305.1,6102.0,2025-08-19 14:10:28.123488
2025-08-19,18464,2025081904010975,SHEL,Neev Securities Pvt. Ltd.,Imperial Securities Company Pvt. Ltd.,50,305.5,15275.0,2025-08-19 14:14:12.114188
2025-08-19,18433,2025081904010979,SHEL,Neev Securities Pvt. Ltd.,Online Securities Pvt. Ltd.,60,306.0,18360.0,2025-08-19 14:14:23.154534
2025-08-19,18432,2025081904010980,SHEL,Neev Securities Pvt. Ltd.,Online Securities Pvt. Ltd.,20,306.0,6120.0,2025-08-19 14:14:23.154903
2025-08-19,18405,2025081904010990,SHEL,Kohinoor Investment & Securities Pvt. Ltd.,Investment Management Nepal Pvt. Ltd.,110,307.0,33770.0,2025-08-19 14:14:32.451048
2025-08-19,17395,2025081904011237,SHEL,Oxford Securities Pvt. Ltd.,Sagarmatha Securities Private Limited,20,306.5,6130.0,2025-08-19 14:19:57.993592
2025-08-19,17323,2025081904011250,SHEL,Sundhara Securities Limited,Premier Securities Company Ltd.,100,306.9,30690.0,2025-08-19 14:20:19.470305
2025-08-19,16226,2025081904011604,SHEL,Oxford Securities Pvt. Ltd.,Sumeru Securities Pvt. Ltd.,80,306.5,24520.0,2025-08-19 14:25:22.522532
2025-08-19,16225,2025081904011605,SHEL,Primo Securities (PVT) Ltd.,Sumeru Securities Pvt. Ltd.,420,306.0,128520.0,2025-08-19 14:25:22.522926
2025-08-19,16224,2025081904011606,SHEL,Dipshikha Dhitopatra Karobar Co. Pvt Ltd.,Sundhara Securities Limited,113,306.6,34645.8,2025-08-19 14:25:22.523297
2025-08-19,15928,2025081904011692,SHEL,Primo Securities (PVT) Ltd.,Citizens Share Broker Limited,60,306.0,18360.0,2025-08-19 14:26:23.304226
2025-08-19,15927,2025081904011693,SHEL,Naasa Securities Co. Ltd.,Citizens Share Broker Limited,154,305.7,47077.8,2025-08-19 14:26:23.304938
2025-08-19,15926,2025081904011694,SHEL,Primo Securities (PVT) Ltd.,Citizens Share Broker Limited,191,305.6,58369.6,2025-08-19 14:26:23.305437
2025-08-19,15833,2025081904011727,SHEL,Sri Hari Securities Pvt. Ltd.,Sundhara Securities Limited,187,306.6,57334.2,2025-08-19 14:26:46.498635
2025-08-19,15832,2025081904011728,SHEL,Sri Hari Securities Pvt. Ltd.,Thrive Brokerage House Pvt. Ltd,813,306.7,249347.1,2025-08-19 14:26:46.499110
2025-08-19,15824,2025081904011732,SHEL,Vision Securities Pvt. Ltd,Aryatara Investment & Securities,1000,305.7,305700.0,2025-08-19 14:26:49.346593
2025-08-19,15602,2025081904011804,SHEL,Sundhara Securities Limited,Trishakti Securities Public Limited,5,300.8,1504.0,2025-08-19 14:27:43.652056
2025-08-19,14868,2025081904012071,SHEL,Neev Securities Pvt. Ltd.,Thrive Brokerage House Pvt. Ltd,120,306.7,36804.0,2025-08-19 14:29:46.706213
2025-08-19,14138,2025081904012303,SHEL,Linch Stock Market Ltd.,Imperial Securities Company Pvt. Ltd.,10,305.7,3057.0,2025-08-19 14:32:01.854490
2025-08-19,13782,2025081904012389,SHEL,Linch Stock Market Ltd.,Imperial Securities Company Pvt. Ltd.,490,306.0,149940.0,2025-08-19 14:33:12.320741
2025-08-19,13511,2025081904012496,SHEL,Oxford Securities Pvt. Ltd.,Naasa Securities Co. Ltd.,1500,305.7,458550.0,2025-08-19 14:34:07.477333
2025-08-19,13510,2025081904012497,SHEL,Primo Securities (PVT) Ltd.,Naasa Securities Co. Ltd.,309,305.6,94430.4,2025-08-19 14:34:07.477794
2025-08-19,13509,2025081904012498,SHEL,Kohinoor Investment & Securities Pvt. Ltd.,Naasa Securities Co. Ltd.,191,305.5,58350.5,2025-08-19 14:34:07.478040
2025-08-19,13482,2025081904012502,SHEL,Himalayan Securities Limited,Imperial Securities Company Pvt. Ltd.,10,305.8,3058.0,2025-08-19 14:34:13.156280
2025-08-19,13067,2025081904012593,SHEL,Kalika Securities Pvt. Ltd.,Sundhara Securities Limited,70,306.0,21420.0,2025-08-19 14:35:41.586817
2025-08-19,13066,2025081904012594,SHEL,Kalika Securities Pvt. Ltd.,Investment Management Nepal Pvt. Ltd.,430,306.0,131580.0,2025-08-19 14:35:41.587643
2025-08-19,13029,2025081904012610,SHEL,Kohinoor Investment & Securities Pvt. Ltd.,J.F. Securites (PVT) Ltd.,250,305.5,76375.0,2025-08-19 14:35:49.841386
2025-08-19,12954,2025081904012613,SHEL,Kohinoor Investment & Securities Pvt. Ltd.,MILKY WAY SHARE BROKER COMPANY LTD ,559,305.5,170774.5,2025-08-19 14:35:59.722542
2025-08-19,12953,2025081904012614,SHEL,Siprabi Securities Pvt. Ltd.,MILKY WAY SHARE BROKER COMPANY LTD ,1000,305.5,305500.0,2025-08-19 14:35:59.723357
2025-08-19,12952,2025081904012615,SHEL,Primo Securities (PVT) Ltd.,MILKY WAY SHARE BROKER COMPANY LTD ,500,305.3,152650.0,2025-08-19 14:35:59.723879
2025-08-19,12951,2025081904012616,SHEL,Kohinoor Investment & Securities Pvt. Ltd.,MILKY WAY SHARE BROKER COMPANY LTD ,1000,305.3,305300.0,2025-08-19 14:35:59.724442
2025-08-19,12950,2025081904012617,SHEL,Sani Securities Company Ltd.,MILKY WAY SHARE BROKER COMPANY LTD ,3000,305.1,915300.0,2025-08-19 14:35:59.725053
2025-08-19,12949,2025081904012618,SHEL,Imperial Securities Company Pvt. Ltd.,MILKY WAY SHARE BROKER COMPANY LTD ,482,305.1,147058.2,2025-08-19 14:35:59.725669
2025-08-19,12948,2025081904012619,SHEL,Magnet Securities and Investment Company Private Limited,MILKY WAY SHARE BROKER COMPANY LTD ,500,305.1,152550.0,2025-08-19 14:35:59.726182
2025-08-19,12947,2025081904012620,SHEL,Agrawal Securities (PVT) Ltd.,MILKY WAY SHARE BROKER COMPANY LTD ,302,305.0,92110.0,2025-08-19 14:35:59.726753
2025-08-19,12946,2025081904012621,SHEL,Agrawal Securities (PVT) Ltd.,MILKY WAY SHARE BROKER COMPANY LTD ,68,305.0,20740.0,2025-08-19 14:35:59.727250
2025-08-19,12646,2025081904012707,SHEL,Agrawal Securities (PVT) Ltd.,Naasa Securities Co. Ltd.,82,305.0,25010.0,2025-08-19 14:36:46.513929
2025-08-19,12645,2025081904012708,SHEL,Aryatara Investment & Securities,Naasa Securities Co. Ltd.,80,305.0,24400.0,2025-08-19 14:36:46.514375
2025-08-19,12644,2025081904012709,SHEL,Online Securities Pvt. Ltd.,Naasa Securities Co. Ltd.,200,305.0,61000.0,2025-08-19 14:36:46.514543
2025-08-19,12643,2025081904012710,SHEL,Secured Securities Ltd.,Naasa Securities Co. Ltd.,638,305.0,194590.0,2025-08-19 14:36:46.514696
2025-08-19,11891,2025081904012916,SHEL,Market Securities & Exchange (PVT) Ltd.,Market Securities & Exchange (PVT) Ltd.,20,305.1,6102.0,2025-08-19 14:38:56.066661
2025-08-19,10331,2025081904013395,SHEL,Sri Hari Securities Pvt. Ltd.,Premier Securities Company Ltd.,10,305.2,3052.0,2025-08-19 14:42:44.633777
2025-08-19,9938,2025081904013509,SHEL,Sri Hari Securities Pvt. Ltd.,Citizens Share Broker Limited,100,305.2,30520.0,2025-08-19 14:43:47.583727
2025-08-19,9818,2025081904013528,SHEL,Sri Hari Securities Pvt. Ltd.,Linch Stock Market Ltd.,185,305.2,56462.0,2025-08-19 14:43:59.880599
2025-08-19,9817,2025081904013529,SHEL,Hatemalo Financial Services Private Limited,Linch Stock Market Ltd.,100,305.2,30520.0,2025-08-19 14:43:59.881050
2025-08-19,9547,2025081904013642,SHEL,Market Securities & Exchange (PVT) Ltd.,Linch Stock Market Ltd.,715,305.1,218146.5,2025-08-19 14:44:34.171235
2025-08-19,8711,2025081904013898,SHEL,Nepal Stock House (PVT) Ltd.,Dipshikha Dhitopatra Karobar Co. Pvt Ltd.,20,305.2,6104.0,2025-08-19 14:46:06.330749
2025-08-19,8332,2025081904014014,SHEL,Nepal Stock House (PVT) Ltd.,Investment Management Nepal Pvt. Ltd.,70,305.2,21364.0,2025-08-19 14:46:56.761494
2025-08-19,8138,2025081904014060,SHEL,Nepal Stock House (PVT) Ltd.,Dipshikha Dhitopatra Karobar Co. Pvt Ltd.,10,305.2,3052.0,2025-08-19 14:47:30.061789
2025-08-19,7818,2025081904014124,SHEL,Nepal Stock House (PVT) Ltd.,Sundhara Securities Limited,60,305.2,18312.0,2025-08-19 14:48:15.589176
2025-08-19,7817,2025081904014125,SHEL,Dipshikha Dhitopatra Karobar Co. Pvt Ltd.,Sundhara Securities Limited,500,305.2,152600.0,2025-08-19 14:48:15.589580
2025-08-19,7816,2025081904014126,SHEL,Sundhara Securities Limited,Sundhara Securities Limited,33,305.2,10071.6,2025-08-19 14:48:15.589753
2025-08-19,7815,2025081904014127,SHEL,Market Securities & Exchange (PVT) Ltd.,Sundhara Securities Limited,265,305.1,80851.5,2025-08-19 14:48:15.589928
2025-08-19,7814,2025081904014128,SHEL,Trishakti Securities Public Limited,Sundhara Securities Limited,150,305.1,45765.0,2025-08-19 14:48:15.590092
2025-08-19,7813,2025081904014129,SHEL,Naasa Securities Co. Ltd.,Sundhara Securities Limited,30,305.1,9153.0,2025-08-19 14:48:15.590256
2025-08-19,7812,2025081904014130,SHEL,Nepal Stock House (PVT) Ltd.,Sundhara Securities Limited,200,305.1,61020.0,2025-08-19 14:48:15.590439
2025-08-19,7811,2025081904014131,SHEL,Secured Securities Ltd.,Sundhara Securities Limited,362,305.0,110410.0,2025-08-19 14:48:15.590607
2025-08-19,7810,2025081904014132,SHEL,Aryatara Investment & Securities,Sundhara Securities Limited,80,305.0,24400.0,2025-08-19 14:48:15.590771
2025-08-19,7809,2025081904014133,SHEL,Naasa Securities Co. Ltd.,Sundhara Securities Limited,10,305.0,3050.0,2025-08-19 14:48:15.590933
2025-08-19,7808,2025081904014134,SHEL,Trishakti Securities Public Limited,Sundhara Securities Limited,10,305.0,3050.0,2025-08-19 14:48:15.591099
2025-08-19,7807,2025081904014135,SHEL,Premier Securities Company Ltd.,Sundhara Securities Limited,50,305.0,15250.0,2025-08-19 14:48:15.591262
2025-08-19,7806,2025081904014136,SHEL,Cristal Kanchanjanga Securites Pvt. Ltd.,Sundhara Securities Limited,100,305.0,30500.0,2025-08-19 14:48:15.591428
2025-08-19,7805,2025081904014137,SHEL,Linch Stock Market Ltd.,Sundhara Securities Limited,500,305.0,152500.0,2025-08-19 14:48:15.591602
2025-08-19,7804,2025081904014138,SHEL,Aryatara Investment & Securities,Sundhara Securities Limited,330,305.0,100650.0,2025-08-19 14:48:15.591769
2025-08-19,7803,2025081904014139,SHEL,Sani Securities Company Ltd.,Sundhara Securities Limited,100,305.0,30500.0,2025-08-19 14:48:15.591928
2025-08-19,7801,2025081904014140,SHEL,Himalayan Brokerage Company Limited,Sundhara Securities Limited,220,305.0,67100.0,2025-08-19 14:48:16.123544
2025-08-19,7800,2025081904014141,SHEL,Himalayan Brokerage Company Limited,Asian Securities Private Ltd.,90,306.0,27540.0,2025-08-19 14:48:16.123981
2025-08-19,7799,2025081904014142,SHEL,Himalayan Brokerage Company Limited,Agrawal Securities (PVT) Ltd.,200,306.0,61200.0,2025-08-19 14:48:16.124181
2025-08-19,7798,2025081904014143,SHEL,Himalayan Brokerage Company Limited,Shree Krishna Securities Ltd.,490,306.0,149940.0,2025-08-19 14:48:16.124366
2025-08-19,7482,2025081904014257,SHEL,Sani Securities Company Ltd.,APPLE SECURITIES PRIVATE LIMITED,389,305.2,118722.8,2025-08-19 14:48:57.538763
2025-08-19,6965,2025081904014397,SHEL,Sani Securities Company Ltd.,Trisul Securities & Invt. Ltd.,111,305.2,33877.2,2025-08-19 14:50:14.749017
2025-08-19,6964,2025081904014398,SHEL,Hatemalo Financial Services Private Limited,Trisul Securities & Invt. Ltd.,89,305.2,27162.8,2025-08-19 14:50:14.749413
2025-08-19,6792,2025081904014433,SHEL,Hatemalo Financial Services Private Limited,Naasa Securities Co. Ltd.,11,305.2,3357.2,2025-08-19 14:50:44.157877
2025-08-19,6791,2025081904014434,SHEL,Aakashbhairab Securities Ltd.,Naasa Securities Co. Ltd.,929,305.0,283345.0,2025-08-19 14:50:44.158298
2025-08-19,6706,2025081904014453,SHEL,Aakashbhairab Securities Ltd.,Elite Stock House Limited,71,305.0,21655.0,2025-08-19 14:50:57.223458
2025-08-19,6705,2025081904014454,SHEL,Oxford Securities Pvt. Ltd.,Elite Stock House Limited,429,305.0,130845.0,2025-08-19 14:50:57.223848
2025-08-19,6663,2025081904014458,SHEL,Oxford Securities Pvt. Ltd.,Secured Securities Ltd.,71,305.0,21655.0,2025-08-19 14:51:02.743157
2025-08-19,6662,2025081904014459,SHEL,Imperial Securities Company Pvt. Ltd.,Secured Securities Ltd.,167,305.0,50935.0,2025-08-19 14:51:02.743931
2025-08-19,6661,2025081904014460,SHEL,Linch Stock Market Ltd.,Secured Securities Ltd.,100,305.0,30500.0,2025-08-19 14:51:02.744442
2025-08-19,6567,2025081904014493,SHEL,Aryatara Investment & Securities,Vision Securities Pvt. Ltd,100,304.9,30490.0,2025-08-19 14:51:19.376763
2025-08-19,6550,2025081904014499,SHEL,Himalayan Brokerage Company Limited,Indira securities pvt. ltd,1000,304.8,304800.0,2025-08-19 14:51:22.493090
2025-08-19,6549,2025081904014500,SHEL,Sani Securities Company Ltd.,Indira securities pvt. ltd,100,304.7,30470.0,2025-08-19 14:51:22.493152
2025-08-19,6548,2025081904014501,SHEL,Linch Stock Market Ltd.,Indira securities pvt. ltd,1130,304.6,344198.0,2025-08-19 14:51:22.493184
2025-08-19,6134,2025081904014629,SHEL,South Asian Bulls Pvt. Ltd.,Nepal Investment And Securities Trading Private Limited,1000,304.8,304800.0,2025-08-19 14:52:18.798217
2025-08-19,6024,2025081904014654,SHEL,Linch Stock Market Ltd.,Dipshikha Dhitopatra Karobar Co. Pvt Ltd.,50,304.6,15230.0,2025-08-19 14:52:28.727863
2025-08-19,5818,2025081904014750,SHEL,Linch Stock Market Ltd.,Shree Krishna Securities Ltd.,510,304.6,155346.0,2025-08-19 14:52:49.357429
2025-08-19,5666,2025081904014808,SHEL,Naasa Securities Co. Ltd.,Nepal Investment And Securities Trading Private Limited,470,304.7,143209.0,2025-08-19 14:53:07.869803
2025-08-19,5633,2025081904014818,SHEL,Online Securities Pvt. Ltd.,Nepal Investment And Securities Trading Private Limited,340,304.7,103598.0,2025-08-19 14:53:13.637063
2025-08-19,5581,2025081904014824,SHEL,Vision Securities Pvt. Ltd,Nepal Investment And Securities Trading Private Limited,190,304.7,57893.0,2025-08-19 14:53:19.193867
2025-08-19,5455,2025081904014868,SHEL,Vision Securities Pvt. Ltd,Dipshikha Dhitopatra Karobar Co. Pvt Ltd.,15,304.7,4570.5,2025-08-19 14:53:36.565193
2025-08-19,5309,2025081904014901,SHEL,Vision Securities Pvt. Ltd,Trishakti Securities Public Limited,30,304.7,9141.0,2025-08-19 14:53:59.588303
2025-08-19,5188,2025081904014932,SHEL,Dynamic Money Managers Securities Pvt. Ltd.,Nepal Investment And Securities Trading Private Limited,200,304.8,60960.0,2025-08-19 14:54:13.240414
2025-08-19,5184,2025081904014935,SHEL,Vision Securities Pvt. Ltd,Nepal Investment And Securities Trading Private Limited,265,304.7,80745.5,2025-08-19 14:54:14.425930
2025-08-19,5183,2025081904014936,SHEL,Swarna Laxmi Securities Pvt. Ltd.,Nepal Investment And Securities Trading Private Limited,500,304.7,152350.0,2025-08-19 14:54:14.426377
2025-08-19,5182,2025081904014937,SHEL,Naasa Securities Co. Ltd.,Nepal Investment And Securities Trading Private Limited,50,304.7,15235.0,2025-08-19 14:54:14.426605
2025-08-19,5181,2025081904014938,SHEL,Premier Securities Company Ltd.,Nepal Investment And Securities Trading Private Limited,185,304.7,56369.5,2025-08-19 14:54:14.426791
2025-08-19,5117,2025081904014969,SHEL,Premier Securities Company Ltd.,Nepal Investment And Securities Trading Private Limited,315,304.7,95980.5,2025-08-19 14:54:23.515089
2025-08-19,5116,2025081904014970,SHEL,Linch Stock Market Ltd.,Nepal Investment And Securities Trading Private Limited,310,304.6,94426.0,2025-08-19 14:54:23.515561
2025-08-19,5115,2025081904014971,SHEL,Linch Stock Market Ltd.,Nepal Investment And Securities Trading Private Limited,100,304.6,30460.0,2025-08-19 14:54:23.515741
2025-08-19,5114,2025081904014972,SHEL,Naasa Securities Co. Ltd.,Nepal Investment And Securities Trading Private Limited,200,304.6,60920.0,2025-08-19 14:54:23.515913
2025-08-19,5113,2025081904014973,SHEL,Dipshikha Dhitopatra Karobar Co. Pvt Ltd.,Nepal Investment And Securities Trading Private Limited,75,304.6,22845.0,2025-08-19 14:54:23.516087
2025-08-19,4994,2025081904015007,SHEL,Dipshikha Dhitopatra Karobar Co. Pvt Ltd.,Sewa Securities Pvt. Ltd.,105,304.6,31983.0,2025-08-19 14:54:35.484519
2025-08-19,4948,2025081904015021,SHEL,Dipshikha Dhitopatra Karobar Co. Pvt Ltd.,Nepal Investment And Securities Trading Private Limited,100,304.8,30480.0,2025-08-19 14:54:39.504052
2025-08-19,4868,2025081904015035,SHEL,Siprabi Securities Pvt. Ltd.,Nepal Investment And Securities Trading Private Limited,200,304.8,60960.0,2025-08-19 14:54:49.048791
2025-08-19,4834,2025081904015043,SHEL,Dipshikha Dhitopatra Karobar Co. Pvt Ltd.,Thrive Brokerage House Pvt. Ltd,20,304.6,6092.0,2025-08-19 14:54:52.063855
2025-08-19,4806,2025081904015070,SHEL,Dipshikha Dhitopatra Karobar Co. Pvt Ltd.,Sani Securities Company Ltd.,136,304.6,41425.6,2025-08-19 14:54:53.619941
2025-08-19,4696,2025081904015096,SHEL,Linch Stock Market Ltd.,Dakshinkali Investment & Securities Pvt. Ltd.,100,304.7,30470.0,2025-08-19 14:55:03.368820
2025-08-19,4681,2025081904015100,SHEL,Primo Securities (PVT) Ltd.,Nepal Investment And Securities Trading Private Limited,500,304.8,152400.0,2025-08-19 14:55:05.256658
2025-08-19,4680,2025081904015101,SHEL,Primo Securities (PVT) Ltd.,Ashutosh Brokerage & Securities (PVT) Ltd.,500,304.8,152400.0,2025-08-19 14:55:05.257043
2025-08-19,4623,2025081904015112,SHEL,Vision Securities Pvt. Ltd,Secured Securities Ltd.,12,305.0,3660.0,2025-08-19 14:55:13.015253
2025-08-19,4620,2025081904015113,SHEL,Vision Securities Pvt. Ltd,Imperial Securities Company Pvt. Ltd.,20,305.0,6100.0,2025-08-19 14:55:13.015678
2025-08-19,4619,2025081904015114,SHEL,Vision Securities Pvt. Ltd,Aryatara Investment & Securities,300,305.0,91500.0,2025-08-19 14:55:13.015858
2025-08-19,4617,2025081904015115,SHEL,Vision Securities Pvt. Ltd,Vision Securities Pvt. Ltd,168,305.0,51240.0,2025-08-19 14:55:13.016024
2025-08-19,4528,2025081904015151,SHEL,Primo Securities (PVT) Ltd.,Vision Securities Pvt. Ltd,232,305.0,70760.0,2025-08-19 14:55:19.366411
2025-08-19,4527,2025081904015152,SHEL,Primo Securities (PVT) Ltd.,Dipshikha Dhitopatra Karobar Co. Pvt Ltd.,10,305.0,3050.0,2025-08-19 14:55:19.367217
2025-08-19,4483,2025081904015170,SHEL,Primo Securities (PVT) Ltd.,Kalika Securities Pvt. Ltd.,10,305.0,3050.0,2025-08-19 14:55:22.398959
2025-08-19,4259,2025081904015216,SHEL,Primo Securities (PVT) Ltd.,Nepal Investment And Securities Trading Private Limited,248,305.0,75640.0,2025-08-19 14:55:48.378018
2025-08-19,4233,2025081904015228,SHEL,Aryatara Investment & Securities,Nepal Investment And Securities Trading Private Limited,752,305.0,229360.0,2025-08-19 14:55:50.128919
2025-08-19,4224,2025081904015231,SHEL,Aryatara Investment & Securities,Trishakti Securities Public Limited,300,305.0,91500.0,2025-08-19 14:55:51.462713
2025-08-19,4130,2025081904015270,SHEL,Aryatara Investment & Securities,BHOLE GANESH SECURITIES LTD,650,305.0,198250.0,2025-08-19 14:56:00.721999
2025-08-19,3787,2025081904015383,SHEL,Dipshikha Dhitopatra Karobar Co. Pvt Ltd.,Investment Management Nepal Pvt. Ltd.,500,305.5,152750.0,2025-08-19 14:56:32.695518
2025-08-19,3625,2025081904015420,SHEL,ABC Securities Private Limited,Sani Securities Company Ltd.,20,305.1,6102.0,2025-08-19 14:56:47.662338
2025-08-19,3532,2025081904015437,SHEL,ABC Securities Private Limited,Sani Securities Company Ltd.,20,305.1,6102.0,2025-08-19 14:56:54.935699
2025-08-19,3526,2025081904015441,SHEL,Trishakti Securities Public Limited,Investment Management Nepal Pvt. Ltd.,65,305.5,19857.5,2025-08-19 14:56:56.041626
2025-08-19,3525,2025081904015442,SHEL,Trishakti Securities Public Limited,Dipshikha Dhitopatra Karobar Co. Pvt Ltd.,935,305.8,285923.0,2025-08-19 14:56:56.042108
2025-08-19,3403,2025081904015485,SHEL,Asian Securities Private Ltd.,Dipshikha Dhitopatra Karobar Co. Pvt Ltd.,200,305.8,61160.0,2025-08-19 14:57:06.743616
2025-08-19,3320,2025081904015509,SHEL,Capital Max Securities Ltd,Dipshikha Dhitopatra Karobar Co. Pvt Ltd.,100,305.8,30580.0,2025-08-19 14:57:12.118607
2025-08-19,3307,2025081904015513,SHEL,Thrive Brokerage House Pvt. Ltd,Asian Securities Private Ltd.,100,305.2,30520.0,2025-08-19 14:57:13.793369
2025-08-19,3306,2025081904015514,SHEL,ABC Securities Private Limited,Asian Securities Private Ltd.,10,305.1,3051.0,2025-08-19 14:57:13.794137
2025-08-19,3305,2025081904015515,SHEL,Siprabi Securities Pvt. Ltd.,Asian Securities Private Ltd.,100,305.1,30510.0,2025-08-19 14:57:13.794640
2025-08-19,3304,2025081904015516,SHEL,ABC Securities Private Limited,Asian Securities Private Ltd.,500,305.1,152550.0,2025-08-19 14:57:13.795145
2025-08-19,3303,2025081904015517,SHEL,Aryatara Investment & Securities,Asian Securities Private Ltd.,1290,305.0,393450.0,2025-08-19 14:57:13.795667
2025-08-19,3279,2025081904015535,SHEL,Aryatara Investment & Securities,Naasa Securities Co. Ltd.,608,305.0,185440.0,2025-08-19 14:57:16.268366
2025-08-19,3278,2025081904015536,SHEL,Naasa Securities Co. Ltd.,Naasa Securities Co. Ltd.,300,305.0,91500.0,2025-08-19 14:57:16.268781
2025-08-19,3277,2025081904015537,SHEL,Shree Krishna Securities Ltd.,Naasa Securities Co. Ltd.,92,305.0,28060.0,2025-08-19 14:57:16.269048
2025-08-19,2551,2025081904015731,SHEL,Shree Krishna Securities Ltd.,Prabhu Stock Market Limited,500,305.0,152500.0,2025-08-19 14:58:12.307678
2025-08-19,2507,2025081904015742,SHEL,Shree Krishna Securities Ltd.,Elite Stock House Limited,200,305.0,61000.0,2025-08-19 14:58:16.029794
2025-08-19,2501,2025081904015745,SHEL,Shree Krishna Securities Ltd.,Indira securities pvt. ltd,208,305.0,63440.0,2025-08-19 14:58:16.637969
2025-08-19,2500,2025081904015746,SHEL,Sri Hari Securities Pvt. Ltd.,Indira securities pvt. ltd,100,305.0,30500.0,2025-08-19 14:58:16.638032
2025-08-19,2499,2025081904015747,SHEL,South Asian Bulls Pvt. Ltd.,Indira securities pvt. ltd,500,304.8,152400.0,2025-08-19 14:58:16.638064
2025-08-19,2498,2025081904015748,SHEL,Premier Securities Company Ltd.,Indira securities pvt. ltd,1000,304.8,304800.0,2025-08-19 14:58:16.638088
2025-08-19,2497,2025081904015749,SHEL,Linch Stock Market Ltd.,Indira securities pvt. ltd,1650,304.7,502755.0,2025-08-19 14:58:16.638131
2025-08-19,2496,2025081904015750,SHEL,Opal Securities Investment (PVT) Ltd.,Indira securities pvt. ltd,42,304.7,12797.4,2025-08-19 14:58:16.638166
2025-08-19,2209,2025081904015842,SHEL,Himalayan Securities Limited,Asian Securities Private Ltd.,25,305.0,7625.0,2025-08-19 14:58:35.250448
2025-08-19,1884,2025081904015928,SHEL,Trishakti Securities Public Limited,Roadshow securities limited,300,304.8,91440.0,2025-08-19 14:58:55.726804
2025-08-19,1883,2025081904015929,SHEL,Opal Securities Investment (PVT) Ltd.,Roadshow securities limited,18,304.7,5484.6,2025-08-19 14:58:55.727198
2025-08-19,1882,2025081904015930,SHEL,Naasa Securities Co. Ltd.,Roadshow securities limited,500,304.7,152350.0,2025-08-19 14:58:55.727374
2025-08-19,1881,2025081904015931,SHEL,Dipshikha Dhitopatra Karobar Co. Pvt Ltd.,Roadshow securities limited,164,304.6,49954.4,2025-08-19 14:58:55.727539
2025-08-19,1880,2025081904015932,SHEL,Midas Stock Broking Company Private Limited,Roadshow securities limited,18,304.6,5482.8,2025-08-19 14:58:55.727708
2025-08-19,1737,2025081904016003,SHEL,Naasa Securities Co. Ltd.,Asian Securities Private Ltd.,24,305.0,7320.0,2025-08-19 14:59:06.418979
2025-08-19,1487,2025081904016063,SHEL,Primo Securities (PVT) Ltd.,Asian Securities Private Ltd.,61,305.0,18605.0,2025-08-19 14:59:15.611996
2025-08-19,1486,2025081904016064,SHEL,Primo Securities (PVT) Ltd.,Dipshikha Dhitopatra Karobar Co. Pvt Ltd.,10,305.0,3050.0,2025-08-19 14:59:15.612760
2025-08-19,1485,2025081904016065,SHEL,Primo Securities (PVT) Ltd.,Vision Securities Pvt. Ltd,29,305.0,8845.0,2025-08-19 14:59:15.613543
2025-08-19,1457,2025081904016073,SHEL,Agrawal Securities (PVT) Ltd.,Vision Securities Pvt. Ltd,21,305.0,6405.0,2025-08-19 14:59:17.581222
2025-08-19,1183,2025081904016139,SHEL,Agrawal Securities (PVT) Ltd.,South Asian Bulls Pvt. Ltd.,19,305.0,5795.0,2025-08-19 14:59:27.281431
2025-08-19,1052,2025081904016172,SHEL,Investment Management Nepal Pvt. Ltd.,South Asian Bulls Pvt. Ltd.,40,305.0,12200.0,2025-08-19 14:59:30.522613
2025-08-19,1004,2025081904016192,SHEL,Midas Stock Broking Company Private Limited,Indira securities pvt. ltd,82,304.6,24977.2,2025-08-19 14:59:31.855791
2025-08-19,1003,2025081904016193,SHEL,Vision Securities Pvt. Ltd,Indira securities pvt. ltd,418,304.5,127281.0,2025-08-19 14:59:31.855844
2025-08-19,991,2025081904016201,SHEL,Neev Securities Pvt. Ltd.,South Asian Bulls Pvt. Ltd.,200,305.0,61000.0,2025-08-19 14:59:32.081626
2025-08-19,962,2025081904016208,SHEL,Primo Securities (PVT) Ltd.,South Asian Bulls Pvt. Ltd.,241,305.0,73505.0,2025-08-19 14:59:33.714616
2025-08-19,961,2025081904016209,SHEL,Primo Securities (PVT) Ltd.,Capital Max Securities Ltd,500,305.5,152750.0,2025-08-19 14:59:33.714985
2025-08-19,565,2025081904016324,SHEL,Sri Hari Securities Pvt. Ltd.,South Asian Bulls Pvt. Ltd.,500,305.7,152850.0,2025-08-19 14:59:44.048322
2025-08-19,462,2025081904016337,SHEL,Primo Securities (PVT) Ltd.,South Asian Bulls Pvt. Ltd.,759,305.6,231950.4,2025-08-19 14:59:46.480700
