Date,S.N.,Contract ID,Symbol,Buyer Broker,Seller Broker,volume,rate,amount,transaction_time
2025-08-19,61717,2025081904000047,UMRH,Shree Krishna Securities Ltd.,Dynamic Money Managers Securities Pvt. Ltd.,20,659.1,13182.0,2025-08-19 10:46:00.067396
2025-08-19,61716,2025081904000048,UMRH,Shree Krishna Securities Ltd.,Dynamic Money Managers Securities Pvt. Ltd.,20,659.1,13182.0,2025-08-19 10:46:00.067430
2025-08-19,61668,2025081904000062,UMRH,Shree Krishna Securities Ltd.,Dynamic Money Managers Securities Pvt. Ltd.,600,646.0,387600.0,2025-08-19 11:00:37.603759
2025-08-19,61571,2025081904000143,UMRH,Shree Krishna Securities Ltd.,Sumeru Securities Pvt. Ltd.,1000,647.0,647000.0,2025-08-19 11:00:55.359299
2025-08-19,61460,2025081904000171,UMRH,Cristal Kanchanjanga Securites Pvt. Ltd.,Kumari Securities Private Limited,366,649.0,237534.0,2025-08-19 11:01:39.960355
2025-08-19,61420,2025081904000181,UMRH,Sri Hari Securities Pvt. Ltd.,Kumari Securities Private Limited,200,649.0,129800.0,2025-08-19 11:02:06.181162
2025-08-19,61403,2025081904000184,UMRH,Nepal Stock House (PVT) Ltd.,Kumari Securities Private Limited,46,649.0,29854.0,2025-08-19 11:02:18.717376
2025-08-19,61398,2025081904000186,UMRH,Nepal Stock House (PVT) Ltd.,Siprabi Securities Pvt. Ltd.,254,649.0,164846.0,2025-08-19 11:02:21.098601
2025-08-19,61379,2025081904000193,UMRH,Agrawal Securities (PVT) Ltd.,ABC Securities Private Limited,10,650.0,6500.0,2025-08-19 11:02:33.782980
2025-08-19,61351,2025081904000202,UMRH,Agrawal Securities (PVT) Ltd.,Kohinoor Investment & Securities Pvt. Ltd.,10,655.0,6550.0,2025-08-19 11:02:46.071604
2025-08-19,61123,2025081904000286,UMRH,Naasa Securities Co. Ltd.,Dynamic Money Managers Securities Pvt. Ltd.,30,645.0,19350.0,2025-08-19 11:04:25.519849
2025-08-19,61100,2025081904000291,UMRH,Shree Krishna Securities Ltd.,Agrawal Securities (PVT) Ltd.,200,640.0,128000.0,2025-08-19 11:04:42.647047
2025-08-19,61047,2025081904000314,UMRH,J.F. Securites (PVT) Ltd.,Aryatara Investment & Securities,500,640.1,320050.0,2025-08-19 11:05:02.684186
2025-08-19,61032,2025081904000319,UMRH,J.F. Securites (PVT) Ltd.,Imperial Securities Company Pvt. Ltd.,200,640.1,128020.0,2025-08-19 11:05:09.095770
2025-08-19,61031,2025081904000320,UMRH,Shree Krishna Securities Ltd.,Imperial Securities Company Pvt. Ltd.,800,640.0,512000.0,2025-08-19 11:05:09.095833
2025-08-19,60886,2025081904000385,UMRH,Creative Securities Pvt Ltd,Sani Securities Company Ltd.,324,640.0,207360.0,2025-08-19 11:06:02.649242
2025-08-19,60666,2025081904000470,UMRH,Shree Krishna Securities Ltd.,Dynamic Money Managers Securities Pvt. Ltd.,10,644.0,6440.0,2025-08-19 11:07:42.916861
2025-08-19,60306,2025081904000576,UMRH,Miyo Securities Pvt Ltd,Imperial Securities Company Pvt. Ltd.,50,642.0,32100.0,2025-08-19 11:09:38.551245
2025-08-19,60238,2025081904000592,UMRH,Miyo Securities Pvt Ltd,Imperial Securities Company Pvt. Ltd.,22,642.0,14124.0,2025-08-19 11:10:05.653270
2025-08-19,60173,2025081904000613,UMRH,Sharepro Securities Private Limited,Imperial Securities Company Pvt. Ltd.,372,640.1,238117.2,2025-08-19 11:10:30.460853
2025-08-19,59821,2025081904000744,UMRH,Shree Krishna Securities Ltd.,Dynamic Money Managers Securities Pvt. Ltd.,10,644.0,6440.0,2025-08-19 11:12:18.164885
2025-08-19,59820,2025081904000745,UMRH,ABC Securities Private Limited,ABC Securities Private Limited,100,642.1,64210.0,2025-08-19 11:12:18.568924
2025-08-19,59762,2025081904000759,UMRH,J.F. Securites (PVT) Ltd.,Dynamic Money Managers Securities Pvt. Ltd.,10,644.0,6440.0,2025-08-19 11:12:36.962478
2025-08-19,59761,2025081904000760,UMRH,J.F. Securites (PVT) Ltd.,Opal Securities Investment (PVT) Ltd.,100,645.0,64500.0,2025-08-19 11:12:36.962632
2025-08-19,59760,2025081904000761,UMRH,J.F. Securites (PVT) Ltd.,Trisul Securities & Invt. Ltd.,200,645.0,129000.0,2025-08-19 11:12:36.962735
2025-08-19,59759,2025081904000762,UMRH,J.F. Securites (PVT) Ltd.,Sumeru Securities Pvt. Ltd.,390,648.0,252720.0,2025-08-19 11:12:36.962835
2025-08-19,59464,2025081904000826,UMRH,Premier Securities Company Ltd.,Sumeru Securities Pvt. Ltd.,110,648.0,71280.0,2025-08-19 11:14:08.730851
2025-08-19,59463,2025081904000827,UMRH,Premier Securities Company Ltd.,Sumeru Securities Pvt. Ltd.,500,648.0,324000.0,2025-08-19 11:14:08.730919
2025-08-19,59304,2025081904000872,UMRH,Shree Krishna Securities Ltd.,ABC Securities Private Limited,10,647.5,6475.0,2025-08-19 11:15:00.897793
2025-08-19,59264,2025081904000892,UMRH,Shree Krishna Securities Ltd.,ABC Securities Private Limited,90,647.5,58275.0,2025-08-19 11:15:15.978671
2025-08-19,59263,2025081904000893,UMRH,Shree Krishna Securities Ltd.,Premier Securities Company Ltd.,10,647.9,6479.0,2025-08-19 11:15:15.978771
2025-08-19,59242,2025081904000900,UMRH,Shree Krishna Securities Ltd.,Sani Securities Company Ltd.,28,648.0,18144.0,2025-08-19 11:15:26.023920
2025-08-19,59154,2025081904000912,UMRH,Shree Krishna Securities Ltd.,Dipshikha Dhitopatra Karobar Co. Pvt Ltd.,10,653.0,6530.0,2025-08-19 11:15:55.313339
2025-08-19,57939,2025081904001155,UMRH,Imperial Securities Company Pvt. Ltd.,Sumeru Securities Pvt. Ltd.,200,646.1,129220.0,2025-08-19 11:21:38.201268
2025-08-19,57938,2025081904001156,UMRH,Premier Securities Company Ltd.,Sumeru Securities Pvt. Ltd.,390,646.0,251940.0,2025-08-19 11:21:38.201382
2025-08-19,57937,2025081904001157,UMRH,Shree Krishna Securities Ltd.,Sumeru Securities Pvt. Ltd.,1000,645.0,645000.0,2025-08-19 11:21:38.201444
2025-08-19,57936,2025081904001158,UMRH,Shree Krishna Securities Ltd.,Sumeru Securities Pvt. Ltd.,1410,644.5,908745.0,2025-08-19 11:21:38.201483
2025-08-19,56993,2025081904001370,UMRH,Shree Krishna Securities Ltd.,Sani Securities Company Ltd.,75,644.5,48337.5,2025-08-19 11:25:40.298392
2025-08-19,56864,2025081904001398,UMRH,Shree Krishna Securities Ltd.,Sewa Securities Pvt. Ltd.,60,644.5,38670.0,2025-08-19 11:26:06.698670
2025-08-19,56146,2025081904001549,UMRH,Shree Krishna Securities Ltd.,Opal Securities Investment (PVT) Ltd.,10,649.4,6494.0,2025-08-19 11:29:14.098957
2025-08-19,55782,2025081904001655,UMRH,Imperial Securities Company Pvt. Ltd.,Opal Securities Investment (PVT) Ltd.,217,644.6,139878.2,2025-08-19 11:31:05.854475
2025-08-19,55781,2025081904001656,UMRH,Shree Krishna Securities Ltd.,Opal Securities Investment (PVT) Ltd.,50,644.6,32230.0,2025-08-19 11:31:05.854572
2025-08-19,55612,2025081904001693,UMRH,Shree Krishna Securities Ltd.,Sajilo Broker Limited,10,649.0,6490.0,2025-08-19 11:31:57.856729
2025-08-19,55273,2025081904001749,UMRH,Shree Krishna Securities Ltd.,Opal Securities Investment (PVT) Ltd.,200,644.5,128900.0,2025-08-19 11:33:19.478297
2025-08-19,55231,2025081904001760,UMRH,Shree Krishna Securities Ltd.,Sumeru Securities Pvt. Ltd.,255,644.5,164347.5,2025-08-19 11:33:32.006665
2025-08-19,55230,2025081904001761,UMRH,Sharepro Securities Private Limited,Sumeru Securities Pvt. Ltd.,545,644.1,351034.5,2025-08-19 11:33:32.006887
2025-08-19,54947,2025081904001819,UMRH,Shree Krishna Securities Ltd.,Swarna Laxmi Securities Pvt. Ltd.,10,648.0,6480.0,2025-08-19 11:34:55.725055
2025-08-19,54812,2025081904001852,UMRH,Sani Securities Company Ltd.,Primo Securities (PVT) Ltd.,7,642.0,4494.0,2025-08-19 11:35:36.432677
2025-08-19,54765,2025081904001862,UMRH,Sharepro Securities Private Limited,Ashutosh Brokerage & Securities (PVT) Ltd.,10,644.1,6441.0,2025-08-19 11:35:52.743001
2025-08-19,54392,2025081904001975,UMRH,Sharepro Securities Private Limited,Nepal Investment And Securities Trading Private Limited,48,644.1,30916.8,2025-08-19 11:37:43.389854
2025-08-19,54118,2025081904002046,UMRH,Shree Krishna Securities Ltd.,Nepal Investment And Securities Trading Private Limited,20,643.0,12860.0,2025-08-19 11:39:12.767465
2025-08-19,54098,2025081904002050,UMRH,Shree Krishna Securities Ltd.,Opal Securities Investment (PVT) Ltd.,100,642.1,64210.0,2025-08-19 11:39:26.166429
2025-08-19,54097,2025081904002051,UMRH,ABC Securities Private Limited,Opal Securities Investment (PVT) Ltd.,200,642.0,128400.0,2025-08-19 11:39:26.166586
2025-08-19,54066,2025081904002062,UMRH,ABC Securities Private Limited,Nepal Investment And Securities Trading Private Limited,300,642.0,192600.0,2025-08-19 11:39:38.870393
2025-08-19,53641,2025081904002116,UMRH,Imperial Securities Company Pvt. Ltd.,Sani Securities Company Ltd.,300,640.1,192030.0,2025-08-19 11:41:46.934470
2025-08-19,53640,2025081904002117,UMRH,Shree Krishna Securities Ltd.,Sani Securities Company Ltd.,220,640.0,140800.0,2025-08-19 11:41:46.934627
2025-08-19,52844,2025081904002259,UMRH,Shree Krishna Securities Ltd.,Sani Securities Company Ltd.,28,645.0,18060.0,2025-08-19 11:45:31.945941
2025-08-19,51769,2025081904002519,UMRH,Sundhara Securities Limited,Opal Securities Investment (PVT) Ltd.,100,645.9,64590.0,2025-08-19 11:50:31.001027
2025-08-19,51682,2025081904002536,UMRH,Shree Krishna Securities Ltd.,Kohinoor Investment & Securities Pvt. Ltd.,10,643.1,6431.0,2025-08-19 11:51:01.721144
2025-08-19,51435,2025081904002596,UMRH,Aryatara Investment & Securities,Opal Securities Investment (PVT) Ltd.,200,645.9,129180.0,2025-08-19 11:52:16.239382
2025-08-19,51434,2025081904002597,UMRH,Aryatara Investment & Securities,Sumeru Securities Pvt. Ltd.,100,646.2,64620.0,2025-08-19 11:52:16.239442
2025-08-19,51405,2025081904002606,UMRH,Shree Krishna Securities Ltd.,Sri Hari Securities Pvt. Ltd.,40,643.1,25724.0,2025-08-19 11:52:26.462428
2025-08-19,51404,2025081904002607,UMRH,Shree Krishna Securities Ltd.,Sri Hari Securities Pvt. Ltd.,50,643.1,32155.0,2025-08-19 11:52:26.462685
2025-08-19,51403,2025081904002608,UMRH,Shree Krishna Securities Ltd.,Sri Hari Securities Pvt. Ltd.,10,643.0,6430.0,2025-08-19 11:52:26.462850
2025-08-19,50285,2025081904002846,UMRH,Shree Krishna Securities Ltd.,Nepal Investment And Securities Trading Private Limited,68,643.0,43724.0,2025-08-19 11:57:16.099557
2025-08-19,50056,2025081904002875,UMRH,Shree Krishna Securities Ltd.,Sumeru Securities Pvt. Ltd.,22,643.0,14146.0,2025-08-19 11:58:19.235762
2025-08-19,50055,2025081904002876,UMRH,Vision Securities Pvt. Ltd,Sumeru Securities Pvt. Ltd.,430,642.5,276275.0,2025-08-19 11:58:19.235895
2025-08-19,50054,2025081904002877,UMRH,Shree Krishna Securities Ltd.,Sumeru Securities Pvt. Ltd.,280,642.0,179760.0,2025-08-19 11:58:19.235983
2025-08-19,50053,2025081904002878,UMRH,Linch Stock Market Ltd.,Sumeru Securities Pvt. Ltd.,200,641.0,128200.0,2025-08-19 11:58:19.236031
2025-08-19,50052,2025081904002879,UMRH,Shree Krishna Securities Ltd.,Sumeru Securities Pvt. Ltd.,500,641.0,320500.0,2025-08-19 11:58:19.236079
2025-08-19,50051,2025081904002880,UMRH,Trishakti Securities Public Limited,Sumeru Securities Pvt. Ltd.,100,640.0,64000.0,2025-08-19 11:58:19.236127
2025-08-19,50050,2025081904002881,UMRH,Midas Stock Broking Company Private Limited,Sumeru Securities Pvt. Ltd.,500,640.0,320000.0,2025-08-19 11:58:19.236175
2025-08-19,50049,2025081904002882,UMRH,Midas Stock Broking Company Private Limited,Sumeru Securities Pvt. Ltd.,468,640.0,299520.0,2025-08-19 11:58:19.236219
2025-08-19,49869,2025081904002902,UMRH,Midas Stock Broking Company Private Limited,Sumeru Securities Pvt. Ltd.,32,640.0,20480.0,2025-08-19 11:59:16.539597
2025-08-19,49868,2025081904002903,UMRH,Oxford Securities Pvt. Ltd.,Sumeru Securities Pvt. Ltd.,100,640.0,64000.0,2025-08-19 11:59:16.539727
2025-08-19,49867,2025081904002904,UMRH,Oxford Securities Pvt. Ltd.,Sumeru Securities Pvt. Ltd.,50,640.0,32000.0,2025-08-19 11:59:16.539776
2025-08-19,49866,2025081904002905,UMRH,Naasa Securities Co. Ltd.,Sumeru Securities Pvt. Ltd.,100,639.0,63900.0,2025-08-19 11:59:16.539824
2025-08-19,49865,2025081904002906,UMRH,Shree Krishna Securities Ltd.,Sumeru Securities Pvt. Ltd.,4718,639.0,3014802.0,2025-08-19 11:59:16.539872
2025-08-19,48784,2025081904003123,UMRH,Shree Krishna Securities Ltd.,Sumeru Securities Pvt. Ltd.,64,639.0,40896.0,2025-08-19 12:04:21.897856
2025-08-19,46581,2025081904003564,UMRH,Shree Krishna Securities Ltd.,Sani Securities Company Ltd.,10,645.0,6450.0,2025-08-19 12:13:15.480779
2025-08-19,45736,2025081904003692,UMRH,Premier Securities Company Ltd.,Sani Securities Company Ltd.,90,645.0,58050.0,2025-08-19 12:16:23.187643
2025-08-19,45735,2025081904003693,UMRH,Premier Securities Company Ltd.,BHOLE GANESH SECURITIES LTD,400,645.0,258000.0,2025-08-19 12:16:23.187771
2025-08-19,44104,2025081904004118,UMRH,Naasa Securities Co. Ltd.,Arun Securities (PVT) Ltd.,40,645.0,25800.0,2025-08-19 12:22:02.168108
2025-08-19,44103,2025081904004119,UMRH,Naasa Securities Co. Ltd.,Sumeru Securities Pvt. Ltd.,10,645.0,6450.0,2025-08-19 12:22:02.168424
2025-08-19,43927,2025081904004150,UMRH,Online Securities Pvt. Ltd.,Sumeru Securities Pvt. Ltd.,77,645.0,49665.0,2025-08-19 12:22:38.410930
2025-08-19,43850,2025081904004169,UMRH,Premier Securities Company Ltd.,Sumeru Securities Pvt. Ltd.,210,645.0,135450.0,2025-08-19 12:22:52.666117
2025-08-19,42053,2025081904004512,UMRH,Himalayan Brokerage Company Limited,Trishakti Securities Public Limited,10,644.0,6440.0,2025-08-19 12:29:25.224932
2025-08-19,42052,2025081904004513,UMRH,Himalayan Brokerage Company Limited,Sumeru Securities Pvt. Ltd.,203,645.0,130935.0,2025-08-19 12:29:25.225067
2025-08-19,42021,2025081904004520,UMRH,Himalayan Brokerage Company Limited,Trishakti Securities Public Limited,120,646.0,77520.0,2025-08-19 12:29:33.249947
2025-08-19,41858,2025081904004553,UMRH,Himalayan Brokerage Company Limited,Trishakti Securities Public Limited,180,646.0,116280.0,2025-08-19 12:30:11.833296
2025-08-19,41857,2025081904004554,UMRH,Himalayan Brokerage Company Limited,Swarna Laxmi Securities Pvt. Ltd.,42,648.0,27216.0,2025-08-19 12:30:11.833488
2025-08-19,41856,2025081904004555,UMRH,Himalayan Brokerage Company Limited,Sumeru Securities Pvt. Ltd.,100,648.2,64820.0,2025-08-19 12:30:11.833549
2025-08-19,41855,2025081904004556,UMRH,Himalayan Brokerage Company Limited,Sumeru Securities Pvt. Ltd.,178,648.5,115433.0,2025-08-19 12:30:11.833597
2025-08-19,40727,2025081904004778,UMRH,Bhrikuti Stock Broking Co. Pvt. Ltd.,Sumeru Securities Pvt. Ltd.,100,648.4,64840.0,2025-08-19 12:34:10.148128
2025-08-19,40726,2025081904004779,UMRH,Bhrikuti Stock Broking Co. Pvt. Ltd.,Opal Securities Investment (PVT) Ltd.,10,648.4,6484.0,2025-08-19 12:34:10.148274
2025-08-19,38687,2025081904005244,UMRH,Linch Stock Market Ltd.,Oxford Securities Pvt. Ltd.,197,643.3,126730.1,2025-08-19 12:41:46.092451
2025-08-19,38527,2025081904005276,UMRH,Himalayan Brokerage Company Limited,Premier Securities Company Ltd.,100,643.2,64320.0,2025-08-19 12:42:22.239195
2025-08-19,38526,2025081904005277,UMRH,Shree Krishna Securities Ltd.,Premier Securities Company Ltd.,100,643.1,64310.0,2025-08-19 12:42:22.239366
2025-08-19,37387,2025081904005590,UMRH,Shree Krishna Securities Ltd.,Sumeru Securities Pvt. Ltd.,100,643.1,64310.0,2025-08-19 12:46:53.956606
2025-08-19,37386,2025081904005591,UMRH,Siprabi Securities Pvt. Ltd.,Sumeru Securities Pvt. Ltd.,50,642.5,32125.0,2025-08-19 12:46:53.956784
2025-08-19,37385,2025081904005592,UMRH,Creative Securities Pvt Ltd,Sumeru Securities Pvt. Ltd.,200,642.5,128500.0,2025-08-19 12:46:53.956846
2025-08-19,37384,2025081904005593,UMRH,Shree Krishna Securities Ltd.,Sumeru Securities Pvt. Ltd.,1000,642.5,642500.0,2025-08-19 12:46:53.956923
2025-08-19,37383,2025081904005594,UMRH,Shree Krishna Securities Ltd.,Sumeru Securities Pvt. Ltd.,500,642.4,321200.0,2025-08-19 12:46:53.956984
2025-08-19,37109,2025081904005699,UMRH,Sumeru Securities Pvt. Ltd.,Asian Securities Private Ltd.,200,641.0,128200.0,2025-08-19 12:47:51.311342
2025-08-19,36953,2025081904005721,UMRH,Sumeru Securities Pvt. Ltd.,Sumeru Securities Pvt. Ltd.,300,641.0,192300.0,2025-08-19 12:48:29.804690
2025-08-19,36951,2025081904005723,UMRH,Sani Securities Company Ltd.,Sumeru Securities Pvt. Ltd.,10,641.0,6410.0,2025-08-19 12:48:31.777680
2025-08-19,36709,2025081904005789,UMRH,Shree Krishna Securities Ltd.,Sweta Securities Private Limited,10,639.0,6390.0,2025-08-19 12:49:38.099494
2025-08-19,36455,2025081904005873,UMRH,Agrawal Securities (PVT) Ltd.,Opal Securities Investment (PVT) Ltd.,10,639.0,6390.0,2025-08-19 12:50:42.347282
2025-08-19,35533,2025081904006049,UMRH,Sagarmatha Securities Private Limited,Sumeru Securities Pvt. Ltd.,190,641.9,121961.0,2025-08-19 12:56:01.750663
2025-08-19,35532,2025081904006050,UMRH,Sagarmatha Securities Private Limited,Sumeru Securities Pvt. Ltd.,150,642.0,96300.0,2025-08-19 12:56:01.750743
2025-08-19,35531,2025081904006051,UMRH,Sagarmatha Securities Private Limited,Swarna Laxmi Securities Pvt. Ltd.,10,642.0,6420.0,2025-08-19 12:56:01.750792
2025-08-19,35254,2025081904006093,UMRH,Agrawal Securities (PVT) Ltd.,Naasa Securities Co. Ltd.,10,639.0,6390.0,2025-08-19 12:57:21.953560
2025-08-19,35022,2025081904006147,UMRH,Agrawal Securities (PVT) Ltd.,Trishakti Securities Public Limited,28,639.0,17892.0,2025-08-19 12:58:31.766224
2025-08-19,34165,2025081904006310,UMRH,Agrawal Securities (PVT) Ltd.,Sewa Securities Pvt. Ltd.,10,639.0,6390.0,2025-08-19 13:02:18.324752
2025-08-19,31211,2025081904007159,UMRH,Shree Krishna Securities Ltd.,Sumeru Securities Pvt. Ltd.,10,643.5,6435.0,2025-08-19 13:17:37.581947
2025-08-19,27921,2025081904008058,UMRH,Shree Krishna Securities Ltd.,Premier Securities Company Ltd.,10,642.0,6420.0,2025-08-19 13:35:29.807169
2025-08-19,27511,2025081904008125,UMRH,Asian Securities Private Ltd.,MILKY WAY SHARE BROKER COMPANY LTD ,100,640.0,64000.0,2025-08-19 13:37:32.684639
2025-08-19,27286,2025081904008199,UMRH,Online Securities Pvt. Ltd.,Sharepro Securities Private Limited,33,639.2,21093.6,2025-08-19 13:38:42.438202
2025-08-19,26234,2025081904008575,UMRH,Agrawal Securities (PVT) Ltd.,MILKY WAY SHARE BROKER COMPANY LTD ,10,640.0,6400.0,2025-08-19 13:42:31.669756
2025-08-19,25473,2025081904008794,UMRH,Dakshinkali Investment & Securities Pvt. Ltd.,MILKY WAY SHARE BROKER COMPANY LTD ,890,640.0,569600.0,2025-08-19 13:45:47.692993
2025-08-19,25472,2025081904008795,UMRH,Dakshinkali Investment & Securities Pvt. Ltd.,Sumeru Securities Pvt. Ltd.,10,640.0,6400.0,2025-08-19 13:45:47.693173
2025-08-19,24881,2025081904008943,UMRH,Shree Krishna Securities Ltd.,Siprabi Securities Pvt. Ltd.,10,642.0,6420.0,2025-08-19 13:48:21.728493
2025-08-19,23258,2025081904009397,UMRH,KALASH STOCK MARKET PVT. LTD.,Asian Securities Private Ltd.,50,640.2,32010.0,2025-08-19 13:54:26.476738
2025-08-19,23185,2025081904009423,UMRH,KALASH STOCK MARKET PVT. LTD.,Sumeru Securities Pvt. Ltd.,150,640.2,96030.0,2025-08-19 13:54:39.508874
2025-08-19,23184,2025081904009424,UMRH,Dipshikha Dhitopatra Karobar Co. Pvt Ltd.,Sumeru Securities Pvt. Ltd.,175,640.1,112017.5,2025-08-19 13:54:39.509020
2025-08-19,23183,2025081904009425,UMRH,Dakshinkali Investment & Securities Pvt. Ltd.,Sumeru Securities Pvt. Ltd.,1600,640.0,1024000.0,2025-08-19 13:54:39.509087
2025-08-19,23182,2025081904009426,UMRH,Online Securities Pvt. Ltd.,Sumeru Securities Pvt. Ltd.,25,640.0,16000.0,2025-08-19 13:54:39.509149
2025-08-19,22940,2025081904009494,UMRH,Online Securities Pvt. Ltd.,Bhrikuti Stock Broking Co. Pvt. Ltd.,48,639.2,30681.6,2025-08-19 13:55:45.975301
2025-08-19,22939,2025081904009495,UMRH,Linch Stock Market Ltd.,Bhrikuti Stock Broking Co. Pvt. Ltd.,203,639.1,129737.3,2025-08-19 13:55:45.975493
2025-08-19,22938,2025081904009496,UMRH,Thrive Brokerage House Pvt. Ltd,Bhrikuti Stock Broking Co. Pvt. Ltd.,259,639.1,165526.9,2025-08-19 13:55:45.975570
2025-08-19,22794,2025081904009533,UMRH,Shree Krishna Securities Ltd.,Sumeru Securities Pvt. Ltd.,50,640.0,32000.0,2025-08-19 13:56:22.172214
2025-08-19,22793,2025081904009534,UMRH,Shree Krishna Securities Ltd.,Nagarik Stock Dealer ,20,641.9,12838.0,2025-08-19 13:56:22.172432
2025-08-19,22792,2025081904009535,UMRH,Shree Krishna Securities Ltd.,Siprabi Securities Pvt. Ltd.,10,642.0,6420.0,2025-08-19 13:56:22.172524
2025-08-19,21680,2025081904009995,UMRH,Thrive Brokerage House Pvt. Ltd,Trishakti Securities Public Limited,41,639.1,26203.1,2025-08-19 14:00:35.309956
2025-08-19,21679,2025081904009996,UMRH,Agrawal Securities (PVT) Ltd.,Trishakti Securities Public Limited,249,639.0,159111.0,2025-08-19 14:00:35.310188
2025-08-19,21645,2025081904010010,UMRH,Agrawal Securities (PVT) Ltd.,Nagarik Stock Dealer ,20,639.0,12780.0,2025-08-19 14:00:45.971697
2025-08-19,21413,2025081904010058,UMRH,Agrawal Securities (PVT) Ltd.,Siprabi Securities Pvt. Ltd.,173,639.0,110547.0,2025-08-19 14:02:08.662276
2025-08-19,21412,2025081904010059,UMRH,Sani Securities Company Ltd.,Siprabi Securities Pvt. Ltd.,14,639.0,8946.0,2025-08-19 14:02:08.662456
2025-08-19,21411,2025081904010060,UMRH,Shree Krishna Securities Ltd.,Siprabi Securities Pvt. Ltd.,11,639.0,7029.0,2025-08-19 14:02:08.662522
2025-08-19,20785,2025081904010267,UMRH,Shree Krishna Securities Ltd.,Imperial Securities Company Pvt. Ltd.,29,639.0,18531.0,2025-08-19 14:05:09.821828
2025-08-19,20767,2025081904010276,UMRH,Shree Krishna Securities Ltd.,Siprabi Securities Pvt. Ltd.,50,639.0,31950.0,2025-08-19 14:05:12.109139
2025-08-19,19928,2025081904010581,UMRH,Shree Krishna Securities Ltd.,Dakshinkali Investment & Securities Pvt. Ltd.,910,639.0,581490.0,2025-08-19 14:08:19.048681
2025-08-19,17072,2025081904011309,UMRH,Sagarmatha Securities Private Limited,Agrawal Securities (PVT) Ltd.,100,639.0,63900.0,2025-08-19 14:21:47.383596
2025-08-19,16906,2025081904011344,UMRH,Shree Krishna Securities Ltd.,Siprabi Securities Pvt. Ltd.,10,637.0,6370.0,2025-08-19 14:22:29.465426
2025-08-19,15901,2025081904011704,UMRH,Shree Krishna Securities Ltd.,Online Securities Pvt. Ltd.,11,637.0,7007.0,2025-08-19 14:26:31.086678
2025-08-19,14735,2025081904012106,UMRH,Aakashbhairab Securities Ltd.,Imperial Securities Company Pvt. Ltd.,150,637.1,95565.0,2025-08-19 14:30:12.548888
2025-08-19,14734,2025081904012107,UMRH,Shree Krishna Securities Ltd.,Imperial Securities Company Pvt. Ltd.,600,637.0,382200.0,2025-08-19 14:30:12.549067
2025-08-19,14468,2025081904012178,UMRH,Shree Krishna Securities Ltd.,Imperial Securities Company Pvt. Ltd.,40,637.0,25480.0,2025-08-19 14:30:52.004959
2025-08-19,13972,2025081904012344,UMRH,Shree Krishna Securities Ltd.,Kohinoor Investment & Securities Pvt. Ltd.,90,639.0,57510.0,2025-08-19 14:32:37.376643
2025-08-19,13513,2025081904012495,UMRH,Creative Securities Pvt Ltd,Siprabi Securities Pvt. Ltd.,10,638.6,6386.0,2025-08-19 14:34:07.190046
2025-08-19,12227,2025081904012840,UMRH,Shree Krishna Securities Ltd.,Trishakti Securities Public Limited,928,639.0,592992.0,2025-08-19 14:38:00.251207
2025-08-19,11866,2025081904012928,UMRH,Shree Krishna Securities Ltd.,Cristal Kanchanjanga Securites Pvt. Ltd.,10,639.0,6390.0,2025-08-19 14:39:01.155259
2025-08-19,11856,2025081904012936,UMRH,Shree Krishna Securities Ltd.,Dakshinkali Investment & Securities Pvt. Ltd.,62,639.0,39618.0,2025-08-19 14:39:02.455900
2025-08-19,11855,2025081904012937,UMRH,Creative Securities Pvt Ltd,Dakshinkali Investment & Securities Pvt. Ltd.,25,638.6,15965.0,2025-08-19 14:39:02.456047
2025-08-19,11614,2025081904013003,UMRH,Shree Krishna Securities Ltd.,KALASH STOCK MARKET PVT. LTD.,100,640.0,64000.0,2025-08-19 14:39:48.135068
2025-08-19,11613,2025081904013004,UMRH,Shree Krishna Securities Ltd.,Siprabi Securities Pvt. Ltd.,50,640.0,32000.0,2025-08-19 14:39:48.135392
2025-08-19,11550,2025081904013040,UMRH,Shree Krishna Securities Ltd.,Asian Securities Private Ltd.,200,641.0,128200.0,2025-08-19 14:39:58.183588
2025-08-19,11446,2025081904013066,UMRH,Shree Krishna Securities Ltd.,Vision Securities Pvt. Ltd,750,642.0,481500.0,2025-08-19 14:40:08.222833
2025-08-19,11301,2025081904013109,UMRH,Shree Krishna Securities Ltd.,Sumeru Securities Pvt. Ltd.,100,642.2,64220.0,2025-08-19 14:40:32.329709
2025-08-19,11300,2025081904013110,UMRH,Shree Krishna Securities Ltd.,Bhrikuti Stock Broking Co. Pvt. Ltd.,300,643.0,192900.0,2025-08-19 14:40:32.329991
2025-08-19,11299,2025081904013111,UMRH,Shree Krishna Securities Ltd.,Sewa Securities Pvt. Ltd.,60,643.0,38580.0,2025-08-19 14:40:32.330163
2025-08-19,11298,2025081904013112,UMRH,Shree Krishna Securities Ltd.,Online Securities Pvt. Ltd.,40,643.0,25720.0,2025-08-19 14:40:32.330368
2025-08-19,11038,2025081904013161,UMRH,Shree Krishna Securities Ltd.,Online Securities Pvt. Ltd.,14,643.0,9002.0,2025-08-19 14:41:04.463448
2025-08-19,11037,2025081904013162,UMRH,Shree Krishna Securities Ltd.,Sumeru Securities Pvt. Ltd.,500,643.4,321700.0,2025-08-19 14:41:04.463644
2025-08-19,11036,2025081904013163,UMRH,Shree Krishna Securities Ltd.,Sumeru Securities Pvt. Ltd.,490,643.5,315315.0,2025-08-19 14:41:04.463702
2025-08-19,11035,2025081904013164,UMRH,Shree Krishna Securities Ltd.,Oxford Securities Pvt. Ltd.,100,644.9,64490.0,2025-08-19 14:41:04.463757
2025-08-19,11034,2025081904013165,UMRH,Shree Krishna Securities Ltd.,Asian Securities Private Ltd.,100,645.0,64500.0,2025-08-19 14:41:04.463812
2025-08-19,11033,2025081904013166,UMRH,Shree Krishna Securities Ltd.,Bhrikuti Stock Broking Co. Pvt. Ltd.,296,645.0,190920.0,2025-08-19 14:41:04.463866
2025-08-19,10649,2025081904013321,UMRH,Shree Krishna Securities Ltd.,Trishakti Securities Public Limited,200,644.9,128980.0,2025-08-19 14:41:56.715697
2025-08-19,10648,2025081904013322,UMRH,Shree Krishna Securities Ltd.,Imperial Securities Company Pvt. Ltd.,294,645.0,189630.0,2025-08-19 14:41:56.715840
2025-08-19,10647,2025081904013323,UMRH,Shree Krishna Securities Ltd.,Trishakti Securities Public Limited,50,645.0,32250.0,2025-08-19 14:41:56.715907
2025-08-19,10646,2025081904013324,UMRH,Shree Krishna Securities Ltd.,Kohinoor Investment & Securities Pvt. Ltd.,200,645.0,129000.0,2025-08-19 14:41:56.715961
2025-08-19,10645,2025081904013325,UMRH,Shree Krishna Securities Ltd.,Midas Stock Broking Company Private Limited,300,645.0,193500.0,2025-08-19 14:41:56.716015
2025-08-19,10644,2025081904013326,UMRH,Shree Krishna Securities Ltd.,Sumeru Securities Pvt. Ltd.,100,645.9,64590.0,2025-08-19 14:41:56.716069
2025-08-19,10643,2025081904013327,UMRH,Shree Krishna Securities Ltd.,Sumeru Securities Pvt. Ltd.,500,647.0,323500.0,2025-08-19 14:41:56.716122
2025-08-19,10642,2025081904013328,UMRH,Shree Krishna Securities Ltd.,Agrawal Securities (PVT) Ltd.,300,648.0,194400.0,2025-08-19 14:41:56.716174
2025-08-19,10641,2025081904013329,UMRH,Shree Krishna Securities Ltd.,Sumeru Securities Pvt. Ltd.,56,648.0,36288.0,2025-08-19 14:41:56.716228
2025-08-19,10181,2025081904013437,UMRH,Shree Krishna Securities Ltd.,Sumeru Securities Pvt. Ltd.,500,647.0,323500.0,2025-08-19 14:43:08.017289
2025-08-19,10180,2025081904013438,UMRH,Shree Krishna Securities Ltd.,Sumeru Securities Pvt. Ltd.,564,648.0,365472.0,2025-08-19 14:43:08.017449
2025-08-19,10179,2025081904013439,UMRH,Shree Krishna Securities Ltd.,Dipshikha Dhitopatra Karobar Co. Pvt Ltd.,20,648.4,12968.0,2025-08-19 14:43:08.017504
2025-08-19,10178,2025081904013440,UMRH,Shree Krishna Securities Ltd.,Sumeru Securities Pvt. Ltd.,322,648.5,208817.0,2025-08-19 14:43:08.017561
2025-08-19,10177,2025081904013441,UMRH,Shree Krishna Securities Ltd.,Sajilo Broker Limited,90,649.0,58410.0,2025-08-19 14:43:08.017616
2025-08-19,9560,2025081904013637,UMRH,Shree Krishna Securities Ltd.,Sumeru Securities Pvt. Ltd.,500,646.0,323000.0,2025-08-19 14:44:33.403742
2025-08-19,9559,2025081904013638,UMRH,Shree Krishna Securities Ltd.,Bhrikuti Stock Broking Co. Pvt. Ltd.,500,646.9,323450.0,2025-08-19 14:44:33.403920
2025-08-19,9558,2025081904013639,UMRH,Shree Krishna Securities Ltd.,Naasa Securities Co. Ltd.,100,649.0,64900.0,2025-08-19 14:44:33.403977
2025-08-19,9557,2025081904013640,UMRH,Shree Krishna Securities Ltd.,Property Wiard Limited,100,649.4,64940.0,2025-08-19 14:44:33.404062
2025-08-19,9556,2025081904013641,UMRH,Shree Krishna Securities Ltd.,Dakshinkali Investment & Securities Pvt. Ltd.,300,649.5,194850.0,2025-08-19 14:44:33.404125
2025-08-19,8922,2025081904013840,UMRH,Shree Krishna Securities Ltd.,Nepal Investment And Securities Trading Private Limited,100,649.0,64900.0,2025-08-19 14:45:42.777674
2025-08-19,8921,2025081904013841,UMRH,Shree Krishna Securities Ltd.,Dakshinkali Investment & Securities Pvt. Ltd.,81,649.5,52609.5,2025-08-19 14:45:42.777818
2025-08-19,8920,2025081904013842,UMRH,Shree Krishna Securities Ltd.,Market Securities & Exchange (PVT) Ltd.,200,650.0,130000.0,2025-08-19 14:45:42.777873
2025-08-19,8919,2025081904013843,UMRH,Shree Krishna Securities Ltd.,Dakshinkali Investment & Securities Pvt. Ltd.,510,650.0,331500.0,2025-08-19 14:45:42.777926
2025-08-19,8918,2025081904013844,UMRH,Shree Krishna Securities Ltd.,Ashutosh Brokerage & Securities (PVT) Ltd.,10,650.0,6500.0,2025-08-19 14:45:42.777977
2025-08-19,8917,2025081904013845,UMRH,Shree Krishna Securities Ltd.,Dakshinkali Investment & Securities Pvt. Ltd.,104,650.0,67600.0,2025-08-19 14:45:42.778027
2025-08-19,8916,2025081904013846,UMRH,Shree Krishna Securities Ltd.,Trishakti Securities Public Limited,50,650.0,32500.0,2025-08-19 14:45:42.778078
2025-08-19,8915,2025081904013847,UMRH,Shree Krishna Securities Ltd.,Nepal Stock House (PVT) Ltd.,100,650.0,65000.0,2025-08-19 14:45:42.778127
2025-08-19,8914,2025081904013848,UMRH,Shree Krishna Securities Ltd.,Swarna Laxmi Securities Pvt. Ltd.,208,650.0,135200.0,2025-08-19 14:45:42.778186
2025-08-19,8913,2025081904013849,UMRH,Shree Krishna Securities Ltd.,Citizens Share Broker Limited,200,650.0,130000.0,2025-08-19 14:45:42.778243
2025-08-19,8912,2025081904013850,UMRH,Shree Krishna Securities Ltd.,Roadshow securities limited,300,650.9,195270.0,2025-08-19 14:45:42.778289
2025-08-19,8911,2025081904013851,UMRH,Shree Krishna Securities Ltd.,J.F. Securites (PVT) Ltd.,54,651.0,35154.0,2025-08-19 14:45:42.778355
2025-08-19,8910,2025081904013852,UMRH,Shree Krishna Securities Ltd.,Infinity Securities Limited,10,651.0,6510.0,2025-08-19 14:45:42.778402
2025-08-19,8909,2025081904013853,UMRH,Shree Krishna Securities Ltd.,Agrawal Securities (PVT) Ltd.,73,651.0,47523.0,2025-08-19 14:45:42.778446
2025-08-19,8500,2025081904013975,UMRH,Shree Krishna Securities Ltd.,Agrawal Securities (PVT) Ltd.,27,651.0,17577.0,2025-08-19 14:46:37.158698
2025-08-19,8499,2025081904013976,UMRH,Shree Krishna Securities Ltd.,Market Securities & Exchange (PVT) Ltd.,100,651.0,65100.0,2025-08-19 14:46:37.158834
2025-08-19,8498,2025081904013977,UMRH,Shree Krishna Securities Ltd.,Roadshow securities limited,200,651.6,130320.0,2025-08-19 14:46:37.158889
2025-08-19,8497,2025081904013978,UMRH,Shree Krishna Securities Ltd.,Investment Management Nepal Pvt. Ltd.,400,651.7,260680.0,2025-08-19 14:46:37.158945
2025-08-19,8496,2025081904013979,UMRH,Shree Krishna Securities Ltd.,Roadshow securities limited,300,652.9,195870.0,2025-08-19 14:46:37.158990
2025-08-19,8495,2025081904013980,UMRH,Shree Krishna Securities Ltd.,Dipshikha Dhitopatra Karobar Co. Pvt Ltd.,147,653.0,95991.0,2025-08-19 14:46:37.159038
2025-08-19,8494,2025081904013981,UMRH,Shree Krishna Securities Ltd.,Shree Krishna Securities Ltd.,300,653.0,195900.0,2025-08-19 14:46:37.159087
2025-08-19,8397,2025081904013996,UMRH,INDEX SECURITIES LIMITED,Dakshinkali Investment & Securities Pvt. Ltd.,10,654.0,6540.0,2025-08-19 14:46:46.822261
2025-08-19,8258,2025081904014024,UMRH,Shree Krishna Securities Ltd.,Siprabi Securities Pvt. Ltd.,200,653.0,130600.0,2025-08-19 14:47:06.550964
2025-08-19,8233,2025081904014036,UMRH,Shree Krishna Securities Ltd.,Sumeru Securities Pvt. Ltd.,326,653.0,212878.0,2025-08-19 14:47:13.086881
2025-08-19,7730,2025081904014166,UMRH,J.F. Securites (PVT) Ltd.,Nagarik Stock Dealer ,10,645.0,6450.0,2025-08-19 14:48:26.054662
2025-08-19,7648,2025081904014189,UMRH,INDEX SECURITIES LIMITED,Nagarik Stock Dealer ,10,651.8,6518.0,2025-08-19 14:48:39.192245
2025-08-19,7561,2025081904014221,UMRH,Shree Krishna Securities Ltd.,Creative Securities Pvt Ltd,300,651.9,195570.0,2025-08-19 14:48:47.029307
2025-08-19,7560,2025081904014222,UMRH,Shree Krishna Securities Ltd.,Trishakti Securities Public Limited,100,651.9,65190.0,2025-08-19 14:48:47.029452
2025-08-19,7559,2025081904014223,UMRH,Shree Krishna Securities Ltd.,Vision Securities Pvt. Ltd,500,652.0,326000.0,2025-08-19 14:48:47.029509
2025-08-19,7558,2025081904014224,UMRH,Shree Krishna Securities Ltd.,Sumeru Securities Pvt. Ltd.,600,653.0,391800.0,2025-08-19 14:48:47.029561
2025-08-19,7081,2025081904014363,UMRH,Shree Krishna Securities Ltd.,Vision Securities Pvt. Ltd,60,651.5,39090.0,2025-08-19 14:49:56.450428
2025-08-19,7080,2025081904014364,UMRH,Shree Krishna Securities Ltd.,Nepal Investment And Securities Trading Private Limited,100,651.5,65150.0,2025-08-19 14:49:56.450699
2025-08-19,7079,2025081904014365,UMRH,Shree Krishna Securities Ltd.,Vision Securities Pvt. Ltd,50,652.0,32600.0,2025-08-19 14:49:56.450939
2025-08-19,7078,2025081904014366,UMRH,Shree Krishna Securities Ltd.,Sumeru Securities Pvt. Ltd.,74,653.0,48322.0,2025-08-19 14:49:56.451187
2025-08-19,7077,2025081904014367,UMRH,Shree Krishna Securities Ltd.,Sumeru Securities Pvt. Ltd.,500,653.0,326500.0,2025-08-19 14:49:56.451430
2025-08-19,7076,2025081904014368,UMRH,Shree Krishna Securities Ltd.,Property Wiard Limited,500,653.0,326500.0,2025-08-19 14:49:56.451641
2025-08-19,7075,2025081904014369,UMRH,Shree Krishna Securities Ltd.,Property Wiard Limited,500,653.8,326900.0,2025-08-19 14:49:56.451857
2025-08-19,7074,2025081904014370,UMRH,Shree Krishna Securities Ltd.,Roadshow securities limited,200,653.9,130780.0,2025-08-19 14:49:56.452069
2025-08-19,7073,2025081904014371,UMRH,Shree Krishna Securities Ltd.,Siprabi Securities Pvt. Ltd.,16,653.9,10462.4,2025-08-19 14:49:56.452285
2025-08-19,6625,2025081904014476,UMRH,Shree Krishna Securities Ltd.,Vision Securities Pvt. Ltd,10,653.0,6530.0,2025-08-19 14:51:09.849365
2025-08-19,6146,2025081904014617,UMRH,Shree Krishna Securities Ltd.,Opal Securities Investment (PVT) Ltd.,117,652.9,76389.3,2025-08-19 14:52:18.216187
2025-08-19,6145,2025081904014618,UMRH,Shree Krishna Securities Ltd.,Vision Securities Pvt. Ltd,390,653.0,254670.0,2025-08-19 14:52:18.216464
2025-08-19,6144,2025081904014619,UMRH,Shree Krishna Securities Ltd.,Dipshikha Dhitopatra Karobar Co. Pvt Ltd.,472,653.0,308216.0,2025-08-19 14:52:18.216623
2025-08-19,6143,2025081904014620,UMRH,Shree Krishna Securities Ltd.,Imperial Securities Company Pvt. Ltd.,50,653.6,32680.0,2025-08-19 14:52:18.216769
2025-08-19,6142,2025081904014621,UMRH,Shree Krishna Securities Ltd.,Nagarik Stock Dealer ,10,653.7,6537.0,2025-08-19 14:52:18.216915
2025-08-19,6141,2025081904014622,UMRH,Shree Krishna Securities Ltd.,Siprabi Securities Pvt. Ltd.,200,653.8,130760.0,2025-08-19 14:52:18.217061
2025-08-19,6140,2025081904014623,UMRH,Shree Krishna Securities Ltd.,Linch Stock Market Ltd.,261,654.0,170694.0,2025-08-19 14:52:18.217205
2025-08-19,6005,2025081904014663,UMRH,Shree Krishna Securities Ltd.,Online Securities Pvt. Ltd.,30,652.9,19587.0,2025-08-19 14:52:31.281774
2025-08-19,6004,2025081904014664,UMRH,Shree Krishna Securities Ltd.,Linch Stock Market Ltd.,20,654.0,13080.0,2025-08-19 14:52:31.281943
2025-08-19,4245,2025081904015219,UMRH,Shree Krishna Securities Ltd.,Blue Chip Securities Ltd,200,652.0,130400.0,2025-08-19 14:55:49.393177
2025-08-19,4244,2025081904015220,UMRH,Shree Krishna Securities Ltd.,KALASH STOCK MARKET PVT. LTD.,100,653.0,65300.0,2025-08-19 14:55:49.393377
2025-08-19,4243,2025081904015221,UMRH,Shree Krishna Securities Ltd.,Kohinoor Investment & Securities Pvt. Ltd.,44,653.4,28749.6,2025-08-19 14:55:49.393436
2025-08-19,4242,2025081904015222,UMRH,Shree Krishna Securities Ltd.,South Asian Bulls Pvt. Ltd.,400,653.5,261400.0,2025-08-19 14:55:49.393493
2025-08-19,4241,2025081904015223,UMRH,Shree Krishna Securities Ltd.,Kumari Securities Private Limited,500,653.7,326850.0,2025-08-19 14:55:49.393549
2025-08-19,4240,2025081904015224,UMRH,Shree Krishna Securities Ltd.,Nagarik Stock Dealer ,10,653.8,6538.0,2025-08-19 14:55:49.393603
2025-08-19,4239,2025081904015225,UMRH,Shree Krishna Securities Ltd.,Trisul Securities & Invt. Ltd.,100,653.8,65380.0,2025-08-19 14:55:49.393661
2025-08-19,4238,2025081904015226,UMRH,Shree Krishna Securities Ltd.,Roadshow securities limited,200,653.9,130780.0,2025-08-19 14:55:49.393717
2025-08-19,4237,2025081904015227,UMRH,Shree Krishna Securities Ltd.,Linch Stock Market Ltd.,446,654.0,291684.0,2025-08-19 14:55:49.393773
2025-08-19,4114,2025081904015279,UMRH,Shree Krishna Securities Ltd.,Linch Stock Market Ltd.,173,654.0,113142.0,2025-08-19 14:56:02.473393
2025-08-19,4113,2025081904015280,UMRH,Shree Krishna Securities Ltd.,ABC Securities Private Limited,100,654.5,65450.0,2025-08-19 14:56:02.473672
2025-08-19,4112,2025081904015281,UMRH,Shree Krishna Securities Ltd.,Roadshow securities limited,300,654.7,196410.0,2025-08-19 14:56:02.473866
2025-08-19,4111,2025081904015282,UMRH,Shree Krishna Securities Ltd.,Trisul Securities & Invt. Ltd.,300,654.8,196440.0,2025-08-19 14:56:02.474012
2025-08-19,4110,2025081904015283,UMRH,Shree Krishna Securities Ltd.,Midas Stock Broking Company Private Limited,50,654.9,32745.0,2025-08-19 14:56:02.474176
2025-08-19,4109,2025081904015284,UMRH,Shree Krishna Securities Ltd.,Naasa Securities Co. Ltd.,100,655.0,65500.0,2025-08-19 14:56:02.474358
2025-08-19,4108,2025081904015285,UMRH,Shree Krishna Securities Ltd.,Naasa Securities Co. Ltd.,477,655.0,312435.0,2025-08-19 14:56:02.474514
2025-08-19,3414,2025081904015477,UMRH,Shree Krishna Securities Ltd.,Aryatara Investment & Securities,200,654.0,130800.0,2025-08-19 14:57:05.876376
2025-08-19,3413,2025081904015478,UMRH,Shree Krishna Securities Ltd.,Imperial Securities Company Pvt. Ltd.,900,654.9,589410.0,2025-08-19 14:57:05.876519
2025-08-19,3412,2025081904015479,UMRH,Shree Krishna Securities Ltd.,Naasa Securities Co. Ltd.,213,655.0,139515.0,2025-08-19 14:57:05.876576
2025-08-19,3411,2025081904015480,UMRH,Shree Krishna Securities Ltd.,Imperial Securities Company Pvt. Ltd.,50,655.0,32750.0,2025-08-19 14:57:05.876630
2025-08-19,3410,2025081904015481,UMRH,Shree Krishna Securities Ltd.,Property Wiard Limited,112,655.0,73360.0,2025-08-19 14:57:05.876682
2025-08-19,3409,2025081904015482,UMRH,Shree Krishna Securities Ltd.,Siprabi Securities Pvt. Ltd.,525,655.0,343875.0,2025-08-19 14:57:05.876731
2025-08-19,3131,2025081904015572,UMRH,Shree Krishna Securities Ltd.,Cristal Kanchanjanga Securites Pvt. Ltd.,200,654.9,130980.0,2025-08-19 14:57:27.983067
2025-08-19,3130,2025081904015573,UMRH,Shree Krishna Securities Ltd.,Siprabi Securities Pvt. Ltd.,499,655.0,326845.0,2025-08-19 14:57:27.983203
2025-08-19,3129,2025081904015574,UMRH,Shree Krishna Securities Ltd.,Thrive Brokerage House Pvt. Ltd,50,655.5,32775.0,2025-08-19 14:57:27.983259
2025-08-19,3128,2025081904015575,UMRH,Shree Krishna Securities Ltd.,Naasa Securities Co. Ltd.,32,655.8,20985.6,2025-08-19 14:57:27.983347
2025-08-19,3127,2025081904015576,UMRH,Shree Krishna Securities Ltd.,Roadshow securities limited,219,655.9,143642.1,2025-08-19 14:57:27.983401
2025-08-19,2322,2025081904015800,UMRH,Shree Krishna Securities Ltd.,South Asian Bulls Pvt. Ltd.,20,654.7,13094.0,2025-08-19 14:58:29.331537
2025-08-19,2321,2025081904015801,UMRH,Shree Krishna Securities Ltd.,Ashutosh Brokerage & Securities (PVT) Ltd.,100,654.8,65480.0,2025-08-19 14:58:29.331788
2025-08-19,2320,2025081904015802,UMRH,Shree Krishna Securities Ltd.,Roadshow securities limited,300,654.9,196470.0,2025-08-19 14:58:29.331938
2025-08-19,2319,2025081904015803,UMRH,Shree Krishna Securities Ltd.,Ashutosh Brokerage & Securities (PVT) Ltd.,200,655.8,131160.0,2025-08-19 14:58:29.332082
2025-08-19,2318,2025081904015804,UMRH,Shree Krishna Securities Ltd.,Roadshow securities limited,81,655.9,53127.9,2025-08-19 14:58:29.332224
2025-08-19,2317,2025081904015805,UMRH,Shree Krishna Securities Ltd.,Deevyaa Securities & Stock House Pvt. Ltd,50,655.9,32795.0,2025-08-19 14:58:29.332385
2025-08-19,2316,2025081904015806,UMRH,Shree Krishna Securities Ltd.,Trishakti Securities Public Limited,50,656.2,32810.0,2025-08-19 14:58:29.332528
2025-08-19,2315,2025081904015807,UMRH,Shree Krishna Securities Ltd.,Aryatara Investment & Securities,100,656.3,65630.0,2025-08-19 14:58:29.332666
2025-08-19,2314,2025081904015808,UMRH,Shree Krishna Securities Ltd.,Thrive Brokerage House Pvt. Ltd,100,656.8,65680.0,2025-08-19 14:58:29.332806
2025-08-19,2313,2025081904015809,UMRH,Shree Krishna Securities Ltd.,Roadshow securities limited,500,656.9,328450.0,2025-08-19 14:58:29.332946
2025-08-19,2312,2025081904015810,UMRH,Shree Krishna Securities Ltd.,Linch Stock Market Ltd.,18,657.0,11826.0,2025-08-19 14:58:29.333080
2025-08-19,2311,2025081904015811,UMRH,Shree Krishna Securities Ltd.,Sani Securities Company Ltd.,160,657.0,105120.0,2025-08-19 14:58:29.333213
2025-08-19,2310,2025081904015812,UMRH,Shree Krishna Securities Ltd.,Sani Securities Company Ltd.,321,657.0,210897.0,2025-08-19 14:58:29.333370
2025-08-19,2018,2025081904015882,UMRH,Shree Krishna Securities Ltd.,Sani Securities Company Ltd.,169,657.0,111033.0,2025-08-19 14:58:47.417238
2025-08-19,2017,2025081904015883,UMRH,Shree Krishna Securities Ltd.,ABC Securities Private Limited,50,657.0,32850.0,2025-08-19 14:58:47.417473
2025-08-19,2016,2025081904015884,UMRH,Shree Krishna Securities Ltd.,Sewa Securities Pvt. Ltd.,400,657.0,262800.0,2025-08-19 14:58:47.417606
2025-08-19,2015,2025081904015885,UMRH,Shree Krishna Securities Ltd.,Cristal Kanchanjanga Securites Pvt. Ltd.,50,657.0,32850.0,2025-08-19 14:58:47.417741
2025-08-19,2014,2025081904015886,UMRH,Shree Krishna Securities Ltd.,Nepal Investment And Securities Trading Private Limited,102,657.0,67014.0,2025-08-19 14:58:47.417891
2025-08-19,2013,2025081904015887,UMRH,Shree Krishna Securities Ltd.,Cristal Kanchanjanga Securites Pvt. Ltd.,50,657.3,32865.0,2025-08-19 14:58:47.418038
2025-08-19,2012,2025081904015888,UMRH,Shree Krishna Securities Ltd.,Vision Securities Pvt. Ltd,10,657.9,6579.0,2025-08-19 14:58:47.418200
2025-08-19,2011,2025081904015889,UMRH,Shree Krishna Securities Ltd.,Dakshinkali Investment & Securities Pvt. Ltd.,287,658.0,188846.0,2025-08-19 14:58:47.418361
2025-08-19,2010,2025081904015890,UMRH,Shree Krishna Securities Ltd.,Ashutosh Brokerage & Securities (PVT) Ltd.,140,658.8,92232.0,2025-08-19 14:58:47.418498
2025-08-19,2009,2025081904015891,UMRH,Shree Krishna Securities Ltd.,Ashutosh Brokerage & Securities (PVT) Ltd.,200,658.9,131780.0,2025-08-19 14:58:47.418646
2025-08-19,2008,2025081904015892,UMRH,Shree Krishna Securities Ltd.,Roadshow securities limited,300,658.9,197670.0,2025-08-19 14:58:47.418804
2025-08-19,2007,2025081904015893,UMRH,Shree Krishna Securities Ltd.,Property Wiard Limited,242,659.0,159478.0,2025-08-19 14:58:47.418943
