Date,S.N.,contract_id,symbol,buyer_broker,seller_broker,volume,price,amount,transaction_time
2025-07-21,138226,2025072101000132,ADBL,Sri Hari Securities Pvt. Ltd.,Sweta Securities Private Limited,150,331.0,49650.0,2025-07-21 11:01:21.454435
2025-07-21,137415,2025072101000277,ADBL,Online Securities Pvt. Ltd.,Cristal Kanchanjanga Securites Pvt. Ltd.,70,330.0,23100.0,2025-07-21 11:03:01.416080
2025-07-21,137249,2025072101000306,ADBL,Online Securities Pvt. Ltd.,Bhrikuti Stock Broking Co. Pvt. Ltd.,89,330.0,29370.0,2025-07-21 11:03:19.114288
2025-07-21,137136,2025072101000321,ADBL,Online Securities Pvt. Ltd.,Deevyaa Securities & Stock House Pvt. Ltd,141,330.0,46530.0,2025-07-21 11:03:31.995348
2025-07-21,137135,2025072101000322,ADBL,Vision Securities Pvt. Ltd,Deevyaa Securities & Stock House Pvt. Ltd,100,330.0,33000.0,2025-07-21 11:03:31.995464
2025-07-21,137134,2025072101000323,ADBL,Vision Securities Pvt. Ltd,Deevyaa Securities & Stock House Pvt. Ltd,10,330.0,3300.0,2025-07-21 11:03:31.995500
2025-07-21,135810,2025072101000592,ADBL,Naasa Securities Co. Ltd.,Deevyaa Securities & Stock House Pvt. Ltd,10,330.0,3300.0,2025-07-21 11:05:49.063878
2025-07-21,133103,2025072101001339,ADBL,Kohinoor Investment & Securities Pvt. Ltd.,Naasa Securities Co. Ltd.,10,326.0,3260.0,2025-07-21 11:09:44.816648
2025-07-21,133102,2025072101001340,ADBL,Kohinoor Investment & Securities Pvt. Ltd.,Dynamic Money Managers Securities Pvt. Ltd.,1990,328.9,654511.0,2025-07-21 11:09:44.816818
2025-07-21,132352,2025072101001591,ADBL,Imperial Securities Company Pvt. Ltd.,Dynamic Money Managers Securities Pvt. Ltd.,10,328.9,3289.0,2025-07-21 11:10:50.944191
2025-07-21,132351,2025072101001592,ADBL,Imperial Securities Company Pvt. Ltd.,Online Securities Pvt. Ltd.,990,328.9,325611.0,2025-07-21 11:10:50.944279
2025-07-21,130913,2025072101001924,ADBL,Vision Securities Pvt. Ltd,Sipla Securities Private Limited,388,328.0,127264.0,2025-07-21 11:12:30.016407
2025-07-21,130912,2025072101001925,ADBL,Vision Securities Pvt. Ltd,Sani Securities Company Ltd.,112,328.5,36792.0,2025-07-21 11:12:30.016501
2025-07-21,130840,2025072101001942,ADBL,Naasa Securities Co. Ltd.,Naasa Securities Co. Ltd.,15,327.0,4905.0,2025-07-21 11:12:33.655777
2025-07-21,130594,2025072101001996,ADBL,Linch Stock Market Ltd.,Midas Stock Broking Company Private Limited,1000,328.6,328600.0,2025-07-21 11:12:51.980421
2025-07-21,130530,2025072101002012,ADBL,Linch Stock Market Ltd.,Trisul Securities & Invt. Ltd.,50,328.6,16430.0,2025-07-21 11:12:57.016419
2025-07-21,130081,2025072101002104,ADBL,Linch Stock Market Ltd.,Sani Securities Company Ltd.,388,328.7,127535.6,2025-07-21 11:13:20.226585
2025-07-21,130080,2025072101002105,ADBL,Linch Stock Market Ltd.,Trishakti Securities Public Limited,170,328.8,55896.0,2025-07-21 11:13:20.226673
2025-07-21,130079,2025072101002106,ADBL,Linch Stock Market Ltd.,Online Securities Pvt. Ltd.,392,328.9,128928.8,2025-07-21 11:13:20.226719
2025-07-21,129317,2025072101002284,ADBL,Vision Securities Pvt. Ltd,Online Securities Pvt. Ltd.,500,328.9,164450.0,2025-07-21 11:14:11.336501
2025-07-21,128867,2025072101002419,ADBL,Vision Securities Pvt. Ltd,Vision Securities Pvt. Ltd,100,328.0,32800.0,2025-07-21 11:14:38.150032
2025-07-21,128445,2025072101002521,ADBL,Kumari Securities Private Limited,Dipshikha Dhitopatra Karobar Co. Pvt Ltd.,50,328.6,16430.0,2025-07-21 11:15:10.200891
2025-07-21,128299,2025072101002571,ADBL,Vision Securities Pvt. Ltd,Dipshikha Dhitopatra Karobar Co. Pvt Ltd.,73,328.6,23987.8,2025-07-21 11:15:21.229385
2025-07-21,127677,2025072101002729,ADBL,Swarna Laxmi Securities Pvt. Ltd.,Online Securities Pvt. Ltd.,618,328.9,203260.2,2025-07-21 11:16:15.811703
2025-07-21,127676,2025072101002730,ADBL,Swarna Laxmi Securities Pvt. Ltd.,Nabil Stock Dealer Ltd.,10,328.9,3289.0,2025-07-21 11:16:15.811801
2025-07-21,127675,2025072101002731,ADBL,Swarna Laxmi Securities Pvt. Ltd.,Trisul Securities & Invt. Ltd.,206,329.5,67877.0,2025-07-21 11:16:15.811847
2025-07-21,127674,2025072101002732,ADBL,Swarna Laxmi Securities Pvt. Ltd.,Vision Securities Pvt. Ltd,10,329.7,3297.0,2025-07-21 11:16:15.811890
2025-07-21,127673,2025072101002733,ADBL,Swarna Laxmi Securities Pvt. Ltd.,Vision Securities Pvt. Ltd,10,329.8,3298.0,2025-07-21 11:16:15.811931
2025-07-21,127672,2025072101002734,ADBL,Swarna Laxmi Securities Pvt. Ltd.,Premier Securities Company Ltd.,146,329.9,48165.4,2025-07-21 11:16:15.811970
2025-07-21,127073,2025072101002952,ADBL,Vision Securities Pvt. Ltd,Sweta Securities Private Limited,100,328.0,32800.0,2025-07-21 11:17:06.114751
2025-07-21,127063,2025072101002959,ADBL,Malla & Malla Stock Broking Company Pvt. Limited,Sweta Securities Private Limited,54,328.0,17712.0,2025-07-21 11:17:07.218243
2025-07-21,125387,2025072101003412,ADBL,Vision Securities Pvt. Ltd,Linch Stock Market Ltd.,177,328.0,58056.0,2025-07-21 11:19:28.331219
2025-07-21,124551,2025072101003598,ADBL,Sani Securities Company Ltd.,Premier Securities Company Ltd.,50,329.9,16495.0,2025-07-21 11:20:33.376866
2025-07-21,124515,2025072101003608,ADBL,Vision Securities Pvt. Ltd,Online Securities Pvt. Ltd.,135,328.0,44280.0,2025-07-21 11:20:35.955202
2025-07-21,123951,2025072101003729,ADBL,Vision Securities Pvt. Ltd,ABC Securities Private Limited,188,328.0,61664.0,2025-07-21 11:21:14.356400
2025-07-21,123950,2025072101003730,ADBL,Neev Securities Pvt. Ltd.,ABC Securities Private Limited,200,328.0,65600.0,2025-07-21 11:21:14.356504
2025-07-21,123669,2025072101003800,ADBL,Imperial Securities Company Pvt. Ltd.,Thrive Brokerage House Pvt. Ltd,200,327.1,65420.0,2025-07-21 11:21:36.762421
2025-07-21,123509,2025072101003844,ADBL,Naasa Securities Co. Ltd.,Thrive Brokerage House Pvt. Ltd,50,327.0,16350.0,2025-07-21 11:21:48.803970
2025-07-21,123266,2025072101003916,ADBL,Shree Krishna Securities Ltd.,ABC Securities Private Limited,50,328.0,16400.0,2025-07-21 11:22:06.601223
2025-07-21,122747,2025072101004047,ADBL,Online Securities Pvt. Ltd.,Agrawal Securities (PVT) Ltd.,1,322.4,322.4,2025-07-21 11:22:43.542529
2025-07-21,122137,2025072101004235,ADBL,Midas Stock Broking Company Private Limited,Malla & Malla Stock Broking Company Pvt. Limited,500,327.0,163500.0,2025-07-21 11:23:45.736418
2025-07-21,122136,2025072101004236,ADBL,Imperial Securities Company Pvt. Ltd.,Malla & Malla Stock Broking Company Pvt. Limited,100,327.0,32700.0,2025-07-21 11:23:45.736521
2025-07-21,121684,2025072101004378,ADBL,Sani Securities Company Ltd.,Malla & Malla Stock Broking Company Pvt. Limited,480,326.2,156576.0,2025-07-21 11:24:21.992106
2025-07-21,121130,2025072101004505,ADBL,Naasa Securities Co. Ltd.,Dipshikha Dhitopatra Karobar Co. Pvt Ltd.,16,326.3,5220.8,2025-07-21 11:25:22.504909
2025-07-21,121129,2025072101004506,ADBL,Sani Securities Company Ltd.,Dipshikha Dhitopatra Karobar Co. Pvt Ltd.,20,326.2,6524.0,2025-07-21 11:25:22.505137
2025-07-21,121128,2025072101004507,ADBL,Creative Securities Pvt Ltd,Dipshikha Dhitopatra Karobar Co. Pvt Ltd.,964,326.1,314360.4,2025-07-21 11:25:22.505281
2025-07-21,120944,2025072101004575,ADBL,Creative Securities Pvt Ltd,Thrive Brokerage House Pvt. Ltd,36,326.1,11739.6,2025-07-21 11:25:37.936130
2025-07-21,120935,2025072101004576,ADBL,Vision Securities Pvt. Ltd,Thrive Brokerage House Pvt. Ltd,40,326.0,13040.0,2025-07-21 11:25:39.174142
2025-07-21,120932,2025072101004577,ADBL,Imperial Securities Company Pvt. Ltd.,Thrive Brokerage House Pvt. Ltd,100,326.0,32600.0,2025-07-21 11:25:40.095412
2025-07-21,120695,2025072101004659,ADBL,Market Securities & Exchange (PVT) Ltd.,Online Securities Pvt. Ltd.,10,325.4,3254.0,2025-07-21 11:26:07.867154
2025-07-21,120694,2025072101004660,ADBL,Nepal Investment And Securities Trading Private Limited,Online Securities Pvt. Ltd.,90,325.4,29286.0,2025-07-21 11:26:07.867263
2025-07-21,120533,2025072101004702,ADBL,ABC Securities Private Limited,Thrive Brokerage House Pvt. Ltd,324,326.0,105624.0,2025-07-21 11:26:26.566305
2025-07-21,120394,2025072101004744,ADBL,Sani Securities Company Ltd.,Online Securities Pvt. Ltd.,20,327.0,6540.0,2025-07-21 11:26:46.298441
2025-07-21,119846,2025072101004917,ADBL,ABC Securities Private Limited,Aryatara Investment & Securities,300,326.0,97800.0,2025-07-21 11:27:58.691729
2025-07-21,119351,2025072101005071,ADBL,Sani Securities Company Ltd.,Investment Management Nepal Pvt. Ltd.,399,327.0,130473.0,2025-07-21 11:29:00.640510
2025-07-21,118775,2025072101005233,ADBL,ABC Securities Private Limited,ABC Securities Private Limited,62,328.0,20336.0,2025-07-21 11:30:23.489807
2025-07-21,118774,2025072101005234,ADBL,ABC Securities Private Limited,Naasa Securities Co. Ltd.,40,328.0,13120.0,2025-07-21 11:30:23.489958
2025-07-21,118773,2025072101005235,ADBL,ABC Securities Private Limited,Secured Securities Ltd.,100,328.0,32800.0,2025-07-21 11:30:23.490021
2025-07-21,118772,2025072101005236,ADBL,ABC Securities Private Limited,Primo Securities (PVT) Ltd.,135,328.0,44280.0,2025-07-21 11:30:23.490077
2025-07-21,118771,2025072101005237,ADBL,ABC Securities Private Limited,Aryatara Investment & Securities,100,328.0,32800.0,2025-07-21 11:30:23.490130
2025-07-21,118770,2025072101005238,ADBL,ABC Securities Private Limited,Naasa Securities Co. Ltd.,500,328.0,164000.0,2025-07-21 11:30:23.490182
2025-07-21,118769,2025072101005239,ADBL,ABC Securities Private Limited,KALASH STOCK MARKET PVT. LTD.,200,328.0,65600.0,2025-07-21 11:30:23.490232
2025-07-21,118768,2025072101005240,ADBL,ABC Securities Private Limited,Online Securities Pvt. Ltd.,183,328.0,60024.0,2025-07-21 11:30:23.490284
2025-07-21,117797,2025072101005483,ADBL,Deevyaa Securities & Stock House Pvt. Ltd,Online Securities Pvt. Ltd.,100,328.0,32800.0,2025-07-21 11:32:13.870261
2025-07-21,117796,2025072101005484,ADBL,Trisul Securities & Invt. Ltd.,Online Securities Pvt. Ltd.,30,328.0,9840.0,2025-07-21 11:32:13.870378
2025-07-21,117795,2025072101005485,ADBL,Sani Securities Company Ltd.,Online Securities Pvt. Ltd.,220,327.0,71940.0,2025-07-21 11:32:13.870442
2025-07-21,117298,2025072101005633,ADBL,Market Securities & Exchange (PVT) Ltd.,Naasa Securities Co. Ltd.,100,327.1,32710.0,2025-07-21 11:33:11.103644
2025-07-21,117297,2025072101005634,ADBL,Sani Securities Company Ltd.,Naasa Securities Co. Ltd.,56,327.0,18312.0,2025-07-21 11:33:11.103762
2025-07-21,117050,2025072101005688,ADBL,Sani Securities Company Ltd.,Thrive Brokerage House Pvt. Ltd,250,327.0,81750.0,2025-07-21 11:33:39.946998
2025-07-21,116638,2025072101005777,ADBL,Sani Securities Company Ltd.,Thrive Brokerage House Pvt. Ltd,75,327.0,24525.0,2025-07-21 11:34:15.082527
2025-07-21,116637,2025072101005778,ADBL,Kumari Securities Private Limited,Thrive Brokerage House Pvt. Ltd,50,327.0,16350.0,2025-07-21 11:34:15.082667
2025-07-21,116636,2025072101005779,ADBL,Imperial Securities Company Pvt. Ltd.,Thrive Brokerage House Pvt. Ltd,15,327.0,4905.0,2025-07-21 11:34:15.082738
2025-07-21,116635,2025072101005780,ADBL,Naasa Securities Co. Ltd.,Thrive Brokerage House Pvt. Ltd,50,327.0,16350.0,2025-07-21 11:34:15.082792
2025-07-21,115895,2025072101005921,ADBL,Kumari Securities Private Limited,Naasa Securities Co. Ltd.,100,328.0,32800.0,2025-07-21 11:35:28.879385
2025-07-21,114095,2025072101006364,ADBL,Online Securities Pvt. Ltd.,Naasa Securities Co. Ltd.,20,328.5,6570.0,2025-07-21 11:38:14.754118
2025-07-21,114076,2025072101006377,ADBL,Online Securities Pvt. Ltd.,Bhrikuti Stock Broking Co. Pvt. Ltd.,100,328.5,32850.0,2025-07-21 11:38:16.488562
2025-07-21,113371,2025072101006526,ADBL,Online Securities Pvt. Ltd.,Thrive Brokerage House Pvt. Ltd,30,328.8,9864.0,2025-07-21 11:39:29.634252
2025-07-21,112900,2025072101006647,ADBL,Nabil Stock Dealer Ltd.,Thrive Brokerage House Pvt. Ltd,280,328.8,92064.0,2025-07-21 11:40:30.664180
2025-07-21,112899,2025072101006648,ADBL,Nabil Stock Dealer Ltd.,South Asian Bulls Pvt. Ltd.,2500,328.9,822250.0,2025-07-21 11:40:30.664323
2025-07-21,112898,2025072101006649,ADBL,Nabil Stock Dealer Ltd.,Dipshikha Dhitopatra Karobar Co. Pvt Ltd.,10,328.9,3289.0,2025-07-21 11:40:30.664391
2025-07-21,112507,2025072101006736,ADBL,ABC Securities Private Limited,KALASH STOCK MARKET PVT. LTD.,200,329.0,65800.0,2025-07-21 11:41:16.962814
2025-07-21,112506,2025072101006737,ADBL,ABC Securities Private Limited,Sewa Securities Pvt. Ltd.,30,329.0,9870.0,2025-07-21 11:41:16.962957
2025-07-21,112505,2025072101006738,ADBL,ABC Securities Private Limited,Deevyaa Securities & Stock House Pvt. Ltd,239,330.0,78870.0,2025-07-21 11:41:16.963014
2025-07-21,112504,2025072101006739,ADBL,ABC Securities Private Limited,Naasa Securities Co. Ltd.,1100,330.0,363000.0,2025-07-21 11:41:16.963074
2025-07-21,112503,2025072101006740,ADBL,ABC Securities Private Limited,Imperial Securities Company Pvt. Ltd.,10,330.0,3300.0,2025-07-21 11:41:16.963129
2025-07-21,112502,2025072101006741,ADBL,ABC Securities Private Limited,KALASH STOCK MARKET PVT. LTD.,554,330.0,182820.0,2025-07-21 11:41:16.963199
2025-07-21,112501,2025072101006742,ADBL,ABC Securities Private Limited,Sipla Securities Private Limited,100,330.0,33000.0,2025-07-21 11:41:16.963274
2025-07-21,112500,2025072101006743,ADBL,ABC Securities Private Limited,Imperial Securities Company Pvt. Ltd.,25,330.0,8250.0,2025-07-21 11:41:16.963352
2025-07-21,112499,2025072101006744,ADBL,ABC Securities Private Limited,Midas Stock Broking Company Private Limited,10,330.0,3300.0,2025-07-21 11:41:16.963425
2025-07-21,112498,2025072101006745,ADBL,ABC Securities Private Limited,Trisul Securities & Invt. Ltd.,100,330.0,33000.0,2025-07-21 11:41:16.963494
2025-07-21,112497,2025072101006746,ADBL,ABC Securities Private Limited,Sani Securities Company Ltd.,300,330.0,99000.0,2025-07-21 11:41:16.963551
2025-07-21,112496,2025072101006747,ADBL,ABC Securities Private Limited,Trishakti Securities Public Limited,257,330.0,84810.0,2025-07-21 11:41:16.963615
2025-07-21,112495,2025072101006748,ADBL,ABC Securities Private Limited,Aryatara Investment & Securities,70,330.0,23100.0,2025-07-21 11:41:16.963691
2025-07-21,112494,2025072101006749,ADBL,ABC Securities Private Limited,Arun Securities (PVT) Ltd.,880,330.0,290400.0,2025-07-21 11:41:16.963762
2025-07-21,112493,2025072101006750,ADBL,ABC Securities Private Limited,Capital Max Securities Ltd,103,330.0,33990.0,2025-07-21 11:41:16.963841
2025-07-21,112492,2025072101006751,ADBL,ABC Securities Private Limited,Sani Securities Company Ltd.,1022,330.0,337260.0,2025-07-21 11:41:16.963896
2025-07-21,112247,2025072101006798,ADBL,Naasa Securities Co. Ltd.,Sani Securities Company Ltd.,100,330.0,33000.0,2025-07-21 11:41:45.381778
2025-07-21,111695,2025072101006934,ADBL,Sani Securities Company Ltd.,Sani Securities Company Ltd.,878,330.0,289740.0,2025-07-21 11:42:44.965868
2025-07-21,111694,2025072101006935,ADBL,Sani Securities Company Ltd.,Secured Securities Ltd.,10,330.0,3300.0,2025-07-21 11:42:44.966050
2025-07-21,111693,2025072101006936,ADBL,Sani Securities Company Ltd.,Thrive Brokerage House Pvt. Ltd,41,330.0,13530.0,2025-07-21 11:42:44.966105
2025-07-21,111692,2025072101006937,ADBL,Sani Securities Company Ltd.,Investment Management Nepal Pvt. Ltd.,61,330.0,20130.0,2025-07-21 11:42:44.966152
2025-07-21,111558,2025072101006979,ADBL,Siprabi Securities Pvt. Ltd.,Investment Management Nepal Pvt. Ltd.,39,330.0,12870.0,2025-07-21 11:42:57.950215
2025-07-21,111557,2025072101006980,ADBL,Siprabi Securities Pvt. Ltd.,Naasa Securities Co. Ltd.,80,330.0,26400.0,2025-07-21 11:42:57.950359
2025-07-21,110765,2025072101007179,ADBL,Sani Securities Company Ltd.,Bhrikuti Stock Broking Co. Pvt. Ltd.,89,330.1,29378.9,2025-07-21 11:44:18.022933
2025-07-21,109412,2025072101007470,ADBL,Sweta Securities Private Limited,Imperial Securities Company Pvt. Ltd.,60,330.2,19812.0,2025-07-21 11:46:16.937971
2025-07-21,109104,2025072101007558,ADBL,Sani Securities Company Ltd.,Imperial Securities Company Pvt. Ltd.,10,330.1,3301.0,2025-07-21 11:46:44.540566
2025-07-21,109040,2025072101007575,ADBL,Nepal Investment And Securities Trading Private Limited,Imperial Securities Company Pvt. Ltd.,47,330.2,15519.4,2025-07-21 11:46:52.615620
2025-07-21,108664,2025072101007680,ADBL,Linch Stock Market Ltd.,Magnet Securities and Investment Company Private Limited,250,331.0,82750.0,2025-07-21 11:47:28.805515
2025-07-21,108489,2025072101007715,ADBL,Cristal Kanchanjanga Securites Pvt. Ltd.,Sundhara Securities Limited,300,331.6,99480.0,2025-07-21 11:47:44.226077
2025-07-21,107424,2025072101008029,ADBL,Vision Securities Pvt. Ltd,Sumeru Securities Pvt. Ltd.,111,332.0,36852.0,2025-07-21 11:49:09.545385
2025-07-21,107423,2025072101008030,ADBL,Vision Securities Pvt. Ltd,Nepal Investment And Securities Trading Private Limited,100,332.0,33200.0,2025-07-21 11:49:09.545518
2025-07-21,106893,2025072101008128,ADBL,Vision Securities Pvt. Ltd,Nepal Investment And Securities Trading Private Limited,100,333.0,33300.0,2025-07-21 11:49:55.102817
2025-07-21,106199,2025072101008385,ADBL,Vision Securities Pvt. Ltd,Market Securities & Exchange (PVT) Ltd.,10,333.5,3335.0,2025-07-21 11:50:52.885369
2025-07-21,105727,2025072101008491,ADBL,Linch Stock Market Ltd.,Arun Securities (PVT) Ltd.,250,334.0,83500.0,2025-07-21 11:51:32.554656
2025-07-21,105507,2025072101008531,ADBL,Secured Securities Ltd.,Arun Securities (PVT) Ltd.,250,334.0,83500.0,2025-07-21 11:51:52.939396
2025-07-21,105506,2025072101008532,ADBL,Secured Securities Ltd.,ABC Securities Private Limited,1000,334.0,334000.0,2025-07-21 11:51:52.939520
2025-07-21,105505,2025072101008533,ADBL,Secured Securities Ltd.,Oxford Securities Pvt. Ltd.,75,334.5,25087.5,2025-07-21 11:51:52.939580
2025-07-21,105504,2025072101008534,ADBL,Secured Securities Ltd.,Arun Securities (PVT) Ltd.,50,334.5,16725.0,2025-07-21 11:51:52.939632
2025-07-21,105503,2025072101008535,ADBL,Secured Securities Ltd.,Creative Securities Pvt Ltd,1000,334.5,334500.0,2025-07-21 11:51:52.939681
2025-07-21,105502,2025072101008536,ADBL,Secured Securities Ltd.,SUN SECURITIES PVT LTD,10,334.5,3345.0,2025-07-21 11:51:52.939730
2025-07-21,105501,2025072101008537,ADBL,Secured Securities Ltd.,Midas Stock Broking Company Private Limited,20,335.0,6700.0,2025-07-21 11:51:52.939778
2025-07-21,105500,2025072101008538,ADBL,Secured Securities Ltd.,Aryatara Investment & Securities,200,335.0,67000.0,2025-07-21 11:51:52.939829
2025-07-21,105499,2025072101008539,ADBL,Secured Securities Ltd.,Aryatara Investment & Securities,40,335.0,13400.0,2025-07-21 11:51:52.939879
2025-07-21,105302,2025072101008571,ADBL,Kumari Securities Private Limited,Aryatara Investment & Securities,60,335.0,20100.0,2025-07-21 11:52:04.401665
2025-07-21,105301,2025072101008572,ADBL,Kumari Securities Private Limited,Imperial Securities Company Pvt. Ltd.,133,335.0,44555.0,2025-07-21 11:52:04.401788
2025-07-21,105159,2025072101008614,ADBL,Kumari Securities Private Limited,Nepal Stock House (PVT) Ltd.,307,335.0,102845.0,2025-07-21 11:52:17.896520
2025-07-21,105158,2025072101008615,ADBL,Naasa Securities Co. Ltd.,Nepal Stock House (PVT) Ltd.,87,334.0,29058.0,2025-07-21 11:52:17.896655
2025-07-21,103640,2025072101009048,ADBL,Naasa Securities Co. Ltd.,Sharepro Securities Private Limited,100,334.0,33400.0,2025-07-21 11:55:02.720964
2025-07-21,103529,2025072101009067,ADBL,Naasa Securities Co. Ltd.,ABC Securities Private Limited,313,334.0,104542.0,2025-07-21 11:55:15.446221
2025-07-21,103391,2025072101009118,ADBL,Vision Securities Pvt. Ltd,ABC Securities Private Limited,179,333.5,59696.5,2025-07-21 11:55:29.577360
2025-07-21,103390,2025072101009119,ADBL,Imperial Securities Company Pvt. Ltd.,ABC Securities Private Limited,40,333.1,13324.0,2025-07-21 11:55:29.577494
2025-07-21,103269,2025072101009134,ADBL,Vision Securities Pvt. Ltd,Kohinoor Investment & Securities Pvt. Ltd.,70,331.0,23170.0,2025-07-21 11:55:43.582461
2025-07-21,103141,2025072101009167,ADBL,Vision Securities Pvt. Ltd,Vision Securities Pvt. Ltd,14,331.0,4634.0,2025-07-21 11:55:57.928461
2025-07-21,100207,2025072101009914,ADBL,Sani Securities Company Ltd.,Swarna Laxmi Securities Pvt. Ltd.,111,331.1,36752.1,2025-07-21 12:00:31.971194
2025-07-21,100151,2025072101009927,ADBL,Vision Securities Pvt. Ltd,Thrive Brokerage House Pvt. Ltd,500,331.0,165500.0,2025-07-21 12:00:36.997756
2025-07-21,99804,2025072101010005,ADBL,Vision Securities Pvt. Ltd,ABC Securities Private Limited,416,331.0,137696.0,2025-07-21 12:01:07.005955
2025-07-21,99803,2025072101010006,ADBL,Aryatara Investment & Securities,ABC Securities Private Limited,50,331.0,16550.0,2025-07-21 12:01:07.006141
2025-07-21,99802,2025072101010007,ADBL,Linch Stock Market Ltd.,ABC Securities Private Limited,100,331.0,33100.0,2025-07-21 12:01:07.006232
2025-07-21,98871,2025072101010248,ADBL,Secured Securities Ltd.,Kohinoor Investment & Securities Pvt. Ltd.,1000,330.2,330200.0,2025-07-21 12:02:24.978881
2025-07-21,98761,2025072101010286,ADBL,Secured Securities Ltd.,Dakshinkali Investment & Securities Pvt. Ltd.,400,330.2,132080.0,2025-07-21 12:02:36.570185
2025-07-21,98352,2025072101010389,ADBL,Secured Securities Ltd.,ABC Securities Private Limited,434,330.2,143306.8,2025-07-21 12:03:15.068299
2025-07-21,98226,2025072101010422,ADBL,Kohinoor Investment & Securities Pvt. Ltd.,Sundhara Securities Limited,4,331.0,1324.0,2025-07-21 12:03:26.448587
2025-07-21,98107,2025072101010450,ADBL,Secured Securities Ltd.,Sani Securities Company Ltd.,133,330.2,43916.6,2025-07-21 12:03:40.669040
2025-07-21,97503,2025072101010618,ADBL,Secured Securities Ltd.,Aryatara Investment & Securities,10,330.2,3302.0,2025-07-21 12:04:41.831198
2025-07-21,97450,2025072101010628,ADBL,Sani Securities Company Ltd.,Sani Securities Company Ltd.,1,325.0,325.0,2025-07-21 12:04:46.373896
2025-07-21,97437,2025072101010631,ADBL,Secured Securities Ltd.,Premier Securities Company Ltd.,23,330.2,7594.6,2025-07-21 12:04:47.624576
2025-07-21,97436,2025072101010632,ADBL,Trishakti Securities Public Limited,Premier Securities Company Ltd.,77,330.2,25425.4,2025-07-21 12:04:47.624751
2025-07-21,97015,2025072101010755,ADBL,Trishakti Securities Public Limited,Ashutosh Brokerage & Securities (PVT) Ltd.,23,330.2,7594.6,2025-07-21 12:05:36.870898
2025-07-21,97014,2025072101010756,ADBL,Primo Securities (PVT) Ltd.,Ashutosh Brokerage & Securities (PVT) Ltd.,977,330.1,322507.7,2025-07-21 12:05:36.870937
2025-07-21,96898,2025072101010798,ADBL,Siprabi Securities Pvt. Ltd.,ABC Securities Private Limited,16,331.0,5296.0,2025-07-21 12:05:49.877937
2025-07-21,96897,2025072101010799,ADBL,Siprabi Securities Pvt. Ltd.,Sani Securities Company Ltd.,126,331.0,41706.0,2025-07-21 12:05:49.878091
2025-07-21,96881,2025072101010803,ADBL,Siprabi Securities Pvt. Ltd.,Ashutosh Brokerage & Securities (PVT) Ltd.,58,331.0,19198.0,2025-07-21 12:05:53.016432
2025-07-21,96880,2025072101010804,ADBL,Primo Securities (PVT) Ltd.,Ashutosh Brokerage & Securities (PVT) Ltd.,23,330.1,7592.3,2025-07-21 12:05:53.016511
2025-07-21,96879,2025072101010805,ADBL,Shree Krishna Securities Ltd.,Ashutosh Brokerage & Securities (PVT) Ltd.,200,330.1,66020.0,2025-07-21 12:05:53.016542
2025-07-21,96878,2025072101010806,ADBL,Siprabi Securities Pvt. Ltd.,Ashutosh Brokerage & Securities (PVT) Ltd.,919,330.0,303270.0,2025-07-21 12:05:53.016566
2025-07-21,96378,2025072101010925,ADBL,Siprabi Securities Pvt. Ltd.,Cristal Kanchanjanga Securites Pvt. Ltd.,100,330.0,33000.0,2025-07-21 12:06:54.301674
2025-07-21,95834,2025072101011095,ADBL,Swarna Laxmi Securities Pvt. Ltd.,Nepal Investment And Securities Trading Private Limited,30,331.0,9930.0,2025-07-21 12:07:58.975211
2025-07-21,95521,2025072101011172,ADBL,Thrive Brokerage House Pvt. Ltd,Nepal Investment And Securities Trading Private Limited,56,331.0,18536.0,2025-07-21 12:08:42.718193
2025-07-21,95520,2025072101011173,ADBL,Thrive Brokerage House Pvt. Ltd,Vision Securities Pvt. Ltd,30,331.0,9930.0,2025-07-21 12:08:42.718347
2025-07-21,94983,2025072101011302,ADBL,Thrive Brokerage House Pvt. Ltd,ABC Securities Private Limited,914,331.0,302534.0,2025-07-21 12:09:59.861014
2025-07-21,94963,2025072101011305,ADBL,Siprabi Securities Pvt. Ltd.,Shree Krishna Securities Ltd.,154,330.0,50820.0,2025-07-21 12:10:04.091002
2025-07-21,94072,2025072101011522,ADBL,Siprabi Securities Pvt. Ltd.,Dipshikha Dhitopatra Karobar Co. Pvt Ltd.,208,330.0,68640.0,2025-07-21 12:11:50.206129
2025-07-21,94071,2025072101011523,ADBL,Kohinoor Investment & Securities Pvt. Ltd.,Dipshikha Dhitopatra Karobar Co. Pvt Ltd.,500,330.0,165000.0,2025-07-21 12:11:50.206306
2025-07-21,94070,2025072101011524,ADBL,Sewa Securities Pvt. Ltd.,Dipshikha Dhitopatra Karobar Co. Pvt Ltd.,152,330.0,50160.0,2025-07-21 12:11:50.206367
2025-07-21,94037,2025072101011531,ADBL,Linch Stock Market Ltd.,ABC Securities Private Limited,20,331.0,6620.0,2025-07-21 12:11:55.902283
2025-07-21,93397,2025072101011684,ADBL,Linch Stock Market Ltd.,ABC Securities Private Limited,20,331.0,6620.0,2025-07-21 12:13:19.791021
2025-07-21,93259,2025072101011724,ADBL,Sewa Securities Pvt. Ltd.,Online Securities Pvt. Ltd.,56,330.0,18480.0,2025-07-21 12:13:38.524592
2025-07-21,93238,2025072101011737,ADBL,Dakshinkali Investment & Securities Pvt. Ltd.,ABC Securities Private Limited,46,331.0,15226.0,2025-07-21 12:13:40.948145
2025-07-21,92967,2025072101011814,ADBL,Dakshinkali Investment & Securities Pvt. Ltd.,Deevyaa Securities & Stock House Pvt. Ltd,500,331.0,165500.0,2025-07-21 12:14:18.625232
2025-07-21,92888,2025072101011835,ADBL,Dakshinkali Investment & Securities Pvt. Ltd.,Sani Securities Company Ltd.,250,331.0,82750.0,2025-07-21 12:14:29.190093
2025-07-21,92099,2025072101012028,ADBL,Dakshinkali Investment & Securities Pvt. Ltd.,Sani Securities Company Ltd.,21,331.0,6951.0,2025-07-21 12:16:12.941060
2025-07-21,91969,2025072101012050,ADBL,Dakshinkali Investment & Securities Pvt. Ltd.,Online Securities Pvt. Ltd.,126,331.0,41706.0,2025-07-21 12:16:30.339877
2025-07-21,90797,2025072101012344,ADBL,Dakshinkali Investment & Securities Pvt. Ltd.,Bhrikuti Stock Broking Co. Pvt. Ltd.,57,331.0,18867.0,2025-07-21 12:18:56.863147
2025-07-21,90796,2025072101012345,ADBL,Sewa Securities Pvt. Ltd.,Bhrikuti Stock Broking Co. Pvt. Ltd.,61,330.0,20130.0,2025-07-21 12:18:56.863446
2025-07-21,90429,2025072101012433,ADBL,Sani Securities Company Ltd.,Swarna Laxmi Securities Pvt. Ltd.,100,331.9,33190.0,2025-07-21 12:19:53.632614
2025-07-21,89782,2025072101012574,ADBL,Sani Securities Company Ltd.,Thrive Brokerage House Pvt. Ltd,50,331.9,16595.0,2025-07-21 12:21:42.472266
2025-07-21,89592,2025072101012640,ADBL,Online Securities Pvt. Ltd.,ABC Securities Private Limited,10,332.0,3320.0,2025-07-21 12:22:14.927112
2025-07-21,89589,2025072101012642,ADBL,Naasa Securities Co. Ltd.,Sumeru Securities Pvt. Ltd.,2,331.0,662.0,2025-07-21 12:22:15.109729
2025-07-21,89133,2025072101012747,ADBL,Capital Hub P. Ltd,ABC Securities Private Limited,10,332.0,3320.0,2025-07-21 12:23:23.409017
2025-07-21,88336,2025072101012952,ADBL,Agrawal Securities (PVT) Ltd.,ABC Securities Private Limited,15,332.0,4980.0,2025-07-21 12:25:22.518164
2025-07-21,87969,2025072101013058,ADBL,Aryatara Investment & Securities,Dakshinkali Investment & Securities Pvt. Ltd.,27,331.0,8937.0,2025-07-21 12:26:19.490028
2025-07-21,87888,2025072101013080,ADBL,Aryatara Investment & Securities,Trisul Securities & Invt. Ltd.,19,331.0,6289.0,2025-07-21 12:26:32.108819
2025-07-21,87658,2025072101013136,ADBL,Online Securities Pvt. Ltd.,ABC Securities Private Limited,75,332.0,24900.0,2025-07-21 12:27:11.496917
2025-07-21,87161,2025072101013301,ADBL,Aryatara Investment & Securities,Sipla Securities Private Limited,20,331.0,6620.0,2025-07-21 12:28:24.325254
2025-07-21,87124,2025072101013310,ADBL,Aryatara Investment & Securities,Blue Chip Securities Ltd,434,331.0,143654.0,2025-07-21 12:28:29.416465
2025-07-21,87123,2025072101013311,ADBL,Ashutosh Brokerage & Securities (PVT) Ltd.,Blue Chip Securities Ltd,200,331.0,66200.0,2025-07-21 12:28:29.416649
2025-07-21,87122,2025072101013312,ADBL,Sewa Securities Pvt. Ltd.,Blue Chip Securities Ltd,2731,330.0,901230.0,2025-07-21 12:28:29.416720
2025-07-21,87121,2025072101013313,ADBL,Trisul Securities & Invt. Ltd.,Blue Chip Securities Ltd,250,330.0,82500.0,2025-07-21 12:28:29.416787
2025-07-21,87120,2025072101013314,ADBL,Shree Krishna Securities Ltd.,Blue Chip Securities Ltd,150,330.0,49500.0,2025-07-21 12:28:29.416854
2025-07-21,87119,2025072101013315,ADBL,Naasa Securities Co. Ltd.,Blue Chip Securities Ltd,20,330.0,6600.0,2025-07-21 12:28:29.416922
2025-07-21,87118,2025072101013316,ADBL,Investment Management Nepal Pvt. Ltd.,Blue Chip Securities Ltd,18,330.0,5940.0,2025-07-21 12:28:29.416986
2025-07-21,87117,2025072101013317,ADBL,Nepal Stock House (PVT) Ltd.,Blue Chip Securities Ltd,100,330.0,33000.0,2025-07-21 12:28:29.417060
2025-07-21,87116,2025072101013318,ADBL,Investment Management Nepal Pvt. Ltd.,Blue Chip Securities Ltd,300,330.0,99000.0,2025-07-21 12:28:29.417134
2025-07-21,87115,2025072101013319,ADBL,Sani Securities Company Ltd.,Blue Chip Securities Ltd,2222,330.0,733260.0,2025-07-21 12:28:29.417204
2025-07-21,87114,2025072101013320,ADBL,Asian Securities Private Ltd.,Blue Chip Securities Ltd,24,330.0,7920.0,2025-07-21 12:28:29.417270
2025-07-21,87111,2025072101013323,ADBL,Agrawal Securities (PVT) Ltd.,Blue Chip Securities Ltd,10,330.0,3300.0,2025-07-21 12:28:30.026820
2025-07-21,86867,2025072101013380,ADBL,ABC Securities Private Limited,Blue Chip Securities Ltd,3541,330.0,1168530.0,2025-07-21 12:29:01.198312
2025-07-21,86711,2025072101013432,ADBL,Oxford Securities Pvt. Ltd.,ABC Securities Private Limited,50,332.0,16600.0,2025-07-21 12:29:20.461141
2025-07-21,85410,2025072101013779,ADBL,Dipshikha Dhitopatra Karobar Co. Pvt Ltd.,ABC Securities Private Limited,10,332.0,3320.0,2025-07-21 12:32:00.436752
2025-07-21,85409,2025072101013780,ADBL,Dipshikha Dhitopatra Karobar Co. Pvt Ltd.,Naasa Securities Co. Ltd.,20,332.0,6640.0,2025-07-21 12:32:00.437136
2025-07-21,85408,2025072101013781,ADBL,Dipshikha Dhitopatra Karobar Co. Pvt Ltd.,Linch Stock Market Ltd.,10,332.0,3320.0,2025-07-21 12:32:00.437364
2025-07-21,85407,2025072101013782,ADBL,Dipshikha Dhitopatra Karobar Co. Pvt Ltd.,Arun Securities (PVT) Ltd.,200,332.0,66400.0,2025-07-21 12:32:00.437575
2025-07-21,85406,2025072101013783,ADBL,Dipshikha Dhitopatra Karobar Co. Pvt Ltd.,Imperial Securities Company Pvt. Ltd.,10,332.0,3320.0,2025-07-21 12:32:00.437815
2025-07-21,85405,2025072101013784,ADBL,Dipshikha Dhitopatra Karobar Co. Pvt Ltd.,Dipshikha Dhitopatra Karobar Co. Pvt Ltd.,50,332.0,16600.0,2025-07-21 12:32:00.438074
2025-07-21,85300,2025072101013807,ADBL,Dipshikha Dhitopatra Karobar Co. Pvt Ltd.,Capital Max Securities Ltd,100,332.0,33200.0,2025-07-21 12:32:16.804452
2025-07-21,84690,2025072101013966,ADBL,Dipshikha Dhitopatra Karobar Co. Pvt Ltd.,Sani Securities Company Ltd.,100,332.0,33200.0,2025-07-21 12:33:30.109069
2025-07-21,84538,2025072101014004,ADBL,Sumeru Securities Pvt. Ltd.,Trisul Securities & Invt. Ltd.,5,325.4,1627.0,2025-07-21 12:33:51.231247
2025-07-21,84418,2025072101014037,ADBL,Sumeru Securities Pvt. Ltd.,Imperial Securities Company Pvt. Ltd.,1,326.0,326.0,2025-07-21 12:34:08.358426
2025-07-21,82479,2025072101014586,ADBL,Imperial Securities Company Pvt. Ltd.,Dipshikha Dhitopatra Karobar Co. Pvt Ltd.,107,331.5,35470.5,2025-07-21 12:37:44.746317
2025-07-21,81804,2025072101014761,ADBL,Imperial Securities Company Pvt. Ltd.,Linch Stock Market Ltd.,14,331.0,4634.0,2025-07-21 12:38:57.096375
2025-07-21,80736,2025072101014997,ADBL,Imperial Securities Company Pvt. Ltd.,Sharepro Securities Private Limited,70,330.5,23135.0,2025-07-21 12:40:39.358846
2025-07-21,80529,2025072101015064,ADBL,Kohinoor Investment & Securities Pvt. Ltd.,Sweta Securities Private Limited,42,331.0,13902.0,2025-07-21 12:40:58.049846
2025-07-21,80402,2025072101015102,ADBL,Imperial Securities Company Pvt. Ltd.,Sani Securities Company Ltd.,200,331.0,66200.0,2025-07-21 12:41:12.577833
2025-07-21,80401,2025072101015103,ADBL,Imperial Securities Company Pvt. Ltd.,Nepal Stock House (PVT) Ltd.,85,331.0,28135.0,2025-07-21 12:41:12.578034
2025-07-21,80363,2025072101015119,ADBL,Nepal Investment And Securities Trading Private Limited,Sharepro Securities Private Limited,100,330.1,33010.0,2025-07-21 12:41:14.642519
2025-07-21,80006,2025072101015201,ADBL,Cristal Kanchanjanga Securites Pvt. Ltd.,Naasa Securities Co. Ltd.,91,330.0,30030.0,2025-07-21 12:41:43.054172
2025-07-21,79323,2025072101015373,ADBL,Cristal Kanchanjanga Securites Pvt. Ltd.,Aryatara Investment & Securities,443,330.0,146190.0,2025-07-21 12:42:46.113011
2025-07-21,79024,2025072101015455,ADBL,Cristal Kanchanjanga Securites Pvt. Ltd.,Sundhara Securities Limited,66,330.0,21780.0,2025-07-21 12:43:14.731803
2025-07-21,79023,2025072101015456,ADBL,Linch Stock Market Ltd.,Sundhara Securities Limited,134,330.0,44220.0,2025-07-21 12:43:14.731986
2025-07-21,78780,2025072101015530,ADBL,Linch Stock Market Ltd.,Sharepro Securities Private Limited,66,330.0,21780.0,2025-07-21 12:43:42.268258
2025-07-21,78779,2025072101015531,ADBL,Siprabi Securities Pvt. Ltd.,Sharepro Securities Private Limited,30,330.0,9900.0,2025-07-21 12:43:42.268423
2025-07-21,78778,2025072101015532,ADBL,Kohinoor Investment & Securities Pvt. Ltd.,Sharepro Securities Private Limited,58,330.0,19140.0,2025-07-21 12:43:42.268611
2025-07-21,78777,2025072101015533,ADBL,Sri Hari Securities Pvt. Ltd.,Sharepro Securities Private Limited,22,330.0,7260.0,2025-07-21 12:43:42.268685
2025-07-21,78776,2025072101015534,ADBL,Bhrikuti Stock Broking Co. Pvt. Ltd.,Sharepro Securities Private Limited,199,330.0,65670.0,2025-07-21 12:43:42.268752
2025-07-21,78775,2025072101015535,ADBL,Bhrikuti Stock Broking Co. Pvt. Ltd.,Sewa Securities Pvt. Ltd.,1,330.0,330.0,2025-07-21 12:43:42.268884
2025-07-21,78612,2025072101015568,ADBL,Sundhara Securities Limited,Thrive Brokerage House Pvt. Ltd,20,330.0,6600.0,2025-07-21 12:44:03.013800
2025-07-21,78477,2025072101015615,ADBL,Dakshinkali Investment & Securities Pvt. Ltd.,Online Securities Pvt. Ltd.,104,329.1,34226.4,2025-07-21 12:44:17.102270
2025-07-21,77898,2025072101015777,ADBL,Asian Securities Private Ltd.,Primo Securities (PVT) Ltd.,50,331.0,16550.0,2025-07-21 12:45:11.439168
2025-07-21,77897,2025072101015778,ADBL,Asian Securities Private Ltd.,Thrive Brokerage House Pvt. Ltd,430,331.4,142502.0,2025-07-21 12:45:11.439210
2025-07-21,77896,2025072101015779,ADBL,Asian Securities Private Ltd.,Deevyaa Securities & Stock House Pvt. Ltd,100,331.5,33150.0,2025-07-21 12:45:11.439241
2025-07-21,77895,2025072101015780,ADBL,Asian Securities Private Ltd.,Sundhara Securities Limited,200,331.8,66360.0,2025-07-21 12:45:11.439270
2025-07-21,77894,2025072101015781,ADBL,Asian Securities Private Ltd.,Investment Management Nepal Pvt. Ltd.,500,332.0,166000.0,2025-07-21 12:45:11.439306
2025-07-21,77893,2025072101015782,ADBL,Asian Securities Private Ltd.,K.B.L. Securities Limited ,500,332.0,166000.0,2025-07-21 12:45:11.439335
2025-07-21,77892,2025072101015783,ADBL,Asian Securities Private Ltd.,APPLE SECURITIES PRIVATE LIMITED,1220,332.0,405040.0,2025-07-21 12:45:11.439360
2025-07-21,77690,2025072101015861,ADBL,Asian Securities Private Ltd.,APPLE SECURITIES PRIVATE LIMITED,2000,332.0,664000.0,2025-07-21 12:45:30.552979
2025-07-21,77182,2025072101015974,ADBL,ABC Securities Private Limited,Secured Securities Ltd.,73,329.1,24024.3,2025-07-21 12:46:11.489940
2025-07-21,76830,2025072101016046,ADBL,ABC Securities Private Limited,Online Securities Pvt. Ltd.,25,329.1,8227.5,2025-07-21 12:46:42.850289
2025-07-21,76334,2025072101016203,ADBL,Vision Securities Pvt. Ltd,Sharepro Securities Private Limited,10,331.9,3319.0,2025-07-21 12:47:42.384467
2025-07-21,76076,2025072101016263,ADBL,Asian Securities Private Ltd.,Sharepro Securities Private Limited,100,329.5,32950.0,2025-07-21 12:48:09.994517
2025-07-21,75463,2025072101016473,ADBL,Asian Securities Private Ltd.,Sharepro Securities Private Limited,54,329.5,17793.0,2025-07-21 12:49:06.220877
2025-07-21,75213,2025072101016526,ADBL,Asian Securities Private Ltd.,Opal Securities Investment (PVT) Ltd.,10,329.5,3295.0,2025-07-21 12:49:31.080673
2025-07-21,74693,2025072101016739,ADBL,Imperial Securities Company Pvt. Ltd.,Sani Securities Company Ltd.,500,330.0,165000.0,2025-07-21 12:50:19.868219
2025-07-21,74157,2025072101016826,ADBL,Asian Securities Private Ltd.,Vision Securities Pvt. Ltd,300,329.5,98850.0,2025-07-21 12:51:00.040721
2025-07-21,73698,2025072101016922,ADBL,Asian Securities Private Ltd.,Online Securities Pvt. Ltd.,100,329.5,32950.0,2025-07-21 12:51:46.439978
2025-07-21,72300,2025072101017273,ADBL,Naasa Securities Co. Ltd.,Naasa Securities Co. Ltd.,1,324.0,324.0,2025-07-21 12:54:47.560179
2025-07-21,71985,2025072101017344,ADBL,Naasa Securities Co. Ltd.,South Asian Bulls Pvt. Ltd.,1,325.0,325.0,2025-07-21 12:55:31.142066
2025-07-21,70733,2025072101017669,ADBL,Agrawal Securities (PVT) Ltd.,Sani Securities Company Ltd.,80,329.9,26392.0,2025-07-21 12:58:27.024386
2025-07-21,70269,2025072101017757,ADBL,Naasa Securities Co. Ltd.,Sewa Securities Pvt. Ltd.,4,325.0,1300.0,2025-07-21 12:59:28.138454
2025-07-21,70186,2025072101017779,ADBL,Dakshinkali Investment & Securities Pvt. Ltd.,Sani Securities Company Ltd.,20,329.9,6598.0,2025-07-21 12:59:44.328231
2025-07-21,70185,2025072101017780,ADBL,Dakshinkali Investment & Securities Pvt. Ltd.,Dipshikha Dhitopatra Karobar Co. Pvt Ltd.,235,330.0,77550.0,2025-07-21 12:59:44.328400
2025-07-21,69601,2025072101017907,ADBL,Deevyaa Securities & Stock House Pvt. Ltd,Dipshikha Dhitopatra Karobar Co. Pvt Ltd.,215,330.0,70950.0,2025-07-21 13:01:11.580521
2025-07-21,69600,2025072101017908,ADBL,Deevyaa Securities & Stock House Pvt. Ltd,Nepal Stock House (PVT) Ltd.,200,330.0,66000.0,2025-07-21 13:01:11.580914
2025-07-21,68407,2025072101018208,ADBL,Naasa Securities Co. Ltd.,Investment Management Nepal Pvt. Ltd.,5,325.0,1625.0,2025-07-21 13:04:37.763949
2025-07-21,67911,2025072101018351,ADBL,Nagarik Stock Dealer ,Dakshinkali Investment & Securities Pvt. Ltd.,202,330.0,66660.0,2025-07-21 13:06:13.026808
2025-07-21,67612,2025072101018419,ADBL,Sani Securities Company Ltd.,APPLE SECURITIES PRIVATE LIMITED,60,331.0,19860.0,2025-07-21 13:06:56.020187
2025-07-21,67442,2025072101018475,ADBL,Nagarik Stock Dealer ,APPLE SECURITIES PRIVATE LIMITED,213,331.0,70503.0,2025-07-21 13:07:30.608749
2025-07-21,67427,2025072101018477,ADBL,Nagarik Stock Dealer ,Sani Securities Company Ltd.,100,330.0,33000.0,2025-07-21 13:07:33.653974
2025-07-21,65619,2025072101018917,ADBL,Vision Securities Pvt. Ltd,Linch Stock Market Ltd.,150,330.9,49635.0,2025-07-21 13:12:03.480357
2025-07-21,65231,2025072101019013,ADBL,BHOLE GANESH SECURITIES LTD,Naasa Securities Co. Ltd.,30,330.5,9915.0,2025-07-21 13:13:02.277657
2025-07-21,65218,2025072101019015,ADBL,Sipla Securities Private Limited,Linch Stock Market Ltd.,150,330.9,49635.0,2025-07-21 13:13:03.855570
2025-07-21,65217,2025072101019016,ADBL,Sipla Securities Private Limited,Bhrikuti Stock Broking Co. Pvt. Ltd.,100,330.9,33090.0,2025-07-21 13:13:03.855927
2025-07-21,65168,2025072101019037,ADBL,BHOLE GANESH SECURITIES LTD,Capital Max Securities Ltd,270,330.5,89235.0,2025-07-21 13:13:15.476654
2025-07-21,65167,2025072101019038,ADBL,Siprabi Securities Pvt. Ltd.,Capital Max Securities Ltd,230,330.1,75923.0,2025-07-21 13:13:15.476696
2025-07-21,64937,2025072101019095,ADBL,Siprabi Securities Pvt. Ltd.,Trishakti Securities Public Limited,47,330.1,15514.7,2025-07-21 13:13:54.417270
2025-07-21,64800,2025072101019124,ADBL,Siprabi Securities Pvt. Ltd.,Sani Securities Company Ltd.,118,330.1,38951.8,2025-07-21 13:14:14.603774
2025-07-21,64674,2025072101019152,ADBL,Siprabi Securities Pvt. Ltd.,Sani Securities Company Ltd.,75,330.1,24757.5,2025-07-21 13:14:36.062826
2025-07-21,64622,2025072101019171,ADBL,Vision Securities Pvt. Ltd,APPLE SECURITIES PRIVATE LIMITED,40,331.0,13240.0,2025-07-21 13:14:45.212064
2025-07-21,64387,2025072101019243,ADBL,Capital Max Securities Ltd,APPLE SECURITIES PRIVATE LIMITED,4400,331.0,1456400.0,2025-07-21 13:15:24.090257
2025-07-21,64375,2025072101019247,ADBL,Siprabi Securities Pvt. Ltd.,Linch Stock Market Ltd.,10,330.1,3301.0,2025-07-21 13:15:27.359811
2025-07-21,63383,2025072101019505,ADBL,Sani Securities Company Ltd.,Sweta Securities Private Limited,18,330.2,5943.6,2025-07-21 13:18:20.698823
2025-07-21,62885,2025072101019639,ADBL,Arun Securities (PVT) Ltd.,APPLE SECURITIES PRIVATE LIMITED,20,331.0,6620.0,2025-07-21 13:19:30.835322
2025-07-21,62873,2025072101019642,ADBL,Naasa Securities Co. Ltd.,APPLE SECURITIES PRIVATE LIMITED,47,331.0,15557.0,2025-07-21 13:19:32.490043
2025-07-21,62803,2025072101019659,ADBL,Naasa Securities Co. Ltd.,Sani Securities Company Ltd.,73,331.0,24163.0,2025-07-21 13:19:44.065244
2025-07-21,62802,2025072101019660,ADBL,Sani Securities Company Ltd.,Sani Securities Company Ltd.,587,330.2,193827.4,2025-07-21 13:19:44.065655
2025-07-21,62801,2025072101019661,ADBL,Siprabi Securities Pvt. Ltd.,Sani Securities Company Ltd.,20,330.1,6602.0,2025-07-21 13:19:44.065873
2025-07-21,62800,2025072101019662,ADBL,Sipla Securities Private Limited,Sani Securities Company Ltd.,250,330.1,82525.0,2025-07-21 13:19:44.066103
2025-07-21,62799,2025072101019663,ADBL,Sani Securities Company Ltd.,Sani Securities Company Ltd.,10,330.1,3301.0,2025-07-21 13:19:44.066308
2025-07-21,62798,2025072101019664,ADBL,Naasa Securities Co. Ltd.,Sani Securities Company Ltd.,60,330.0,19800.0,2025-07-21 13:19:44.066514
2025-07-21,61260,2025072101020059,ADBL,Naasa Securities Co. Ltd.,Dynamic Money Managers Securities Pvt. Ltd.,530,330.0,174900.0,2025-07-21 13:23:43.313901
2025-07-21,61259,2025072101020060,ADBL,Bhrikuti Stock Broking Co. Pvt. Ltd.,Dynamic Money Managers Securities Pvt. Ltd.,20,330.0,6600.0,2025-07-21 13:23:43.314115
2025-07-21,61258,2025072101020061,ADBL,Sewa Securities Pvt. Ltd.,Dynamic Money Managers Securities Pvt. Ltd.,200,330.0,66000.0,2025-07-21 13:23:43.314191
2025-07-21,61257,2025072101020062,ADBL,Trisul Securities & Invt. Ltd.,Dynamic Money Managers Securities Pvt. Ltd.,300,330.0,99000.0,2025-07-21 13:23:43.314264
2025-07-21,61256,2025072101020063,ADBL,Naasa Securities Co. Ltd.,Dynamic Money Managers Securities Pvt. Ltd.,100,330.0,33000.0,2025-07-21 13:23:43.314337
2025-07-21,61255,2025072101020064,ADBL,Sipla Securities Private Limited,Dynamic Money Managers Securities Pvt. Ltd.,350,330.0,115500.0,2025-07-21 13:23:43.314409
2025-07-21,60528,2025072101020247,ADBL,Sipla Securities Private Limited,Malla & Malla Stock Broking Company Pvt. Limited,150,330.0,49500.0,2025-07-21 13:25:34.069700
2025-07-21,60187,2025072101020361,ADBL,Naasa Securities Co. Ltd.,APPLE SECURITIES PRIVATE LIMITED,17,331.0,5627.0,2025-07-21 13:26:22.223294
2025-07-21,59926,2025072101020448,ADBL,ABC Securities Private Limited,Naasa Securities Co. Ltd.,121,330.0,39930.0,2025-07-21 13:27:04.288696
2025-07-21,59246,2025072101020669,ADBL,ABC Securities Private Limited,Trisul Securities & Invt. Ltd.,79,330.0,26070.0,2025-07-21 13:28:55.397468
2025-07-21,59245,2025072101020670,ADBL,Naasa Securities Co. Ltd.,Trisul Securities & Invt. Ltd.,100,330.0,33000.0,2025-07-21 13:28:55.397689
2025-07-21,59002,2025072101020750,ADBL,ABC Securities Private Limited,Imperial Securities Company Pvt. Ltd.,500,330.0,165000.0,2025-07-21 13:29:31.014474
2025-07-21,58748,2025072101020823,ADBL,ABC Securities Private Limited,Imperial Securities Company Pvt. Ltd.,100,330.0,33000.0,2025-07-21 13:30:13.726900
2025-07-21,58074,2025072101021042,ADBL,ABC Securities Private Limited,Nepal Investment And Securities Trading Private Limited,215,330.0,70950.0,2025-07-21 13:31:51.847085
2025-07-21,57539,2025072101021196,ADBL,ABC Securities Private Limited,Naasa Securities Co. Ltd.,10,330.0,3300.0,2025-07-21 13:33:09.407932
2025-07-21,57504,2025072101021200,ADBL,ABC Securities Private Limited,Imperial Securities Company Pvt. Ltd.,100,330.0,33000.0,2025-07-21 13:33:17.478815
2025-07-21,57406,2025072101021249,ADBL,Himalayan Securities Limited,Sanima Securities Limited,3,331.0,993.0,2025-07-21 13:33:26.910518
2025-07-21,57055,2025072101021333,ADBL,Naasa Securities Co. Ltd.,Arun Securities (PVT) Ltd.,5,323.4,1617.0,2025-07-21 13:34:27.974273
2025-07-21,57022,2025072101021342,ADBL,ABC Securities Private Limited,Naasa Securities Co. Ltd.,52,330.0,17160.0,2025-07-21 13:34:32.240520
2025-07-21,56868,2025072101021396,ADBL,Sani Securities Company Ltd.,Naasa Securities Co. Ltd.,12,330.5,3966.0,2025-07-21 13:35:03.022213
2025-07-21,56800,2025072101021410,ADBL,ABC Securities Private Limited,Sumeru Securities Pvt. Ltd.,100,330.0,33000.0,2025-07-21 13:35:11.516043
2025-07-21,56505,2025072101021464,ADBL,ABC Securities Private Limited,Malla & Malla Stock Broking Company Pvt. Limited,423,330.0,139590.0,2025-07-21 13:35:56.647077
2025-07-21,56504,2025072101021465,ADBL,ABC Securities Private Limited,Malla & Malla Stock Broking Company Pvt. Limited,585,330.0,193050.0,2025-07-21 13:35:56.647310
2025-07-21,55803,2025072101021636,ADBL,Secured Securities Ltd.,APPLE SECURITIES PRIVATE LIMITED,763,331.0,252553.0,2025-07-21 13:37:34.104291
2025-07-21,55802,2025072101021637,ADBL,Secured Securities Ltd.,Secured Securities Ltd.,100,331.0,33100.0,2025-07-21 13:37:34.104507
2025-07-21,55801,2025072101021638,ADBL,Secured Securities Ltd.,Dipshikha Dhitopatra Karobar Co. Pvt Ltd.,40,331.0,13240.0,2025-07-21 13:37:34.104595
2025-07-21,55800,2025072101021639,ADBL,Secured Securities Ltd.,Naasa Securities Co. Ltd.,10,331.0,3310.0,2025-07-21 13:37:34.104677
2025-07-21,55799,2025072101021640,ADBL,Secured Securities Ltd.,Nagarik Stock Dealer ,1187,331.4,393371.8,2025-07-21 13:37:34.104760
2025-07-21,55748,2025072101021652,ADBL,ABC Securities Private Limited,Cristal Kanchanjanga Securites Pvt. Ltd.,22,330.0,7260.0,2025-07-21 13:37:40.640836
2025-07-21,55403,2025072101021766,ADBL,ABC Securities Private Limited,Secured Securities Ltd.,10,330.0,3300.0,2025-07-21 13:38:34.474627
2025-07-21,55263,2025072101021809,ADBL,Nagarik Stock Dealer ,Nagarik Stock Dealer ,85,331.4,28169.0,2025-07-21 13:38:50.752174
2025-07-21,54398,2025072101022079,ADBL,Nagarik Stock Dealer ,Imperial Securities Company Pvt. Ltd.,10,331.0,3310.0,2025-07-21 13:40:54.372842
2025-07-21,54273,2025072101022102,ADBL,Nagarik Stock Dealer ,Aakashbhairab Securities Ltd.,90,331.0,29790.0,2025-07-21 13:41:09.510960
2025-07-21,54272,2025072101022103,ADBL,ABC Securities Private Limited,Aakashbhairab Securities Ltd.,783,330.0,258390.0,2025-07-21 13:41:09.511193
2025-07-21,54271,2025072101022104,ADBL,ABC Securities Private Limited,Aakashbhairab Securities Ltd.,127,330.0,41910.0,2025-07-21 13:41:09.511277
2025-07-21,53880,2025072101022208,ADBL,ABC Securities Private Limited,Aakashbhairab Securities Ltd.,1000,330.0,330000.0,2025-07-21 13:42:01.696774
2025-07-21,52842,2025072101022429,ADBL,Imperial Securities Company Pvt. Ltd.,Nagarik Stock Dealer ,10,331.4,3314.0,2025-07-21 13:44:11.530372
2025-07-21,51920,2025072101022601,ADBL,Secured Securities Ltd.,Imperial Securities Company Pvt. Ltd.,103,331.5,34144.5,2025-07-21 13:46:01.231824
2025-07-21,51919,2025072101022602,ADBL,Secured Securities Ltd.,Primo Securities (PVT) Ltd.,25,331.8,8295.0,2025-07-21 13:46:01.232275
2025-07-21,51918,2025072101022603,ADBL,Secured Securities Ltd.,Nepal Stock House (PVT) Ltd.,300,331.8,99540.0,2025-07-21 13:46:01.232515
2025-07-21,51917,2025072101022604,ADBL,Secured Securities Ltd.,Himalayan Brokerage Company Limited,75,331.9,24892.5,2025-07-21 13:46:01.232752
2025-07-21,51916,2025072101022605,ADBL,Secured Securities Ltd.,Sani Securities Company Ltd.,2000,332.0,664000.0,2025-07-21 13:46:01.232992
2025-07-21,51915,2025072101022606,ADBL,Secured Securities Ltd.,Naasa Securities Co. Ltd.,100,332.0,33200.0,2025-07-21 13:46:01.233237
2025-07-21,51914,2025072101022607,ADBL,Secured Securities Ltd.,Naasa Securities Co. Ltd.,20,332.0,6640.0,2025-07-21 13:46:01.233502
2025-07-21,51913,2025072101022608,ADBL,Secured Securities Ltd.,Asian Securities Private Ltd.,78,332.0,25896.0,2025-07-21 13:46:01.233735
2025-07-21,51912,2025072101022609,ADBL,Secured Securities Ltd.,J.F. Securites (PVT) Ltd.,299,332.0,99268.0,2025-07-21 13:46:01.233953
2025-07-21,51457,2025072101022738,ADBL,Naasa Securities Co. Ltd.,Sundhara Securities Limited,50,330.2,16510.0,2025-07-21 13:47:03.803280
2025-07-21,50935,2025072101022855,ADBL,Aryatara Investment & Securities,Market Securities & Exchange (PVT) Ltd.,10,330.5,3305.0,2025-07-21 13:48:13.698190
2025-07-21,50765,2025072101022892,ADBL,Aryatara Investment & Securities,Kohinoor Investment & Securities Pvt. Ltd.,90,330.5,29745.0,2025-07-21 13:48:34.360191
2025-07-21,50764,2025072101022893,ADBL,Naasa Securities Co. Ltd.,Kohinoor Investment & Securities Pvt. Ltd.,29,330.2,9575.8,2025-07-21 13:48:34.360596
2025-07-21,50168,2025072101022981,ADBL,Dakshinkali Investment & Securities Pvt. Ltd.,Secured Securities Ltd.,3,329.1,987.3,2025-07-21 13:49:32.161418
2025-07-21,49889,2025072101023016,ADBL,Secured Securities Ltd.,J.F. Securites (PVT) Ltd.,18,332.0,5976.0,2025-07-21 13:49:55.956125
2025-07-21,49684,2025072101023055,ADBL,Naasa Securities Co. Ltd.,J.F. Securites (PVT) Ltd.,61,332.0,20252.0,2025-07-21 13:50:10.238059
2025-07-21,49683,2025072101023056,ADBL,Naasa Securities Co. Ltd.,Kohinoor Investment & Securities Pvt. Ltd.,160,332.0,53120.0,2025-07-21 13:50:10.238552
2025-07-21,49626,2025072101023072,ADBL,Sani Securities Company Ltd.,Thrive Brokerage House Pvt. Ltd,191,330.2,63068.2,2025-07-21 13:50:17.091052
2025-07-21,49333,2025072101023141,ADBL,Aryatara Investment & Securities,Sweta Securities Private Limited,24,330.3,7927.2,2025-07-21 13:50:45.070469
2025-07-21,48950,2025072101023224,ADBL,Aryatara Investment & Securities,Aakashbhairab Securities Ltd.,76,330.3,25102.8,2025-07-21 13:51:19.511034
2025-07-21,48578,2025072101023288,ADBL,Sani Securities Company Ltd.,Imperial Securities Company Pvt. Ltd.,106,330.2,35001.2,2025-07-21 13:51:54.119669
2025-07-21,48341,2025072101023378,ADBL,Trishakti Securities Public Limited,Aakashbhairab Securities Ltd.,100,330.3,33030.0,2025-07-21 13:52:13.987802
2025-07-21,47901,2025072101023471,ADBL,Naasa Securities Co. Ltd.,Aakashbhairab Securities Ltd.,330,330.3,108999.0,2025-07-21 13:52:48.087841
2025-07-21,47701,2025072101023510,ADBL,Sani Securities Company Ltd.,Sani Securities Company Ltd.,119,330.2,39293.8,2025-07-21 13:53:10.990702
2025-07-21,47600,2025072101023538,ADBL,Naasa Securities Co. Ltd.,Aakashbhairab Securities Ltd.,52,330.3,17175.6,2025-07-21 13:53:22.429735
2025-07-21,47411,2025072101023603,ADBL,Aryatara Investment & Securities,Aakashbhairab Securities Ltd.,100,330.3,33030.0,2025-07-21 13:53:46.945441
2025-07-21,47306,2025072101023628,ADBL,Aryatara Investment & Securities,Aakashbhairab Securities Ltd.,342,330.3,112962.6,2025-07-21 13:53:55.172719
2025-07-21,47105,2025072101023664,ADBL,Sajilo Broker Limited,Midas Stock Broking Company Private Limited,37,331.0,12247.0,2025-07-21 13:54:24.040970
2025-07-21,46403,2025072101023821,ADBL,Sajilo Broker Limited,Shree Krishna Securities Ltd.,50,331.0,16550.0,2025-07-21 13:55:39.621543
2025-07-21,45995,2025072101023918,ADBL,Aryatara Investment & Securities,Kohinoor Investment & Securities Pvt. Ltd.,40,332.0,13280.0,2025-07-21 13:56:38.789020
2025-07-21,45994,2025072101023919,ADBL,Aryatara Investment & Securities,Online Securities Pvt. Ltd.,30,332.0,9960.0,2025-07-21 13:56:38.789426
2025-07-21,45993,2025072101023920,ADBL,Aryatara Investment & Securities,Nepal Investment And Securities Trading Private Limited,14,332.0,4648.0,2025-07-21 13:56:38.789665
2025-07-21,45992,2025072101023921,ADBL,Aryatara Investment & Securities,Neev Securities Pvt. Ltd.,74,332.0,24568.0,2025-07-21 13:56:38.789900
2025-07-21,43363,2025072101024422,ADBL,Sani Securities Company Ltd.,Neev Securities Pvt. Ltd.,97,332.0,32204.0,2025-07-21 14:00:40.131476
2025-07-21,43362,2025072101024423,ADBL,Sani Securities Company Ltd.,Aryatara Investment & Securities,208,332.3,69118.4,2025-07-21 14:00:40.131738
2025-07-21,43361,2025072101024424,ADBL,Sani Securities Company Ltd.,Cristal Kanchanjanga Securites Pvt. Ltd.,50,332.5,16625.0,2025-07-21 14:00:40.131833
2025-07-21,43360,2025072101024425,ADBL,Sani Securities Company Ltd.,Thrive Brokerage House Pvt. Ltd,250,332.5,83125.0,2025-07-21 14:00:40.131917
2025-07-21,41998,2025072101024765,ADBL,Elite Stock House Limited,Cristal Kanchanjanga Securites Pvt. Ltd.,60,332.7,19962.0,2025-07-21 14:03:07.404820
2025-07-21,40155,2025072101025130,ADBL,Sani Securities Company Ltd.,Roadshow securities limited,65,332.5,21612.5,2025-07-21 14:06:11.308303
2025-07-21,40154,2025072101025131,ADBL,Sajilo Broker Limited,Roadshow securities limited,413,331.0,136703.0,2025-07-21 14:06:11.308482
2025-07-21,40153,2025072101025132,ADBL,Trishakti Securities Public Limited,Roadshow securities limited,37,331.0,12247.0,2025-07-21 14:06:11.308563
2025-07-21,39475,2025072101025253,ADBL,Trishakti Securities Public Limited,Aryatara Investment & Securities,53,331.0,17543.0,2025-07-21 14:07:25.436590
2025-07-21,39474,2025072101025254,ADBL,Aryatara Investment & Securities,Aryatara Investment & Securities,747,331.0,247257.0,2025-07-21 14:07:25.436802
2025-07-21,38839,2025072101025378,ADBL,Aryatara Investment & Securities,Thrive Brokerage House Pvt. Ltd,250,331.0,82750.0,2025-07-21 14:08:34.822201
2025-07-21,38703,2025072101025401,ADBL,Aryatara Investment & Securities,Naasa Securities Co. Ltd.,98,331.0,32438.0,2025-07-21 14:08:52.396568
2025-07-21,38565,2025072101025435,ADBL,Aryatara Investment & Securities,Trisul Securities & Invt. Ltd.,39,331.0,12909.0,2025-07-21 14:09:09.890273
2025-07-21,36309,2025072101025919,ADBL,Nepal Investment And Securities Trading Private Limited,Ashutosh Brokerage & Securities (PVT) Ltd.,60,331.1,19866.0,2025-07-21 14:13:27.989452
2025-07-21,36308,2025072101025920,ADBL,Aryatara Investment & Securities,Ashutosh Brokerage & Securities (PVT) Ltd.,76,331.0,25156.0,2025-07-21 14:13:27.989508
2025-07-21,36307,2025072101025921,ADBL,Creative Securities Pvt Ltd,Ashutosh Brokerage & Securities (PVT) Ltd.,2864,331.0,947984.0,2025-07-21 14:13:27.989536
2025-07-21,36114,2025072101025972,ADBL,Creative Securities Pvt Ltd,Sumeru Securities Pvt. Ltd.,200,331.0,66200.0,2025-07-21 14:13:52.283225
2025-07-21,35759,2025072101026071,ADBL,Creative Securities Pvt Ltd,Premier Securities Company Ltd.,536,331.0,177416.0,2025-07-21 14:14:26.647299
2025-07-21,35758,2025072101026072,ADBL,Oxford Securities Pvt. Ltd.,Premier Securities Company Ltd.,100,331.0,33100.0,2025-07-21 14:14:26.647513
2025-07-21,35757,2025072101026073,ADBL,Online Securities Pvt. Ltd.,Premier Securities Company Ltd.,120,331.0,39720.0,2025-07-21 14:14:26.647595
2025-07-21,34916,2025072101026238,ADBL,Secured Securities Ltd.,Kohinoor Investment & Securities Pvt. Ltd.,100,330.3,33030.0,2025-07-21 14:15:57.064961
2025-07-21,34915,2025072101026239,ADBL,Sani Securities Company Ltd.,Kohinoor Investment & Securities Pvt. Ltd.,111,330.3,36663.3,2025-07-21 14:15:57.065371
2025-07-21,34838,2025072101026268,ADBL,Sani Securities Company Ltd.,Midas Stock Broking Company Private Limited,26,330.3,8587.8,2025-07-21 14:16:08.084418
2025-07-21,34068,2025072101026439,ADBL,Aryatara Investment & Securities,Premier Securities Company Ltd.,200,331.0,66200.0,2025-07-21 14:17:38.183764
2025-07-21,33810,2025072101026502,ADBL,Sani Securities Company Ltd.,Premier Securities Company Ltd.,544,330.3,179683.2,2025-07-21 14:18:03.140744
2025-07-21,33654,2025072101026539,ADBL,Sani Securities Company Ltd.,Kohinoor Investment & Securities Pvt. Ltd.,99,330.3,32699.7,2025-07-21 14:18:23.674924
2025-07-21,31332,2025072101027162,ADBL,Primo Securities (PVT) Ltd.,Sri Hari Securities Pvt. Ltd.,96,330.5,31728.0,2025-07-21 14:22:26.948179
2025-07-21,30942,2025072101027288,ADBL,Sani Securities Company Ltd.,Linch Stock Market Ltd.,220,330.3,72666.0,2025-07-21 14:23:01.650544
2025-07-21,30941,2025072101027289,ADBL,Opal Securities Investment (PVT) Ltd.,Linch Stock Market Ltd.,280,330.3,92484.0,2025-07-21 14:23:01.650765
2025-07-21,30790,2025072101027334,ADBL,Sani Securities Company Ltd.,Oxford Securities Pvt. Ltd.,70,330.5,23135.0,2025-07-21 14:23:18.810575
2025-07-21,30586,2025072101027407,ADBL,Imperial Securities Company Pvt. Ltd.,Naasa Securities Co. Ltd.,20,330.8,6616.0,2025-07-21 14:23:36.978510
2025-07-21,30121,2025072101027552,ADBL,Sani Securities Company Ltd.,Naasa Securities Co. Ltd.,200,330.5,66100.0,2025-07-21 14:24:23.540030
2025-07-21,29891,2025072101027584,ADBL,Sani Securities Company Ltd.,Dipshikha Dhitopatra Karobar Co. Pvt Ltd.,295,330.5,97497.5,2025-07-21 14:24:46.652851
2025-07-21,27928,2025072101028037,ADBL,Opal Securities Investment (PVT) Ltd.,Primo Securities (PVT) Ltd.,20,330.3,6606.0,2025-07-21 14:28:14.605751
2025-07-21,27927,2025072101028038,ADBL,Kalika Securities Pvt. Ltd.,Primo Securities (PVT) Ltd.,83,330.1,27398.3,2025-07-21 14:28:14.605994
2025-07-21,27694,2025072101028090,ADBL,Kalika Securities Pvt. Ltd.,ABC Securities Private Limited,26,330.1,8582.6,2025-07-21 14:28:43.043637
2025-07-21,27486,2025072101028174,ADBL,Sweta Securities Private Limited,Imperial Securities Company Pvt. Ltd.,100,330.6,33060.0,2025-07-21 14:29:04.470092
2025-07-21,27188,2025072101028247,ADBL,Kalika Securities Pvt. Ltd.,Linch Stock Market Ltd.,100,330.1,33010.0,2025-07-21 14:29:38.237584
2025-07-21,25711,2025072101028652,ADBL,Kalika Securities Pvt. Ltd.,Naasa Securities Co. Ltd.,30,330.1,9903.0,2025-07-21 14:32:25.229393
2025-07-21,23949,2025072101029161,ADBL,Kalika Securities Pvt. Ltd.,Kumari Securities Private Limited,11,330.1,3631.1,2025-07-21 14:36:00.441326
2025-07-21,23948,2025072101029162,ADBL,Sewa Securities Pvt. Ltd.,Kumari Securities Private Limited,20,330.1,6602.0,2025-07-21 14:36:00.441768
2025-07-21,23947,2025072101029163,ADBL,Naasa Securities Co. Ltd.,Kumari Securities Private Limited,72,330.1,23767.2,2025-07-21 14:36:00.442190
2025-07-21,23909,2025072101029175,ADBL,Naasa Securities Co. Ltd.,Dipshikha Dhitopatra Karobar Co. Pvt Ltd.,28,330.1,9242.8,2025-07-21 14:36:04.493594
2025-07-21,23908,2025072101029176,ADBL,ABC Securities Private Limited,Dipshikha Dhitopatra Karobar Co. Pvt Ltd.,71,330.0,23430.0,2025-07-21 14:36:04.493831
2025-07-21,23872,2025072101029186,ADBL,ABC Securities Private Limited,Aryatara Investment & Securities,10,330.0,3300.0,2025-07-21 14:36:10.697216
2025-07-21,23488,2025072101029307,ADBL,ABC Securities Private Limited,Cristal Kanchanjanga Securites Pvt. Ltd.,50,330.0,16500.0,2025-07-21 14:36:57.428820
2025-07-21,23232,2025072101029370,ADBL,Naasa Securities Co. Ltd.,Naasa Securities Co. Ltd.,15,330.5,4957.5,2025-07-21 14:37:26.671263
2025-07-21,23194,2025072101029396,ADBL,ABC Securities Private Limited,Premier Securities Company Ltd.,42,330.0,13860.0,2025-07-21 14:37:29.921057
2025-07-21,23193,2025072101029397,ADBL,ABC Securities Private Limited,Premier Securities Company Ltd.,178,330.0,58740.0,2025-07-21 14:37:29.921288
2025-07-21,23082,2025072101029424,ADBL,ABC Securities Private Limited,Neev Securities Pvt. Ltd.,231,330.0,76230.0,2025-07-21 14:37:43.676254
2025-07-21,22027,2025072101029762,ADBL,ABC Securities Private Limited,Sani Securities Company Ltd.,106,330.0,34980.0,2025-07-21 14:39:29.545910
2025-07-21,21774,2025072101029809,ADBL,ABC Securities Private Limited,Online Securities Pvt. Ltd.,20,330.0,6600.0,2025-07-21 14:40:01.858223
2025-07-21,21728,2025072101029817,ADBL,Neev Securities Pvt. Ltd.,Naasa Securities Co. Ltd.,294,330.5,97167.0,2025-07-21 14:40:06.835389
2025-07-21,21727,2025072101029818,ADBL,Neev Securities Pvt. Ltd.,Naasa Securities Co. Ltd.,40,330.7,13228.0,2025-07-21 14:40:06.835610
2025-07-21,21726,2025072101029819,ADBL,Neev Securities Pvt. Ltd.,Online Securities Pvt. Ltd.,127,330.9,42024.3,2025-07-21 14:40:06.835693
2025-07-21,21725,2025072101029820,ADBL,Neev Securities Pvt. Ltd.,Premier Securities Company Ltd.,539,331.0,178409.0,2025-07-21 14:40:06.835782
2025-07-21,21678,2025072101029835,ADBL,ABC Securities Private Limited,Naasa Securities Co. Ltd.,12,330.0,3960.0,2025-07-21 14:40:12.430158
2025-07-21,21306,2025072101029919,ADBL,ABC Securities Private Limited,ABC Securities Private Limited,410,330.0,135300.0,2025-07-21 14:40:51.482223
2025-07-21,20184,2025072101030206,ADBL,ABC Securities Private Limited,Linch Stock Market Ltd.,50,330.0,16500.0,2025-07-21 14:42:32.268221
2025-07-21,19618,2025072101030377,ADBL,ABC Securities Private Limited,Linch Stock Market Ltd.,50,330.0,16500.0,2025-07-21 14:43:27.951040
2025-07-21,19513,2025072101030412,ADBL,ABC Securities Private Limited,Shree Krishna Securities Ltd.,143,330.0,47190.0,2025-07-21 14:43:37.045763
2025-07-21,19512,2025072101030413,ADBL,ABC Securities Private Limited,Shree Krishna Securities Ltd.,137,330.0,45210.0,2025-07-21 14:43:37.046194
2025-07-21,19085,2025072101030499,ADBL,ABC Securities Private Limited,Secured Securities Ltd.,10,330.0,3300.0,2025-07-21 14:44:08.960595
2025-07-21,17777,2025072101030915,ADBL,Sweta Securities Private Limited,Kumari Securities Private Limited,120,330.1,39612.0,2025-07-21 14:45:25.138331
2025-07-21,17483,2025072101030993,ADBL,Malla & Malla Stock Broking Company Pvt. Limited,Secured Securities Ltd.,100,330.8,33080.0,2025-07-21 14:45:53.438901
2025-07-21,17352,2025072101031022,ADBL,Sewa Securities Pvt. Ltd.,Malla & Malla Stock Broking Company Pvt. Limited,10,331.0,3310.0,2025-07-21 14:46:04.970738
2025-07-21,17351,2025072101031023,ADBL,Sewa Securities Pvt. Ltd.,Sani Securities Company Ltd.,200,331.0,66200.0,2025-07-21 14:46:04.971211
2025-07-21,17062,2025072101031100,ADBL,Sewa Securities Pvt. Ltd.,Online Securities Pvt. Ltd.,240,331.0,79440.0,2025-07-21 14:46:28.697154
2025-07-21,17061,2025072101031101,ADBL,Sweta Securities Private Limited,Online Securities Pvt. Ltd.,380,330.1,125438.0,2025-07-21 14:46:28.697385
2025-07-21,17060,2025072101031102,ADBL,Primo Securities (PVT) Ltd.,Online Securities Pvt. Ltd.,470,330.1,155147.0,2025-07-21 14:46:28.697467
2025-07-21,16368,2025072101031288,ADBL,Asian Securities Private Ltd.,Online Securities Pvt. Ltd.,200,331.0,66200.0,2025-07-21 14:47:21.840795
2025-07-21,15824,2025072101031414,ADBL,Capital Max Securities Ltd,Online Securities Pvt. Ltd.,40,331.0,13240.0,2025-07-21 14:47:57.518186
2025-07-21,15823,2025072101031415,ADBL,Capital Max Securities Ltd,Online Securities Pvt. Ltd.,842,331.0,278702.0,2025-07-21 14:47:57.518413
2025-07-21,15495,2025072101031500,ADBL,Capital Max Securities Ltd,Secured Securities Ltd.,71,331.0,23501.0,2025-07-21 14:48:24.705912
2025-07-21,14930,2025072101031638,ADBL,Capital Max Securities Ltd,Dipshikha Dhitopatra Karobar Co. Pvt Ltd.,101,331.1,33441.1,2025-07-21 14:49:08.031496
2025-07-21,13395,2025072101032001,ADBL,Primo Securities (PVT) Ltd.,Sumeru Securities Pvt. Ltd.,30,330.5,9915.0,2025-07-21 14:51:04.182965
2025-07-21,13394,2025072101032002,ADBL,Kumari Securities Private Limited,Sumeru Securities Pvt. Ltd.,245,330.2,80899.0,2025-07-21 14:51:04.183208
2025-07-21,13157,2025072101032053,ADBL,Deevyaa Securities & Stock House Pvt. Ltd,South Asian Bulls Pvt. Ltd.,200,330.2,66040.0,2025-07-21 14:51:16.136757
2025-07-21,13156,2025072101032054,ADBL,Primo Securities (PVT) Ltd.,South Asian Bulls Pvt. Ltd.,200,330.1,66020.0,2025-07-21 14:51:16.137011
2025-07-21,12307,2025072101032298,ADBL,Creative Securities Pvt Ltd,Vision Securities Pvt. Ltd,25,331.0,8275.0,2025-07-21 14:52:09.920376
2025-07-21,12067,2025072101032363,ADBL,Creative Securities Pvt Ltd,Vision Securities Pvt. Ltd,75,331.0,24825.0,2025-07-21 14:52:22.907828
2025-07-21,11130,2025072101032611,ADBL,Sundhara Securities Limited,Cristal Kanchanjanga Securites Pvt. Ltd.,170,330.3,56151.0,2025-07-21 14:53:21.462038
2025-07-21,11080,2025072101032625,ADBL,Sundhara Securities Limited,Kumari Securities Private Limited,30,330.3,9909.0,2025-07-21 14:53:24.797416
2025-07-21,11079,2025072101032626,ADBL,Midas Stock Broking Company Private Limited,Kumari Securities Private Limited,657,330.3,217007.1,2025-07-21 14:53:24.797674
2025-07-21,10972,2025072101032643,ADBL,Kumari Securities Private Limited,Vision Securities Pvt. Ltd,134,330.5,44287.0,2025-07-21 14:53:30.863133
2025-07-21,10833,2025072101032683,ADBL,Kumari Securities Private Limited,Thrive Brokerage House Pvt. Ltd,100,330.5,33050.0,2025-07-21 14:53:38.995641
2025-07-21,9698,2025072101033002,ADBL,Capital Max Securities Ltd,Cristal Kanchanjanga Securites Pvt. Ltd.,100,331.7,33170.0,2025-07-21 14:54:44.199267
2025-07-21,9280,2025072101033084,ADBL,Dipshikha Dhitopatra Karobar Co. Pvt Ltd.,Premier Securities Company Ltd.,200,331.8,66360.0,2025-07-21 14:55:06.763320
2025-07-21,9161,2025072101033104,ADBL,Capital Max Securities Ltd,Premier Securities Company Ltd.,761,331.8,252499.8,2025-07-21 14:55:14.463016
2025-07-21,8579,2025072101033236,ADBL,Creative Securities Pvt Ltd,Premier Securities Company Ltd.,500,331.9,165950.0,2025-07-21 14:55:43.014469
2025-07-21,8210,2025072101033344,ADBL,Aryatara Investment & Securities,Premier Securities Company Ltd.,200,331.9,66380.0,2025-07-21 14:55:58.459942
2025-07-21,7859,2025072101033407,ADBL,Creative Securities Pvt Ltd,Premier Securities Company Ltd.,500,331.9,165950.0,2025-07-21 14:56:16.404113
2025-07-21,7482,2025072101033478,ADBL,Capital Max Securities Ltd,Aryatara Investment & Securities,700,332.0,232400.0,2025-07-21 14:56:31.053239
2025-07-21,7481,2025072101033479,ADBL,Capital Max Securities Ltd,Secured Securities Ltd.,200,332.0,66400.0,2025-07-21 14:56:31.053512
2025-07-21,7480,2025072101033480,ADBL,Capital Max Securities Ltd,Premier Securities Company Ltd.,150,332.0,49800.0,2025-07-21 14:56:31.053611
2025-07-21,7479,2025072101033481,ADBL,Capital Max Securities Ltd,Sani Securities Company Ltd.,15,332.0,4980.0,2025-07-21 14:56:31.053739
2025-07-21,7478,2025072101033482,ADBL,Capital Max Securities Ltd,Sani Securities Company Ltd.,160,332.0,53120.0,2025-07-21 14:56:31.053853
2025-07-21,7477,2025072101033483,ADBL,Capital Max Securities Ltd,Imperial Securities Company Pvt. Ltd.,28,332.0,9296.0,2025-07-21 14:56:31.053972
2025-07-21,7476,2025072101033484,ADBL,Capital Max Securities Ltd,Sweta Securities Private Limited,96,332.0,31872.0,2025-07-21 14:56:31.054098
2025-07-21,5840,2025072101033901,ADBL,Primo Securities (PVT) Ltd.,Trisul Securities & Invt. Ltd.,474,332.5,157605.0,2025-07-21 14:57:36.399875
2025-07-21,5839,2025072101033902,ADBL,Primo Securities (PVT) Ltd.,Cristal Kanchanjanga Securites Pvt. Ltd.,40,332.7,13308.0,2025-07-21 14:57:36.400178
2025-07-21,5838,2025072101033903,ADBL,Primo Securities (PVT) Ltd.,Online Securities Pvt. Ltd.,486,332.9,161789.4,2025-07-21 14:57:36.400354
2025-07-21,4269,2025072101034281,ADBL,Sumeru Securities Pvt. Ltd.,Online Securities Pvt. Ltd.,36,332.9,11984.4,2025-07-21 14:58:25.694533
2025-07-21,3980,2025072101034367,ADBL,Creative Securities Pvt Ltd,Online Securities Pvt. Ltd.,26,332.9,8655.4,2025-07-21 14:58:34.330740
2025-07-21,3408,2025072101034541,ADBL,Capital Max Securities Ltd,Online Securities Pvt. Ltd.,452,332.9,150470.8,2025-07-21 14:58:48.197189
2025-07-21,2580,2025072101034764,ADBL,Sweta Securities Private Limited,Premier Securities Company Ltd.,100,332.0,33200.0,2025-07-21 14:59:12.197299
2025-07-21,2579,2025072101034765,ADBL,Sweta Securities Private Limited,Trishakti Securities Public Limited,40,333.0,13320.0,2025-07-21 14:59:12.197512
2025-07-21,2578,2025072101034766,ADBL,Sweta Securities Private Limited,Nepal Investment And Securities Trading Private Limited,97,333.0,32301.0,2025-07-21 14:59:12.197607
2025-07-21,2577,2025072101034767,ADBL,Sweta Securities Private Limited,J.F. Securites (PVT) Ltd.,150,333.0,49950.0,2025-07-21 14:59:12.197697
2025-07-21,2576,2025072101034768,ADBL,Sweta Securities Private Limited,Sani Securities Company Ltd.,58,333.0,19314.0,2025-07-21 14:59:12.197785
2025-07-21,2575,2025072101034769,ADBL,Sweta Securities Private Limited,Dynamic Money Managers Securities Pvt. Ltd.,94,333.0,31302.0,2025-07-21 14:59:12.197868
2025-07-21,2574,2025072101034770,ADBL,Sweta Securities Private Limited,Sri Hari Securities Pvt. Ltd.,115,333.0,38295.0,2025-07-21 14:59:12.197955
2025-07-21,2573,2025072101034771,ADBL,Sweta Securities Private Limited,Siprabi Securities Pvt. Ltd.,127,333.0,42291.0,2025-07-21 14:59:12.198045
2025-07-21,2572,2025072101034772,ADBL,Sweta Securities Private Limited,Naasa Securities Co. Ltd.,100,333.0,33300.0,2025-07-21 14:59:12.198137
2025-07-21,2571,2025072101034773,ADBL,Sweta Securities Private Limited,Naasa Securities Co. Ltd.,80,333.3,26664.0,2025-07-21 14:59:12.198224
2025-07-21,2570,2025072101034774,ADBL,Sweta Securities Private Limited,Aryatara Investment & Securities,50,333.5,16675.0,2025-07-21 14:59:12.198306
2025-07-21,2569,2025072101034775,ADBL,Sweta Securities Private Limited,Sani Securities Company Ltd.,2000,334.0,668000.0,2025-07-21 14:59:12.198426
2025-07-21,2568,2025072101034776,ADBL,Sweta Securities Private Limited,ABC Securities Private Limited,500,334.0,167000.0,2025-07-21 14:59:12.198514
2025-07-21,2567,2025072101034777,ADBL,Sweta Securities Private Limited,Investment Management Nepal Pvt. Ltd.,115,334.0,38410.0,2025-07-21 14:59:12.198598
2025-07-21,2566,2025072101034778,ADBL,Sweta Securities Private Limited,Sumeru Securities Pvt. Ltd.,25,334.0,8350.0,2025-07-21 14:59:12.198684
2025-07-21,2565,2025072101034779,ADBL,Sweta Securities Private Limited,Thrive Brokerage House Pvt. Ltd,300,334.0,100200.0,2025-07-21 14:59:12.198768
2025-07-21,2206,2025072101034877,ADBL,Sweta Securities Private Limited,Kalika Securities Pvt. Ltd.,49,334.0,16366.0,2025-07-21 14:59:21.527233
2025-07-21,2205,2025072101034878,ADBL,Sani Securities Company Ltd.,Kalika Securities Pvt. Ltd.,451,333.0,150183.0,2025-07-21 14:59:21.527424
2025-07-21,472,2025072101035373,ADBL,Thrive Brokerage House Pvt. Ltd,Oxford Securities Pvt. Ltd.,100,334.5,33450.0,2025-07-21 14:59:54.090100
2025-07-21,471,2025072101035374,ADBL,Thrive Brokerage House Pvt. Ltd,Kohinoor Investment & Securities Pvt. Ltd.,11,334.9,3683.9,2025-07-21 14:59:54.090141
