Date,S.N.,contract_id,symbol,buyer_broker,seller_broker,volume,price,amount,transaction_time
2025-07-21,138222,2025072103000132,KSBBL,Imperial Securities Company Pvt. Ltd.,K.B.L. Securities Limited ,10,512.0,5120.0,2025-07-21 11:01:22.230051
2025-07-21,138221,2025072103000133,KSBBL,Sani Securities Company Ltd.,K.B.L. Securities Limited ,90,511.1,45999.0,2025-07-21 11:01:22.230106
2025-07-21,138038,2025072103000164,KSBBL,Vision Securities Pvt. Ltd,Deevyaa Securities & Stock House Pvt. Ltd,300,520.0,156000.0,2025-07-21 11:01:47.179523
2025-07-21,137933,2025072103000176,KSBBL,Vision Securities Pvt. Ltd,Nabil Stock Dealer Ltd.,200,520.0,104000.0,2025-07-21 11:01:53.488581
2025-07-21,137592,2025072103000228,KSBBL,South Asian Bulls Pvt. Ltd.,Naasa Securities Co. Ltd.,500,520.0,260000.0,2025-07-21 11:02:38.320335
2025-07-21,137046,2025072103000356,KSBBL,Cristal Kanchanjanga Securites Pvt. Ltd.,Naasa Securities Co. Ltd.,1500,520.0,780000.0,2025-07-21 11:03:45.647150
2025-07-21,137045,2025072103000357,KSBBL,Cristal Kanchanjanga Securites Pvt. Ltd.,Sewa Securities Pvt. Ltd.,50,520.0,26000.0,2025-07-21 11:03:45.647314
2025-07-21,137044,2025072103000358,KSBBL,Cristal Kanchanjanga Securites Pvt. Ltd.,Deevyaa Securities & Stock House Pvt. Ltd,1000,520.0,520000.0,2025-07-21 11:03:45.647413
2025-07-21,137043,2025072103000359,KSBBL,Cristal Kanchanjanga Securites Pvt. Ltd.,Naasa Securities Co. Ltd.,99,520.0,51480.0,2025-07-21 11:03:45.647508
2025-07-21,136080,2025072103000599,KSBBL,Opal Securities Investment (PVT) Ltd.,Kumari Securities Private Limited,100,520.0,52000.0,2025-07-21 11:05:23.628485
2025-07-21,136031,2025072103000618,KSBBL,Opal Securities Investment (PVT) Ltd.,NIMB Stock Markets Limited,250,520.0,130000.0,2025-07-21 11:05:27.478416
2025-07-21,136030,2025072103000619,KSBBL,SHUBHAKAMANA SECURITIES PVT. LTD,NIMB Stock Markets Limited,250,520.0,130000.0,2025-07-21 11:05:27.478516
2025-07-21,135959,2025072103000631,KSBBL,SHUBHAKAMANA SECURITIES PVT. LTD,Vision Securities Pvt. Ltd,210,520.0,109200.0,2025-07-21 11:05:34.521545
2025-07-21,135869,2025072103000655,KSBBL,SHUBHAKAMANA SECURITIES PVT. LTD,Sharepro Securities Private Limited,1540,520.0,800800.0,2025-07-21 11:05:44.848775
2025-07-21,135868,2025072103000656,KSBBL,Primo Securities (PVT) Ltd.,Sharepro Securities Private Limited,500,520.0,260000.0,2025-07-21 11:05:44.848846
2025-07-21,135867,2025072103000657,KSBBL,Secured Securities Ltd.,Sharepro Securities Private Limited,500,515.1,257550.0,2025-07-21 11:05:44.848886
2025-07-21,135866,2025072103000658,KSBBL,Aryatara Investment & Securities,Sharepro Securities Private Limited,20,515.0,10300.0,2025-07-21 11:05:44.848971
2025-07-21,135865,2025072103000659,KSBBL,Nepal Stock House (PVT) Ltd.,Sharepro Securities Private Limited,200,515.0,103000.0,2025-07-21 11:05:44.849004
2025-07-21,135864,2025072103000660,KSBBL,Ashutosh Brokerage & Securities (PVT) Ltd.,Sharepro Securities Private Limited,50,515.0,25750.0,2025-07-21 11:05:44.849072
2025-07-21,135863,2025072103000661,KSBBL,Naasa Securities Co. Ltd.,Sharepro Securities Private Limited,9190,515.0,4732850.0,2025-07-21 11:05:44.849109
2025-07-21,135808,2025072103000665,KSBBL,Vision Securities Pvt. Ltd,Dipshikha Dhitopatra Karobar Co. Pvt Ltd.,50,521.0,26050.0,2025-07-21 11:05:49.204709
2025-07-21,135351,2025072103000759,KSBBL,Vision Securities Pvt. Ltd,Elite Stock House Limited,250,522.0,130500.0,2025-07-21 11:06:34.239406
2025-07-21,134835,2025072103000874,KSBBL,Vision Securities Pvt. Ltd,Dipshikha Dhitopatra Karobar Co. Pvt Ltd.,10,521.0,5210.0,2025-07-21 11:07:15.919903
2025-07-21,134497,2025072103000948,KSBBL,Naasa Securities Co. Ltd.,Property Wiard Limited,200,518.0,103600.0,2025-07-21 11:07:42.829143
2025-07-21,134425,2025072103000973,KSBBL,Naasa Securities Co. Ltd.,Property Wiard Limited,10,518.0,5180.0,2025-07-21 11:07:46.847611
2025-07-21,134424,2025072103000974,KSBBL,Naasa Securities Co. Ltd.,Property Wiard Limited,810,515.0,417150.0,2025-07-21 11:07:46.847666
2025-07-21,134423,2025072103000975,KSBBL,K.B.L. Securities Limited ,Property Wiard Limited,980,515.0,504700.0,2025-07-21 11:07:46.847691
2025-07-21,134310,2025072103001001,KSBBL,K.B.L. Securities Limited ,Linch Stock Market Ltd.,20,515.0,10300.0,2025-07-21 11:07:57.176006
2025-07-21,133440,2025072103001206,KSBBL,Cristal Kanchanjanga Securites Pvt. Ltd.,Sani Securities Company Ltd.,350,514.0,179900.0,2025-07-21 11:09:17.415251
2025-07-21,133281,2025072103001225,KSBBL,Sri Hari Securities Pvt. Ltd.,Midas Stock Broking Company Private Limited,30,514.1,15423.0,2025-07-21 11:09:31.541536
2025-07-21,133280,2025072103001226,KSBBL,Cristal Kanchanjanga Securites Pvt. Ltd.,Midas Stock Broking Company Private Limited,70,514.0,35980.0,2025-07-21 11:09:31.541654
2025-07-21,132913,2025072103001300,KSBBL,Creative Securities Pvt Ltd,Property Wiard Limited,100,514.1,51410.0,2025-07-21 11:10:01.168351
2025-07-21,132912,2025072103001301,KSBBL,Cristal Kanchanjanga Securites Pvt. Ltd.,Property Wiard Limited,1370,514.0,704180.0,2025-07-21 11:10:01.168392
2025-07-21,132523,2025072103001388,KSBBL,Nepal Stock House (PVT) Ltd.,KALASH STOCK MARKET PVT. LTD.,100,514.1,51410.0,2025-07-21 11:10:38.887137
2025-07-21,132392,2025072103001412,KSBBL,Nepal Stock House (PVT) Ltd.,Sundhara Securities Limited,100,514.1,51410.0,2025-07-21 11:10:47.483175
2025-07-21,132391,2025072103001413,KSBBL,Sani Securities Company Ltd.,Sundhara Securities Limited,364,514.1,187132.4,2025-07-21 11:10:47.483297
2025-07-21,132366,2025072103001414,KSBBL,Sani Securities Company Ltd.,Nepal Investment And Securities Trading Private Limited,136,514.1,69917.6,2025-07-21 11:10:49.261408
2025-07-21,132365,2025072103001415,KSBBL,Sani Securities Company Ltd.,Nepal Investment And Securities Trading Private Limited,71,514.1,36501.1,2025-07-21 11:10:49.261532
2025-07-21,132192,2025072103001431,KSBBL,MILKY WAY SHARE BROKER COMPANY LTD ,Imperial Securities Company Pvt. Ltd.,20,514.3,10286.0,2025-07-21 11:11:03.562798
2025-07-21,132191,2025072103001432,KSBBL,Sani Securities Company Ltd.,Imperial Securities Company Pvt. Ltd.,429,514.1,220548.9,2025-07-21 11:11:03.562910
2025-07-21,132190,2025072103001433,KSBBL,Cristal Kanchanjanga Securites Pvt. Ltd.,Imperial Securities Company Pvt. Ltd.,210,514.0,107940.0,2025-07-21 11:11:03.562961
2025-07-21,132189,2025072103001434,KSBBL,Shree Krishna Securities Ltd.,Imperial Securities Company Pvt. Ltd.,559,514.0,287326.0,2025-07-21 11:11:03.563005
2025-07-21,131702,2025072103001591,KSBBL,Capital Max Securities Ltd,Dipshikha Dhitopatra Karobar Co. Pvt Ltd.,105,515.0,54075.0,2025-07-21 11:11:39.743951
2025-07-21,131378,2025072103001718,KSBBL,Shree Krishna Securities Ltd.,Neev Securities Pvt. Ltd.,441,515.0,227115.0,2025-07-21 11:11:59.741145
2025-07-21,131377,2025072103001719,KSBBL,Kalika Securities Pvt. Ltd.,Neev Securities Pvt. Ltd.,59,514.3,30343.7,2025-07-21 11:11:59.741181
2025-07-21,131287,2025072103001753,KSBBL,Sweta Securities Private Limited,Sani Securities Company Ltd.,200,515.1,103020.0,2025-07-21 11:12:06.439261
2025-07-21,131207,2025072103001764,KSBBL,Deevyaa Securities & Stock House Pvt. Ltd,Sani Securities Company Ltd.,1800,515.0,927000.0,2025-07-21 11:12:12.455233
2025-07-21,131177,2025072103001773,KSBBL,Market Securities & Exchange (PVT) Ltd.,Thrive Brokerage House Pvt. Ltd,50,517.0,25850.0,2025-07-21 11:12:14.670980
2025-07-21,131176,2025072103001774,KSBBL,Market Securities & Exchange (PVT) Ltd.,Naasa Securities Co. Ltd.,950,519.0,493050.0,2025-07-21 11:12:14.671033
2025-07-21,131097,2025072103001793,KSBBL,Dipshikha Dhitopatra Karobar Co. Pvt Ltd.,Naasa Securities Co. Ltd.,50,519.0,25950.0,2025-07-21 11:12:20.342508
2025-07-21,130900,2025072103001854,KSBBL,Cristal Kanchanjanga Securites Pvt. Ltd.,Property Wiard Limited,200,520.0,104000.0,2025-07-21 11:12:30.521186
2025-07-21,130899,2025072103001855,KSBBL,Cristal Kanchanjanga Securites Pvt. Ltd.,Secured Securities Ltd.,100,520.0,52000.0,2025-07-21 11:12:30.521298
2025-07-21,130898,2025072103001856,KSBBL,Cristal Kanchanjanga Securites Pvt. Ltd.,Online Securities Pvt. Ltd.,700,520.0,364000.0,2025-07-21 11:12:30.521381
2025-07-21,130897,2025072103001857,KSBBL,Cristal Kanchanjanga Securites Pvt. Ltd.,Nepal Stock House (PVT) Ltd.,200,520.0,104000.0,2025-07-21 11:12:30.521439
2025-07-21,130896,2025072103001858,KSBBL,Cristal Kanchanjanga Securites Pvt. Ltd.,Sani Securities Company Ltd.,200,520.0,104000.0,2025-07-21 11:12:30.521487
2025-07-21,130732,2025072103001912,KSBBL,Dipshikha Dhitopatra Karobar Co. Pvt Ltd.,Dipshikha Dhitopatra Karobar Co. Pvt Ltd.,40,521.0,20840.0,2025-07-21 11:12:40.618387
2025-07-21,130647,2025072103001938,KSBBL,Cristal Kanchanjanga Securites Pvt. Ltd.,Capital Hub P. Ltd,408,521.9,212935.2,2025-07-21 11:12:46.617828
2025-07-21,130646,2025072103001939,KSBBL,Cristal Kanchanjanga Securites Pvt. Ltd.,Hatemalo Financial Services Private Limited,950,522.0,495900.0,2025-07-21 11:12:46.617967
2025-07-21,130645,2025072103001940,KSBBL,Cristal Kanchanjanga Securites Pvt. Ltd.,Midas Stock Broking Company Private Limited,64,522.0,33408.0,2025-07-21 11:12:46.618053
2025-07-21,130644,2025072103001941,KSBBL,Cristal Kanchanjanga Securites Pvt. Ltd.,Online Securities Pvt. Ltd.,700,522.0,365400.0,2025-07-21 11:12:46.618104
2025-07-21,130643,2025072103001942,KSBBL,Cristal Kanchanjanga Securites Pvt. Ltd.,MILKY WAY SHARE BROKER COMPANY LTD ,156,522.0,81432.0,2025-07-21 11:12:46.618174
2025-07-21,130642,2025072103001943,KSBBL,Cristal Kanchanjanga Securites Pvt. Ltd.,Dipshikha Dhitopatra Karobar Co. Pvt Ltd.,410,523.0,214430.0,2025-07-21 11:12:46.618254
2025-07-21,130641,2025072103001944,KSBBL,Cristal Kanchanjanga Securites Pvt. Ltd.,Oxford Securities Pvt. Ltd.,100,523.0,52300.0,2025-07-21 11:12:46.618304
2025-07-21,130640,2025072103001945,KSBBL,Cristal Kanchanjanga Securites Pvt. Ltd.,Aryatara Investment & Securities,212,523.0,110876.0,2025-07-21 11:12:46.618370
2025-07-21,130460,2025072103001987,KSBBL,Cristal Kanchanjanga Securites Pvt. Ltd.,Aryatara Investment & Securities,400,520.0,208000.0,2025-07-21 11:13:00.684076
2025-07-21,130459,2025072103001988,KSBBL,Cristal Kanchanjanga Securites Pvt. Ltd.,Sumeru Securities Pvt. Ltd.,50,522.9,26145.0,2025-07-21 11:13:00.684190
2025-07-21,130458,2025072103001989,KSBBL,Cristal Kanchanjanga Securites Pvt. Ltd.,Aryatara Investment & Securities,38,523.0,19874.0,2025-07-21 11:13:00.684247
2025-07-21,130457,2025072103001990,KSBBL,Cristal Kanchanjanga Securites Pvt. Ltd.,Kumari Securities Private Limited,100,523.0,52300.0,2025-07-21 11:13:00.684299
2025-07-21,130456,2025072103001991,KSBBL,Cristal Kanchanjanga Securites Pvt. Ltd.,Neev Securities Pvt. Ltd.,300,523.0,156900.0,2025-07-21 11:13:00.684349
2025-07-21,130455,2025072103001992,KSBBL,Cristal Kanchanjanga Securites Pvt. Ltd.,Sewa Securities Pvt. Ltd.,50,523.5,26175.0,2025-07-21 11:13:00.684399
2025-07-21,130454,2025072103001993,KSBBL,Cristal Kanchanjanga Securites Pvt. Ltd.,Aryatara Investment & Securities,35,524.0,18340.0,2025-07-21 11:13:00.684450
2025-07-21,130453,2025072103001994,KSBBL,Cristal Kanchanjanga Securites Pvt. Ltd.,Nabil Stock Dealer Ltd.,500,524.0,262000.0,2025-07-21 11:13:00.684541
2025-07-21,130452,2025072103001995,KSBBL,Cristal Kanchanjanga Securites Pvt. Ltd.,Sani Securities Company Ltd.,500,524.0,262000.0,2025-07-21 11:13:00.684590
2025-07-21,130451,2025072103001996,KSBBL,Cristal Kanchanjanga Securites Pvt. Ltd.,Midas Stock Broking Company Private Limited,1000,524.0,524000.0,2025-07-21 11:13:00.684634
2025-07-21,130450,2025072103001997,KSBBL,Cristal Kanchanjanga Securites Pvt. Ltd.,ABC Securities Private Limited,53,524.0,27772.0,2025-07-21 11:13:00.684675
2025-07-21,130449,2025072103001998,KSBBL,Cristal Kanchanjanga Securites Pvt. Ltd.,South Asian Bulls Pvt. Ltd.,264,524.0,138336.0,2025-07-21 11:13:00.684721
2025-07-21,130448,2025072103001999,KSBBL,Cristal Kanchanjanga Securites Pvt. Ltd.,Cristal Kanchanjanga Securites Pvt. Ltd.,3000,524.0,1572000.0,2025-07-21 11:13:00.684808
2025-07-21,130447,2025072103002000,KSBBL,Cristal Kanchanjanga Securites Pvt. Ltd.,Naasa Securities Co. Ltd.,40,524.0,20960.0,2025-07-21 11:13:00.684898
2025-07-21,130446,2025072103002001,KSBBL,Cristal Kanchanjanga Securites Pvt. Ltd.,Premier Securities Company Ltd.,10,524.0,5240.0,2025-07-21 11:13:00.684943
2025-07-21,130445,2025072103002002,KSBBL,Cristal Kanchanjanga Securites Pvt. Ltd.,Swarna Laxmi Securities Pvt. Ltd.,100,524.0,52400.0,2025-07-21 11:13:00.684993
2025-07-21,130444,2025072103002003,KSBBL,Cristal Kanchanjanga Securites Pvt. Ltd.,Naasa Securities Co. Ltd.,200,524.0,104800.0,2025-07-21 11:13:00.685038
2025-07-21,130443,2025072103002004,KSBBL,Cristal Kanchanjanga Securites Pvt. Ltd.,Asian Securities Private Ltd.,135,524.0,70740.0,2025-07-21 11:13:00.685084
2025-07-21,130335,2025072103002048,KSBBL,Naasa Securities Co. Ltd.,Naasa Securities Co. Ltd.,50,524.2,26210.0,2025-07-21 11:13:07.931628
2025-07-21,130334,2025072103002049,KSBBL,Naasa Securities Co. Ltd.,Naasa Securities Co. Ltd.,100,524.2,52420.0,2025-07-21 11:13:07.931741
2025-07-21,130333,2025072103002050,KSBBL,Naasa Securities Co. Ltd.,Sani Securities Company Ltd.,50,525.0,26250.0,2025-07-21 11:13:07.931801
2025-07-21,130332,2025072103002051,KSBBL,Naasa Securities Co. Ltd.,Sani Securities Company Ltd.,500,525.0,262500.0,2025-07-21 11:13:07.931844
2025-07-21,130331,2025072103002052,KSBBL,Naasa Securities Co. Ltd.,Sewa Securities Pvt. Ltd.,500,525.0,262500.0,2025-07-21 11:13:07.931888
2025-07-21,130330,2025072103002053,KSBBL,Naasa Securities Co. Ltd.,Himalayan Securities Limited,171,525.0,89775.0,2025-07-21 11:13:07.931937
2025-07-21,130329,2025072103002054,KSBBL,Naasa Securities Co. Ltd.,Oxford Securities Pvt. Ltd.,174,525.0,91350.0,2025-07-21 11:13:07.931986
2025-07-21,130328,2025072103002055,KSBBL,Naasa Securities Co. Ltd.,Aryatara Investment & Securities,100,525.0,52500.0,2025-07-21 11:13:07.932040
2025-07-21,130327,2025072103002056,KSBBL,Naasa Securities Co. Ltd.,Cristal Kanchanjanga Securites Pvt. Ltd.,22,525.0,11550.0,2025-07-21 11:13:07.932082
2025-07-21,130326,2025072103002057,KSBBL,Naasa Securities Co. Ltd.,Market Securities & Exchange (PVT) Ltd.,207,525.0,108675.0,2025-07-21 11:13:07.932128
2025-07-21,130128,2025072103002115,KSBBL,Market Securities & Exchange (PVT) Ltd.,Vision Securities Pvt. Ltd,489,525.3,256871.7,2025-07-21 11:13:19.114891
2025-07-21,130127,2025072103002116,KSBBL,Market Securities & Exchange (PVT) Ltd.,Dipshikha Dhitopatra Karobar Co. Pvt Ltd.,67,529.0,35443.0,2025-07-21 11:13:19.114949
2025-07-21,130126,2025072103002117,KSBBL,Market Securities & Exchange (PVT) Ltd.,Nepal Stock House (PVT) Ltd.,444,529.0,234876.0,2025-07-21 11:13:19.114977
2025-07-21,129673,2025072103002207,KSBBL,Vision Securities Pvt. Ltd,Nepal Stock House (PVT) Ltd.,56,529.0,29624.0,2025-07-21 11:13:48.216698
2025-07-21,129672,2025072103002208,KSBBL,Vision Securities Pvt. Ltd,Investment Management Nepal Pvt. Ltd.,72,529.0,38088.0,2025-07-21 11:13:48.216804
2025-07-21,129671,2025072103002209,KSBBL,Vision Securities Pvt. Ltd,Opal Securities Investment (PVT) Ltd.,600,530.0,318000.0,2025-07-21 11:13:48.216853
2025-07-21,129670,2025072103002210,KSBBL,Vision Securities Pvt. Ltd,Sani Securities Company Ltd.,620,530.0,328600.0,2025-07-21 11:13:48.216893
2025-07-21,129669,2025072103002211,KSBBL,Vision Securities Pvt. Ltd,Dipshikha Dhitopatra Karobar Co. Pvt Ltd.,10,530.0,5300.0,2025-07-21 11:13:48.216931
2025-07-21,129668,2025072103002212,KSBBL,Vision Securities Pvt. Ltd,Nepal Stock House (PVT) Ltd.,500,530.0,265000.0,2025-07-21 11:13:48.216971
2025-07-21,129667,2025072103002213,KSBBL,Vision Securities Pvt. Ltd,Sani Securities Company Ltd.,310,530.0,164300.0,2025-07-21 11:13:48.217011
2025-07-21,129666,2025072103002214,KSBBL,Vision Securities Pvt. Ltd,Sumeru Securities Pvt. Ltd.,300,530.0,159000.0,2025-07-21 11:13:48.217064
2025-07-21,129665,2025072103002215,KSBBL,Vision Securities Pvt. Ltd,Neev Securities Pvt. Ltd.,100,530.0,53000.0,2025-07-21 11:13:48.217104
2025-07-21,129664,2025072103002216,KSBBL,Vision Securities Pvt. Ltd,Nepal Stock House (PVT) Ltd.,20,530.0,10600.0,2025-07-21 11:13:48.217143
2025-07-21,129663,2025072103002217,KSBBL,Vision Securities Pvt. Ltd,Investment Management Nepal Pvt. Ltd.,412,530.0,218360.0,2025-07-21 11:13:48.217181
2025-07-21,129649,2025072103002222,KSBBL,Dakshinkali Investment & Securities Pvt. Ltd.,Investment Management Nepal Pvt. Ltd.,88,530.0,46640.0,2025-07-21 11:13:49.384936
2025-07-21,129648,2025072103002223,KSBBL,Dakshinkali Investment & Securities Pvt. Ltd.,Trisul Securities & Invt. Ltd.,200,530.0,106000.0,2025-07-21 11:13:49.385068
2025-07-21,129647,2025072103002224,KSBBL,Dakshinkali Investment & Securities Pvt. Ltd.,Asian Securities Private Ltd.,100,530.0,53000.0,2025-07-21 11:13:49.385122
2025-07-21,129267,2025072103002330,KSBBL,Cristal Kanchanjanga Securites Pvt. Ltd.,Dipshikha Dhitopatra Karobar Co. Pvt Ltd.,432,530.1,229003.2,2025-07-21 11:14:15.861461
2025-07-21,129185,2025072103002347,KSBBL,Naasa Securities Co. Ltd.,Property Wiard Limited,500,530.4,265200.0,2025-07-21 11:14:20.250797
2025-07-21,129184,2025072103002348,KSBBL,Naasa Securities Co. Ltd.,Neev Securities Pvt. Ltd.,50,530.7,26535.0,2025-07-21 11:14:20.250912
2025-07-21,129183,2025072103002349,KSBBL,Naasa Securities Co. Ltd.,Vision Securities Pvt. Ltd,150,530.8,79620.0,2025-07-21 11:14:20.250991
2025-07-21,129026,2025072103002374,KSBBL,Naasa Securities Co. Ltd.,Vision Securities Pvt. Ltd,30,530.8,15924.0,2025-07-21 11:14:28.550192
2025-07-21,129025,2025072103002375,KSBBL,Naasa Securities Co. Ltd.,Bhrikuti Stock Broking Co. Pvt. Ltd.,38,530.8,20170.4,2025-07-21 11:14:28.550230
2025-07-21,129024,2025072103002376,KSBBL,Naasa Securities Co. Ltd.,Sharepro Securities Private Limited,432,530.8,229305.6,2025-07-21 11:14:28.550255
2025-07-21,128803,2025072103002445,KSBBL,Cristal Kanchanjanga Securites Pvt. Ltd.,Sharepro Securities Private Limited,69,530.8,36625.2,2025-07-21 11:14:43.558773
2025-07-21,128802,2025072103002446,KSBBL,Cristal Kanchanjanga Securites Pvt. Ltd.,MILKY WAY SHARE BROKER COMPANY LTD ,1000,530.8,530800.0,2025-07-21 11:14:43.558863
2025-07-21,128475,2025072103002516,KSBBL,ABC Securities Private Limited,South Asian Bulls Pvt. Ltd.,40,531.0,21240.0,2025-07-21 11:15:07.133860
2025-07-21,128225,2025072103002566,KSBBL,ABC Securities Private Limited,Linch Stock Market Ltd.,30,531.0,15930.0,2025-07-21 11:15:27.476953
2025-07-21,128206,2025072103002578,KSBBL,ABC Securities Private Limited,Nabil Stock Dealer Ltd.,130,531.0,69030.0,2025-07-21 11:15:29.278244
2025-07-21,128205,2025072103002579,KSBBL,Cristal Kanchanjanga Securites Pvt. Ltd.,Nabil Stock Dealer Ltd.,99,530.8,52549.2,2025-07-21 11:15:29.278363
2025-07-21,128204,2025072103002580,KSBBL,Naasa Securities Co. Ltd.,Nabil Stock Dealer Ltd.,700,530.0,371000.0,2025-07-21 11:15:29.278413
2025-07-21,128203,2025072103002581,KSBBL,Dipshikha Dhitopatra Karobar Co. Pvt Ltd.,Nabil Stock Dealer Ltd.,71,530.0,37630.0,2025-07-21 11:15:29.278455
2025-07-21,128162,2025072103002590,KSBBL,Sewa Securities Pvt. Ltd.,Aryatara Investment & Securities,100,534.0,53400.0,2025-07-21 11:15:31.127123
2025-07-21,128161,2025072103002591,KSBBL,Sewa Securities Pvt. Ltd.,Naasa Securities Co. Ltd.,400,534.0,213600.0,2025-07-21 11:15:31.127160
2025-07-21,127961,2025072103002649,KSBBL,Dipshikha Dhitopatra Karobar Co. Pvt Ltd.,Aryatara Investment & Securities,50,530.0,26500.0,2025-07-21 11:15:50.900216
2025-07-21,127932,2025072103002661,KSBBL,Dipshikha Dhitopatra Karobar Co. Pvt Ltd.,ABC Securities Private Limited,379,530.0,200870.0,2025-07-21 11:15:53.523253
2025-07-21,126979,2025072103002845,KSBBL,Indira securities pvt. ltd,ABC Securities Private Limited,21,530.0,11130.0,2025-07-21 11:17:14.113069
2025-07-21,126978,2025072103002846,KSBBL,Indira securities pvt. ltd,Aryatara Investment & Securities,500,530.0,265000.0,2025-07-21 11:17:14.113183
2025-07-21,126977,2025072103002847,KSBBL,Indira securities pvt. ltd,Aryatara Investment & Securities,50,530.0,26500.0,2025-07-21 11:17:14.113242
2025-07-21,126552,2025072103002947,KSBBL,Indira securities pvt. ltd,Sani Securities Company Ltd.,100,530.0,53000.0,2025-07-21 11:17:48.084718
2025-07-21,126521,2025072103002951,KSBBL,Indira securities pvt. ltd,J.F. Securites (PVT) Ltd.,329,530.0,174370.0,2025-07-21 11:17:49.803461
2025-07-21,126520,2025072103002952,KSBBL,Global IME Securities Limited,J.F. Securites (PVT) Ltd.,99,530.0,52470.0,2025-07-21 11:17:49.803575
2025-07-21,126476,2025072103002963,KSBBL,Global IME Securities Limited,Neev Securities Pvt. Ltd.,901,530.0,477530.0,2025-07-21 11:17:52.291751
2025-07-21,126475,2025072103002964,KSBBL,Aakashbhairab Securities Ltd.,Neev Securities Pvt. Ltd.,2000,530.0,1060000.0,2025-07-21 11:17:52.321896
2025-07-21,125823,2025072103003113,KSBBL,Cristal Kanchanjanga Securites Pvt. Ltd.,NIMB Stock Markets Limited,150,526.0,78900.0,2025-07-21 11:18:49.926037
2025-07-21,125822,2025072103003114,KSBBL,Dakshinkali Investment & Securities Pvt. Ltd.,NIMB Stock Markets Limited,350,526.0,184100.0,2025-07-21 11:18:49.926155
2025-07-21,125712,2025072103003131,KSBBL,Dakshinkali Investment & Securities Pvt. Ltd.,Property Wiard Limited,150,526.0,78900.0,2025-07-21 11:18:58.460260
2025-07-21,125711,2025072103003132,KSBBL,Imperial Securities Company Pvt. Ltd.,Property Wiard Limited,350,525.1,183785.0,2025-07-21 11:18:58.460350
2025-07-21,125589,2025072103003153,KSBBL,Kohinoor Investment & Securities Pvt. Ltd.,Neev Securities Pvt. Ltd.,80,530.0,42400.0,2025-07-21 11:19:10.442915
2025-07-21,125463,2025072103003200,KSBBL,Dakshinkali Investment & Securities Pvt. Ltd.,Neev Securities Pvt. Ltd.,519,530.0,275070.0,2025-07-21 11:19:20.480392
2025-07-21,125462,2025072103003201,KSBBL,Dakshinkali Investment & Securities Pvt. Ltd.,BHOLE GANESH SECURITIES LTD,50,530.0,26500.0,2025-07-21 11:19:20.480522
2025-07-21,125461,2025072103003202,KSBBL,Dakshinkali Investment & Securities Pvt. Ltd.,Dipshikha Dhitopatra Karobar Co. Pvt Ltd.,44,530.0,23320.0,2025-07-21 11:19:20.480590
2025-07-21,125460,2025072103003203,KSBBL,Dakshinkali Investment & Securities Pvt. Ltd.,Trisul Securities & Invt. Ltd.,1000,530.0,530000.0,2025-07-21 11:19:20.480640
2025-07-21,125388,2025072103003222,KSBBL,Secured Securities Ltd.,K.B.L. Securities Limited ,15,529.5,7942.5,2025-07-21 11:19:28.303844
2025-07-21,125085,2025072103003267,KSBBL,Nepal Stock House (PVT) Ltd.,Ashutosh Brokerage & Securities (PVT) Ltd.,100,528.0,52800.0,2025-07-21 11:19:47.829210
2025-07-21,124957,2025072103003301,KSBBL,Nepal Stock House (PVT) Ltd.,K.B.L. Securities Limited ,50,528.0,26400.0,2025-07-21 11:19:56.723238
2025-07-21,124956,2025072103003302,KSBBL,Imperial Securities Company Pvt. Ltd.,K.B.L. Securities Limited ,150,525.1,78765.0,2025-07-21 11:19:56.723371
2025-07-21,124955,2025072103003303,KSBBL,Naasa Securities Co. Ltd.,K.B.L. Securities Limited ,126,525.0,66150.0,2025-07-21 11:19:56.723434
2025-07-21,124954,2025072103003304,KSBBL,Dakshinkali Investment & Securities Pvt. Ltd.,K.B.L. Securities Limited ,974,525.0,511350.0,2025-07-21 11:19:56.723488
2025-07-21,124922,2025072103003317,KSBBL,Dakshinkali Investment & Securities Pvt. Ltd.,Magnet Securities and Investment Company Private Limited,26,525.0,13650.0,2025-07-21 11:20:00.393436
2025-07-21,124762,2025072103003382,KSBBL,Cristal Kanchanjanga Securites Pvt. Ltd.,Magnet Securities and Investment Company Private Limited,30,524.1,15723.0,2025-07-21 11:20:14.432745
2025-07-21,124761,2025072103003383,KSBBL,Cristal Kanchanjanga Securites Pvt. Ltd.,Magnet Securities and Investment Company Private Limited,225,524.0,117900.0,2025-07-21 11:20:14.432899
2025-07-21,124760,2025072103003384,KSBBL,Global IME Securities Limited,Magnet Securities and Investment Company Private Limited,260,524.0,136240.0,2025-07-21 11:20:14.432962
2025-07-21,124649,2025072103003405,KSBBL,Global IME Securities Limited,Kumari Securities Private Limited,200,524.0,104800.0,2025-07-21 11:20:24.777502
2025-07-21,124591,2025072103003430,KSBBL,Global IME Securities Limited,Kohinoor Investment & Securities Pvt. Ltd.,214,524.0,112136.0,2025-07-21 11:20:29.128378
2025-07-21,124554,2025072103003444,KSBBL,Global IME Securities Limited,K.B.L. Securities Limited ,1326,524.0,694824.0,2025-07-21 11:20:32.794846
2025-07-21,124219,2025072103003534,KSBBL,Dakshinkali Investment & Securities Pvt. Ltd.,Aakashbhairab Securities Ltd.,3112,522.0,1624464.0,2025-07-21 11:20:56.730305
2025-07-21,124218,2025072103003535,KSBBL,Dakshinkali Investment & Securities Pvt. Ltd.,Aakashbhairab Securities Ltd.,388,522.0,202536.0,2025-07-21 11:20:56.730431
2025-07-21,124134,2025072103003563,KSBBL,Dakshinkali Investment & Securities Pvt. Ltd.,Magnet Securities and Investment Company Private Limited,474,522.0,247428.0,2025-07-21 11:21:02.524733
2025-07-21,124045,2025072103003575,KSBBL,Dakshinkali Investment & Securities Pvt. Ltd.,Ashutosh Brokerage & Securities (PVT) Ltd.,30,522.0,15660.0,2025-07-21 11:21:08.527133
2025-07-21,123977,2025072103003588,KSBBL,Dakshinkali Investment & Securities Pvt. Ltd.,Property Wiard Limited,108,522.0,56376.0,2025-07-21 11:21:12.775008
2025-07-21,123976,2025072103003589,KSBBL,Dipshikha Dhitopatra Karobar Co. Pvt Ltd.,Property Wiard Limited,50,520.0,26000.0,2025-07-21 11:21:12.775178
2025-07-21,123975,2025072103003590,KSBBL,Online Securities Pvt. Ltd.,Property Wiard Limited,200,520.0,104000.0,2025-07-21 11:21:12.775242
2025-07-21,123887,2025072103003615,KSBBL,Capital Max Securities Ltd,Property Wiard Limited,642,520.0,333840.0,2025-07-21 11:21:20.226087
2025-07-21,123287,2025072103003754,KSBBL,Imperial Securities Company Pvt. Ltd.,Aryatara Investment & Securities,100,520.1,52010.0,2025-07-21 11:22:04.775351
2025-07-21,122515,2025072103003992,KSBBL,Dakshinkali Investment & Securities Pvt. Ltd.,Nepal Stock House (PVT) Ltd.,80,523.9,41912.0,2025-07-21 11:23:06.218661
2025-07-21,122514,2025072103003993,KSBBL,Dakshinkali Investment & Securities Pvt. Ltd.,K.B.L. Securities Limited ,374,524.0,195976.0,2025-07-21 11:23:06.218817
2025-07-21,122513,2025072103003994,KSBBL,Dakshinkali Investment & Securities Pvt. Ltd.,Bhrikuti Stock Broking Co. Pvt. Ltd.,14,524.0,7336.0,2025-07-21 11:23:06.218895
2025-07-21,122512,2025072103003995,KSBBL,Dakshinkali Investment & Securities Pvt. Ltd.,Aryatara Investment & Securities,32,524.0,16768.0,2025-07-21 11:23:06.218964
2025-07-21,121919,2025072103004139,KSBBL,Trisul Securities & Invt. Ltd.,Deevyaa Securities & Stock House Pvt. Ltd,500,523.0,261500.0,2025-07-21 11:24:03.257844
2025-07-21,121623,2025072103004207,KSBBL,Trisul Securities & Invt. Ltd.,Nepal Stock House (PVT) Ltd.,400,523.0,209200.0,2025-07-21 11:24:28.308464
2025-07-21,120995,2025072103004344,KSBBL,Trisul Securities & Invt. Ltd.,Siprabi Securities Pvt. Ltd.,66,523.0,34518.0,2025-07-21 11:25:30.836665
2025-07-21,120834,2025072103004395,KSBBL,Thrive Brokerage House Pvt. Ltd,Trisul Securities & Invt. Ltd.,20,523.1,10462.0,2025-07-21 11:25:48.397561
2025-07-21,120833,2025072103004396,KSBBL,Trisul Securities & Invt. Ltd.,Trisul Securities & Invt. Ltd.,34,523.0,17782.0,2025-07-21 11:25:48.397746
2025-07-21,120832,2025072103004397,KSBBL,Miyo Securities Pvt Ltd,Trisul Securities & Invt. Ltd.,57,523.0,29811.0,2025-07-21 11:25:48.397807
2025-07-21,120802,2025072103004405,KSBBL,Miyo Securities Pvt Ltd,Premier Securities Company Ltd.,50,523.0,26150.0,2025-07-21 11:25:52.640976
2025-07-21,120711,2025072103004419,KSBBL,Shree Krishna Securities Ltd.,Aryatara Investment & Securities,75,524.0,39300.0,2025-07-21 11:26:05.667283
2025-07-21,120710,2025072103004420,KSBBL,Shree Krishna Securities Ltd.,Sweta Securities Private Limited,100,525.0,52500.0,2025-07-21 11:26:05.667431
2025-07-21,120709,2025072103004421,KSBBL,Shree Krishna Securities Ltd.,Sweta Securities Private Limited,100,525.0,52500.0,2025-07-21 11:26:05.667495
2025-07-21,120692,2025072103004424,KSBBL,Shree Krishna Securities Ltd.,Malla & Malla Stock Broking Company Pvt. Limited,300,525.0,157500.0,2025-07-21 11:26:08.491288
2025-07-21,120561,2025072103004443,KSBBL,Shree Krishna Securities Ltd.,Neev Securities Pvt. Ltd.,425,525.0,223125.0,2025-07-21 11:26:22.816737
2025-07-21,120560,2025072103004444,KSBBL,Miyo Securities Pvt Ltd,Neev Securities Pvt. Ltd.,75,523.0,39225.0,2025-07-21 11:26:22.816796
2025-07-21,119926,2025072103004606,KSBBL,Miyo Securities Pvt Ltd,Imperial Securities Company Pvt. Ltd.,20,523.0,10460.0,2025-07-21 11:27:46.560167
2025-07-21,119909,2025072103004610,KSBBL,Miyo Securities Pvt Ltd,Naasa Securities Co. Ltd.,1798,523.0,940354.0,2025-07-21 11:27:50.610852
2025-07-21,119086,2025072103004800,KSBBL,Cristal Kanchanjanga Securites Pvt. Ltd.,Naasa Securities Co. Ltd.,70,522.0,36540.0,2025-07-21 11:29:38.783777
2025-07-21,119085,2025072103004801,KSBBL,Naasa Securities Co. Ltd.,Naasa Securities Co. Ltd.,930,522.0,485460.0,2025-07-21 11:29:38.783957
2025-07-21,118987,2025072103004823,KSBBL,Naasa Securities Co. Ltd.,Naasa Securities Co. Ltd.,70,522.0,36540.0,2025-07-21 11:29:52.958658
2025-07-21,118502,2025072103004941,KSBBL,Dakshinkali Investment & Securities Pvt. Ltd.,Naasa Securities Co. Ltd.,1912,522.0,998064.0,2025-07-21 11:30:55.243595
2025-07-21,118108,2025072103005033,KSBBL,Kumari Securities Private Limited,Shree Krishna Securities Ltd.,200,523.0,104600.0,2025-07-21 11:31:45.257188
2025-07-21,117862,2025072103005093,KSBBL,Nepal Stock House (PVT) Ltd.,Magnet Securities and Investment Company Private Limited,15,522.0,7830.0,2025-07-21 11:32:08.235790
2025-07-21,117652,2025072103005164,KSBBL,Nepal Stock House (PVT) Ltd.,Midas Stock Broking Company Private Limited,50,522.0,26100.0,2025-07-21 11:32:28.742263
2025-07-21,117168,2025072103005358,KSBBL,Aakashbhairab Securities Ltd.,Imperial Securities Company Pvt. Ltd.,300,523.0,156900.0,2025-07-21 11:33:24.981641
2025-07-21,117167,2025072103005359,KSBBL,Nepal Stock House (PVT) Ltd.,Imperial Securities Company Pvt. Ltd.,135,522.0,70470.0,2025-07-21 11:33:24.981844
2025-07-21,117166,2025072103005360,KSBBL,Sani Securities Company Ltd.,Imperial Securities Company Pvt. Ltd.,65,522.0,33930.0,2025-07-21 11:33:24.981918
2025-07-21,117101,2025072103005377,KSBBL,Naasa Securities Co. Ltd.,Kohinoor Investment & Securities Pvt. Ltd.,1000,524.9,524900.0,2025-07-21 11:33:33.937869
2025-07-21,117100,2025072103005378,KSBBL,Naasa Securities Co. Ltd.,Online Securities Pvt. Ltd.,100,525.0,52500.0,2025-07-21 11:33:33.938064
2025-07-21,117099,2025072103005379,KSBBL,Naasa Securities Co. Ltd.,ABC Securities Private Limited,59,525.0,30975.0,2025-07-21 11:33:33.938154
2025-07-21,116913,2025072103005452,KSBBL,Naasa Securities Co. Ltd.,Kohinoor Investment & Securities Pvt. Ltd.,1500,526.0,789000.0,2025-07-21 11:33:49.895276
2025-07-21,116901,2025072103005464,KSBBL,Naasa Securities Co. Ltd.,Neev Securities Pvt. Ltd.,341,526.0,179366.0,2025-07-21 11:33:50.522324
2025-07-21,116900,2025072103005465,KSBBL,Sani Securities Company Ltd.,Neev Securities Pvt. Ltd.,17,522.0,8874.0,2025-07-21 11:33:50.522384
2025-07-21,116518,2025072103005586,KSBBL,SHUBHAKAMANA SECURITIES PVT. LTD,Online Securities Pvt. Ltd.,10,526.0,5260.0,2025-07-21 11:34:30.522204
2025-07-21,116366,2025072103005642,KSBBL,Dakshinkali Investment & Securities Pvt. Ltd.,Neev Securities Pvt. Ltd.,10,523.0,5230.0,2025-07-21 11:34:46.904245
2025-07-21,116156,2025072103005706,KSBBL,Dakshinkali Investment & Securities Pvt. Ltd.,Online Securities Pvt. Ltd.,38,526.0,19988.0,2025-07-21 11:35:02.818007
2025-07-21,116155,2025072103005707,KSBBL,Dakshinkali Investment & Securities Pvt. Ltd.,Imperial Securities Company Pvt. Ltd.,200,527.0,105400.0,2025-07-21 11:35:02.818195
2025-07-21,116154,2025072103005708,KSBBL,Dakshinkali Investment & Securities Pvt. Ltd.,ABC Securities Private Limited,28,528.0,14784.0,2025-07-21 11:35:02.818266
2025-07-21,116153,2025072103005709,KSBBL,Dakshinkali Investment & Securities Pvt. Ltd.,Trishakti Securities Public Limited,250,528.0,132000.0,2025-07-21 11:35:02.818331
2025-07-21,116152,2025072103005710,KSBBL,Dakshinkali Investment & Securities Pvt. Ltd.,Asian Securities Private Ltd.,67,528.0,35376.0,2025-07-21 11:35:02.818393
2025-07-21,116151,2025072103005711,KSBBL,Dakshinkali Investment & Securities Pvt. Ltd.,Sani Securities Company Ltd.,100,529.0,52900.0,2025-07-21 11:35:02.818459
2025-07-21,116150,2025072103005712,KSBBL,Dakshinkali Investment & Securities Pvt. Ltd.,Kohinoor Investment & Securities Pvt. Ltd.,2317,529.0,1225693.0,2025-07-21 11:35:02.818526
2025-07-21,116060,2025072103005760,KSBBL,Dakshinkali Investment & Securities Pvt. Ltd.,Agrawal Securities (PVT) Ltd.,106,523.0,55438.0,2025-07-21 11:35:13.569199
2025-07-21,115793,2025072103005894,KSBBL,SHUBHAKAMANA SECURITIES PVT. LTD,Aryatara Investment & Securities,10,528.5,5285.0,2025-07-21 11:35:37.768842
2025-07-21,115612,2025072103005950,KSBBL,Cristal Kanchanjanga Securites Pvt. Ltd.,Aryatara Investment & Securities,190,528.5,100415.0,2025-07-21 11:35:59.985557
2025-07-21,115611,2025072103005951,KSBBL,Cristal Kanchanjanga Securites Pvt. Ltd.,Kohinoor Investment & Securities Pvt. Ltd.,183,529.0,96807.0,2025-07-21 11:35:59.985720
2025-07-21,115610,2025072103005952,KSBBL,Cristal Kanchanjanga Securites Pvt. Ltd.,Premier Securities Company Ltd.,100,529.1,52910.0,2025-07-21 11:35:59.985809
2025-07-21,115609,2025072103005953,KSBBL,Cristal Kanchanjanga Securites Pvt. Ltd.,Deevyaa Securities & Stock House Pvt. Ltd,22,529.1,11640.2,2025-07-21 11:35:59.985878
2025-07-21,115608,2025072103005954,KSBBL,Cristal Kanchanjanga Securites Pvt. Ltd.,Dipshikha Dhitopatra Karobar Co. Pvt Ltd.,1500,529.4,794100.0,2025-07-21 11:35:59.985943
2025-07-21,115607,2025072103005955,KSBBL,Cristal Kanchanjanga Securites Pvt. Ltd.,K.B.L. Securities Limited ,985,529.5,521557.5,2025-07-21 11:35:59.986010
2025-07-21,115606,2025072103005956,KSBBL,Cristal Kanchanjanga Securites Pvt. Ltd.,Property Wiard Limited,500,529.9,264950.0,2025-07-21 11:35:59.986121
2025-07-21,115605,2025072103005957,KSBBL,Cristal Kanchanjanga Securites Pvt. Ltd.,Trisul Securities & Invt. Ltd.,1000,530.0,530000.0,2025-07-21 11:35:59.986197
2025-07-21,115604,2025072103005958,KSBBL,Cristal Kanchanjanga Securites Pvt. Ltd.,Kumari Securities Private Limited,105,530.0,55650.0,2025-07-21 11:35:59.986278
2025-07-21,115603,2025072103005959,KSBBL,Cristal Kanchanjanga Securites Pvt. Ltd.,Dynamic Money Managers Securities Pvt. Ltd.,400,530.0,212000.0,2025-07-21 11:35:59.986339
2025-07-21,115602,2025072103005960,KSBBL,Cristal Kanchanjanga Securites Pvt. Ltd.,Sani Securities Company Ltd.,15,530.0,7950.0,2025-07-21 11:35:59.986404
2025-07-21,115519,2025072103005981,KSBBL,Cristal Kanchanjanga Securites Pvt. Ltd.,Sani Securities Company Ltd.,185,530.0,98050.0,2025-07-21 11:36:09.026244
2025-07-21,115518,2025072103005982,KSBBL,Cristal Kanchanjanga Securites Pvt. Ltd.,Aryatara Investment & Securities,15,530.0,7950.0,2025-07-21 11:36:09.026549
2025-07-21,115517,2025072103005983,KSBBL,Cristal Kanchanjanga Securites Pvt. Ltd.,Sri Hari Securities Pvt. Ltd.,4086,530.0,2165580.0,2025-07-21 11:36:09.026757
2025-07-21,115516,2025072103005984,KSBBL,Cristal Kanchanjanga Securites Pvt. Ltd.,Capital Max Securities Ltd,100,530.0,53000.0,2025-07-21 11:36:09.026949
2025-07-21,115515,2025072103005985,KSBBL,Cristal Kanchanjanga Securites Pvt. Ltd.,Sri Hari Securities Pvt. Ltd.,190,530.0,100700.0,2025-07-21 11:36:09.027154
2025-07-21,115514,2025072103005986,KSBBL,Cristal Kanchanjanga Securites Pvt. Ltd.,Online Securities Pvt. Ltd.,40,530.0,21200.0,2025-07-21 11:36:09.027344
2025-07-21,115513,2025072103005987,KSBBL,Cristal Kanchanjanga Securites Pvt. Ltd.,Online Securities Pvt. Ltd.,224,530.0,118720.0,2025-07-21 11:36:09.027552
2025-07-21,115512,2025072103005988,KSBBL,Cristal Kanchanjanga Securites Pvt. Ltd.,Garima Securities Limited,200,530.0,106000.0,2025-07-21 11:36:09.027741
2025-07-21,115511,2025072103005989,KSBBL,Cristal Kanchanjanga Securites Pvt. Ltd.,Arun Securities (PVT) Ltd.,42,530.0,22260.0,2025-07-21 11:36:09.027936
2025-07-21,115510,2025072103005990,KSBBL,Cristal Kanchanjanga Securites Pvt. Ltd.,Trisul Securities & Invt. Ltd.,960,530.0,508800.0,2025-07-21 11:36:09.028140
2025-07-21,115509,2025072103005991,KSBBL,Cristal Kanchanjanga Securites Pvt. Ltd.,Naasa Securities Co. Ltd.,120,530.0,63600.0,2025-07-21 11:36:09.028336
2025-07-21,115508,2025072103005992,KSBBL,Cristal Kanchanjanga Securites Pvt. Ltd.,Trisul Securities & Invt. Ltd.,1000,530.0,530000.0,2025-07-21 11:36:09.028561
2025-07-21,115507,2025072103005993,KSBBL,Cristal Kanchanjanga Securites Pvt. Ltd.,Blue Chip Securities Ltd,500,530.0,265000.0,2025-07-21 11:36:09.028786
2025-07-21,115262,2025072103006104,KSBBL,Sumeru Securities Pvt. Ltd.,Bhrikuti Stock Broking Co. Pvt. Ltd.,65,526.0,34190.0,2025-07-21 11:36:26.515219
2025-07-21,115141,2025072103006156,KSBBL,Shree Krishna Securities Ltd.,Midas Stock Broking Company Private Limited,100,530.9,53090.0,2025-07-21 11:36:40.060338
2025-07-21,115140,2025072103006157,KSBBL,Shree Krishna Securities Ltd.,Kumari Securities Private Limited,110,531.0,58410.0,2025-07-21 11:36:40.060468
2025-07-21,115139,2025072103006158,KSBBL,Shree Krishna Securities Ltd.,Sundhara Securities Limited,500,531.0,265500.0,2025-07-21 11:36:40.060534
2025-07-21,115100,2025072103006174,KSBBL,Midas Stock Broking Company Private Limited,Cristal Kanchanjanga Securites Pvt. Ltd.,200,531.1,106220.0,2025-07-21 11:36:44.459171
2025-07-21,115099,2025072103006175,KSBBL,Midas Stock Broking Company Private Limited,Agrawal Securities (PVT) Ltd.,107,532.0,56924.0,2025-07-21 11:36:44.459499
2025-07-21,115098,2025072103006176,KSBBL,Midas Stock Broking Company Private Limited,Oxford Securities Pvt. Ltd.,21,532.0,11172.0,2025-07-21 11:36:44.459767
2025-07-21,115097,2025072103006177,KSBBL,Midas Stock Broking Company Private Limited,Deevyaa Securities & Stock House Pvt. Ltd,100,532.0,53200.0,2025-07-21 11:36:44.460014
2025-07-21,115096,2025072103006178,KSBBL,Midas Stock Broking Company Private Limited,Online Securities Pvt. Ltd.,2000,532.0,1064000.0,2025-07-21 11:36:44.460300
2025-07-21,115095,2025072103006179,KSBBL,Midas Stock Broking Company Private Limited,Agrawal Securities (PVT) Ltd.,700,532.0,372400.0,2025-07-21 11:36:44.460587
2025-07-21,115094,2025072103006180,KSBBL,Midas Stock Broking Company Private Limited,Nabil Stock Dealer Ltd.,1000,533.0,533000.0,2025-07-21 11:36:44.460856
2025-07-21,115093,2025072103006181,KSBBL,Midas Stock Broking Company Private Limited,Trisul Securities & Invt. Ltd.,100,533.0,53300.0,2025-07-21 11:36:44.461117
2025-07-21,115092,2025072103006182,KSBBL,Midas Stock Broking Company Private Limited,Kumari Securities Private Limited,100,533.0,53300.0,2025-07-21 11:36:44.461390
2025-07-21,115091,2025072103006183,KSBBL,Midas Stock Broking Company Private Limited,Midas Stock Broking Company Private Limited,100,533.0,53300.0,2025-07-21 11:36:44.461584
2025-07-21,115090,2025072103006184,KSBBL,Midas Stock Broking Company Private Limited,Imperial Securities Company Pvt. Ltd.,50,533.0,26650.0,2025-07-21 11:36:44.461758
2025-07-21,115089,2025072103006185,KSBBL,Midas Stock Broking Company Private Limited,Dipshikha Dhitopatra Karobar Co. Pvt Ltd.,50,533.0,26650.0,2025-07-21 11:36:44.461946
2025-07-21,115088,2025072103006186,KSBBL,Midas Stock Broking Company Private Limited,Dipshikha Dhitopatra Karobar Co. Pvt Ltd.,298,533.0,158834.0,2025-07-21 11:36:44.462205
2025-07-21,115087,2025072103006187,KSBBL,Midas Stock Broking Company Private Limited,Naasa Securities Co. Ltd.,50,533.0,26650.0,2025-07-21 11:36:44.462431
2025-07-21,114874,2025072103006246,KSBBL,Midas Stock Broking Company Private Limited,Kohinoor Investment & Securities Pvt. Ltd.,124,533.0,66092.0,2025-07-21 11:37:05.377251
2025-07-21,114873,2025072103006247,KSBBL,Sumeru Securities Pvt. Ltd.,Kohinoor Investment & Securities Pvt. Ltd.,935,533.0,498355.0,2025-07-21 11:37:05.641277
2025-07-21,114630,2025072103006340,KSBBL,Online Securities Pvt. Ltd.,Kohinoor Investment & Securities Pvt. Ltd.,200,533.0,106600.0,2025-07-21 11:37:26.266192
2025-07-21,114629,2025072103006341,KSBBL,Online Securities Pvt. Ltd.,Kohinoor Investment & Securities Pvt. Ltd.,3741,533.0,1993953.0,2025-07-21 11:37:26.270009
2025-07-21,114628,2025072103006342,KSBBL,Online Securities Pvt. Ltd.,Nepal Investment And Securities Trading Private Limited,100,533.1,53310.0,2025-07-21 11:37:26.270057
2025-07-21,114627,2025072103006343,KSBBL,Online Securities Pvt. Ltd.,Premier Securities Company Ltd.,100,533.1,53310.0,2025-07-21 11:37:26.270092
2025-07-21,114626,2025072103006344,KSBBL,Online Securities Pvt. Ltd.,Online Securities Pvt. Ltd.,500,533.4,266700.0,2025-07-21 11:37:26.270127
2025-07-21,114625,2025072103006345,KSBBL,Online Securities Pvt. Ltd.,Kohinoor Investment & Securities Pvt. Ltd.,100,533.4,53340.0,2025-07-21 11:37:26.270161
2025-07-21,114624,2025072103006346,KSBBL,Online Securities Pvt. Ltd.,ABC Securities Private Limited,300,533.4,160020.0,2025-07-21 11:37:26.270191
2025-07-21,114623,2025072103006347,KSBBL,Online Securities Pvt. Ltd.,Dakshinkali Investment & Securities Pvt. Ltd.,1605,533.4,856107.0,2025-07-21 11:37:26.270221
2025-07-21,114622,2025072103006348,KSBBL,Online Securities Pvt. Ltd.,Naasa Securities Co. Ltd.,226,533.4,120548.4,2025-07-21 11:37:26.270250
2025-07-21,114621,2025072103006349,KSBBL,Online Securities Pvt. Ltd.,Ashutosh Brokerage & Securities (PVT) Ltd.,3328,533.4,1775155.2,2025-07-21 11:37:26.270277
2025-07-21,114466,2025072103006395,KSBBL,Sumeru Securities Pvt. Ltd.,Ashutosh Brokerage & Securities (PVT) Ltd.,500,533.4,266700.0,2025-07-21 11:37:41.867594
2025-07-21,114461,2025072103006398,KSBBL,Hatemalo Financial Services Private Limited,Ashutosh Brokerage & Securities (PVT) Ltd.,172,533.4,91744.8,2025-07-21 11:37:43.296796
2025-07-21,114377,2025072103006431,KSBBL,Shree Krishna Securities Ltd.,Vision Securities Pvt. Ltd,50,533.9,26695.0,2025-07-21 11:37:49.424406
2025-07-21,114376,2025072103006432,KSBBL,Shree Krishna Securities Ltd.,Trisul Securities & Invt. Ltd.,500,533.9,266950.0,2025-07-21 11:37:49.424536
2025-07-21,114375,2025072103006433,KSBBL,Shree Krishna Securities Ltd.,Naasa Securities Co. Ltd.,100,534.0,53400.0,2025-07-21 11:37:49.424593
2025-07-21,114374,2025072103006434,KSBBL,Shree Krishna Securities Ltd.,Aakashbhairab Securities Ltd.,53,534.0,28302.0,2025-07-21 11:37:49.424650
2025-07-21,114373,2025072103006435,KSBBL,Shree Krishna Securities Ltd.,Oxford Securities Pvt. Ltd.,53,534.0,28302.0,2025-07-21 11:37:49.424706
2025-07-21,114372,2025072103006436,KSBBL,Shree Krishna Securities Ltd.,Property Wiard Limited,180,534.0,96120.0,2025-07-21 11:37:49.424790
2025-07-21,114371,2025072103006437,KSBBL,Shree Krishna Securities Ltd.,Cristal Kanchanjanga Securites Pvt. Ltd.,20,534.0,10680.0,2025-07-21 11:37:49.424872
2025-07-21,114370,2025072103006438,KSBBL,Shree Krishna Securities Ltd.,Dipshikha Dhitopatra Karobar Co. Pvt Ltd.,44,534.0,23496.0,2025-07-21 11:37:49.424926
2025-07-21,114352,2025072103006439,KSBBL,Malla & Malla Stock Broking Company Pvt. Limited,Dipshikha Dhitopatra Karobar Co. Pvt Ltd.,56,534.0,29904.0,2025-07-21 11:37:51.559781
2025-07-21,114351,2025072103006440,KSBBL,Malla & Malla Stock Broking Company Pvt. Limited,Linch Stock Market Ltd.,144,534.0,76896.0,2025-07-21 11:37:51.559912
2025-07-21,114288,2025072103006470,KSBBL,Naasa Securities Co. Ltd.,Linch Stock Market Ltd.,10,534.0,5340.0,2025-07-21 11:37:56.432684
2025-07-21,114269,2025072103006485,KSBBL,Kohinoor Investment & Securities Pvt. Ltd.,Linch Stock Market Ltd.,46,534.0,24564.0,2025-07-21 11:37:57.697884
2025-07-21,114268,2025072103006486,KSBBL,Kohinoor Investment & Securities Pvt. Ltd.,Dipshikha Dhitopatra Karobar Co. Pvt Ltd.,54,534.0,28836.0,2025-07-21 11:37:57.698034
2025-07-21,114253,2025072103006494,KSBBL,Hatemalo Financial Services Private Limited,Property Wiard Limited,18,533.4,9601.2,2025-07-21 11:37:59.228034
2025-07-21,114252,2025072103006495,KSBBL,Stoxkarts Securities Limited,Property Wiard Limited,40,533.0,21320.0,2025-07-21 11:37:59.228164
2025-07-21,114228,2025072103006517,KSBBL,Trishakti Securities Public Limited,Dipshikha Dhitopatra Karobar Co. Pvt Ltd.,146,534.0,77964.0,2025-07-21 11:38:00.956297
2025-07-21,114189,2025072103006529,KSBBL,Trishakti Securities Public Limited,Aryatara Investment & Securities,354,534.0,189036.0,2025-07-21 11:38:07.237872
2025-07-21,114188,2025072103006530,KSBBL,Sri Hari Securities Pvt. Ltd.,Aryatara Investment & Securities,500,534.0,267000.0,2025-07-21 11:38:07.238156
2025-07-21,114186,2025072103006531,KSBBL,Sumeru Securities Pvt. Ltd.,Aryatara Investment & Securities,146,534.0,77964.0,2025-07-21 11:38:08.024601
2025-07-21,114185,2025072103006532,KSBBL,Sumeru Securities Pvt. Ltd.,Malla & Malla Stock Broking Company Pvt. Limited,354,534.9,189354.6,2025-07-21 11:38:08.024641
2025-07-21,114135,2025072103006544,KSBBL,Stoxkarts Securities Limited,Aryatara Investment & Securities,500,533.0,266500.0,2025-07-21 11:38:11.261496
2025-07-21,114059,2025072103006578,KSBBL,Siprabi Securities Pvt. Ltd.,Malla & Malla Stock Broking Company Pvt. Limited,646,534.9,345545.4,2025-07-21 11:38:17.780922
2025-07-21,114058,2025072103006579,KSBBL,Siprabi Securities Pvt. Ltd.,Online Securities Pvt. Ltd.,111,535.0,59385.0,2025-07-21 11:38:17.781064
2025-07-21,114057,2025072103006580,KSBBL,Siprabi Securities Pvt. Ltd.,Secured Securities Ltd.,800,535.0,428000.0,2025-07-21 11:38:17.781136
2025-07-21,114056,2025072103006581,KSBBL,Siprabi Securities Pvt. Ltd.,Dipshikha Dhitopatra Karobar Co. Pvt Ltd.,200,535.0,107000.0,2025-07-21 11:38:17.781193
2025-07-21,114055,2025072103006582,KSBBL,Siprabi Securities Pvt. Ltd.,Sani Securities Company Ltd.,20,535.0,10700.0,2025-07-21 11:38:17.781245
2025-07-21,114026,2025072103006593,KSBBL,Siprabi Securities Pvt. Ltd.,ABC Securities Private Limited,223,535.0,119305.0,2025-07-21 11:38:20.895447
2025-07-21,114025,2025072103006594,KSBBL,Online Securities Pvt. Ltd.,ABC Securities Private Limited,237,534.0,126558.0,2025-07-21 11:38:20.895583
2025-07-21,113854,2025072103006662,KSBBL,ABC Securities Private Limited,Online Securities Pvt. Ltd.,100,537.0,53700.0,2025-07-21 11:38:40.131646
2025-07-21,113759,2025072103006707,KSBBL,Malla & Malla Stock Broking Company Pvt. Limited,Aryatara Investment & Securities,200,534.1,106820.0,2025-07-21 11:38:49.789739
2025-07-21,113758,2025072103006708,KSBBL,Opal Securities Investment (PVT) Ltd.,Aryatara Investment & Securities,100,534.1,53410.0,2025-07-21 11:38:49.789788
2025-07-21,113756,2025072103006709,KSBBL,Kohinoor Investment & Securities Pvt. Ltd.,Online Securities Pvt. Ltd.,19,537.0,10203.0,2025-07-21 11:38:50.122895
2025-07-21,113755,2025072103006710,KSBBL,Kohinoor Investment & Securities Pvt. Ltd.,Secured Securities Ltd.,800,538.9,431120.0,2025-07-21 11:38:50.123061
2025-07-21,113754,2025072103006711,KSBBL,Kohinoor Investment & Securities Pvt. Ltd.,Secured Securities Ltd.,800,538.9,431120.0,2025-07-21 11:38:50.123136
2025-07-21,113753,2025072103006712,KSBBL,Kohinoor Investment & Securities Pvt. Ltd.,Secured Securities Ltd.,381,538.9,205320.9,2025-07-21 11:38:50.123190
2025-07-21,113396,2025072103006799,KSBBL,Sani Securities Company Ltd.,Secured Securities Ltd.,90,538.9,48501.0,2025-07-21 11:39:28.068351
2025-07-21,113253,2025072103006845,KSBBL,Imperial Securities Company Pvt. Ltd.,Blue Chip Securities Ltd,200,538.0,107600.0,2025-07-21 11:39:46.852486
2025-07-21,113252,2025072103006846,KSBBL,Stoxkarts Securities Limited,Blue Chip Securities Ltd,500,538.0,269000.0,2025-07-21 11:39:46.852730
2025-07-21,113119,2025072103006902,KSBBL,Sumeru Securities Pvt. Ltd.,Blue Chip Securities Ltd,120,538.0,64560.0,2025-07-21 11:40:03.837272
2025-07-21,113000,2025072103006923,KSBBL,J.F. Securites (PVT) Ltd.,Blue Chip Securities Ltd,1000,538.0,538000.0,2025-07-21 11:40:17.418959
2025-07-21,112733,2025072103007012,KSBBL,Nepal Stock House (PVT) Ltd.,ABC Securities Private Limited,140,537.7,75278.0,2025-07-21 11:40:56.877413
2025-07-21,112732,2025072103007013,KSBBL,Nepal Stock House (PVT) Ltd.,Miyo Securities Pvt Ltd,971,537.8,522203.8,2025-07-21 11:40:56.877570
2025-07-21,112552,2025072103007135,KSBBL,Aakashbhairab Securities Ltd.,Thrive Brokerage House Pvt. Ltd,10,536.0,5360.0,2025-07-21 11:41:09.608503
2025-07-21,112527,2025072103007137,KSBBL,Linch Stock Market Ltd.,Dakshinkali Investment & Securities Pvt. Ltd.,250,537.0,134250.0,2025-07-21 11:41:14.057450
2025-07-21,112526,2025072103007138,KSBBL,Linch Stock Market Ltd.,Miyo Securities Pvt Ltd,140,537.8,75292.0,2025-07-21 11:41:14.057616
2025-07-21,112525,2025072103007139,KSBBL,Linch Stock Market Ltd.,Blue Chip Securities Ltd,180,538.0,96840.0,2025-07-21 11:41:14.057682
2025-07-21,112524,2025072103007140,KSBBL,Linch Stock Market Ltd.,Cristal Kanchanjanga Securites Pvt. Ltd.,130,538.0,69940.0,2025-07-21 11:41:14.057753
2025-07-21,112487,2025072103007152,KSBBL,Cristal Kanchanjanga Securites Pvt. Ltd.,Primo Securities (PVT) Ltd.,137,537.0,73569.0,2025-07-21 11:41:17.432138
2025-07-21,112474,2025072103007158,KSBBL,Cristal Kanchanjanga Securites Pvt. Ltd.,Kohinoor Investment & Securities Pvt. Ltd.,29,537.0,15573.0,2025-07-21 11:41:17.992485
2025-07-21,112418,2025072103007196,KSBBL,J.F. Securites (PVT) Ltd.,Cristal Kanchanjanga Securites Pvt. Ltd.,1000,538.0,538000.0,2025-07-21 11:41:23.141209
2025-07-21,112395,2025072103007203,KSBBL,Dipshikha Dhitopatra Karobar Co. Pvt Ltd.,Cristal Kanchanjanga Securites Pvt. Ltd.,870,538.0,468060.0,2025-07-21 11:41:25.531942
2025-07-21,112394,2025072103007204,KSBBL,Dipshikha Dhitopatra Karobar Co. Pvt Ltd.,Midas Stock Broking Company Private Limited,130,538.0,69940.0,2025-07-21 11:41:25.532132
2025-07-21,112362,2025072103007219,KSBBL,Linch Stock Market Ltd.,Midas Stock Broking Company Private Limited,70,538.0,37660.0,2025-07-21 11:41:28.239744
2025-07-21,112359,2025072103007220,KSBBL,Linch Stock Market Ltd.,Aryatara Investment & Securities,140,538.0,75320.0,2025-07-21 11:41:28.998968
2025-07-21,112326,2025072103007234,KSBBL,Linch Stock Market Ltd.,Aryatara Investment & Securities,490,538.0,263620.0,2025-07-21 11:41:34.070018
2025-07-21,112321,2025072103007236,KSBBL,Sumeru Securities Pvt. Ltd.,Aryatara Investment & Securities,10,538.0,5380.0,2025-07-21 11:41:34.501822
2025-07-21,112320,2025072103007237,KSBBL,Sumeru Securities Pvt. Ltd.,Sri Hari Securities Pvt. Ltd.,115,538.8,61962.0,2025-07-21 11:41:34.501861
2025-07-21,112319,2025072103007238,KSBBL,Sumeru Securities Pvt. Ltd.,Secured Securities Ltd.,29,538.9,15628.1,2025-07-21 11:41:34.501885
2025-07-21,112318,2025072103007239,KSBBL,Sumeru Securities Pvt. Ltd.,Kohinoor Investment & Securities Pvt. Ltd.,10,538.9,5389.0,2025-07-21 11:41:34.501909
2025-07-21,112317,2025072103007240,KSBBL,Sumeru Securities Pvt. Ltd.,Deevyaa Securities & Stock House Pvt. Ltd,136,539.0,73304.0,2025-07-21 11:41:34.501940
2025-07-21,112242,2025072103007272,KSBBL,Cristal Kanchanjanga Securites Pvt. Ltd.,Nabil Stock Dealer Ltd.,84,537.0,45108.0,2025-07-21 11:41:46.903311
2025-07-21,112152,2025072103007315,KSBBL,Secured Securities Ltd.,Nabil Stock Dealer Ltd.,390,537.0,209430.0,2025-07-21 11:41:56.999247
2025-07-21,112076,2025072103007338,KSBBL,Cristal Kanchanjanga Securites Pvt. Ltd.,Nabil Stock Dealer Ltd.,250,537.0,134250.0,2025-07-21 11:42:07.236918
2025-07-21,111897,2025072103007416,KSBBL,J.F. Securites (PVT) Ltd.,Nabil Stock Dealer Ltd.,250,537.0,134250.0,2025-07-21 11:42:23.877829
2025-07-21,111843,2025072103007427,KSBBL,Nepal Investment And Securities Trading Private Limited,Nabil Stock Dealer Ltd.,26,537.0,13962.0,2025-07-21 11:42:30.514897
2025-07-21,111842,2025072103007428,KSBBL,Nepal Investment And Securities Trading Private Limited,ABC Securities Private Limited,974,537.0,523038.0,2025-07-21 11:42:30.515204
2025-07-21,111841,2025072103007429,KSBBL,Indira securities pvt. ltd,ABC Securities Private Limited,500,537.0,268500.0,2025-07-21 11:42:30.655813
2025-07-21,111665,2025072103007485,KSBBL,Naasa Securities Co. Ltd.,Shree Krishna Securities Ltd.,50,536.5,26825.0,2025-07-21 11:42:48.358076
2025-07-21,111655,2025072103007489,KSBBL,Secured Securities Ltd.,ABC Securities Private Limited,190,537.0,102030.0,2025-07-21 11:42:50.036680
2025-07-21,111638,2025072103007497,KSBBL,Sumeru Securities Pvt. Ltd.,ABC Securities Private Limited,100,537.0,53700.0,2025-07-21 11:42:51.974136
2025-07-21,111493,2025072103007528,KSBBL,Naasa Securities Co. Ltd.,Agrawal Securities (PVT) Ltd.,100,536.5,53650.0,2025-07-21 11:43:04.489965
2025-07-21,111492,2025072103007529,KSBBL,Aakashbhairab Securities Ltd.,Agrawal Securities (PVT) Ltd.,400,536.0,214400.0,2025-07-21 11:43:04.490146
2025-07-21,111166,2025072103007654,KSBBL,Aakashbhairab Securities Ltd.,Linch Stock Market Ltd.,128,536.0,68608.0,2025-07-21 11:43:40.560422
2025-07-21,111101,2025072103007669,KSBBL,Naasa Securities Co. Ltd.,Linch Stock Market Ltd.,80,536.0,42880.0,2025-07-21 11:43:45.641158
2025-07-21,111099,2025072103007670,KSBBL,Malla & Malla Stock Broking Company Pvt. Limited,Linch Stock Market Ltd.,149,536.0,79864.0,2025-07-21 11:43:46.115826
2025-07-21,111011,2025072103007700,KSBBL,Kohinoor Investment & Securities Pvt. Ltd.,Linch Stock Market Ltd.,100,536.0,53600.0,2025-07-21 11:43:51.952523
2025-07-21,110760,2025072103007772,KSBBL,Imperial Securities Company Pvt. Ltd.,Sani Securities Company Ltd.,500,535.9,267950.0,2025-07-21 11:44:18.498895
2025-07-21,110735,2025072103007781,KSBBL,Malla & Malla Stock Broking Company Pvt. Limited,Opal Securities Investment (PVT) Ltd.,200,535.1,107020.0,2025-07-21 11:44:19.374861
2025-07-21,110491,2025072103007956,KSBBL,Naasa Securities Co. Ltd.,Capital Max Securities Ltd,70,535.0,37450.0,2025-07-21 11:44:30.021212
2025-07-21,110281,2025072103008022,KSBBL,Global IME Securities Limited,Trishakti Securities Public Limited,100,535.1,53510.0,2025-07-21 11:44:54.619491
2025-07-21,110137,2025072103008062,KSBBL,Ashutosh Brokerage & Securities (PVT) Ltd.,Linch Stock Market Ltd.,43,536.0,23048.0,2025-07-21 11:45:09.296338
2025-07-21,110136,2025072103008063,KSBBL,Ashutosh Brokerage & Securities (PVT) Ltd.,Creative Securities Pvt Ltd,25,536.0,13400.0,2025-07-21 11:45:09.296522
2025-07-21,110135,2025072103008064,KSBBL,Ashutosh Brokerage & Securities (PVT) Ltd.,Online Securities Pvt. Ltd.,122,536.0,65392.0,2025-07-21 11:45:09.296605
2025-07-21,110134,2025072103008065,KSBBL,Ashutosh Brokerage & Securities (PVT) Ltd.,NIMB Stock Markets Limited,107,536.5,57405.5,2025-07-21 11:45:09.296680
2025-07-21,110133,2025072103008066,KSBBL,Ashutosh Brokerage & Securities (PVT) Ltd.,ABC Securities Private Limited,236,537.0,126732.0,2025-07-21 11:45:09.296753
2025-07-21,110132,2025072103008067,KSBBL,Ashutosh Brokerage & Securities (PVT) Ltd.,Sani Securities Company Ltd.,500,537.0,268500.0,2025-07-21 11:45:09.296824
2025-07-21,110131,2025072103008068,KSBBL,Ashutosh Brokerage & Securities (PVT) Ltd.,Online Securities Pvt. Ltd.,200,537.0,107400.0,2025-07-21 11:45:09.296894
2025-07-21,110130,2025072103008069,KSBBL,Ashutosh Brokerage & Securities (PVT) Ltd.,Miyo Securities Pvt Ltd,708,537.9,380833.2,2025-07-21 11:45:09.296970
2025-07-21,110129,2025072103008070,KSBBL,Ashutosh Brokerage & Securities (PVT) Ltd.,Aryatara Investment & Securities,500,538.0,269000.0,2025-07-21 11:45:09.297047
2025-07-21,110128,2025072103008071,KSBBL,Ashutosh Brokerage & Securities (PVT) Ltd.,Vision Securities Pvt. Ltd,50,539.0,26950.0,2025-07-21 11:45:09.297125
2025-07-21,110127,2025072103008072,KSBBL,Ashutosh Brokerage & Securities (PVT) Ltd.,Online Securities Pvt. Ltd.,89,539.0,47971.0,2025-07-21 11:45:09.297195
2025-07-21,110126,2025072103008073,KSBBL,Ashutosh Brokerage & Securities (PVT) Ltd.,Imperial Securities Company Pvt. Ltd.,535,539.9,288846.5,2025-07-21 11:45:09.297269
2025-07-21,110125,2025072103008074,KSBBL,Ashutosh Brokerage & Securities (PVT) Ltd.,Vision Securities Pvt. Ltd,500,540.0,270000.0,2025-07-21 11:45:09.297346
2025-07-21,110124,2025072103008075,KSBBL,Ashutosh Brokerage & Securities (PVT) Ltd.,Sundhara Securities Limited,80,540.0,43200.0,2025-07-21 11:45:09.297419
2025-07-21,110123,2025072103008076,KSBBL,Ashutosh Brokerage & Securities (PVT) Ltd.,Oxford Securities Pvt. Ltd.,50,540.0,27000.0,2025-07-21 11:45:09.297483
2025-07-21,110122,2025072103008077,KSBBL,Ashutosh Brokerage & Securities (PVT) Ltd.,Dakshinkali Investment & Securities Pvt. Ltd.,55,540.0,29700.0,2025-07-21 11:45:09.297552
2025-07-21,110121,2025072103008078,KSBBL,Ashutosh Brokerage & Securities (PVT) Ltd.,Sewa Securities Pvt. Ltd.,500,540.0,270000.0,2025-07-21 11:45:09.297617
2025-07-21,110120,2025072103008079,KSBBL,Ashutosh Brokerage & Securities (PVT) Ltd.,Dipshikha Dhitopatra Karobar Co. Pvt Ltd.,300,540.0,162000.0,2025-07-21 11:45:09.297732
2025-07-21,110119,2025072103008080,KSBBL,Ashutosh Brokerage & Securities (PVT) Ltd.,Dynamic Money Managers Securities Pvt. Ltd.,200,540.0,108000.0,2025-07-21 11:45:09.297793
2025-07-21,110118,2025072103008081,KSBBL,Ashutosh Brokerage & Securities (PVT) Ltd.,Online Securities Pvt. Ltd.,30,540.0,16200.0,2025-07-21 11:45:09.297858
2025-07-21,110117,2025072103008082,KSBBL,Ashutosh Brokerage & Securities (PVT) Ltd.,Blue Chip Securities Ltd,300,540.0,162000.0,2025-07-21 11:45:09.297923
2025-07-21,110116,2025072103008083,KSBBL,Ashutosh Brokerage & Securities (PVT) Ltd.,Property Wiard Limited,100,540.0,54000.0,2025-07-21 11:45:09.297990
2025-07-21,110115,2025072103008084,KSBBL,Ashutosh Brokerage & Securities (PVT) Ltd.,Aryatara Investment & Securities,500,540.0,270000.0,2025-07-21 11:45:09.298072
2025-07-21,110114,2025072103008085,KSBBL,Ashutosh Brokerage & Securities (PVT) Ltd.,Nepal Investment And Securities Trading Private Limited,535,540.0,288900.0,2025-07-21 11:45:09.298137
2025-07-21,110113,2025072103008086,KSBBL,Ashutosh Brokerage & Securities (PVT) Ltd.,Naasa Securities Co. Ltd.,100,540.0,54000.0,2025-07-21 11:45:09.298198
2025-07-21,110112,2025072103008087,KSBBL,Ashutosh Brokerage & Securities (PVT) Ltd.,Opal Securities Investment (PVT) Ltd.,107,540.0,57780.0,2025-07-21 11:45:09.298260
2025-07-21,110111,2025072103008088,KSBBL,Ashutosh Brokerage & Securities (PVT) Ltd.,Capital Max Securities Ltd,34,540.0,18360.0,2025-07-21 11:45:09.298321
2025-07-21,110110,2025072103008089,KSBBL,Ashutosh Brokerage & Securities (PVT) Ltd.,Dakshinkali Investment & Securities Pvt. Ltd.,61,540.0,32940.0,2025-07-21 11:45:09.298381
2025-07-21,110109,2025072103008090,KSBBL,Ashutosh Brokerage & Securities (PVT) Ltd.,Naasa Securities Co. Ltd.,1000,540.0,540000.0,2025-07-21 11:45:09.298451
2025-07-21,109944,2025072103008149,KSBBL,Indira securities pvt. ltd,Siprabi Securities Pvt. Ltd.,20,540.6,10812.0,2025-07-21 11:45:26.209001
2025-07-21,109943,2025072103008150,KSBBL,Indira securities pvt. ltd,Dakshinkali Investment & Securities Pvt. Ltd.,100,540.6,54060.0,2025-07-21 11:45:26.209186
2025-07-21,109942,2025072103008151,KSBBL,Indira securities pvt. ltd,Sharepro Securities Private Limited,380,540.6,205428.0,2025-07-21 11:45:26.209260
2025-07-21,109915,2025072103008162,KSBBL,Dipshikha Dhitopatra Karobar Co. Pvt Ltd.,Sharepro Securities Private Limited,120,540.6,64872.0,2025-07-21 11:45:28.688984
2025-07-21,109914,2025072103008163,KSBBL,Dipshikha Dhitopatra Karobar Co. Pvt Ltd.,Creative Securities Pvt Ltd,500,541.0,270500.0,2025-07-21 11:45:28.689150
2025-07-21,109913,2025072103008164,KSBBL,Dipshikha Dhitopatra Karobar Co. Pvt Ltd.,Premier Securities Company Ltd.,100,541.0,54100.0,2025-07-21 11:45:28.689214
2025-07-21,109799,2025072103008217,KSBBL,Dipshikha Dhitopatra Karobar Co. Pvt Ltd.,Aryatara Investment & Securities,280,541.0,151480.0,2025-07-21 11:45:38.751205
2025-07-21,109798,2025072103008218,KSBBL,Ashutosh Brokerage & Securities (PVT) Ltd.,Aryatara Investment & Securities,220,540.0,118800.0,2025-07-21 11:45:38.751359
2025-07-21,109793,2025072103008221,KSBBL,Imperial Securities Company Pvt. Ltd.,J.F. Securites (PVT) Ltd.,67,541.4,36273.8,2025-07-21 11:45:38.929662
2025-07-21,109632,2025072103008292,KSBBL,Nepal Investment And Securities Trading Private Limited,Bhrikuti Stock Broking Co. Pvt. Ltd.,80,541.6,43328.0,2025-07-21 11:45:54.843095
2025-07-21,109631,2025072103008293,KSBBL,Nepal Investment And Securities Trading Private Limited,South Asian Bulls Pvt. Ltd.,30,541.6,16248.0,2025-07-21 11:45:54.843261
2025-07-21,109629,2025072103008295,KSBBL,Nepal Investment And Securities Trading Private Limited,N.M.B. SECURITIES LIMITED,10,541.6,5416.0,2025-07-21 11:45:54.864738
2025-07-21,109513,2025072103008320,KSBBL,Cristal Kanchanjanga Securites Pvt. Ltd.,Dipshikha Dhitopatra Karobar Co. Pvt Ltd.,74,542.0,40108.0,2025-07-21 11:46:07.595661
2025-07-21,109512,2025072103008321,KSBBL,Cristal Kanchanjanga Securites Pvt. Ltd.,Sewa Securities Pvt. Ltd.,714,543.0,387702.0,2025-07-21 11:46:07.595823
2025-07-21,109511,2025072103008322,KSBBL,Cristal Kanchanjanga Securites Pvt. Ltd.,Aryatara Investment & Securities,54,544.0,29376.0,2025-07-21 11:46:07.595911
2025-07-21,109510,2025072103008323,KSBBL,Cristal Kanchanjanga Securites Pvt. Ltd.,ABC Securities Private Limited,50,544.0,27200.0,2025-07-21 11:46:07.595972
2025-07-21,109509,2025072103008324,KSBBL,Cristal Kanchanjanga Securites Pvt. Ltd.,Imperial Securities Company Pvt. Ltd.,407,544.0,221408.0,2025-07-21 11:46:07.596049
2025-07-21,109508,2025072103008325,KSBBL,Cristal Kanchanjanga Securites Pvt. Ltd.,Sani Securities Company Ltd.,20,545.0,10900.0,2025-07-21 11:46:07.596116
2025-07-21,109507,2025072103008326,KSBBL,Cristal Kanchanjanga Securites Pvt. Ltd.,Aakashbhairab Securities Ltd.,995,545.0,542275.0,2025-07-21 11:46:07.596179
2025-07-21,109506,2025072103008327,KSBBL,Cristal Kanchanjanga Securites Pvt. Ltd.,MILKY WAY SHARE BROKER COMPANY LTD ,132,545.0,71940.0,2025-07-21 11:46:07.596250
2025-07-21,109505,2025072103008328,KSBBL,Cristal Kanchanjanga Securites Pvt. Ltd.,Midas Stock Broking Company Private Limited,294,545.0,160230.0,2025-07-21 11:46:07.596317
2025-07-21,109504,2025072103008329,KSBBL,Cristal Kanchanjanga Securites Pvt. Ltd.,Property Wiard Limited,500,545.0,272500.0,2025-07-21 11:46:07.596411
2025-07-21,109503,2025072103008330,KSBBL,Cristal Kanchanjanga Securites Pvt. Ltd.,Vision Securities Pvt. Ltd,1000,545.0,545000.0,2025-07-21 11:46:07.596471
2025-07-21,109502,2025072103008331,KSBBL,Cristal Kanchanjanga Securites Pvt. Ltd.,Agrawal Securities (PVT) Ltd.,500,545.0,272500.0,2025-07-21 11:46:07.596534
2025-07-21,109501,2025072103008332,KSBBL,Cristal Kanchanjanga Securites Pvt. Ltd.,Aryatara Investment & Securities,28,545.0,15260.0,2025-07-21 11:46:07.596601
2025-07-21,109500,2025072103008333,KSBBL,Cristal Kanchanjanga Securites Pvt. Ltd.,Deevyaa Securities & Stock House Pvt. Ltd,185,545.0,100825.0,2025-07-21 11:46:07.596658
2025-07-21,109499,2025072103008334,KSBBL,Cristal Kanchanjanga Securites Pvt. Ltd.,Vision Securities Pvt. Ltd,47,545.0,25615.0,2025-07-21 11:46:07.596714
2025-07-21,109392,2025072103008353,KSBBL,Nepal Investment And Securities Trading Private Limited,BHOLE GANESH SECURITIES LTD,42,541.6,22747.2,2025-07-21 11:46:18.997989
2025-07-21,109362,2025072103008364,KSBBL,Dakshinkali Investment & Securities Pvt. Ltd.,Vision Securities Pvt. Ltd,65,545.0,35425.0,2025-07-21 11:46:21.323075
2025-07-21,109361,2025072103008365,KSBBL,Dakshinkali Investment & Securities Pvt. Ltd.,Blue Chip Securities Ltd,161,545.0,87745.0,2025-07-21 11:46:21.323348
2025-07-21,109360,2025072103008366,KSBBL,Dakshinkali Investment & Securities Pvt. Ltd.,NIMB Stock Markets Limited,274,545.0,149330.0,2025-07-21 11:46:21.323522
2025-07-21,109272,2025072103008383,KSBBL,Thrive Brokerage House Pvt. Ltd,Opal Securities Investment (PVT) Ltd.,100,544.0,54400.0,2025-07-21 11:46:31.425313
2025-07-21,109271,2025072103008384,KSBBL,Thrive Brokerage House Pvt. Ltd,NIMB Stock Markets Limited,100,545.0,54500.0,2025-07-21 11:46:31.425671
2025-07-21,109184,2025072103008409,KSBBL,Sumeru Securities Pvt. Ltd.,Naasa Securities Co. Ltd.,132,545.0,71940.0,2025-07-21 11:46:37.492611
2025-07-21,109183,2025072103008410,KSBBL,Sumeru Securities Pvt. Ltd.,Nepal Stock House (PVT) Ltd.,40,545.0,21800.0,2025-07-21 11:46:37.492648
2025-07-21,109182,2025072103008411,KSBBL,Sumeru Securities Pvt. Ltd.,Deevyaa Securities & Stock House Pvt. Ltd,328,545.0,178760.0,2025-07-21 11:46:37.492672
2025-07-21,109181,2025072103008412,KSBBL,Imperial Securities Company Pvt. Ltd.,Aryatara Investment & Securities,433,542.0,234686.0,2025-07-21 11:46:37.767606
2025-07-21,109180,2025072103008413,KSBBL,Cristal Kanchanjanga Securites Pvt. Ltd.,Aryatara Investment & Securities,67,542.0,36314.0,2025-07-21 11:46:37.767751
2025-07-21,109166,2025072103008418,KSBBL,Global IME Securities Limited,Trisul Securities & Invt. Ltd.,100,544.5,54450.0,2025-07-21 11:46:39.791697
2025-07-21,109165,2025072103008419,KSBBL,Global IME Securities Limited,Deevyaa Securities & Stock House Pvt. Ltd,172,545.0,93740.0,2025-07-21 11:46:39.791999
2025-07-21,109164,2025072103008420,KSBBL,Global IME Securities Limited,Dakshinkali Investment & Securities Pvt. Ltd.,50,545.0,27250.0,2025-07-21 11:46:39.792201
2025-07-21,109112,2025072103008428,KSBBL,Global IME Securities Limited,Opal Securities Investment (PVT) Ltd.,100,545.0,54500.0,2025-07-21 11:46:44.371143
2025-07-21,109019,2025072103008459,KSBBL,Trishakti Securities Public Limited,Nepal Investment And Securities Trading Private Limited,200,545.5,109100.0,2025-07-21 11:46:54.603947
2025-07-21,108988,2025072103008468,KSBBL,Global IME Securities Limited,Nepal Investment And Securities Trading Private Limited,300,545.5,163650.0,2025-07-21 11:46:58.853596
2025-07-21,108782,2025072103008510,KSBBL,Secured Securities Ltd.,Market Securities & Exchange (PVT) Ltd.,10,545.8,5458.0,2025-07-21 11:47:17.658225
2025-07-21,108781,2025072103008511,KSBBL,Secured Securities Ltd.,ABC Securities Private Limited,190,545.8,103702.0,2025-07-21 11:47:17.658433
2025-07-21,108771,2025072103008512,KSBBL,Global IME Securities Limited,Deevyaa Securities & Stock House Pvt. Ltd,178,545.5,97099.0,2025-07-21 11:47:18.414191
2025-07-21,108770,2025072103008513,KSBBL,Imperial Securities Company Pvt. Ltd.,Deevyaa Securities & Stock House Pvt. Ltd,100,545.5,54550.0,2025-07-21 11:47:18.414351
2025-07-21,108769,2025072103008514,KSBBL,Cristal Kanchanjanga Securites Pvt. Ltd.,Deevyaa Securities & Stock House Pvt. Ltd,1933,542.0,1047686.0,2025-07-21 11:47:18.414413
2025-07-21,108679,2025072103008542,KSBBL,Aryatara Investment & Securities,Deevyaa Securities & Stock House Pvt. Ltd,200,542.0,108400.0,2025-07-21 11:47:26.373326
2025-07-21,108370,2025072103008630,KSBBL,Shree Krishna Securities Ltd.,Aryatara Investment & Securities,10,545.0,5450.0,2025-07-21 11:47:54.862864
2025-07-21,108138,2025072103008677,KSBBL,Aakashbhairab Securities Ltd.,Agrawal Securities (PVT) Ltd.,800,541.8,433440.0,2025-07-21 11:48:12.812429
2025-07-21,107927,2025072103008741,KSBBL,Aakashbhairab Securities Ltd.,Agrawal Securities (PVT) Ltd.,200,541.8,108360.0,2025-07-21 11:48:24.942538
2025-07-21,107461,2025072103008879,KSBBL,Dipshikha Dhitopatra Karobar Co. Pvt Ltd.,Sharepro Securities Private Limited,20,541.7,10834.0,2025-07-21 11:49:04.580010
2025-07-21,107323,2025072103008915,KSBBL,Imperial Securities Company Pvt. Ltd.,Sri Hari Securities Pvt. Ltd.,100,544.7,54470.0,2025-07-21 11:49:14.743704
2025-07-21,107014,2025072103008994,KSBBL,Secured Securities Ltd.,Aryatara Investment & Securities,90,544.0,48960.0,2025-07-21 11:49:43.428586
2025-07-21,107013,2025072103008995,KSBBL,Secured Securities Ltd.,Aryatara Investment & Securities,200,544.7,108940.0,2025-07-21 11:49:43.428764
2025-07-21,107012,2025072103008996,KSBBL,Secured Securities Ltd.,Shree Krishna Securities Ltd.,100,544.8,54480.0,2025-07-21 11:49:43.428836
2025-07-21,107011,2025072103008997,KSBBL,Secured Securities Ltd.,Opal Securities Investment (PVT) Ltd.,20,544.8,10896.0,2025-07-21 11:49:43.428903
2025-07-21,107010,2025072103008998,KSBBL,Secured Securities Ltd.,Kohinoor Investment & Securities Pvt. Ltd.,20,544.8,10896.0,2025-07-21 11:49:43.428970
2025-07-21,107009,2025072103008999,KSBBL,Secured Securities Ltd.,Opal Securities Investment (PVT) Ltd.,200,545.0,109000.0,2025-07-21 11:49:43.429046
2025-07-21,107008,2025072103009000,KSBBL,Secured Securities Ltd.,Agrawal Securities (PVT) Ltd.,31,545.0,16895.0,2025-07-21 11:49:43.429113
2025-07-21,107007,2025072103009001,KSBBL,Secured Securities Ltd.,Malla & Malla Stock Broking Company Pvt. Limited,100,545.0,54500.0,2025-07-21 11:49:43.429180
2025-07-21,107006,2025072103009002,KSBBL,Secured Securities Ltd.,Aryatara Investment & Securities,239,545.0,130255.0,2025-07-21 11:49:43.429246
2025-07-21,106817,2025072103009070,KSBBL,Secured Securities Ltd.,Deevyaa Securities & Stock House Pvt. Ltd,100,542.0,54200.0,2025-07-21 11:50:00.593343
2025-07-21,106590,2025072103009112,KSBBL,Secured Securities Ltd.,Sundhara Securities Limited,100,542.0,54200.0,2025-07-21 11:50:21.808504
2025-07-21,106589,2025072103009113,KSBBL,Ashutosh Brokerage & Securities (PVT) Ltd.,Sundhara Securities Limited,222,542.0,120324.0,2025-07-21 11:50:21.808846
2025-07-21,106573,2025072103009117,KSBBL,Secured Securities Ltd.,Aryatara Investment & Securities,500,544.0,272000.0,2025-07-21 11:50:22.112217
2025-07-21,105886,2025072103009266,KSBBL,Asian Securities Private Ltd.,KALASH STOCK MARKET PVT. LTD.,100,544.9,54490.0,2025-07-21 11:51:21.925984
2025-07-21,105885,2025072103009267,KSBBL,Asian Securities Private Ltd.,Dynamic Money Managers Securities Pvt. Ltd.,900,544.9,490410.0,2025-07-21 11:51:21.926033
2025-07-21,105603,2025072103009324,KSBBL,Aakashbhairab Securities Ltd.,Siprabi Securities Pvt. Ltd.,200,543.0,108600.0,2025-07-21 11:51:41.255394
2025-07-21,105592,2025072103009331,KSBBL,Aryatara Investment & Securities,Premier Securities Company Ltd.,190,544.7,103493.0,2025-07-21 11:51:42.548396
2025-07-21,105206,2025072103009505,KSBBL,Aakashbhairab Securities Ltd.,Naasa Securities Co. Ltd.,800,543.0,434400.0,2025-07-21 11:52:14.665122
2025-07-21,105205,2025072103009506,KSBBL,Global IME Securities Limited,Naasa Securities Co. Ltd.,200,542.1,108420.0,2025-07-21 11:52:14.665313
2025-07-21,105014,2025072103009564,KSBBL,Capital Max Securities Ltd,Oxford Securities Pvt. Ltd.,300,543.0,162900.0,2025-07-21 11:52:32.433328
2025-07-21,105013,2025072103009565,KSBBL,Capital Max Securities Ltd,Premier Securities Company Ltd.,10,544.7,5447.0,2025-07-21 11:52:32.433385
2025-07-21,105012,2025072103009566,KSBBL,Capital Max Securities Ltd,Ashutosh Brokerage & Securities (PVT) Ltd.,100,544.7,54470.0,2025-07-21 11:52:32.433415
2025-07-21,105011,2025072103009567,KSBBL,Capital Max Securities Ltd,Trishakti Securities Public Limited,100,544.7,54470.0,2025-07-21 11:52:32.433445
2025-07-21,105010,2025072103009568,KSBBL,Capital Max Securities Ltd,South Asian Bulls Pvt. Ltd.,20,544.8,10896.0,2025-07-21 11:52:32.433485
2025-07-21,105009,2025072103009569,KSBBL,Capital Max Securities Ltd,Dynamic Money Managers Securities Pvt. Ltd.,970,544.8,528456.0,2025-07-21 11:52:32.433516
2025-07-21,104888,2025072103009605,KSBBL,Primo Securities (PVT) Ltd.,Infinity Securities Limited,172,544.0,93568.0,2025-07-21 11:52:46.640750
2025-07-21,104814,2025072103009626,KSBBL,Ashutosh Brokerage & Securities (PVT) Ltd.,Infinity Securities Limited,28,544.0,15232.0,2025-07-21 11:52:52.735486
2025-07-21,104813,2025072103009627,KSBBL,Ashutosh Brokerage & Securities (PVT) Ltd.,Dynamic Money Managers Securities Pvt. Ltd.,30,544.8,16344.0,2025-07-21 11:52:52.735691
2025-07-21,104812,2025072103009628,KSBBL,Ashutosh Brokerage & Securities (PVT) Ltd.,Dynamic Money Managers Securities Pvt. Ltd.,1933,544.9,1053291.7,2025-07-21 11:52:52.735774
2025-07-21,104807,2025072103009631,KSBBL,Global IME Securities Limited,Online Securities Pvt. Ltd.,10,542.1,5421.0,2025-07-21 11:52:53.656147
2025-07-21,104351,2025072103009740,KSBBL,Aryatara Investment & Securities,Midas Stock Broking Company Private Limited,200,543.9,108780.0,2025-07-21 11:53:42.097484
2025-07-21,104330,2025072103009749,KSBBL,Global IME Securities Limited,Nabil Stock Dealer Ltd.,290,542.1,157209.0,2025-07-21 11:53:44.557611
2025-07-21,104329,2025072103009750,KSBBL,Dipshikha Dhitopatra Karobar Co. Pvt Ltd.,Nabil Stock Dealer Ltd.,380,541.7,205846.0,2025-07-21 11:53:44.557826
2025-07-21,104328,2025072103009751,KSBBL,Nepal Investment And Securities Trading Private Limited,Nabil Stock Dealer Ltd.,38,541.6,20580.8,2025-07-21 11:53:44.557909
2025-07-21,104327,2025072103009752,KSBBL,Deevyaa Securities & Stock House Pvt. Ltd,Nabil Stock Dealer Ltd.,292,540.2,157738.4,2025-07-21 11:53:44.557993
2025-07-21,103856,2025072103009865,KSBBL,Linch Stock Market Ltd.,Shree Krishna Securities Ltd.,100,541.0,54100.0,2025-07-21 11:54:37.917719
2025-07-21,103811,2025072103009878,KSBBL,Aryatara Investment & Securities,Swarna Laxmi Securities Pvt. Ltd.,100,541.0,54100.0,2025-07-21 11:54:44.032212
2025-07-21,103810,2025072103009879,KSBBL,Aryatara Investment & Securities,Swarna Laxmi Securities Pvt. Ltd.,35,542.0,18970.0,2025-07-21 11:54:44.032594
2025-07-21,103809,2025072103009880,KSBBL,Aryatara Investment & Securities,Sri Hari Securities Pvt. Ltd.,65,543.0,35295.0,2025-07-21 11:54:44.032836
2025-07-21,103702,2025072103009927,KSBBL,Deevyaa Securities & Stock House Pvt. Ltd,Linch Stock Market Ltd.,230,540.2,124246.0,2025-07-21 11:54:54.768642
2025-07-21,103400,2025072103009994,KSBBL,Deevyaa Securities & Stock House Pvt. Ltd,Investment Management Nepal Pvt. Ltd.,10,542.0,5420.0,2025-07-21 11:55:28.449133
2025-07-21,103399,2025072103009995,KSBBL,Trisul Securities & Invt. Ltd.,Investment Management Nepal Pvt. Ltd.,50,542.0,27100.0,2025-07-21 11:55:28.449382
2025-07-21,103182,2025072103010066,KSBBL,Cristal Kanchanjanga Securites Pvt. Ltd.,Midas Stock Broking Company Private Limited,800,541.1,432880.0,2025-07-21 11:55:54.109624
2025-07-21,103116,2025072103010086,KSBBL,Asian Securities Private Ltd.,Investment Management Nepal Pvt. Ltd.,1000,542.0,542000.0,2025-07-21 11:56:01.198262
2025-07-21,103111,2025072103010089,KSBBL,Cristal Kanchanjanga Securites Pvt. Ltd.,Secured Securities Ltd.,50,541.1,27055.0,2025-07-21 11:56:01.605626
2025-07-21,102994,2025072103010115,KSBBL,Cristal Kanchanjanga Securites Pvt. Ltd.,Pragyan Securities (PVT) Ltd.,50,541.1,27055.0,2025-07-21 11:56:10.428381
2025-07-21,102913,2025072103010133,KSBBL,Cristal Kanchanjanga Securites Pvt. Ltd.,Sri Hari Securities Pvt. Ltd.,100,541.1,54110.0,2025-07-21 11:56:19.166453
2025-07-21,102912,2025072103010134,KSBBL,Deevyaa Securities & Stock House Pvt. Ltd,Sri Hari Securities Pvt. Ltd.,328,540.2,177185.6,2025-07-21 11:56:19.166842
2025-07-21,102859,2025072103010151,KSBBL,Naasa Securities Co. Ltd.,Investment Management Nepal Pvt. Ltd.,800,542.0,433600.0,2025-07-21 11:56:27.116448
2025-07-21,102817,2025072103010163,KSBBL,Naasa Securities Co. Ltd.,Investment Management Nepal Pvt. Ltd.,140,542.0,75880.0,2025-07-21 11:56:32.270267
2025-07-21,102816,2025072103010164,KSBBL,Naasa Securities Co. Ltd.,Infinity Securities Limited,200,542.0,108400.0,2025-07-21 11:56:32.270701
2025-07-21,102815,2025072103010165,KSBBL,Naasa Securities Co. Ltd.,Shree Krishna Securities Ltd.,200,542.0,108400.0,2025-07-21 11:56:32.270953
2025-07-21,102814,2025072103010166,KSBBL,Naasa Securities Co. Ltd.,Kumari Securities Private Limited,260,542.0,140920.0,2025-07-21 11:56:32.271234
2025-07-21,102666,2025072103010216,KSBBL,Naasa Securities Co. Ltd.,ABC Securities Private Limited,100,540.0,54000.0,2025-07-21 11:56:48.616300
2025-07-21,102508,2025072103010263,KSBBL,South Asian Bulls Pvt. Ltd.,Vision Securities Pvt. Ltd,50,540.0,27000.0,2025-07-21 11:57:06.277035
2025-07-21,102317,2025072103010329,KSBBL,Pragyan Securities (PVT) Ltd.,Asian Securities Private Ltd.,27,537.0,14499.0,2025-07-21 11:57:23.475287
2025-07-21,102127,2025072103010372,KSBBL,Trishakti Securities Public Limited,Naasa Securities Co. Ltd.,500,537.2,268600.0,2025-07-21 11:57:42.223740
2025-07-21,102126,2025072103010373,KSBBL,Pragyan Securities (PVT) Ltd.,Naasa Securities Co. Ltd.,473,537.0,254001.0,2025-07-21 11:57:42.224016
2025-07-21,101690,2025072103010488,KSBBL,Aakashbhairab Securities Ltd.,Dakshinkali Investment & Securities Pvt. Ltd.,99,536.0,53064.0,2025-07-21 11:58:17.207708
2025-07-21,101620,2025072103010528,KSBBL,Imperial Securities Company Pvt. Ltd.,Naasa Securities Co. Ltd.,27,537.0,14499.0,2025-07-21 11:58:23.649255
2025-07-21,101619,2025072103010529,KSBBL,Imperial Securities Company Pvt. Ltd.,Dakshinkali Investment & Securities Pvt. Ltd.,100,537.0,53700.0,2025-07-21 11:58:23.649657
2025-07-21,101500,2025072103010557,KSBBL,Imperial Securities Company Pvt. Ltd.,Dipshikha Dhitopatra Karobar Co. Pvt Ltd.,50,537.2,26860.0,2025-07-21 11:58:36.633042
2025-07-21,101157,2025072103010652,KSBBL,Imperial Securities Company Pvt. Ltd.,Sewa Securities Pvt. Ltd.,100,537.2,53720.0,2025-07-21 11:59:10.385505
2025-07-21,101097,2025072103010668,KSBBL,Imperial Securities Company Pvt. Ltd.,Vision Securities Pvt. Ltd,276,537.2,148267.2,2025-07-21 11:59:13.348819
2025-07-21,101096,2025072103010669,KSBBL,Aakashbhairab Securities Ltd.,Vision Securities Pvt. Ltd,401,536.0,214936.0,2025-07-21 11:59:13.349052
2025-07-21,101095,2025072103010670,KSBBL,Secured Securities Ltd.,Vision Securities Pvt. Ltd,300,536.0,160800.0,2025-07-21 11:59:13.349152
2025-07-21,100927,2025072103010706,KSBBL,Miyo Securities Pvt Ltd,Vision Securities Pvt. Ltd,23,536.0,12328.0,2025-07-21 11:59:28.064276
2025-07-21,100926,2025072103010707,KSBBL,Miyo Securities Pvt Ltd,Swarna Laxmi Securities Pvt. Ltd.,27,537.8,14520.6,2025-07-21 11:59:28.064504
2025-07-21,100893,2025072103010713,KSBBL,Sumeru Securities Pvt. Ltd.,Ashutosh Brokerage & Securities (PVT) Ltd.,100,535.3,53530.0,2025-07-21 11:59:31.227116
2025-07-21,100892,2025072103010714,KSBBL,Trishakti Securities Public Limited,Ashutosh Brokerage & Securities (PVT) Ltd.,400,535.2,214080.0,2025-07-21 11:59:31.227554
2025-07-21,100792,2025072103010739,KSBBL,Trishakti Securities Public Limited,Ashutosh Brokerage & Securities (PVT) Ltd.,400,535.2,214080.0,2025-07-21 11:59:41.328668
2025-07-21,100791,2025072103010740,KSBBL,Kumari Securities Private Limited,Ashutosh Brokerage & Securities (PVT) Ltd.,100,535.2,53520.0,2025-07-21 11:59:41.329122
2025-07-21,100739,2025072103010747,KSBBL,Dipshikha Dhitopatra Karobar Co. Pvt Ltd.,Sani Securities Company Ltd.,54,537.2,29008.8,2025-07-21 11:59:45.492181
2025-07-21,100738,2025072103010748,KSBBL,Dipshikha Dhitopatra Karobar Co. Pvt Ltd.,Swarna Laxmi Securities Pvt. Ltd.,173,537.8,93039.4,2025-07-21 11:59:45.492434
2025-07-21,100737,2025072103010749,KSBBL,Dipshikha Dhitopatra Karobar Co. Pvt Ltd.,Dakshinkali Investment & Securities Pvt. Ltd.,100,537.8,53780.0,2025-07-21 11:59:45.492529
2025-07-21,100457,2025072103010810,KSBBL,Dipshikha Dhitopatra Karobar Co. Pvt Ltd.,J.F. Securites (PVT) Ltd.,173,537.8,93039.4,2025-07-21 12:00:10.499401
2025-07-21,100267,2025072103010851,KSBBL,Sumeru Securities Pvt. Ltd.,J.F. Securites (PVT) Ltd.,125,537.8,67225.0,2025-07-21 12:00:24.243248
2025-07-21,100266,2025072103010852,KSBBL,Sumeru Securities Pvt. Ltd.,Vision Securities Pvt. Ltd,375,538.0,201750.0,2025-07-21 12:00:24.243504
2025-07-21,100123,2025072103010897,KSBBL,Cristal Kanchanjanga Securites Pvt. Ltd.,Swarna Laxmi Securities Pvt. Ltd.,200,537.0,107400.0,2025-07-21 12:00:39.923503
2025-07-21,100122,2025072103010898,KSBBL,Cristal Kanchanjanga Securites Pvt. Ltd.,Deevyaa Securities & Stock House Pvt. Ltd,100,537.5,53750.0,2025-07-21 12:00:39.923925
2025-07-21,100121,2025072103010899,KSBBL,Cristal Kanchanjanga Securites Pvt. Ltd.,Vision Securities Pvt. Ltd,625,538.0,336250.0,2025-07-21 12:00:39.924225
2025-07-21,100120,2025072103010900,KSBBL,Cristal Kanchanjanga Securites Pvt. Ltd.,Trishakti Securities Public Limited,100,538.0,53800.0,2025-07-21 12:00:39.924496
2025-07-21,99888,2025072103010968,KSBBL,Cristal Kanchanjanga Securites Pvt. Ltd.,Primo Securities (PVT) Ltd.,50,538.0,26900.0,2025-07-21 12:00:59.764334
2025-07-21,99682,2025072103011021,KSBBL,Asian Securities Private Ltd.,ABC Securities Private Limited,100,539.0,53900.0,2025-07-21 12:01:18.705139
2025-07-21,99681,2025072103011022,KSBBL,Asian Securities Private Ltd.,Ashutosh Brokerage & Securities (PVT) Ltd.,100,539.9,53990.0,2025-07-21 12:01:18.705175
2025-07-21,99680,2025072103011023,KSBBL,Asian Securities Private Ltd.,Naasa Securities Co. Ltd.,800,539.9,431920.0,2025-07-21 12:01:18.705204
2025-07-21,99653,2025072103011031,KSBBL,Cristal Kanchanjanga Securites Pvt. Ltd.,Trisul Securities & Invt. Ltd.,100,538.0,53800.0,2025-07-21 12:01:21.025021
2025-07-21,99506,2025072103011086,KSBBL,Cristal Kanchanjanga Securites Pvt. Ltd.,Dipshikha Dhitopatra Karobar Co. Pvt Ltd.,825,538.0,443850.0,2025-07-21 12:01:31.218481
2025-07-21,98825,2025072103011274,KSBBL,Secured Securities Ltd.,Pragyan Securities (PVT) Ltd.,30,538.0,16140.0,2025-07-21 12:02:30.785875
2025-07-21,97066,2025072103011739,KSBBL,Cristal Kanchanjanga Securites Pvt. Ltd.,Pragyan Securities (PVT) Ltd.,470,535.6,251732.0,2025-07-21 12:05:28.222976
2025-07-21,97003,2025072103011754,KSBBL,Cristal Kanchanjanga Securites Pvt. Ltd.,Online Securities Pvt. Ltd.,200,535.6,107120.0,2025-07-21 12:05:38.118659
2025-07-21,96948,2025072103011762,KSBBL,Cristal Kanchanjanga Securites Pvt. Ltd.,ABC Securities Private Limited,185,535.6,99086.0,2025-07-21 12:05:43.820568
2025-07-21,96628,2025072103011833,KSBBL,Cristal Kanchanjanga Securites Pvt. Ltd.,Naasa Securities Co. Ltd.,30,535.6,16068.0,2025-07-21 12:06:22.945763
2025-07-21,96519,2025072103011855,KSBBL,Cristal Kanchanjanga Securites Pvt. Ltd.,Imperial Securities Company Pvt. Ltd.,100,535.6,53560.0,2025-07-21 12:06:35.366716
2025-07-21,96014,2025072103011982,KSBBL,Dipshikha Dhitopatra Karobar Co. Pvt Ltd.,Deevyaa Securities & Stock House Pvt. Ltd,20,536.9,10738.0,2025-07-21 12:07:37.453411
2025-07-21,96013,2025072103011983,KSBBL,Dipshikha Dhitopatra Karobar Co. Pvt Ltd.,Trishakti Securities Public Limited,180,537.0,96660.0,2025-07-21 12:07:37.453696
2025-07-21,95659,2025072103012066,KSBBL,Sumeru Securities Pvt. Ltd.,Malla & Malla Stock Broking Company Pvt. Limited,200,536.0,107200.0,2025-07-21 12:08:20.325165
2025-07-21,95553,2025072103012095,KSBBL,Trishakti Securities Public Limited,Trishakti Securities Public Limited,20,537.0,10740.0,2025-07-21 12:08:36.377060
2025-07-21,95552,2025072103012096,KSBBL,Trishakti Securities Public Limited,ABC Securities Private Limited,20,537.0,10740.0,2025-07-21 12:08:36.377322
2025-07-21,95551,2025072103012097,KSBBL,Trishakti Securities Public Limited,Agrawal Securities (PVT) Ltd.,50,537.0,26850.0,2025-07-21 12:08:36.377426
2025-07-21,95504,2025072103012103,KSBBL,Trishakti Securities Public Limited,BHOLE GANESH SECURITIES LTD,50,537.0,26850.0,2025-07-21 12:08:44.736157
2025-07-21,95500,2025072103012106,KSBBL,Trishakti Securities Public Limited,Arun Securities (PVT) Ltd.,360,537.0,193320.0,2025-07-21 12:08:46.215170
2025-07-21,95436,2025072103012125,KSBBL,Global IME Securities Limited,Arun Securities (PVT) Ltd.,358,537.0,192246.0,2025-07-21 12:08:56.680911
2025-07-21,95435,2025072103012126,KSBBL,Global IME Securities Limited,Dynamic Money Managers Securities Pvt. Ltd.,142,537.0,76254.0,2025-07-21 12:08:56.681186
2025-07-21,95170,2025072103012204,KSBBL,Trishakti Securities Public Limited,Dynamic Money Managers Securities Pvt. Ltd.,18,537.0,9666.0,2025-07-21 12:09:30.153566
2025-07-21,95169,2025072103012205,KSBBL,Trishakti Securities Public Limited,Imperial Securities Company Pvt. Ltd.,125,537.0,67125.0,2025-07-21 12:09:30.154190
2025-07-21,95027,2025072103012237,KSBBL,Trishakti Securities Public Limited,Nepal Stock House (PVT) Ltd.,357,537.0,191709.0,2025-07-21 12:09:52.563841
2025-07-21,95026,2025072103012238,KSBBL,Trisul Securities & Invt. Ltd.,Nepal Stock House (PVT) Ltd.,213,537.0,114381.0,2025-07-21 12:09:52.564148
2025-07-21,94959,2025072103012256,KSBBL,Naasa Securities Co. Ltd.,Deevyaa Securities & Stock House Pvt. Ltd,100,537.9,53790.0,2025-07-21 12:10:04.505369
2025-07-21,94740,2025072103012305,KSBBL,Nepal Stock House (PVT) Ltd.,Vision Securities Pvt. Ltd,100,538.0,53800.0,2025-07-21 12:10:29.587234
2025-07-21,94723,2025072103012315,KSBBL,Naasa Securities Co. Ltd.,Vision Securities Pvt. Ltd,100,538.0,53800.0,2025-07-21 12:10:32.629353
2025-07-21,94672,2025072103012326,KSBBL,Sumeru Securities Pvt. Ltd.,Vision Securities Pvt. Ltd,500,538.0,269000.0,2025-07-21 12:10:38.130948
2025-07-21,94567,2025072103012358,KSBBL,Stoxkarts Securities Limited,Vision Securities Pvt. Ltd,500,538.0,269000.0,2025-07-21 12:10:53.299885
2025-07-21,94511,2025072103012364,KSBBL,KALASH STOCK MARKET PVT. LTD.,Deevyaa Securities & Stock House Pvt. Ltd,20,538.0,10760.0,2025-07-21 12:10:59.767964
2025-07-21,94510,2025072103012365,KSBBL,KALASH STOCK MARKET PVT. LTD.,Sundhara Securities Limited,207,538.0,111366.0,2025-07-21 12:10:59.768322
2025-07-21,94509,2025072103012366,KSBBL,KALASH STOCK MARKET PVT. LTD.,Himalayan Brokerage Company Limited,150,538.0,80700.0,2025-07-21 12:10:59.768521
2025-07-21,94508,2025072103012367,KSBBL,KALASH STOCK MARKET PVT. LTD.,Asian Securities Private Ltd.,423,538.0,227574.0,2025-07-21 12:10:59.768696
2025-07-21,94482,2025072103012387,KSBBL,Naasa Securities Co. Ltd.,Asian Securities Private Ltd.,27,538.0,14526.0,2025-07-21 12:11:02.841640
2025-07-21,94331,2025072103012426,KSBBL,Naasa Securities Co. Ltd.,Sani Securities Company Ltd.,10,538.0,5380.0,2025-07-21 12:11:27.167206
2025-07-21,94039,2025072103012519,KSBBL,Naasa Securities Co. Ltd.,Swarna Laxmi Securities Pvt. Ltd.,113,538.0,60794.0,2025-07-21 12:11:55.740788
2025-07-21,94038,2025072103012520,KSBBL,Trisul Securities & Invt. Ltd.,Swarna Laxmi Securities Pvt. Ltd.,87,537.0,46719.0,2025-07-21 12:11:55.741073
2025-07-21,93024,2025072103012841,KSBBL,Sumeru Securities Pvt. Ltd.,Trishakti Securities Public Limited,500,538.9,269450.0,2025-07-21 12:14:11.410739
2025-07-21,92897,2025072103012892,KSBBL,Naasa Securities Co. Ltd.,Naasa Securities Co. Ltd.,10,538.8,5388.0,2025-07-21 12:14:27.933374
2025-07-21,92853,2025072103012918,KSBBL,Nepal Stock House (PVT) Ltd.,SUN SECURITIES PVT LTD,100,538.0,53800.0,2025-07-21 12:14:33.795382
2025-07-21,92786,2025072103012941,KSBBL,Sumeru Securities Pvt. Ltd.,SUN SECURITIES PVT LTD,400,538.0,215200.0,2025-07-21 12:14:44.581276
2025-07-21,92553,2025072103013020,KSBBL,Sumeru Securities Pvt. Ltd.,Market Securities & Exchange (PVT) Ltd.,100,538.5,53850.0,2025-07-21 12:15:17.309509
2025-07-21,92446,2025072103013065,KSBBL,Bhrikuti Stock Broking Co. Pvt. Ltd.,Trishakti Securities Public Limited,10,538.6,5386.0,2025-07-21 12:15:27.151543
2025-07-21,92427,2025072103013079,KSBBL,Naasa Securities Co. Ltd.,Trishakti Securities Public Limited,500,538.6,269300.0,2025-07-21 12:15:28.857979
2025-07-21,92187,2025072103013154,KSBBL,Naasa Securities Co. Ltd.,Secured Securities Ltd.,130,537.5,69875.0,2025-07-21 12:15:58.722774
2025-07-21,92186,2025072103013155,KSBBL,Trisul Securities & Invt. Ltd.,Secured Securities Ltd.,350,537.0,187950.0,2025-07-21 12:15:58.722818
2025-07-21,92088,2025072103013174,KSBBL,Sumeru Securities Pvt. Ltd.,Midas Stock Broking Company Private Limited,500,538.0,269000.0,2025-07-21 12:16:15.069793
2025-07-21,91911,2025072103013237,KSBBL,Aryatara Investment & Securities,Midas Stock Broking Company Private Limited,18,538.0,9684.0,2025-07-21 12:16:37.219505
2025-07-21,91840,2025072103013247,KSBBL,Dipshikha Dhitopatra Karobar Co. Pvt Ltd.,Naasa Securities Co. Ltd.,190,538.5,102315.0,2025-07-21 12:16:45.321728
2025-07-21,91839,2025072103013248,KSBBL,Dipshikha Dhitopatra Karobar Co. Pvt Ltd.,Ashutosh Brokerage & Securities (PVT) Ltd.,300,538.7,161610.0,2025-07-21 12:16:45.322048
2025-07-21,91838,2025072103013249,KSBBL,Dipshikha Dhitopatra Karobar Co. Pvt Ltd.,Trishakti Securities Public Limited,507,538.8,273171.6,2025-07-21 12:16:45.322169
2025-07-21,91837,2025072103013250,KSBBL,Dipshikha Dhitopatra Karobar Co. Pvt Ltd.,Primo Securities (PVT) Ltd.,50,539.0,26950.0,2025-07-21 12:16:45.322289
2025-07-21,91836,2025072103013251,KSBBL,Dipshikha Dhitopatra Karobar Co. Pvt Ltd.,Himalayan Brokerage Company Limited,200,539.0,107800.0,2025-07-21 12:16:45.322447
2025-07-21,91835,2025072103013252,KSBBL,Dipshikha Dhitopatra Karobar Co. Pvt Ltd.,Cristal Kanchanjanga Securites Pvt. Ltd.,3000,539.0,1617000.0,2025-07-21 12:16:45.322566
2025-07-21,91294,2025072103013406,KSBBL,Naasa Securities Co. Ltd.,Online Securities Pvt. Ltd.,66,539.9,35633.4,2025-07-21 12:17:50.215431
2025-07-21,91293,2025072103013407,KSBBL,Naasa Securities Co. Ltd.,Aryatara Investment & Securities,60,539.9,32394.0,2025-07-21 12:17:50.215764
2025-07-21,90970,2025072103013496,KSBBL,Naasa Securities Co. Ltd.,Naasa Securities Co. Ltd.,20,539.9,10798.0,2025-07-21 12:18:29.857735
2025-07-21,90856,2025072103013532,KSBBL,Naasa Securities Co. Ltd.,Vision Securities Pvt. Ltd,10,540.0,5400.0,2025-07-21 12:18:47.228693
2025-07-21,90753,2025072103013557,KSBBL,Dipshikha Dhitopatra Karobar Co. Pvt Ltd.,Sani Securities Company Ltd.,500,539.0,269500.0,2025-07-21 12:19:08.739703
2025-07-21,90728,2025072103013562,KSBBL,Dipshikha Dhitopatra Karobar Co. Pvt Ltd.,Imperial Securities Company Pvt. Ltd.,100,539.0,53900.0,2025-07-21 12:19:12.587798
2025-07-21,90595,2025072103013618,KSBBL,Dipshikha Dhitopatra Karobar Co. Pvt Ltd.,Sani Securities Company Ltd.,50,539.0,26950.0,2025-07-21 12:19:35.213210
2025-07-21,90502,2025072103013653,KSBBL,Premier Securities Company Ltd.,Vision Securities Pvt. Ltd,40,540.0,21600.0,2025-07-21 12:19:46.973136
2025-07-21,90501,2025072103013654,KSBBL,Premier Securities Company Ltd.,Investment Management Nepal Pvt. Ltd.,2000,540.0,1080000.0,2025-07-21 12:19:46.973429
2025-07-21,90500,2025072103013655,KSBBL,Premier Securities Company Ltd.,ABC Securities Private Limited,810,540.0,437400.0,2025-07-21 12:19:46.973554
2025-07-21,90499,2025072103013656,KSBBL,Premier Securities Company Ltd.,Imperial Securities Company Pvt. Ltd.,128,540.0,69120.0,2025-07-21 12:19:46.973700
2025-07-21,90498,2025072103013657,KSBBL,Premier Securities Company Ltd.,Nepal Stock House (PVT) Ltd.,50,540.0,27000.0,2025-07-21 12:19:46.973856
2025-07-21,90497,2025072103013658,KSBBL,Premier Securities Company Ltd.,Vision Securities Pvt. Ltd,250,540.0,135000.0,2025-07-21 12:19:46.974002
2025-07-21,90496,2025072103013659,KSBBL,Premier Securities Company Ltd.,ABC Securities Private Limited,500,540.0,270000.0,2025-07-21 12:19:46.974130
2025-07-21,90495,2025072103013660,KSBBL,Premier Securities Company Ltd.,Market Securities & Exchange (PVT) Ltd.,171,540.0,92340.0,2025-07-21 12:19:46.974251
2025-07-21,90494,2025072103013661,KSBBL,Premier Securities Company Ltd.,Himalayan Brokerage Company Limited,300,540.0,162000.0,2025-07-21 12:19:46.974369
2025-07-21,90493,2025072103013662,KSBBL,Premier Securities Company Ltd.,Himalayan Brokerage Company Limited,100,540.0,54000.0,2025-07-21 12:19:46.974513
2025-07-21,90492,2025072103013663,KSBBL,Premier Securities Company Ltd.,Deevyaa Securities & Stock House Pvt. Ltd,20,540.0,10800.0,2025-07-21 12:19:46.974633
2025-07-21,90491,2025072103013664,KSBBL,Premier Securities Company Ltd.,Imperial Securities Company Pvt. Ltd.,191,540.0,103140.0,2025-07-21 12:19:46.974752
2025-07-21,90490,2025072103013665,KSBBL,Premier Securities Company Ltd.,Neev Securities Pvt. Ltd.,46,540.0,24840.0,2025-07-21 12:19:46.974868
2025-07-21,90489,2025072103013666,KSBBL,Premier Securities Company Ltd.,Asian Securities Private Ltd.,394,540.0,212760.0,2025-07-21 12:19:46.974986
2025-07-21,90468,2025072103013673,KSBBL,Dipshikha Dhitopatra Karobar Co. Pvt Ltd.,Oxford Securities Pvt. Ltd.,103,539.0,55517.0,2025-07-21 12:19:49.685874
2025-07-21,90467,2025072103013674,KSBBL,Aryatara Investment & Securities,Oxford Securities Pvt. Ltd.,47,538.0,25286.0,2025-07-21 12:19:49.685915
2025-07-21,90439,2025072103013678,KSBBL,Dipshikha Dhitopatra Karobar Co. Pvt Ltd.,Sani Securities Company Ltd.,10,539.0,5390.0,2025-07-21 12:19:53.254231
2025-07-21,90438,2025072103013679,KSBBL,Dipshikha Dhitopatra Karobar Co. Pvt Ltd.,Asian Securities Private Ltd.,606,540.0,327240.0,2025-07-21 12:19:53.254519
2025-07-21,90437,2025072103013680,KSBBL,Dipshikha Dhitopatra Karobar Co. Pvt Ltd.,Aryatara Investment & Securities,111,540.0,59940.0,2025-07-21 12:19:53.254641
2025-07-21,90436,2025072103013681,KSBBL,Dipshikha Dhitopatra Karobar Co. Pvt Ltd.,Kohinoor Investment & Securities Pvt. Ltd.,50,540.0,27000.0,2025-07-21 12:19:53.254755
2025-07-21,90435,2025072103013682,KSBBL,Dipshikha Dhitopatra Karobar Co. Pvt Ltd.,Aryatara Investment & Securities,35,540.0,18900.0,2025-07-21 12:19:53.254872
2025-07-21,90434,2025072103013683,KSBBL,Dipshikha Dhitopatra Karobar Co. Pvt Ltd.,Dipshikha Dhitopatra Karobar Co. Pvt Ltd.,101,540.0,54540.0,2025-07-21 12:19:53.254986
2025-07-21,90433,2025072103013684,KSBBL,Dipshikha Dhitopatra Karobar Co. Pvt Ltd.,Primo Securities (PVT) Ltd.,100,540.0,54000.0,2025-07-21 12:19:53.255114
2025-07-21,90417,2025072103013694,KSBBL,Dipshikha Dhitopatra Karobar Co. Pvt Ltd.,Trisul Securities & Invt. Ltd.,100,540.0,54000.0,2025-07-21 12:19:56.384583
2025-07-21,90234,2025072103013736,KSBBL,Dipshikha Dhitopatra Karobar Co. Pvt Ltd.,Kalika Securities Pvt. Ltd.,887,540.0,478980.0,2025-07-21 12:20:34.249918
2025-07-21,90233,2025072103013737,KSBBL,Linch Stock Market Ltd.,Kalika Securities Pvt. Ltd.,10,540.0,5400.0,2025-07-21 12:20:34.250209
2025-07-21,90133,2025072103013753,KSBBL,Aryatara Investment & Securities,Kalika Securities Pvt. Ltd.,103,540.0,55620.0,2025-07-21 12:20:47.982842
2025-07-21,90132,2025072103013754,KSBBL,Aryatara Investment & Securities,APPLE SECURITIES PRIVATE LIMITED,397,541.0,214777.0,2025-07-21 12:20:47.983143
2025-07-21,90117,2025072103013756,KSBBL,Shree Krishna Securities Ltd.,APPLE SECURITIES PRIVATE LIMITED,113,541.0,61133.0,2025-07-21 12:20:50.659806
2025-07-21,89988,2025072103013806,KSBBL,Aryatara Investment & Securities,APPLE SECURITIES PRIVATE LIMITED,500,541.0,270500.0,2025-07-21 12:21:09.486843
2025-07-21,89496,2025072103013952,KSBBL,Aryatara Investment & Securities,APPLE SECURITIES PRIVATE LIMITED,250,541.0,135250.0,2025-07-21 12:22:29.262389
2025-07-21,89477,2025072103013960,KSBBL,Sani Securities Company Ltd.,Malla & Malla Stock Broking Company Pvt. Limited,250,540.0,135000.0,2025-07-21 12:22:32.320996
2025-07-21,89418,2025072103013990,KSBBL,Sumeru Securities Pvt. Ltd.,APPLE SECURITIES PRIVATE LIMITED,200,541.0,108200.0,2025-07-21 12:22:41.264240
2025-07-21,89338,2025072103014009,KSBBL,Aryatara Investment & Securities,APPLE SECURITIES PRIVATE LIMITED,40,541.0,21640.0,2025-07-21 12:22:56.998287
2025-07-21,89289,2025072103014015,KSBBL,Sani Securities Company Ltd.,ABC Securities Private Limited,1600,540.0,864000.0,2025-07-21 12:23:00.211229
2025-07-21,88851,2025072103014127,KSBBL,Midas Stock Broking Company Private Limited,Linch Stock Market Ltd.,20,539.1,10782.0,2025-07-21 12:24:04.776990
2025-07-21,88642,2025072103014168,KSBBL,Pragyan Securities (PVT) Ltd.,ABC Securities Private Limited,150,540.0,81000.0,2025-07-21 12:24:35.304103
2025-07-21,88492,2025072103014201,KSBBL,Kalika Securities Pvt. Ltd.,ABC Securities Private Limited,250,540.0,135000.0,2025-07-21 12:24:58.147074
2025-07-21,88491,2025072103014202,KSBBL,Kalika Securities Pvt. Ltd.,Oxford Securities Pvt. Ltd.,30,540.0,16200.0,2025-07-21 12:24:58.147405
2025-07-21,88490,2025072103014203,KSBBL,Kalika Securities Pvt. Ltd.,Aryatara Investment & Securities,50,540.0,27000.0,2025-07-21 12:24:58.147550
2025-07-21,88415,2025072103014229,KSBBL,Kalika Securities Pvt. Ltd.,Aryatara Investment & Securities,84,540.0,45360.0,2025-07-21 12:25:09.285593
2025-07-21,88410,2025072103014231,KSBBL,Kumari Securities Private Limited,Dynamic Money Managers Securities Pvt. Ltd.,200,540.9,108180.0,2025-07-21 12:25:10.873722
2025-07-21,88305,2025072103014257,KSBBL,ABC Securities Private Limited,ABC Securities Private Limited,1,549.7,549.7,2025-07-21 12:25:27.198945
2025-07-21,88262,2025072103014261,KSBBL,Kalika Securities Pvt. Ltd.,Online Securities Pvt. Ltd.,66,540.0,35640.0,2025-07-21 12:25:34.288291
2025-07-21,88261,2025072103014262,KSBBL,Online Securities Pvt. Ltd.,Online Securities Pvt. Ltd.,50,540.0,27000.0,2025-07-21 12:25:34.288636
2025-07-21,87904,2025072103014328,KSBBL,Sani Securities Company Ltd.,Aryatara Investment & Securities,230,540.1,124223.0,2025-07-21 12:26:30.703599
2025-07-21,87835,2025072103014352,KSBBL,Online Securities Pvt. Ltd.,Sani Securities Company Ltd.,16,540.0,8640.0,2025-07-21 12:26:43.207732
2025-07-21,87793,2025072103014365,KSBBL,Online Securities Pvt. Ltd.,Linch Stock Market Ltd.,34,540.0,18360.0,2025-07-21 12:26:53.249967
2025-07-21,87298,2025072103014504,KSBBL,Midas Stock Broking Company Private Limited,Vision Securities Pvt. Ltd,44,539.1,23720.4,2025-07-21 12:28:03.750287
2025-07-21,87180,2025072103014525,KSBBL,Kohinoor Investment & Securities Pvt. Ltd.,Vision Securities Pvt. Ltd,56,539.0,30184.0,2025-07-21 12:28:22.666071
2025-07-21,85911,2025072103014850,KSBBL,Cristal Kanchanjanga Securites Pvt. Ltd.,Kumari Securities Private Limited,100,539.8,53980.0,2025-07-21 12:31:04.248619
2025-07-21,85793,2025072103014886,KSBBL,Cristal Kanchanjanga Securites Pvt. Ltd.,Aryatara Investment & Securities,250,539.0,134750.0,2025-07-21 12:31:18.523039
2025-07-21,85460,2025072103014990,KSBBL,Sani Securities Company Ltd.,Kohinoor Investment & Securities Pvt. Ltd.,59,538.7,31783.3,2025-07-21 12:31:55.284077
2025-07-21,85402,2025072103015004,KSBBL,Pragyan Securities (PVT) Ltd.,Naasa Securities Co. Ltd.,107,538.0,57566.0,2025-07-21 12:32:01.035375
2025-07-21,85080,2025072103015082,KSBBL,Pragyan Securities (PVT) Ltd.,Trisul Securities & Invt. Ltd.,293,538.0,157634.0,2025-07-21 12:32:41.389249
2025-07-21,85079,2025072103015083,KSBBL,Cristal Kanchanjanga Securites Pvt. Ltd.,Trisul Securities & Invt. Ltd.,250,538.0,134500.0,2025-07-21 12:32:41.389664
2025-07-21,84952,2025072103015102,KSBBL,Sri Hari Securities Pvt. Ltd.,Opal Securities Investment (PVT) Ltd.,700,537.2,376040.0,2025-07-21 12:32:58.969381
2025-07-21,84841,2025072103015128,KSBBL,Sri Hari Securities Pvt. Ltd.,Sani Securities Company Ltd.,200,537.2,107440.0,2025-07-21 12:33:09.707696
2025-07-21,84761,2025072103015145,KSBBL,Sri Hari Securities Pvt. Ltd.,J.F. Securites (PVT) Ltd.,100,537.2,53720.0,2025-07-21 12:33:21.591592
2025-07-21,84760,2025072103015146,KSBBL,Sumeru Securities Pvt. Ltd.,J.F. Securites (PVT) Ltd.,100,537.1,53710.0,2025-07-21 12:33:21.591993
2025-07-21,84759,2025072103015147,KSBBL,Trisul Securities & Invt. Ltd.,J.F. Securites (PVT) Ltd.,100,537.0,53700.0,2025-07-21 12:33:21.592180
2025-07-21,84593,2025072103015180,KSBBL,Trisul Securities & Invt. Ltd.,Nabil Stock Dealer Ltd.,500,537.0,268500.0,2025-07-21 12:33:43.221423
2025-07-21,84504,2025072103015199,KSBBL,Trisul Securities & Invt. Ltd.,Nepal Investment And Securities Trading Private Limited,100,537.0,53700.0,2025-07-21 12:33:56.698658
2025-07-21,84451,2025072103015220,KSBBL,Trisul Securities & Invt. Ltd.,K.B.L. Securities Limited ,650,537.0,349050.0,2025-07-21 12:34:02.705314
2025-07-21,84450,2025072103015221,KSBBL,Imperial Securities Company Pvt. Ltd.,K.B.L. Securities Limited ,100,537.0,53700.0,2025-07-21 12:34:02.705676
2025-07-21,84449,2025072103015222,KSBBL,Secured Securities Ltd.,K.B.L. Securities Limited ,827,537.0,444099.0,2025-07-21 12:34:02.705833
2025-07-21,84448,2025072103015223,KSBBL,Primo Securities (PVT) Ltd.,K.B.L. Securities Limited ,423,537.0,227151.0,2025-07-21 12:34:02.705995
2025-07-21,84447,2025072103015224,KSBBL,Primo Securities (PVT) Ltd.,Asian Securities Private Ltd.,66,537.0,35442.0,2025-07-21 12:34:02.940686
2025-07-21,84430,2025072103015230,KSBBL,Primo Securities (PVT) Ltd.,Sri Hari Securities Pvt. Ltd.,500,537.0,268500.0,2025-07-21 12:34:05.457078
2025-07-21,84319,2025072103015258,KSBBL,Primo Securities (PVT) Ltd.,K.B.L. Securities Limited ,11,537.0,5907.0,2025-07-21 12:34:21.767224
2025-07-21,84318,2025072103015259,KSBBL,Pragyan Securities (PVT) Ltd.,K.B.L. Securities Limited ,150,537.0,80550.0,2025-07-21 12:34:21.767614
2025-07-21,84317,2025072103015260,KSBBL,Sumeru Securities Pvt. Ltd.,K.B.L. Securities Limited ,300,536.0,160800.0,2025-07-21 12:34:21.767777
2025-07-21,84316,2025072103015261,KSBBL,Trisul Securities & Invt. Ltd.,K.B.L. Securities Limited ,1000,536.0,536000.0,2025-07-21 12:34:21.767964
2025-07-21,84315,2025072103015262,KSBBL,ABC Securities Private Limited,K.B.L. Securities Limited ,19,536.0,10184.0,2025-07-21 12:34:21.768168
