Date,S.N.,Contract ID,Symbol,Buyer Broker,Seller Broker,volume,rate,amount,transaction_time
2025-07-21,138214,2025072104000270,MEN,Himalayan Brokerage Company Limited,Linch Stock Market Ltd.,13,650.0,8450.0,2025-07-21 11:01:23.135067
2025-07-21,137042,2025072104000799,MEN,Cristal Kanchanjanga Securites Pvt. Ltd.,Bhrikuti Stock Broking Co. Pvt. Ltd.,30,654.0,19620.0,2025-07-21 11:03:45.689689
2025-07-21,137041,2025072104000800,MEN,Cristal Kanchanjanga Securites Pvt. Ltd.,Indira securities pvt. ltd,20,654.0,13080.0,2025-07-21 11:03:45.689842
2025-07-21,136595,2025072104000981,MEN,Asian Securities Private Ltd.,Vision Securities Pvt. Ltd,400,650.0,260000.0,2025-07-21 11:04:31.614683
2025-07-21,135961,2025072104001223,MEN,Cristal Kanchanjanga Securites Pvt. Ltd.,Online Securities Pvt. Ltd.,50,650.0,32500.0,2025-07-21 11:05:34.162247
2025-07-21,135857,2025072104001257,MEN,Naasa Securities Co. Ltd.,Online Securities Pvt. Ltd.,50,650.0,32500.0,2025-07-21 11:05:45.622566
2025-07-21,135537,2025072104001360,MEN,J.F. Securites (PVT) Ltd.,Online Securities Pvt. Ltd.,580,650.0,377000.0,2025-07-21 11:06:13.902550
2025-07-21,135536,2025072104001361,MEN,J.F. Securites (PVT) Ltd.,Sani Securities Company Ltd.,180,650.0,117000.0,2025-07-21 11:06:13.902644
2025-07-21,135535,2025072104001362,MEN,J.F. Securites (PVT) Ltd.,Elite Stock House Limited,240,650.0,156000.0,2025-07-21 11:06:14.002067
2025-07-21,134613,2025072104001730,MEN,ABC Securities Private Limited,Elite Stock House Limited,200,650.0,130000.0,2025-07-21 11:07:30.703325
2025-07-21,134267,2025072104001831,MEN,J.F. Securites (PVT) Ltd.,Pragyan Securities (PVT) Ltd.,1000,649.0,649000.0,2025-07-21 11:08:01.441722
2025-07-21,133396,2025072104002090,MEN,BHOLE GANESH SECURITIES LTD,Trishakti Securities Public Limited,100,648.0,64800.0,2025-07-21 11:09:20.870533
2025-07-21,133095,2025072104002189,MEN,Secured Securities Ltd.,Sani Securities Company Ltd.,200,646.2,129240.0,2025-07-21 11:09:45.053323
2025-07-21,132941,2025072104002223,MEN,Secured Securities Ltd.,Premier Securities Company Ltd.,500,646.2,323100.0,2025-07-21 11:09:59.664627
2025-07-21,132924,2025072104002233,MEN,Naasa Securities Co. Ltd.,Indira securities pvt. ltd,200,647.0,129400.0,2025-07-21 11:10:00.239335
2025-07-21,132918,2025072104002234,MEN,Naasa Securities Co. Ltd.,Opal Securities Investment (PVT) Ltd.,90,647.0,58230.0,2025-07-21 11:10:00.716957
2025-07-21,132800,2025072104002265,MEN,Sweta Securities Private Limited,Indira securities pvt. ltd,200,648.0,129600.0,2025-07-21 11:10:11.934565
2025-07-21,132730,2025072104002284,MEN,Trademow Securities Private Limited,Pragyan Securities (PVT) Ltd.,500,649.0,324500.0,2025-07-21 11:10:19.911483
2025-07-21,132551,2025072104002337,MEN,Midas Stock Broking Company Private Limited,Imperial Securities Company Pvt. Ltd.,500,648.0,324000.0,2025-07-21 11:10:36.151000
2025-07-21,132157,2025072104002457,MEN,BHOLE GANESH SECURITIES LTD,Creative Securities Pvt Ltd,130,648.9,84357.0,2025-07-21 11:11:07.046326
2025-07-21,132058,2025072104002473,MEN,Vision Securities Pvt. Ltd,Cristal Kanchanjanga Securites Pvt. Ltd.,700,648.0,453600.0,2025-07-21 11:11:16.142117
2025-07-21,132050,2025072104002476,MEN,Naasa Securities Co. Ltd.,Creative Securities Pvt Ltd,170,648.9,110313.0,2025-07-21 11:11:16.833790
2025-07-21,132049,2025072104002477,MEN,Naasa Securities Co. Ltd.,Indira securities pvt. ltd,200,648.9,129780.0,2025-07-21 11:11:16.833887
2025-07-21,132048,2025072104002478,MEN,Naasa Securities Co. Ltd.,Imperial Securities Company Pvt. Ltd.,57,648.9,36987.3,2025-07-21 11:11:16.833937
2025-07-21,131994,2025072104002500,MEN,Naasa Securities Co. Ltd.,Vision Securities Pvt. Ltd,195,648.9,126535.5,2025-07-21 11:11:20.305172
2025-07-21,131865,2025072104002550,MEN,Online Securities Pvt. Ltd.,Pragyan Securities (PVT) Ltd.,170,649.0,110330.0,2025-07-21 11:11:27.249094
2025-07-21,131795,2025072104002564,MEN,Naasa Securities Co. Ltd.,Indira securities pvt. ltd,200,648.9,129780.0,2025-07-21 11:11:33.307853
2025-07-21,131793,2025072104002565,MEN,Sani Securities Company Ltd.,Pragyan Securities (PVT) Ltd.,500,649.0,324500.0,2025-07-21 11:11:33.607835
2025-07-21,131682,2025072104002592,MEN,Sani Securities Company Ltd.,Pragyan Securities (PVT) Ltd.,330,649.0,214170.0,2025-07-21 11:11:41.770469
2025-07-21,131681,2025072104002593,MEN,Sani Securities Company Ltd.,Bhrikuti Stock Broking Co. Pvt. Ltd.,50,649.0,32450.0,2025-07-21 11:11:41.770697
2025-07-21,131249,2025072104002706,MEN,Naasa Securities Co. Ltd.,Indira securities pvt. ltd,88,649.9,57191.2,2025-07-21 11:12:10.733055
2025-07-21,131248,2025072104002707,MEN,Sani Securities Company Ltd.,Naasa Securities Co. Ltd.,20,649.0,12980.0,2025-07-21 11:12:10.906871
2025-07-21,131107,2025072104002756,MEN,Neev Securities Pvt. Ltd.,Indira securities pvt. ltd,112,649.9,72788.8,2025-07-21 11:12:19.834563
2025-07-21,131106,2025072104002757,MEN,Neev Securities Pvt. Ltd.,Indira securities pvt. ltd,388,650.0,252200.0,2025-07-21 11:12:19.834704
2025-07-21,130946,2025072104002775,MEN,Sweta Securities Private Limited,Thrive Brokerage House Pvt. Ltd,10,649.9,6499.0,2025-07-21 11:12:27.479275
2025-07-21,130945,2025072104002776,MEN,Sweta Securities Private Limited,Indira securities pvt. ltd,612,650.0,397800.0,2025-07-21 11:12:27.479462
2025-07-21,130944,2025072104002777,MEN,Sweta Securities Private Limited,Naasa Securities Co. Ltd.,33,650.0,21450.0,2025-07-21 11:12:27.479526
2025-07-21,130943,2025072104002778,MEN,Sweta Securities Private Limited,Linch Stock Market Ltd.,150,650.0,97500.0,2025-07-21 11:12:27.479597
2025-07-21,130942,2025072104002779,MEN,Sweta Securities Private Limited,ABC Securities Private Limited,100,650.0,65000.0,2025-07-21 11:12:27.479653
2025-07-21,130941,2025072104002780,MEN,Sweta Securities Private Limited,Property Wiard Limited,140,650.0,91000.0,2025-07-21 11:12:27.479705
2025-07-21,130830,2025072104002813,MEN,Sani Securities Company Ltd.,Pragyan Securities (PVT) Ltd.,100,649.0,64900.0,2025-07-21 11:12:34.441834
2025-07-21,130787,2025072104002834,MEN,Naasa Securities Co. Ltd.,Property Wiard Limited,10,650.0,6500.0,2025-07-21 11:12:38.470236
2025-07-21,130786,2025072104002835,MEN,Naasa Securities Co. Ltd.,Capital Max Securities Ltd,90,652.9,58761.0,2025-07-21 11:12:38.470276
2025-07-21,129878,2025072104003065,MEN,Shree Krishna Securities Ltd.,Capital Max Securities Ltd,210,652.9,137109.0,2025-07-21 11:13:37.110012
2025-07-21,129877,2025072104003066,MEN,Shree Krishna Securities Ltd.,Vision Securities Pvt. Ltd,600,653.0,391800.0,2025-07-21 11:13:37.110086
2025-07-21,129876,2025072104003067,MEN,Shree Krishna Securities Ltd.,Indira securities pvt. ltd,180,654.0,117720.0,2025-07-21 11:13:37.110136
2025-07-21,129875,2025072104003068,MEN,Shree Krishna Securities Ltd.,Indira securities pvt. ltd,20,654.0,13080.0,2025-07-21 11:13:37.110161
2025-07-21,129788,2025072104003098,MEN,Midas Stock Broking Company Private Limited,Indira securities pvt. ltd,380,654.0,248520.0,2025-07-21 11:13:42.898597
2025-07-21,129739,2025072104003103,MEN,Midas Stock Broking Company Private Limited,Sani Securities Company Ltd.,10,654.0,6540.0,2025-07-21 11:13:45.277421
2025-07-21,129474,2025072104003180,MEN,Midas Stock Broking Company Private Limited,Sani Securities Company Ltd.,10,654.0,6540.0,2025-07-21 11:14:01.542928
2025-07-21,129404,2025072104003196,MEN,Malla & Malla Stock Broking Company Pvt. Limited,Malla & Malla Stock Broking Company Pvt. Limited,100,655.0,65500.0,2025-07-21 11:14:05.866582
2025-07-21,129359,2025072104003205,MEN,Linch Stock Market Ltd.,Malla & Malla Stock Broking Company Pvt. Limited,150,655.0,98250.0,2025-07-21 11:14:08.707652
2025-07-21,129358,2025072104003206,MEN,Linch Stock Market Ltd.,Naasa Securities Co. Ltd.,105,655.0,68775.0,2025-07-21 11:14:08.707800
2025-07-21,129357,2025072104003207,MEN,Linch Stock Market Ltd.,Indira securities pvt. ltd,400,655.0,262000.0,2025-07-21 11:14:08.707875
2025-07-21,129299,2025072104003223,MEN,Linch Stock Market Ltd.,Naasa Securities Co. Ltd.,45,655.0,29475.0,2025-07-21 11:14:14.165096
2025-07-21,129298,2025072104003224,MEN,Midas Stock Broking Company Private Limited,Naasa Securities Co. Ltd.,20,654.0,13080.0,2025-07-21 11:14:14.165212
2025-07-21,129099,2025072104003275,MEN,Property Wiard Limited,Dipshikha Dhitopatra Karobar Co. Pvt Ltd.,100,655.0,65500.0,2025-07-21 11:14:23.980874
2025-07-21,128316,2025072104003498,MEN,Property Wiard Limited,Sani Securities Company Ltd.,10,655.0,6550.0,2025-07-21 11:15:19.497871
2025-07-21,128219,2025072104003528,MEN,Online Securities Pvt. Ltd.,Bhrikuti Stock Broking Co. Pvt. Ltd.,14,656.0,9184.0,2025-07-21 11:15:27.993430
2025-07-21,128083,2025072104003572,MEN,Sumeru Securities Pvt. Ltd.,Bhrikuti Stock Broking Co. Pvt. Ltd.,22,656.0,14432.0,2025-07-21 11:15:38.362757
2025-07-21,127854,2025072104003645,MEN,Sumeru Securities Pvt. Ltd.,Dynamic Money Managers Securities Pvt. Ltd.,20,656.0,13120.0,2025-07-21 11:15:59.979650
2025-07-21,127853,2025072104003646,MEN,Midas Stock Broking Company Private Limited,Dynamic Money Managers Securities Pvt. Ltd.,80,656.0,52480.0,2025-07-21 11:15:59.979932
2025-07-21,127852,2025072104003647,MEN,J.F. Securites (PVT) Ltd.,Dynamic Money Managers Securities Pvt. Ltd.,100,656.0,65600.0,2025-07-21 11:15:59.980114
2025-07-21,127742,2025072104003680,MEN,Aryatara Investment & Securities,Dynamic Money Managers Securities Pvt. Ltd.,200,656.0,131200.0,2025-07-21 11:16:09.126110
2025-07-21,127638,2025072104003705,MEN,Kohinoor Investment & Securities Pvt. Ltd.,Dynamic Money Managers Securities Pvt. Ltd.,10,656.0,6560.0,2025-07-21 11:16:19.451072
2025-07-21,127630,2025072104003709,MEN,Naasa Securities Co. Ltd.,Dynamic Money Managers Securities Pvt. Ltd.,120,656.0,78720.0,2025-07-21 11:16:19.845513
2025-07-21,127432,2025072104003744,MEN,Investment Management Nepal Pvt. Ltd.,Dynamic Money Managers Securities Pvt. Ltd.,300,656.0,196800.0,2025-07-21 11:16:36.101588
2025-07-21,127423,2025072104003749,MEN,J.F. Securites (PVT) Ltd.,Dynamic Money Managers Securities Pvt. Ltd.,100,656.0,65600.0,2025-07-21 11:16:36.549684
2025-07-21,127412,2025072104003752,MEN,Midas Stock Broking Company Private Limited,Dynamic Money Managers Securities Pvt. Ltd.,100,656.0,65600.0,2025-07-21 11:16:37.877945
2025-07-21,126986,2025072104003868,MEN,Naasa Securities Co. Ltd.,Dynamic Money Managers Securities Pvt. Ltd.,110,656.0,72160.0,2025-07-21 11:17:13.233866
2025-07-21,126737,2025072104003947,MEN,KALASH STOCK MARKET PVT. LTD.,Dynamic Money Managers Securities Pvt. Ltd.,250,656.0,164000.0,2025-07-21 11:17:36.037119
2025-07-21,126666,2025072104003977,MEN,Imperial Securities Company Pvt. Ltd.,Dynamic Money Managers Securities Pvt. Ltd.,10,656.0,6560.0,2025-07-21 11:17:40.400360
2025-07-21,126665,2025072104003978,MEN,Imperial Securities Company Pvt. Ltd.,Indira securities pvt. ltd,190,656.0,124640.0,2025-07-21 11:17:40.400479
2025-07-21,126112,2025072104004150,MEN,Nepal Investment And Securities Trading Private Limited,Indira securities pvt. ltd,10,656.0,6560.0,2025-07-21 11:18:20.341861
2025-07-21,126111,2025072104004151,MEN,Nepal Investment And Securities Trading Private Limited,Creative Securities Pvt Ltd,90,656.9,59121.0,2025-07-21 11:18:20.341993
2025-07-21,126067,2025072104004161,MEN,Property Wiard Limited,Midas Stock Broking Company Private Limited,13,655.0,8515.0,2025-07-21 11:18:24.397726
2025-07-21,125355,2025072104004401,MEN,Secured Securities Ltd.,Creative Securities Pvt Ltd,110,656.9,72259.0,2025-07-21 11:19:30.016853
2025-07-21,125354,2025072104004402,MEN,Secured Securities Ltd.,Bhrikuti Stock Broking Co. Pvt. Ltd.,90,657.0,59130.0,2025-07-21 11:19:30.017009
2025-07-21,125341,2025072104004408,MEN,Property Wiard Limited,Aryatara Investment & Securities,77,655.0,50435.0,2025-07-21 11:19:31.417412
2025-07-21,125340,2025072104004409,MEN,Imperial Securities Company Pvt. Ltd.,Aryatara Investment & Securities,223,655.0,146065.0,2025-07-21 11:19:31.417456
2025-07-21,125199,2025072104004462,MEN,Aryatara Investment & Securities,Bhrikuti Stock Broking Co. Pvt. Ltd.,300,657.0,197100.0,2025-07-21 11:19:41.620989
2025-07-21,124685,2025072104004642,MEN,Online Securities Pvt. Ltd.,Imperial Securities Company Pvt. Ltd.,130,655.0,85150.0,2025-07-21 11:20:21.695294
2025-07-21,124651,2025072104004652,MEN,Sani Securities Company Ltd.,Magnet Securities and Investment Company Private Limited,100,653.0,65300.0,2025-07-21 11:20:24.449793
2025-07-21,124610,2025072104004668,MEN,Neev Securities Pvt. Ltd.,Imperial Securities Company Pvt. Ltd.,70,655.0,45850.0,2025-07-21 11:20:28.187483
2025-07-21,124471,2025072104004690,MEN,Neev Securities Pvt. Ltd.,Imperial Securities Company Pvt. Ltd.,100,655.0,65500.0,2025-07-21 11:20:40.018201
2025-07-21,124065,2025072104004811,MEN,Neev Securities Pvt. Ltd.,Indira securities pvt. ltd,100,655.0,65500.0,2025-07-21 11:21:06.610073
2025-07-21,123806,2025072104004900,MEN,Neev Securities Pvt. Ltd.,Online Securities Pvt. Ltd.,30,655.0,19650.0,2025-07-21 11:21:24.793169
2025-07-21,123739,2025072104004918,MEN,Sani Securities Company Ltd.,Citizens Share Broker Limited,25,653.0,16325.0,2025-07-21 11:21:30.918657
2025-07-21,123738,2025072104004919,MEN,Midas Stock Broking Company Private Limited,Citizens Share Broker Limited,100,653.0,65300.0,2025-07-21 11:21:30.918772
2025-07-21,123737,2025072104004920,MEN,Oxford Securities Pvt. Ltd.,Citizens Share Broker Limited,600,653.0,391800.0,2025-07-21 11:21:30.918834
2025-07-21,123629,2025072104004947,MEN,Oxford Securities Pvt. Ltd.,Citizens Share Broker Limited,275,653.0,179575.0,2025-07-21 11:21:39.467727
2025-07-21,123628,2025072104004948,MEN,Oxford Securities Pvt. Ltd.,Cristal Kanchanjanga Securites Pvt. Ltd.,260,655.0,170300.0,2025-07-21 11:21:39.467900
2025-07-21,123540,2025072104004987,MEN,Property Wiard Limited,Indira securities pvt. ltd,200,652.9,130580.0,2025-07-21 11:21:46.706859
2025-07-21,123539,2025072104004988,MEN,Sharepro Securities Private Limited,Indira securities pvt. ltd,300,652.9,195870.0,2025-07-21 11:21:46.707107
2025-07-21,123392,2025072104005022,MEN,Sharepro Securities Private Limited,Midas Stock Broking Company Private Limited,200,652.9,130580.0,2025-07-21 11:21:57.328431
2025-07-21,123344,2025072104005038,MEN,South Asian Bulls Pvt. Ltd.,Cristal Kanchanjanga Securites Pvt. Ltd.,50,655.0,32750.0,2025-07-21 11:22:00.390179
2025-07-21,123009,2025072104005133,MEN,Citizens Share Broker Limited,Vision Securities Pvt. Ltd,1000,652.0,652000.0,2025-07-21 11:22:26.279499
2025-07-21,123008,2025072104005134,MEN,Trisul Securities & Invt. Ltd.,Vision Securities Pvt. Ltd,1000,652.0,652000.0,2025-07-21 11:22:26.279743
2025-07-21,122698,2025072104005221,MEN,Imperial Securities Company Pvt. Ltd.,Vision Securities Pvt. Ltd,1000,651.0,651000.0,2025-07-21 11:22:50.557465
2025-07-21,122445,2025072104005308,MEN,Midas Stock Broking Company Private Limited,Vision Securities Pvt. Ltd,60,651.0,39060.0,2025-07-21 11:23:13.469271
2025-07-21,122427,2025072104005313,MEN,Deevyaa Securities & Stock House Pvt. Ltd,Trisul Securities & Invt. Ltd.,500,650.0,325000.0,2025-07-21 11:23:17.263075
2025-07-21,122426,2025072104005314,MEN,Sewa Securities Pvt. Ltd.,Trisul Securities & Invt. Ltd.,92,650.0,59800.0,2025-07-21 11:23:17.263219
2025-07-21,122425,2025072104005315,MEN,Dipshikha Dhitopatra Karobar Co. Pvt Ltd.,Trisul Securities & Invt. Ltd.,200,650.0,130000.0,2025-07-21 11:23:17.263278
2025-07-21,122424,2025072104005316,MEN,ABC Securities Private Limited,Trisul Securities & Invt. Ltd.,50,650.0,32500.0,2025-07-21 11:23:17.263356
2025-07-21,122280,2025072104005343,MEN,Imperial Securities Company Pvt. Ltd.,Premier Securities Company Ltd.,100,649.0,64900.0,2025-07-21 11:23:31.829980
2025-07-21,122279,2025072104005344,MEN,Sani Securities Company Ltd.,Premier Securities Company Ltd.,375,649.0,243375.0,2025-07-21 11:23:31.830146
2025-07-21,121900,2025072104005420,MEN,Sani Securities Company Ltd.,Trisul Securities & Invt. Ltd.,20,649.0,12980.0,2025-07-21 11:24:05.562467
2025-07-21,120911,2025072104005691,MEN,Vision Securities Pvt. Ltd,Trisul Securities & Invt. Ltd.,50,650.0,32500.0,2025-07-21 11:25:41.244614
2025-07-21,120883,2025072104005696,MEN,Trishakti Securities Public Limited,Trisul Securities & Invt. Ltd.,108,650.0,70200.0,2025-07-21 11:25:43.946444
2025-07-21,120676,2025072104005726,MEN,Trishakti Securities Public Limited,Elite Stock House Limited,60,650.0,39000.0,2025-07-21 11:26:11.390060
2025-07-21,120452,2025072104005773,MEN,Trishakti Securities Public Limited,Sundhara Securities Limited,13,650.0,8450.0,2025-07-21 11:26:40.109644
2025-07-21,120408,2025072104005783,MEN,Trishakti Securities Public Limited,Indira securities pvt. ltd,119,650.0,77350.0,2025-07-21 11:26:45.349759
2025-07-21,120407,2025072104005784,MEN,Opal Securities Investment (PVT) Ltd.,Indira securities pvt. ltd,10,650.0,6500.0,2025-07-21 11:26:45.349957
2025-07-21,120227,2025072104005819,MEN,Sani Securities Company Ltd.,Vision Securities Pvt. Ltd,305,649.0,197945.0,2025-07-21 11:27:07.764246
2025-07-21,120226,2025072104005820,MEN,Imperial Securities Company Pvt. Ltd.,Vision Securities Pvt. Ltd,10,649.0,6490.0,2025-07-21 11:27:07.764605
2025-07-21,120225,2025072104005821,MEN,Sani Securities Company Ltd.,Vision Securities Pvt. Ltd,685,649.0,444565.0,2025-07-21 11:27:07.764816
2025-07-21,120115,2025072104005840,MEN,Sani Securities Company Ltd.,Aryatara Investment & Securities,15,649.0,9735.0,2025-07-21 11:27:22.247657
2025-07-21,119607,2025072104005971,MEN,Siprabi Securities Pvt. Ltd.,SUN SECURITIES PVT LTD,10,648.0,6480.0,2025-07-21 11:28:27.118452
2025-07-21,119299,2025072104006035,MEN,Sundhara Securities Limited,SUN SECURITIES PVT LTD,175,648.0,113400.0,2025-07-21 11:29:10.298410
2025-07-21,119298,2025072104006036,MEN,Sundhara Securities Limited,Kalika Securities Pvt. Ltd.,75,648.0,48600.0,2025-07-21 11:29:10.298790
2025-07-21,119106,2025072104006098,MEN,Asian Securities Private Ltd.,Kalika Securities Pvt. Ltd.,500,648.0,324000.0,2025-07-21 11:29:33.745962
2025-07-21,119093,2025072104006101,MEN,Naasa Securities Co. Ltd.,Aryatara Investment & Securities,235,647.5,152162.5,2025-07-21 11:29:35.344021
2025-07-21,118919,2025072104006147,MEN,Trisul Securities & Invt. Ltd.,Kalika Securities Pvt. Ltd.,160,648.0,103680.0,2025-07-21 11:30:04.493179
2025-07-21,118693,2025072104006205,MEN,Imperial Securities Company Pvt. Ltd.,Kalika Securities Pvt. Ltd.,10,648.0,6480.0,2025-07-21 11:30:33.769682
2025-07-21,118559,2025072104006224,MEN,Naasa Securities Co. Ltd.,Kalika Securities Pvt. Ltd.,55,648.0,35640.0,2025-07-21 11:30:47.062420
2025-07-21,118453,2025072104006245,MEN,Naasa Securities Co. Ltd.,Sweta Securities Private Limited,400,648.5,259400.0,2025-07-21 11:31:01.308536
2025-07-21,118278,2025072104006303,MEN,Naasa Securities Co. Ltd.,Aryatara Investment & Securities,45,648.5,29182.5,2025-07-21 11:31:21.824195
2025-07-21,118277,2025072104006304,MEN,Sani Securities Company Ltd.,Aryatara Investment & Securities,55,648.0,35640.0,2025-07-21 11:31:21.824400
2025-07-21,118050,2025072104006364,MEN,Naasa Securities Co. Ltd.,Indira securities pvt. ltd,265,650.0,172250.0,2025-07-21 11:31:50.228103
2025-07-21,117700,2025072104006464,MEN,Neev Securities Pvt. Ltd.,Siprabi Securities Pvt. Ltd.,100,649.9,64990.0,2025-07-21 11:32:22.832477
2025-07-21,117519,2025072104006500,MEN,Asian Securities Private Ltd.,Neev Securities Pvt. Ltd.,500,650.0,325000.0,2025-07-21 11:32:43.782141
2025-07-21,116806,2025072104006652,MEN,Shree Krishna Securities Ltd.,Sani Securities Company Ltd.,250,650.0,162500.0,2025-07-21 11:33:58.324715
2025-07-21,116539,2025072104006751,MEN,Asian Securities Private Ltd.,Creative Securities Pvt Ltd,100,649.9,64990.0,2025-07-21 11:34:27.046722
2025-07-21,116345,2025072104006786,MEN,Sri Hari Securities Pvt. Ltd.,Neev Securities Pvt. Ltd.,20,648.5,12970.0,2025-07-21 11:34:48.919900
2025-07-21,115871,2025072104006875,MEN,Vision Securities Pvt. Ltd,Capital Hub P. Ltd,20,650.0,13000.0,2025-07-21 11:35:32.688026
2025-07-21,115870,2025072104006876,MEN,Vision Securities Pvt. Ltd,Swarna Laxmi Securities Pvt. Ltd.,80,650.0,52000.0,2025-07-21 11:35:32.688130
2025-07-21,115718,2025072104006905,MEN,Asian Securities Private Ltd.,Swarna Laxmi Securities Pvt. Ltd.,120,650.0,78000.0,2025-07-21 11:35:44.912115
2025-07-21,115621,2025072104006929,MEN,Imperial Securities Company Pvt. Ltd.,Kohinoor Investment & Securities Pvt. Ltd.,10,649.0,6490.0,2025-07-21 11:35:58.157669
2025-07-21,115047,2025072104007033,MEN,Trishakti Securities Public Limited,Vision Securities Pvt. Ltd,40,651.0,26040.0,2025-07-21 11:36:48.883357
2025-07-21,115046,2025072104007034,MEN,Trishakti Securities Public Limited,Naasa Securities Co. Ltd.,160,651.0,104160.0,2025-07-21 11:36:48.883444
2025-07-21,114887,2025072104007059,MEN,Trishakti Securities Public Limited,Siprabi Securities Pvt. Ltd.,200,650.0,130000.0,2025-07-21 11:37:01.965978
2025-07-21,114886,2025072104007060,MEN,Trishakti Securities Public Limited,Naasa Securities Co. Ltd.,87,651.0,56637.0,2025-07-21 11:37:01.966293
2025-07-21,114817,2025072104007089,MEN,Trishakti Securities Public Limited,Nepal Stock House (PVT) Ltd.,200,653.0,130600.0,2025-07-21 11:37:10.450804
2025-07-21,114507,2025072104007158,MEN,Dakshinkali Investment & Securities Pvt. Ltd.,Nepal Stock House (PVT) Ltd.,300,653.0,195900.0,2025-07-21 11:37:38.510962
2025-07-21,114506,2025072104007159,MEN,Dakshinkali Investment & Securities Pvt. Ltd.,Sundhara Securities Limited,50,653.0,32650.0,2025-07-21 11:37:38.511162
2025-07-21,114505,2025072104007160,MEN,Dakshinkali Investment & Securities Pvt. Ltd.,Midas Stock Broking Company Private Limited,13,653.0,8489.0,2025-07-21 11:37:38.511246
2025-07-21,114504,2025072104007161,MEN,Dakshinkali Investment & Securities Pvt. Ltd.,Primo Securities (PVT) Ltd.,100,655.0,65500.0,2025-07-21 11:37:38.511326
2025-07-21,114503,2025072104007162,MEN,Dakshinkali Investment & Securities Pvt. Ltd.,Shree Krishna Securities Ltd.,3050,655.0,1997750.0,2025-07-21 11:37:38.511399
2025-07-21,114502,2025072104007163,MEN,Dakshinkali Investment & Securities Pvt. Ltd.,Sumeru Securities Pvt. Ltd.,500,655.0,327500.0,2025-07-21 11:37:38.511467
2025-07-21,114501,2025072104007164,MEN,Dakshinkali Investment & Securities Pvt. Ltd.,Kumari Securities Private Limited,255,655.0,167025.0,2025-07-21 11:37:38.511538
2025-07-21,114500,2025072104007165,MEN,Dakshinkali Investment & Securities Pvt. Ltd.,Vision Securities Pvt. Ltd,15,655.0,9825.0,2025-07-21 11:37:38.511615
2025-07-21,114499,2025072104007166,MEN,Dakshinkali Investment & Securities Pvt. Ltd.,Elite Stock House Limited,500,655.0,327500.0,2025-07-21 11:37:38.511685
2025-07-21,114498,2025072104007167,MEN,Dakshinkali Investment & Securities Pvt. Ltd.,Pragyan Securities (PVT) Ltd.,217,655.0,142135.0,2025-07-21 11:37:38.511760
2025-07-21,114496,2025072104007168,MEN,Trishakti Securities Public Limited,Pragyan Securities (PVT) Ltd.,300,655.0,196500.0,2025-07-21 11:37:38.781628
2025-07-21,114291,2025072104007215,MEN,Trishakti Securities Public Limited,Pragyan Securities (PVT) Ltd.,184,655.0,120520.0,2025-07-21 11:37:55.928126
2025-07-21,114290,2025072104007216,MEN,Trishakti Securities Public Limited,Kumari Securities Private Limited,300,655.0,196500.0,2025-07-21 11:37:55.928490
2025-07-21,114289,2025072104007217,MEN,Trishakti Securities Public Limited,SHUBHAKAMANA SECURITIES PVT. LTD,16,655.0,10480.0,2025-07-21 11:37:55.928698
2025-07-21,113713,2025072104007335,MEN,Cristal Kanchanjanga Securites Pvt. Ltd.,SHUBHAKAMANA SECURITIES PVT. LTD,34,655.0,22270.0,2025-07-21 11:38:55.050041
2025-07-21,113712,2025072104007336,MEN,Cristal Kanchanjanga Securites Pvt. Ltd.,Premier Securities Company Ltd.,16,655.0,10480.0,2025-07-21 11:38:55.050226
2025-07-21,113674,2025072104007347,MEN,Sumeru Securities Pvt. Ltd.,Premier Securities Company Ltd.,14,655.0,9170.0,2025-07-21 11:39:00.350027
2025-07-21,113498,2025072104007376,MEN,Sumeru Securities Pvt. Ltd.,Siprabi Securities Pvt. Ltd.,50,655.0,32750.0,2025-07-21 11:39:11.616667
2025-07-21,113445,2025072104007392,MEN,Sumeru Securities Pvt. Ltd.,Sweta Securities Private Limited,136,655.0,89080.0,2025-07-21 11:39:19.397647
2025-07-21,113444,2025072104007393,MEN,ABC Securities Private Limited,Sweta Securities Private Limited,50,655.0,32750.0,2025-07-21 11:39:19.397989
2025-07-21,113443,2025072104007394,MEN,K.B.L. Securities Limited ,Sweta Securities Private Limited,100,652.1,65210.0,2025-07-21 11:39:19.398200
2025-07-21,113442,2025072104007395,MEN,Online Securities Pvt. Ltd.,Sweta Securities Private Limited,14,652.0,9128.0,2025-07-21 11:39:19.398416
2025-07-21,112973,2025072104007502,MEN,Naasa Securities Co. Ltd.,Primo Securities (PVT) Ltd.,13,652.2,8478.6,2025-07-21 11:40:19.877603
2025-07-21,112143,2025072104007640,MEN,South Asian Bulls Pvt. Ltd.,Bhrikuti Stock Broking Co. Pvt. Ltd.,150,656.0,98400.0,2025-07-21 11:41:58.419571
2025-07-21,111691,2025072104007725,MEN,Naasa Securities Co. Ltd.,Sharepro Securities Private Limited,123,653.5,80380.5,2025-07-21 11:42:45.838146
2025-07-21,110793,2025072104007893,MEN,Naasa Securities Co. Ltd.,Deevyaa Securities & Stock House Pvt. Ltd,30,655.9,19677.0,2025-07-21 11:44:14.702925
2025-07-21,110792,2025072104007894,MEN,Naasa Securities Co. Ltd.,Bhrikuti Stock Broking Co. Pvt. Ltd.,50,656.0,32800.0,2025-07-21 11:44:14.703105
2025-07-21,110490,2025072104007925,MEN,Kohinoor Investment & Securities Pvt. Ltd.,Bhrikuti Stock Broking Co. Pvt. Ltd.,200,657.0,131400.0,2025-07-21 11:44:30.313173
2025-07-21,110418,2025072104007946,MEN,Sweta Securities Private Limited,Sharepro Securities Private Limited,100,656.0,65600.0,2025-07-21 11:44:39.283427
2025-07-21,110335,2025072104007965,MEN,Magnet Securities and Investment Company Private Limited,Bhrikuti Stock Broking Co. Pvt. Ltd.,59,657.0,38763.0,2025-07-21 11:44:50.589857
2025-07-21,110334,2025072104007966,MEN,Magnet Securities and Investment Company Private Limited,Sumeru Securities Pvt. Ltd.,30,657.0,19710.0,2025-07-21 11:44:50.590203
2025-07-21,110333,2025072104007967,MEN,Magnet Securities and Investment Company Private Limited,Kohinoor Investment & Securities Pvt. Ltd.,411,657.0,270027.0,2025-07-21 11:44:50.590444
2025-07-21,109938,2025072104008056,MEN,Sweta Securities Private Limited,Sharepro Securities Private Limited,100,656.0,65600.0,2025-07-21 11:45:26.677796
2025-07-21,109742,2025072104008101,MEN,Trishakti Securities Public Limited,Kohinoor Investment & Securities Pvt. Ltd.,123,657.0,80811.0,2025-07-21 11:45:44.073937
2025-07-21,109300,2025072104008182,MEN,Trishakti Securities Public Limited,Premier Securities Company Ltd.,100,657.0,65700.0,2025-07-21 11:46:28.382299
2025-07-21,109144,2025072104008215,MEN,Naasa Securities Co. Ltd.,Premier Securities Company Ltd.,82,657.0,53874.0,2025-07-21 11:46:43.347197
2025-07-21,109008,2025072104008257,MEN,Naasa Securities Co. Ltd.,Malla & Malla Stock Broking Company Pvt. Limited,215,658.0,141470.0,2025-07-21 11:46:55.492411
2025-07-21,108780,2025072104008343,MEN,Naasa Securities Co. Ltd.,Malla & Malla Stock Broking Company Pvt. Limited,85,658.0,55930.0,2025-07-21 11:47:17.980437
2025-07-21,108779,2025072104008344,MEN,Naasa Securities Co. Ltd.,Nepal Stock House (PVT) Ltd.,220,658.0,144760.0,2025-07-21 11:47:17.980781
2025-07-21,108608,2025072104008366,MEN,Trishakti Securities Public Limited,Property Wiard Limited,15,659.0,9885.0,2025-07-21 11:47:32.086437
2025-07-21,108593,2025072104008374,MEN,Naasa Securities Co. Ltd.,Sani Securities Company Ltd.,18,658.0,11844.0,2025-07-21 11:47:33.661523
2025-07-21,108285,2025072104008451,MEN,Nepal Stock House (PVT) Ltd.,Online Securities Pvt. Ltd.,20,658.9,13178.0,2025-07-21 11:48:00.684958
2025-07-21,108284,2025072104008452,MEN,Nepal Stock House (PVT) Ltd.,Property Wiard Limited,10,659.0,6590.0,2025-07-21 11:48:00.685281
2025-07-21,108252,2025072104008463,MEN,Nepal Stock House (PVT) Ltd.,Naasa Securities Co. Ltd.,70,659.0,46130.0,2025-07-21 11:48:03.670589
2025-07-21,108251,2025072104008464,MEN,Naasa Securities Co. Ltd.,Naasa Securities Co. Ltd.,30,658.0,19740.0,2025-07-21 11:48:03.670803
2025-07-21,108054,2025072104008509,MEN,Naasa Securities Co. Ltd.,Sewa Securities Pvt. Ltd.,30,658.0,19740.0,2025-07-21 11:48:15.479933
2025-07-21,107989,2025072104008537,MEN,Online Securities Pvt. Ltd.,Imperial Securities Company Pvt. Ltd.,986,659.8,650562.8,2025-07-21 11:48:20.830934
2025-07-21,107211,2025072104008683,MEN,Naasa Securities Co. Ltd.,Imperial Securities Company Pvt. Ltd.,14,658.0,9212.0,2025-07-21 11:49:24.957622
2025-07-21,106950,2025072104008737,MEN,Kumari Securities Private Limited,Sani Securities Company Ltd.,10,658.1,6581.0,2025-07-21 11:49:49.621469
2025-07-21,106846,2025072104008747,MEN,Naasa Securities Co. Ltd.,Sundhara Securities Limited,103,659.7,67949.1,2025-07-21 11:49:57.809750
2025-07-21,106241,2025072104008870,MEN,Sani Securities Company Ltd.,Dynamic Money Managers Securities Pvt. Ltd.,10,659.6,6596.0,2025-07-21 11:50:48.577344
2025-07-21,106072,2025072104008904,MEN,Kumari Securities Private Limited,Dynamic Money Managers Securities Pvt. Ltd.,146,659.6,96301.6,2025-07-21 11:51:06.565599
2025-07-21,105861,2025072104009010,MEN,Kumari Securities Private Limited,Sundhara Securities Limited,154,659.7,101593.8,2025-07-21 11:51:23.689874
2025-07-21,105584,2025072104009071,MEN,Neev Securities Pvt. Ltd.,Sundhara Securities Limited,323,659.7,213083.1,2025-07-21 11:51:43.705592
2025-07-21,105583,2025072104009072,MEN,Neev Securities Pvt. Ltd.,Oxford Securities Pvt. Ltd.,500,659.9,329950.0,2025-07-21 11:51:43.705944
2025-07-21,105582,2025072104009073,MEN,Neev Securities Pvt. Ltd.,Kohinoor Investment & Securities Pvt. Ltd.,1000,659.9,659900.0,2025-07-21 11:51:43.706232
2025-07-21,105581,2025072104009074,MEN,Neev Securities Pvt. Ltd.,South Asian Bulls Pvt. Ltd.,100,660.0,66000.0,2025-07-21 11:51:43.706523
2025-07-21,105580,2025072104009075,MEN,Neev Securities Pvt. Ltd.,Indira securities pvt. ltd,200,660.0,132000.0,2025-07-21 11:51:43.706734
2025-07-21,105579,2025072104009076,MEN,Neev Securities Pvt. Ltd.,Naasa Securities Co. Ltd.,20,660.0,13200.0,2025-07-21 11:51:43.706976
2025-07-21,105578,2025072104009077,MEN,Neev Securities Pvt. Ltd.,Siprabi Securities Pvt. Ltd.,600,660.0,396000.0,2025-07-21 11:51:43.707178
2025-07-21,105577,2025072104009078,MEN,Neev Securities Pvt. Ltd.,Sri Hari Securities Pvt. Ltd.,100,660.0,66000.0,2025-07-21 11:51:43.707426
2025-07-21,105576,2025072104009079,MEN,Neev Securities Pvt. Ltd.,ABC Securities Private Limited,60,660.0,39600.0,2025-07-21 11:51:43.707629
2025-07-21,105575,2025072104009080,MEN,Neev Securities Pvt. Ltd.,J.F. Securites (PVT) Ltd.,13,660.0,8580.0,2025-07-21 11:51:43.707820
2025-07-21,105574,2025072104009081,MEN,Neev Securities Pvt. Ltd.,ABC Securities Private Limited,84,660.0,55440.0,2025-07-21 11:51:43.708054
2025-07-21,105259,2025072104009131,MEN,Online Securities Pvt. Ltd.,ABC Securities Private Limited,416,660.0,274560.0,2025-07-21 11:52:07.992897
2025-07-21,105258,2025072104009132,MEN,Online Securities Pvt. Ltd.,Naasa Securities Co. Ltd.,30,660.0,19800.0,2025-07-21 11:52:07.993075
2025-07-21,105257,2025072104009133,MEN,Online Securities Pvt. Ltd.,Online Securities Pvt. Ltd.,54,660.0,35640.0,2025-07-21 11:52:07.993159
2025-07-21,104835,2025072104009234,MEN,Linch Stock Market Ltd.,Kumari Securities Private Limited,1300,660.0,858000.0,2025-07-21 11:52:51.416672
2025-07-21,104583,2025072104009315,MEN,SUN SECURITIES PVT LTD,Nepal Stock House (PVT) Ltd.,205,659.9,135279.5,2025-07-21 11:53:18.693655
2025-07-21,104582,2025072104009316,MEN,SUN SECURITIES PVT LTD,Kumari Securities Private Limited,200,660.0,132000.0,2025-07-21 11:53:18.693846
2025-07-21,104581,2025072104009317,MEN,SUN SECURITIES PVT LTD,Sani Securities Company Ltd.,13,660.0,8580.0,2025-07-21 11:53:18.693924
2025-07-21,104580,2025072104009318,MEN,SUN SECURITIES PVT LTD,Primo Securities (PVT) Ltd.,2000,660.0,1320000.0,2025-07-21 11:53:18.693997
2025-07-21,104579,2025072104009319,MEN,SUN SECURITIES PVT LTD,Thrive Brokerage House Pvt. Ltd,50,660.0,33000.0,2025-07-21 11:53:18.694068
2025-07-21,104578,2025072104009320,MEN,SUN SECURITIES PVT LTD,SUN SECURITIES PVT LTD,322,660.0,212520.0,2025-07-21 11:53:18.694136
2025-07-21,104577,2025072104009321,MEN,SUN SECURITIES PVT LTD,Sani Securities Company Ltd.,10,660.0,6600.0,2025-07-21 11:53:18.694205
2025-07-21,104285,2025072104009407,MEN,SUN SECURITIES PVT LTD,Sweta Securities Private Limited,10,660.0,6600.0,2025-07-21 11:53:47.405416
2025-07-21,104012,2025072104009484,MEN,Nepal Stock House (PVT) Ltd.,Naasa Securities Co. Ltd.,13,661.0,8593.0,2025-07-21 11:54:21.816900
2025-07-21,104011,2025072104009485,MEN,Nepal Stock House (PVT) Ltd.,Primo Securities (PVT) Ltd.,387,661.0,255807.0,2025-07-21 11:54:21.817231
2025-07-21,103468,2025072104009642,MEN,Neev Securities Pvt. Ltd.,Primo Securities (PVT) Ltd.,200,661.0,132200.0,2025-07-21 11:55:22.196533
2025-07-21,103053,2025072104009744,MEN,SUN SECURITIES PVT LTD,Hatemalo Financial Services Private Limited,2000,660.0,1320000.0,2025-07-21 11:56:02.707153
2025-07-21,102936,2025072104009790,MEN,SUN SECURITIES PVT LTD,Primo Securities (PVT) Ltd.,75,660.0,49500.0,2025-07-21 11:56:16.165908
2025-07-21,102928,2025072104009793,MEN,SUN SECURITIES PVT LTD,Naasa Securities Co. Ltd.,100,660.0,66000.0,2025-07-21 11:56:16.903014
2025-07-21,102782,2025072104009820,MEN,SUN SECURITIES PVT LTD,Aryatara Investment & Securities,15,660.0,9900.0,2025-07-21 11:56:34.343029
2025-07-21,102781,2025072104009821,MEN,Dipshikha Dhitopatra Karobar Co. Pvt Ltd.,Aryatara Investment & Securities,485,660.0,320100.0,2025-07-21 11:56:34.343246
2025-07-21,102773,2025072104009822,MEN,Sumeru Securities Pvt. Ltd.,Opal Securities Investment (PVT) Ltd.,95,660.5,62747.5,2025-07-21 11:56:35.687108
2025-07-21,102772,2025072104009823,MEN,Sumeru Securities Pvt. Ltd.,Online Securities Pvt. Ltd.,20,660.9,13218.0,2025-07-21 11:56:35.687269
2025-07-21,102771,2025072104009824,MEN,Sumeru Securities Pvt. Ltd.,Primo Securities (PVT) Ltd.,85,661.0,56185.0,2025-07-21 11:56:35.687353
2025-07-21,102534,2025072104009871,MEN,Dipshikha Dhitopatra Karobar Co. Pvt Ltd.,Kohinoor Investment & Securities Pvt. Ltd.,15,660.0,9900.0,2025-07-21 11:57:03.235328
2025-07-21,101415,2025072104010198,MEN,Aryatara Investment & Securities,Midas Stock Broking Company Private Limited,100,658.3,65830.0,2025-07-21 11:58:44.103696
2025-07-21,101403,2025072104010203,MEN,Aryatara Investment & Securities,Stoxkarts Securities Limited,100,658.3,65830.0,2025-07-21 11:58:45.193201
2025-07-21,101224,2025072104010262,MEN,ABC Securities Private Limited,Dipshikha Dhitopatra Karobar Co. Pvt Ltd.,200,658.2,131640.0,2025-07-21 11:59:04.998299
2025-07-21,100703,2025072104010414,MEN,ABC Securities Private Limited,Nepal Investment And Securities Trading Private Limited,100,658.2,65820.0,2025-07-21 11:59:48.789321
2025-07-21,100702,2025072104010415,MEN,Infinity Securities Limited,Nepal Investment And Securities Trading Private Limited,100,658.0,65800.0,2025-07-21 11:59:48.789530
2025-07-21,100701,2025072104010416,MEN,NIMB Stock Markets Limited,Nepal Investment And Securities Trading Private Limited,100,658.0,65800.0,2025-07-21 11:59:48.789604
2025-07-21,100585,2025072104010460,MEN,Linch Stock Market Ltd.,Nepal Investment And Securities Trading Private Limited,50,658.0,32900.0,2025-07-21 11:59:59.984809
2025-07-21,99915,2025072104010689,MEN,Linch Stock Market Ltd.,Pragyan Securities (PVT) Ltd.,13,657.0,8541.0,2025-07-21 12:00:56.953882
2025-07-21,99914,2025072104010690,MEN,Linch Stock Market Ltd.,Vision Securities Pvt. Ltd,57,657.0,37449.0,2025-07-21 12:00:56.996629
2025-07-21,99913,2025072104010691,MEN,ABC Securities Private Limited,Vision Securities Pvt. Ltd,300,655.1,196530.0,2025-07-21 12:00:56.996905
2025-07-21,99912,2025072104010692,MEN,Kalika Securities Pvt. Ltd.,Vision Securities Pvt. Ltd,75,655.0,49125.0,2025-07-21 12:00:56.997137
2025-07-21,99911,2025072104010693,MEN,Sharepro Securities Private Limited,Vision Securities Pvt. Ltd,548,655.0,358940.0,2025-07-21 12:00:56.997388
2025-07-21,99771,2025072104010737,MEN,Sharepro Securities Private Limited,Vision Securities Pvt. Ltd,1952,655.0,1278560.0,2025-07-21 12:01:10.199485
2025-07-21,99770,2025072104010738,MEN,Kohinoor Investment & Securities Pvt. Ltd.,Vision Securities Pvt. Ltd,50,655.0,32750.0,2025-07-21 12:01:10.199559
2025-07-21,99769,2025072104010739,MEN,ABC Securities Private Limited,Vision Securities Pvt. Ltd,18,655.0,11790.0,2025-07-21 12:01:10.199595
2025-07-21,99436,2025072104010850,MEN,J.F. Securites (PVT) Ltd.,Nepal Investment And Securities Trading Private Limited,50,656.0,32800.0,2025-07-21 12:01:36.229054
2025-07-21,99233,2025072104010913,MEN,J.F. Securites (PVT) Ltd.,Market Securities & Exchange (PVT) Ltd.,50,656.0,32800.0,2025-07-21 12:01:56.095976
2025-07-21,99232,2025072104010914,MEN,ABC Securities Private Limited,Market Securities & Exchange (PVT) Ltd.,12,655.0,7860.0,2025-07-21 12:01:56.096218
2025-07-21,99231,2025072104010915,MEN,Aryatara Investment & Securities,Market Securities & Exchange (PVT) Ltd.,500,655.0,327500.0,2025-07-21 12:01:56.096324
2025-07-21,99230,2025072104010916,MEN,Dipshikha Dhitopatra Karobar Co. Pvt Ltd.,Market Securities & Exchange (PVT) Ltd.,438,655.0,286890.0,2025-07-21 12:01:56.096404
2025-07-21,99213,2025072104010918,MEN,Dipshikha Dhitopatra Karobar Co. Pvt Ltd.,Trishakti Securities Public Limited,62,655.0,40610.0,2025-07-21 12:01:57.504989
2025-07-21,98760,2025072104011047,MEN,Imperial Securities Company Pvt. Ltd.,Dakshinkali Investment & Securities Pvt. Ltd.,13,654.0,8502.0,2025-07-21 12:02:36.573804
2025-07-21,98631,2025072104011071,MEN,Imperial Securities Company Pvt. Ltd.,Aryatara Investment & Securities,30,654.0,19620.0,2025-07-21 12:02:45.590549
2025-07-21,98457,2025072104011112,MEN,Imperial Securities Company Pvt. Ltd.,Asian Securities Private Ltd.,40,654.0,26160.0,2025-07-21 12:03:03.598549
2025-07-21,98343,2025072104011140,MEN,Imperial Securities Company Pvt. Ltd.,Siprabi Securities Pvt. Ltd.,117,654.0,76518.0,2025-07-21 12:03:15.562103
2025-07-21,98342,2025072104011141,MEN,Linch Stock Market Ltd.,Siprabi Securities Pvt. Ltd.,23,654.0,15042.0,2025-07-21 12:03:15.562340
2025-07-21,97620,2025072104011317,MEN,Capital Max Securities Ltd,Aryatara Investment & Securities,100,653.2,65320.0,2025-07-21 12:04:28.671012
2025-07-21,97023,2025072104011483,MEN,Imperial Securities Company Pvt. Ltd.,ABC Securities Private Limited,50,653.1,32655.0,2025-07-21 12:05:35.719455
2025-07-21,96910,2025072104011503,MEN,Imperial Securities Company Pvt. Ltd.,Trishakti Securities Public Limited,50,653.1,32655.0,2025-07-21 12:05:48.823812
2025-07-21,96909,2025072104011504,MEN,Midas Stock Broking Company Private Limited,Trishakti Securities Public Limited,100,652.0,65200.0,2025-07-21 12:05:48.824071
2025-07-21,96908,2025072104011505,MEN,Sweta Securities Private Limited,Trishakti Securities Public Limited,20,652.0,13040.0,2025-07-21 12:05:48.824156
2025-07-21,96907,2025072104011506,MEN,Trishakti Securities Public Limited,Trishakti Securities Public Limited,268,651.0,174468.0,2025-07-21 12:05:48.824239
2025-07-21,96477,2025072104011647,MEN,Trishakti Securities Public Limited,Online Securities Pvt. Ltd.,50,651.0,32550.0,2025-07-21 12:06:39.998359
2025-07-21,96396,2025072104011667,MEN,Naasa Securities Co. Ltd.,Aryatara Investment & Securities,100,653.1,65310.0,2025-07-21 12:06:51.542834
2025-07-21,96301,2025072104011684,MEN,Naasa Securities Co. Ltd.,Linch Stock Market Ltd.,45,654.0,29430.0,2025-07-21 12:07:03.842294
2025-07-21,96143,2025072104011721,MEN,Naasa Securities Co. Ltd.,Asian Securities Private Ltd.,100,655.0,65500.0,2025-07-21 12:07:19.742508
2025-07-21,96142,2025072104011722,MEN,Naasa Securities Co. Ltd.,Naasa Securities Co. Ltd.,13,655.0,8515.0,2025-07-21 12:07:19.742724
2025-07-21,95932,2025072104011784,MEN,Trishakti Securities Public Limited,Oxford Securities Pvt. Ltd.,34,651.0,22134.0,2025-07-21 12:07:46.746776
2025-07-21,95878,2025072104011807,MEN,Naasa Securities Co. Ltd.,BHOLE GANESH SECURITIES LTD,12,655.0,7860.0,2025-07-21 12:07:53.844679
2025-07-21,94550,2025072104012116,MEN,Market Securities & Exchange (PVT) Ltd.,BHOLE GANESH SECURITIES LTD,50,655.0,32750.0,2025-07-21 12:10:56.368631
2025-07-21,94288,2025072104012173,MEN,Capital Max Securities Ltd,Nepal Stock House (PVT) Ltd.,72,651.6,46915.2,2025-07-21 12:11:30.401967
2025-07-21,93675,2025072104012287,MEN,Sani Securities Company Ltd.,Online Securities Pvt. Ltd.,20,655.0,13100.0,2025-07-21 12:12:43.151674
2025-07-21,93674,2025072104012288,MEN,Sani Securities Company Ltd.,Nepal Stock House (PVT) Ltd.,13,655.0,8515.0,2025-07-21 12:12:43.152092
2025-07-21,93673,2025072104012289,MEN,Sani Securities Company Ltd.,Market Securities & Exchange (PVT) Ltd.,48,655.0,31440.0,2025-07-21 12:12:43.152365
2025-07-21,93597,2025072104012304,MEN,Primo Securities (PVT) Ltd.,Secured Securities Ltd.,57,656.8,37437.6,2025-07-21 12:12:51.889693
2025-07-21,93596,2025072104012305,MEN,Primo Securities (PVT) Ltd.,Bhrikuti Stock Broking Co. Pvt. Ltd.,943,656.9,619456.7,2025-07-21 12:12:51.889798
2025-07-21,93523,2025072104012321,MEN,Sani Securities Company Ltd.,ABC Securities Private Limited,30,655.0,19650.0,2025-07-21 12:13:00.014205
2025-07-21,93378,2025072104012396,MEN,Sani Securities Company Ltd.,Agrawal Securities (PVT) Ltd.,50,655.0,32750.0,2025-07-21 12:13:22.920299
2025-07-21,93134,2025072104012438,MEN,Sani Securities Company Ltd.,Bhrikuti Stock Broking Co. Pvt. Ltd.,34,656.9,22334.6,2025-07-21 12:13:54.566326
2025-07-21,92557,2025072104012579,MEN,Capital Max Securities Ltd,ABC Securities Private Limited,169,653.0,110357.0,2025-07-21 12:15:15.928829
2025-07-21,92070,2025072104012668,MEN,Capital Max Securities Ltd,Oxford Securities Pvt. Ltd.,42,653.0,27426.0,2025-07-21 12:16:16.886060
2025-07-21,90770,2025072104013091,MEN,K.B.L. Securities Limited ,Linch Stock Market Ltd.,10,653.1,6531.0,2025-07-21 12:19:05.711429
2025-07-21,90282,2025072104013173,MEN,Capital Max Securities Ltd,Linch Stock Market Ltd.,285,653.2,186162.0,2025-07-21 12:20:24.089335
2025-07-21,89917,2025072104013279,MEN,Capital Max Securities Ltd,Bhrikuti Stock Broking Co. Pvt. Ltd.,23,653.4,15028.2,2025-07-21 12:21:23.213746
2025-07-21,89333,2025072104013422,MEN,Online Securities Pvt. Ltd.,Imperial Securities Company Pvt. Ltd.,10,654.9,6549.0,2025-07-21 12:22:57.738844
2025-07-21,88375,2025072104013676,MEN,Online Securities Pvt. Ltd.,J.F. Securites (PVT) Ltd.,10,654.0,6540.0,2025-07-21 12:25:18.135831
2025-07-21,88006,2025072104013790,MEN,K.B.L. Securities Limited ,J.F. Securites (PVT) Ltd.,40,654.0,26160.0,2025-07-21 12:26:12.482175
2025-07-21,87880,2025072104013833,MEN,Naasa Securities Co. Ltd.,J.F. Securites (PVT) Ltd.,31,654.0,20274.0,2025-07-21 12:26:34.137697
2025-07-21,87101,2025072104014047,MEN,Capital Max Securities Ltd,J.F. Securites (PVT) Ltd.,209,654.0,136686.0,2025-07-21 12:28:30.684258
2025-07-21,87100,2025072104014048,MEN,Capital Max Securities Ltd,Linch Stock Market Ltd.,65,654.0,42510.0,2025-07-21 12:28:30.684555
2025-07-21,87099,2025072104014049,MEN,Capital Max Securities Ltd,Investment Management Nepal Pvt. Ltd.,15,654.0,9810.0,2025-07-21 12:28:30.684664
2025-07-21,87060,2025072104014080,MEN,Capital Max Securities Ltd,Dipshikha Dhitopatra Karobar Co. Pvt Ltd.,13,653.4,8494.2,2025-07-21 12:28:33.134195
2025-07-21,86925,2025072104014126,MEN,Capital Max Securities Ltd,Magnet Securities and Investment Company Private Limited,39,653.4,25482.6,2025-07-21 12:28:52.181487
2025-07-21,86924,2025072104014127,MEN,Neev Securities Pvt. Ltd.,Magnet Securities and Investment Company Private Limited,161,653.4,105197.4,2025-07-21 12:28:52.181763
2025-07-21,86880,2025072104014134,MEN,Neev Securities Pvt. Ltd.,Aryatara Investment & Securities,200,653.4,130680.0,2025-07-21 12:28:59.183958
2025-07-21,86619,2025072104014236,MEN,Kalika Securities Pvt. Ltd.,Investment Management Nepal Pvt. Ltd.,135,654.0,88290.0,2025-07-21 12:29:31.902405
2025-07-21,86149,2025072104014354,MEN,Kalika Securities Pvt. Ltd.,Deevyaa Securities & Stock House Pvt. Ltd,13,653.5,8495.5,2025-07-21 12:30:33.032204
2025-07-21,85984,2025072104014403,MEN,Naasa Securities Co. Ltd.,Naasa Securities Co. Ltd.,5000,653.6,3268000.0,2025-07-21 12:30:57.105473
2025-07-21,85835,2025072104014434,MEN,Kalika Securities Pvt. Ltd.,Sumeru Securities Pvt. Ltd.,200,653.5,130700.0,2025-07-21 12:31:12.273195
2025-07-21,85480,2025072104014512,MEN,Kalika Securities Pvt. Ltd.,Online Securities Pvt. Ltd.,25,653.5,16337.5,2025-07-21 12:31:52.255908
2025-07-21,85339,2025072104014572,MEN,Kalika Securities Pvt. Ltd.,Kumari Securities Private Limited,13,653.5,8495.5,2025-07-21 12:32:09.290923
2025-07-21,84839,2025072104014757,MEN,Kalika Securities Pvt. Ltd.,Online Securities Pvt. Ltd.,14,653.5,9149.0,2025-07-21 12:33:10.184067
2025-07-21,84838,2025072104014758,MEN,Vision Securities Pvt. Ltd,Online Securities Pvt. Ltd.,20,653.5,13070.0,2025-07-21 12:33:10.184351
2025-07-21,84837,2025072104014759,MEN,Neev Securities Pvt. Ltd.,Online Securities Pvt. Ltd.,139,653.4,90822.6,2025-07-21 12:33:10.184455
2025-07-21,84836,2025072104014760,MEN,Siprabi Securities Pvt. Ltd.,Online Securities Pvt. Ltd.,100,653.3,65330.0,2025-07-21 12:33:10.184556
2025-07-21,84835,2025072104014761,MEN,Capital Max Securities Ltd,Online Securities Pvt. Ltd.,215,653.2,140438.0,2025-07-21 12:33:10.184656
2025-07-21,84834,2025072104014762,MEN,ABC Securities Private Limited,Online Securities Pvt. Ltd.,12,653.2,7838.4,2025-07-21 12:33:10.184750
2025-07-21,84727,2025072104014783,MEN,ABC Securities Private Limited,Opal Securities Investment (PVT) Ltd.,420,653.2,274344.0,2025-07-21 12:33:27.212090
2025-07-21,84167,2025072104014999,MEN,ABC Securities Private Limited,Sani Securities Company Ltd.,68,653.2,44417.6,2025-07-21 12:34:40.222483
2025-07-21,84166,2025072104015000,MEN,Naasa Securities Co. Ltd.,Sani Securities Company Ltd.,262,653.1,171112.2,2025-07-21 12:34:40.222724
2025-07-21,84093,2025072104015025,MEN,Naasa Securities Co. Ltd.,BHOLE GANESH SECURITIES LTD,100,653.1,65310.0,2025-07-21 12:34:48.767298
2025-07-21,84080,2025072104015028,MEN,Naasa Securities Co. Ltd.,Kohinoor Investment & Securities Pvt. Ltd.,628,653.1,410146.8,2025-07-21 12:34:50.567479
2025-07-21,83990,2025072104015062,MEN,Sharepro Securities Private Limited,Kohinoor Investment & Securities Pvt. Ltd.,91,653.0,59423.0,2025-07-21 12:34:59.491014
2025-07-21,83989,2025072104015063,MEN,Sharepro Securities Private Limited,Online Securities Pvt. Ltd.,25,653.5,16337.5,2025-07-21 12:34:59.491323
2025-07-21,83988,2025072104015064,MEN,Sharepro Securities Private Limited,Indira securities pvt. ltd,606,653.9,396263.4,2025-07-21 12:34:59.491424
2025-07-21,83987,2025072104015065,MEN,Sharepro Securities Private Limited,Sri Hari Securities Pvt. Ltd.,126,654.0,82404.0,2025-07-21 12:34:59.491519
2025-07-21,83986,2025072104015066,MEN,Sharepro Securities Private Limited,Market Securities & Exchange (PVT) Ltd.,15,654.0,9810.0,2025-07-21 12:34:59.567401
2025-07-21,83313,2025072104015266,MEN,Naasa Securities Co. Ltd.,Sani Securities Company Ltd.,13,653.0,8489.0,2025-07-21 12:36:10.384933
2025-07-21,83194,2025072104015314,MEN,Naasa Securities Co. Ltd.,Aryatara Investment & Securities,400,653.0,261200.0,2025-07-21 12:36:23.797594
2025-07-21,83186,2025072104015316,MEN,Naasa Securities Co. Ltd.,Opal Securities Investment (PVT) Ltd.,40,653.0,26120.0,2025-07-21 12:36:24.714078
2025-07-21,83106,2025072104015335,MEN,Naasa Securities Co. Ltd.,Trishakti Securities Public Limited,47,653.0,30691.0,2025-07-21 12:36:32.815018
2025-07-21,83105,2025072104015336,MEN,Primo Securities (PVT) Ltd.,Trishakti Securities Public Limited,100,653.0,65300.0,2025-07-21 12:36:32.815507
2025-07-21,83104,2025072104015337,MEN,South Asian Bulls Pvt. Ltd.,Trishakti Securities Public Limited,100,652.2,65220.0,2025-07-21 12:36:32.815861
2025-07-21,83103,2025072104015338,MEN,Primo Securities (PVT) Ltd.,Trishakti Securities Public Limited,100,652.1,65210.0,2025-07-21 12:36:32.816195
2025-07-21,83102,2025072104015339,MEN,Sharepro Securities Private Limited,Trishakti Securities Public Limited,653,652.0,425756.0,2025-07-21 12:36:32.816624
2025-07-21,82857,2025072104015396,MEN,Sharepro Securities Private Limited,Aryatara Investment & Securities,600,652.0,391200.0,2025-07-21 12:37:01.416712
2025-07-21,82847,2025072104015397,MEN,Sharepro Securities Private Limited,Vision Securities Pvt. Ltd,100,652.0,65200.0,2025-07-21 12:37:02.867819
2025-07-21,82820,2025072104015408,MEN,Sharepro Securities Private Limited,Opal Securities Investment (PVT) Ltd.,284,652.0,185168.0,2025-07-21 12:37:06.055483
2025-07-21,82759,2025072104015425,MEN,Shree Krishna Securities Ltd.,Opal Securities Investment (PVT) Ltd.,56,652.0,36512.0,2025-07-21 12:37:13.845125
2025-07-21,82363,2025072104015583,MEN,Shree Krishna Securities Ltd.,Imperial Securities Company Pvt. Ltd.,444,652.0,289488.0,2025-07-21 12:37:54.890862
2025-07-21,82362,2025072104015584,MEN,Shree Krishna Securities Ltd.,Imperial Securities Company Pvt. Ltd.,56,652.0,36512.0,2025-07-21 12:37:54.891148
2025-07-21,82234,2025072104015614,MEN,Shree Krishna Securities Ltd.,Stoxkarts Securities Limited,100,652.0,65200.0,2025-07-21 12:38:10.596156
2025-07-21,82133,2025072104015621,MEN,Shree Krishna Securities Ltd.,Dynamic Money Managers Securities Pvt. Ltd.,344,652.0,224288.0,2025-07-21 12:38:20.271711
2025-07-21,81243,2025072104015851,MEN,Vision Securities Pvt. Ltd,Linch Stock Market Ltd.,13,651.6,8470.8,2025-07-21 12:39:54.553670
2025-07-21,81035,2025072104015936,MEN,Capital Max Securities Ltd,Agrawal Securities (PVT) Ltd.,51,651.5,33226.5,2025-07-21 12:40:14.103087
2025-07-21,80976,2025072104015966,MEN,Capital Max Securities Ltd,Sumeru Securities Pvt. Ltd.,74,651.5,48211.0,2025-07-21 12:40:21.620929
2025-07-21,80975,2025072104015967,MEN,Miyo Securities Pvt Ltd,Sumeru Securities Pvt. Ltd.,1926,651.5,1254789.0,2025-07-21 12:40:21.621173
2025-07-21,80541,2025072104016125,MEN,Miyo Securities Pvt Ltd,Siprabi Securities Pvt. Ltd.,33,651.5,21499.5,2025-07-21 12:40:57.167259
2025-07-21,80533,2025072104016129,MEN,Naasa Securities Co. Ltd.,Dynamic Money Managers Securities Pvt. Ltd.,14,652.0,9128.0,2025-07-21 12:40:57.946279
2025-07-21,80361,2025072104016168,MEN,Miyo Securities Pvt Ltd,Indira securities pvt. ltd,41,651.5,26711.5,2025-07-21 12:41:15.001592
2025-07-21,80360,2025072104016169,MEN,Ashutosh Brokerage & Securities (PVT) Ltd.,Indira securities pvt. ltd,200,651.3,130260.0,2025-07-21 12:41:15.001924
2025-07-21,80359,2025072104016170,MEN,Trishakti Securities Public Limited,Indira securities pvt. ltd,359,651.0,233709.0,2025-07-21 12:41:15.002032
2025-07-21,80262,2025072104016206,MEN,Midas Stock Broking Company Private Limited,Trisul Securities & Invt. Ltd.,25,651.0,16275.0,2025-07-21 12:41:23.979943
2025-07-21,80095,2025072104016290,MEN,Agrawal Securities (PVT) Ltd.,Indira securities pvt. ltd,500,650.1,325050.0,2025-07-21 12:41:34.061149
2025-07-21,80094,2025072104016291,MEN,Vision Securities Pvt. Ltd,Indira securities pvt. ltd,50,650.1,32505.0,2025-07-21 12:41:34.061655
2025-07-21,80093,2025072104016292,MEN,Primo Securities (PVT) Ltd.,Indira securities pvt. ltd,100,650.1,65010.0,2025-07-21 12:41:34.061970
2025-07-21,80092,2025072104016293,MEN,Capital Max Securities Ltd,Indira securities pvt. ltd,100,650.1,65010.0,2025-07-21 12:41:34.062278
2025-07-21,80091,2025072104016294,MEN,Sumeru Securities Pvt. Ltd.,Indira securities pvt. ltd,50,650.0,32500.0,2025-07-21 12:41:34.062576
2025-07-21,80090,2025072104016295,MEN,Trishakti Securities Public Limited,Indira securities pvt. ltd,320,650.0,208000.0,2025-07-21 12:41:34.062913
2025-07-21,80089,2025072104016296,MEN,Malla & Malla Stock Broking Company Pvt. Limited,Indira securities pvt. ltd,30,650.0,19500.0,2025-07-21 12:41:34.063208
2025-07-21,80088,2025072104016297,MEN,Dipshikha Dhitopatra Karobar Co. Pvt Ltd.,Indira securities pvt. ltd,500,650.0,325000.0,2025-07-21 12:41:34.063540
2025-07-21,80087,2025072104016298,MEN,Himalayan Securities Limited,Indira securities pvt. ltd,1000,650.0,650000.0,2025-07-21 12:41:34.063821
2025-07-21,79747,2025072104016385,MEN,Naasa Securities Co. Ltd.,Property Wiard Limited,235,649.3,152585.5,2025-07-21 12:42:09.275587
2025-07-21,79746,2025072104016386,MEN,Capital Max Securities Ltd,Property Wiard Limited,100,649.2,64920.0,2025-07-21 12:42:09.275823
2025-07-21,79745,2025072104016387,MEN,Dakshinkali Investment & Securities Pvt. Ltd.,Property Wiard Limited,1765,649.1,1145661.5,2025-07-21 12:42:09.275941
2025-07-21,79427,2025072104016436,MEN,Dakshinkali Investment & Securities Pvt. Ltd.,Sani Securities Company Ltd.,50,649.1,32455.0,2025-07-21 12:42:35.515063
2025-07-21,79329,2025072104016470,MEN,Dakshinkali Investment & Securities Pvt. Ltd.,Indira securities pvt. ltd,185,649.1,120083.5,2025-07-21 12:42:45.284610
2025-07-21,79328,2025072104016471,MEN,Kumari Securities Private Limited,Indira securities pvt. ltd,100,649.0,64900.0,2025-07-21 12:42:45.285125
2025-07-21,79327,2025072104016472,MEN,Neev Securities Pvt. Ltd.,Indira securities pvt. ltd,5000,649.0,3245000.0,2025-07-21 12:42:45.285468
2025-07-21,78844,2025072104016594,MEN,Aryatara Investment & Securities,Siprabi Securities Pvt. Ltd.,500,648.6,324300.0,2025-07-21 12:43:33.811599
2025-07-21,78723,2025072104016618,MEN,Dipshikha Dhitopatra Karobar Co. Pvt Ltd.,Bhrikuti Stock Broking Co. Pvt. Ltd.,400,648.1,259240.0,2025-07-21 12:43:46.754699
2025-07-21,78722,2025072104016619,MEN,Himalayan Brokerage Company Limited,Bhrikuti Stock Broking Co. Pvt. Ltd.,100,648.0,64800.0,2025-07-21 12:43:46.754931
2025-07-21,78630,2025072104016639,MEN,Kumari Securities Private Limited,Dynamic Money Managers Securities Pvt. Ltd.,300,648.1,194430.0,2025-07-21 12:44:00.223259
2025-07-21,78555,2025072104016667,MEN,Dipshikha Dhitopatra Karobar Co. Pvt Ltd.,Bhrikuti Stock Broking Co. Pvt. Ltd.,500,647.2,323600.0,2025-07-21 12:44:07.914664
2025-07-21,78262,2025072104016762,MEN,Secured Securities Ltd.,Shree Krishna Securities Ltd.,60,647.1,38826.0,2025-07-21 12:44:37.602343
2025-07-21,78115,2025072104016803,MEN,Secured Securities Ltd.,Nepal Investment And Securities Trading Private Limited,240,647.1,155304.0,2025-07-21 12:44:53.772122
2025-07-21,77740,2025072104016901,MEN,South Asian Bulls Pvt. Ltd.,Nepal Investment And Securities Trading Private Limited,30,647.1,19413.0,2025-07-21 12:45:28.157450
2025-07-21,77509,2025072104016949,MEN,Imperial Securities Company Pvt. Ltd.,Agrawal Securities (PVT) Ltd.,10,647.0,6470.0,2025-07-21 12:45:48.180721
2025-07-21,77508,2025072104016950,MEN,Nepal Stock House (PVT) Ltd.,Agrawal Securities (PVT) Ltd.,50,647.0,32350.0,2025-07-21 12:45:48.180958
2025-07-21,77067,2025072104017074,MEN,Vision Securities Pvt. Ltd,Agrawal Securities (PVT) Ltd.,440,647.0,284680.0,2025-07-21 12:46:21.411342
2025-07-21,77066,2025072104017075,MEN,Vision Securities Pvt. Ltd,Nepal Investment And Securities Trading Private Limited,205,647.1,132655.5,2025-07-21 12:46:21.411636
2025-07-21,77010,2025072104017098,MEN,Imperial Securities Company Pvt. Ltd.,Naasa Securities Co. Ltd.,10,646.0,6460.0,2025-07-21 12:46:27.200380
2025-07-21,76746,2025072104017183,MEN,Imperial Securities Company Pvt. Ltd.,Aryatara Investment & Securities,10,646.0,6460.0,2025-07-21 12:46:49.213465
2025-07-21,75945,2025072104017407,MEN,Imperial Securities Company Pvt. Ltd.,Siprabi Securities Pvt. Ltd.,180,646.0,116280.0,2025-07-21 12:48:21.409757
2025-07-21,75944,2025072104017408,MEN,Primo Securities (PVT) Ltd.,Siprabi Securities Pvt. Ltd.,320,646.0,206720.0,2025-07-21 12:48:21.410002
2025-07-21,74865,2025072104017691,MEN,Imperial Securities Company Pvt. Ltd.,Vision Securities Pvt. Ltd,10,646.0,6460.0,2025-07-21 12:50:05.382670
2025-07-21,74864,2025072104017692,MEN,J.F. Securites (PVT) Ltd.,Vision Securities Pvt. Ltd,10,646.0,6460.0,2025-07-21 12:50:05.383117
2025-07-21,74863,2025072104017693,MEN,Kumari Securities Private Limited,Vision Securities Pvt. Ltd,50,645.1,32255.0,2025-07-21 12:50:05.383428
2025-07-21,74862,2025072104017694,MEN,Primo Securities (PVT) Ltd.,Vision Securities Pvt. Ltd,200,645.1,129020.0,2025-07-21 12:50:05.383723
2025-07-21,74861,2025072104017695,MEN,Miyo Securities Pvt Ltd,Vision Securities Pvt. Ltd,170,645.1,109667.0,2025-07-21 12:50:05.384000
2025-07-21,74773,2025072104017714,MEN,Aryatara Investment & Securities,Indira securities pvt. ltd,100,646.1,64610.0,2025-07-21 12:50:11.973732
2025-07-21,74149,2025072104017972,MEN,Beni Securities Pvt.Ltd.,Kohinoor Investment & Securities Pvt. Ltd.,400,646.0,258400.0,2025-07-21 12:51:01.346299
2025-07-21,74148,2025072104017973,MEN,Beni Securities Pvt.Ltd.,Indira securities pvt. ltd,400,646.1,258440.0,2025-07-21 12:51:01.346350
2025-07-21,74059,2025072104018004,MEN,Beni Securities Pvt.Ltd.,Indira securities pvt. ltd,800,646.1,516880.0,2025-07-21 12:51:11.374573
2025-07-21,73982,2025072104018017,MEN,Beni Securities Pvt.Ltd.,Indira securities pvt. ltd,800,646.1,516880.0,2025-07-21 12:51:20.403167
2025-07-21,73905,2025072104018054,MEN,Beni Securities Pvt.Ltd.,Indira securities pvt. ltd,800,646.1,516880.0,2025-07-21 12:51:28.427282
2025-07-21,73821,2025072104018077,MEN,Beni Securities Pvt.Ltd.,Indira securities pvt. ltd,800,646.1,516880.0,2025-07-21 12:51:35.448937
2025-07-21,73746,2025072104018092,MEN,Beni Securities Pvt.Ltd.,Sweta Securities Private Limited,114,646.0,73644.0,2025-07-21 12:51:43.474105
2025-07-21,73745,2025072104018093,MEN,Beni Securities Pvt.Ltd.,Infinity Securities Limited,390,647.1,252369.0,2025-07-21 12:51:43.474167
2025-07-21,73744,2025072104018094,MEN,Beni Securities Pvt.Ltd.,Sundhara Securities Limited,30,648.0,19440.0,2025-07-21 12:51:43.474194
2025-07-21,73743,2025072104018095,MEN,Beni Securities Pvt.Ltd.,Dynamic Money Managers Securities Pvt. Ltd.,100,648.1,64810.0,2025-07-21 12:51:43.474224
2025-07-21,73742,2025072104018096,MEN,Beni Securities Pvt.Ltd.,Primo Securities (PVT) Ltd.,166,648.1,107584.6,2025-07-21 12:51:43.474249
2025-07-21,73178,2025072104018218,MEN,Primo Securities (PVT) Ltd.,Imperial Securities Company Pvt. Ltd.,100,646.1,64610.0,2025-07-21 12:52:52.570247
2025-07-21,73177,2025072104018219,MEN,Neev Securities Pvt. Ltd.,Imperial Securities Company Pvt. Ltd.,100,645.3,64530.0,2025-07-21 12:52:52.570481
2025-07-21,72220,2025072104018452,MEN,Sweta Securities Private Limited,Linch Stock Market Ltd.,12,648.0,7776.0,2025-07-21 12:54:56.063534
2025-07-21,72055,2025072104018498,MEN,Trishakti Securities Public Limited,Indira securities pvt. ltd,2,651.0,1302.0,2025-07-21 12:55:23.181274
2025-07-21,72012,2025072104018513,MEN,BHOLE GANESH SECURITIES LTD,Naasa Securities Co. Ltd.,13,648.0,8424.0,2025-07-21 12:55:27.983486
2025-07-21,72011,2025072104018514,MEN,BHOLE GANESH SECURITIES LTD,Primo Securities (PVT) Ltd.,187,648.1,121194.7,2025-07-21 12:55:27.983958
2025-07-21,71506,2025072104018663,MEN,Trishakti Securities Public Limited,Linch Stock Market Ltd.,13,647.0,8411.0,2025-07-21 12:56:23.064772
2025-07-21,71150,2025072104018765,MEN,Capital Max Securities Ltd,Primo Securities (PVT) Ltd.,147,648.1,95270.7,2025-07-21 12:57:18.806024
2025-07-21,71149,2025072104018766,MEN,Capital Max Securities Ltd,Nepal Investment And Securities Trading Private Limited,453,648.1,293589.3,2025-07-21 12:57:18.806302
2025-07-21,71022,2025072104018784,MEN,Secured Securities Ltd.,Nepal Investment And Securities Trading Private Limited,100,648.1,64810.0,2025-07-21 12:57:36.503861
2025-07-21,70739,2025072104018873,MEN,Secured Securities Ltd.,Nepal Investment And Securities Trading Private Limited,200,648.1,129620.0,2025-07-21 12:58:26.274436
2025-07-21,70634,2025072104018894,MEN,Sweta Securities Private Limited,Nepal Investment And Securities Trading Private Limited,20,648.1,12962.0,2025-07-21 12:58:42.781464
2025-07-21,70446,2025072104018946,MEN,Citizens Share Broker Limited,Capital Hub P. Ltd,335,648.0,217080.0,2025-07-21 12:59:09.729648
2025-07-21,70284,2025072104018979,MEN,Asian Securities Private Ltd.,Nepal Investment And Securities Trading Private Limited,179,648.1,116009.9,2025-07-21 12:59:25.907667
2025-07-21,69365,2025072104019158,MEN,Trishakti Securities Public Limited,Vision Securities Pvt. Ltd,37,648.1,23979.7,2025-07-21 13:01:56.953949
2025-07-21,69364,2025072104019159,MEN,Citizens Share Broker Limited,Vision Securities Pvt. Ltd,78,648.0,50544.0,2025-07-21 13:01:56.954462
2025-07-21,69352,2025072104019163,MEN,Citizens Share Broker Limited,Nepal Stock House (PVT) Ltd.,87,648.0,56376.0,2025-07-21 13:01:59.755443
2025-07-21,69351,2025072104019164,MEN,Imperial Securities Company Pvt. Ltd.,Nepal Stock House (PVT) Ltd.,333,647.3,215550.9,2025-07-21 13:01:59.755700
2025-07-21,69097,2025072104019233,MEN,Pragyan Securities (PVT) Ltd.,Opal Securities Investment (PVT) Ltd.,400,649.0,259600.0,2025-07-21 13:02:44.671079
2025-07-21,69096,2025072104019234,MEN,Pragyan Securities (PVT) Ltd.,Sundhara Securities Limited,20,649.0,12980.0,2025-07-21 13:02:44.671595
2025-07-21,69095,2025072104019235,MEN,Pragyan Securities (PVT) Ltd.,Primo Securities (PVT) Ltd.,500,649.0,324500.0,2025-07-21 13:02:44.671879
2025-07-21,68738,2025072104019329,MEN,Trisul Securities & Invt. Ltd.,Nepal Stock House (PVT) Ltd.,50,650.0,32500.0,2025-07-21 13:03:37.554397
2025-07-21,68737,2025072104019330,MEN,Trisul Securities & Invt. Ltd.,Sani Securities Company Ltd.,22,650.0,14300.0,2025-07-21 13:03:37.554640
2025-07-21,68736,2025072104019331,MEN,Trisul Securities & Invt. Ltd.,Online Securities Pvt. Ltd.,28,650.0,18200.0,2025-07-21 13:03:37.554748
2025-07-21,68199,2025072104019487,MEN,Opal Securities Investment (PVT) Ltd.,Nepal Stock House (PVT) Ltd.,50,648.0,32400.0,2025-07-21 13:05:13.051783
2025-07-21,68058,2025072104019527,MEN,Opal Securities Investment (PVT) Ltd.,Online Securities Pvt. Ltd.,50,648.0,32400.0,2025-07-21 13:05:39.265755
2025-07-21,68057,2025072104019528,MEN,Naasa Securities Co. Ltd.,Online Securities Pvt. Ltd.,200,648.0,129600.0,2025-07-21 13:05:39.265994
2025-07-21,68056,2025072104019529,MEN,South Asian Bulls Pvt. Ltd.,Online Securities Pvt. Ltd.,100,647.5,64750.0,2025-07-21 13:05:39.266091
2025-07-21,65999,2025072104019921,MEN,Investment Management Nepal Pvt. Ltd.,Dipshikha Dhitopatra Karobar Co. Pvt Ltd.,2,641.0,1282.0,2025-07-21 13:11:02.840508
2025-07-21,65638,2025072104020020,MEN,Investment Management Nepal Pvt. Ltd.,Online Securities Pvt. Ltd.,32,650.0,20800.0,2025-07-21 13:12:01.394710
2025-07-21,65637,2025072104020021,MEN,Investment Management Nepal Pvt. Ltd.,Midas Stock Broking Company Private Limited,468,650.0,304200.0,2025-07-21 13:12:01.395055
2025-07-21,65533,2025072104020043,MEN,South Asian Bulls Pvt. Ltd.,Midas Stock Broking Company Private Limited,532,650.0,345800.0,2025-07-21 13:12:17.446382
2025-07-21,65532,2025072104020044,MEN,South Asian Bulls Pvt. Ltd.,Sumeru Securities Pvt. Ltd.,50,650.0,32500.0,2025-07-21 13:12:17.446648
2025-07-21,65459,2025072104020061,MEN,South Asian Bulls Pvt. Ltd.,Primo Securities (PVT) Ltd.,500,650.1,325050.0,2025-07-21 13:12:30.540091
2025-07-21,65228,2025072104020126,MEN,Kalika Securities Pvt. Ltd.,Primo Securities (PVT) Ltd.,50,651.1,32555.0,2025-07-21 13:13:02.805680
2025-07-21,64607,2025072104020292,MEN,South Asian Bulls Pvt. Ltd.,Aryatara Investment & Securities,200,650.0,130000.0,2025-07-21 13:14:48.069139
2025-07-21,64606,2025072104020293,MEN,Siprabi Securities Pvt. Ltd.,Aryatara Investment & Securities,10,650.0,6500.0,2025-07-21 13:14:48.069513
2025-07-21,64311,2025072104020355,MEN,South Asian Bulls Pvt. Ltd.,Aryatara Investment & Securities,790,650.0,513500.0,2025-07-21 13:15:42.365334
2025-07-21,64288,2025072104020360,MEN,Naasa Securities Co. Ltd.,Primo Securities (PVT) Ltd.,70,651.1,45577.0,2025-07-21 13:15:45.925201
2025-07-21,63808,2025072104020488,MEN,ABC Securities Private Limited,Sumeru Securities Pvt. Ltd.,108,651.0,70308.0,2025-07-21 13:17:04.263052
2025-07-21,63807,2025072104020489,MEN,ABC Securities Private Limited,Primo Securities (PVT) Ltd.,272,651.1,177099.2,2025-07-21 13:17:04.263370
2025-07-21,63408,2025072104020590,MEN,Secured Securities Ltd.,Stoxkarts Securities Limited,150,650.0,97500.0,2025-07-21 13:18:12.468852
2025-07-21,63407,2025072104020591,MEN,South Asian Bulls Pvt. Ltd.,Stoxkarts Securities Limited,400,649.2,259680.0,2025-07-21 13:18:12.469143
2025-07-21,63406,2025072104020592,MEN,Vision Securities Pvt. Ltd,Stoxkarts Securities Limited,300,649.0,194700.0,2025-07-21 13:18:12.469254
2025-07-21,62772,2025072104020767,MEN,Vision Securities Pvt. Ltd,Cristal Kanchanjanga Securites Pvt. Ltd.,11,649.0,7139.0,2025-07-21 13:19:47.327190
2025-07-21,62725,2025072104020776,MEN,Vision Securities Pvt. Ltd,Bhrikuti Stock Broking Co. Pvt. Ltd.,15,649.0,9735.0,2025-07-21 13:19:56.380228
2025-07-21,61471,2025072104021105,MEN,Vision Securities Pvt. Ltd,Sundhara Securities Limited,50,649.0,32450.0,2025-07-21 13:23:01.234433
2025-07-21,61446,2025072104021115,MEN,Vision Securities Pvt. Ltd,Sumeru Securities Pvt. Ltd.,50,649.0,32450.0,2025-07-21 13:23:07.613016
2025-07-21,60873,2025072104021327,MEN,Vision Securities Pvt. Ltd,Machhapuchchhre Securities Limited,20,649.0,12980.0,2025-07-21 13:24:42.026971
2025-07-21,60673,2025072104021388,MEN,Naasa Securities Co. Ltd.,Primo Securities (PVT) Ltd.,10,649.9,6499.0,2025-07-21 13:25:13.189084
2025-07-21,60364,2025072104021459,MEN,Vision Securities Pvt. Ltd,Nepal Stock House (PVT) Ltd.,13,649.0,8437.0,2025-07-21 13:25:53.539581
2025-07-21,60089,2025072104021528,MEN,Vision Securities Pvt. Ltd,Imperial Securities Company Pvt. Ltd.,13,649.0,8437.0,2025-07-21 13:26:36.627058
2025-07-21,59999,2025072104021546,MEN,Imperial Securities Company Pvt. Ltd.,Primo Securities (PVT) Ltd.,10,649.9,6499.0,2025-07-21 13:26:48.852970
2025-07-21,59998,2025072104021547,MEN,Imperial Securities Company Pvt. Ltd.,Dakshinkali Investment & Securities Pvt. Ltd.,500,650.0,325000.0,2025-07-21 13:26:48.853299
2025-07-21,59997,2025072104021548,MEN,Imperial Securities Company Pvt. Ltd.,Indira securities pvt. ltd,490,650.0,318500.0,2025-07-21 13:26:48.853420
2025-07-21,59914,2025072104021559,MEN,South Asian Bulls Pvt. Ltd.,Indira securities pvt. ltd,40,650.0,26000.0,2025-07-21 13:27:06.369596
2025-07-21,59913,2025072104021560,MEN,South Asian Bulls Pvt. Ltd.,Bhrikuti Stock Broking Co. Pvt. Ltd.,200,650.0,130000.0,2025-07-21 13:27:06.369901
2025-07-21,59912,2025072104021561,MEN,South Asian Bulls Pvt. Ltd.,Market Securities & Exchange (PVT) Ltd.,13,650.0,8450.0,2025-07-21 13:27:06.370056
2025-07-21,59911,2025072104021562,MEN,South Asian Bulls Pvt. Ltd.,Aryatara Investment & Securities,500,650.1,325050.0,2025-07-21 13:27:06.370230
2025-07-21,58569,2025072104021989,MEN,Vision Securities Pvt. Ltd,Aryatara Investment & Securities,13,649.0,8437.0,2025-07-21 13:30:36.616158
2025-07-21,58334,2025072104022048,MEN,Vision Securities Pvt. Ltd,Thrive Brokerage House Pvt. Ltd,13,649.0,8437.0,2025-07-21 13:31:19.106856
2025-07-21,58072,2025072104022135,MEN,South Asian Bulls Pvt. Ltd.,Aryatara Investment & Securities,600,650.0,390000.0,2025-07-21 13:31:51.989440
2025-07-21,57197,2025072104022423,MEN,South Asian Bulls Pvt. Ltd.,Sani Securities Company Ltd.,325,650.0,211250.0,2025-07-21 13:34:04.132490
2025-07-21,57196,2025072104022424,MEN,South Asian Bulls Pvt. Ltd.,Trishakti Securities Public Limited,100,650.0,65000.0,2025-07-21 13:34:04.132839
2025-07-21,56471,2025072104022592,MEN,Shree Krishna Securities Ltd.,Miyo Securities Pvt Ltd,19,649.0,12331.0,2025-07-21 13:35:59.672360
2025-07-21,56217,2025072104022642,MEN,South Asian Bulls Pvt. Ltd.,Miyo Securities Pvt Ltd,181,649.0,117469.0,2025-07-21 13:36:21.127704
2025-07-21,55158,2025072104022929,MEN,Dipshikha Dhitopatra Karobar Co. Pvt Ltd.,Secured Securities Ltd.,500,649.0,324500.0,2025-07-21 13:39:06.743013
2025-07-21,54764,2025072104023051,MEN,Magnet Securities and Investment Company Private Limited,Vision Securities Pvt. Ltd,125,649.0,81125.0,2025-07-21 13:39:56.499176
2025-07-21,54395,2025072104023142,MEN,Siprabi Securities Pvt. Ltd.,Siprabi Securities Pvt. Ltd.,10,649.9,6499.0,2025-07-21 13:40:55.296838
2025-07-21,54394,2025072104023143,MEN,Siprabi Securities Pvt. Ltd.,Naasa Securities Co. Ltd.,10,650.0,6500.0,2025-07-21 13:40:55.297403
2025-07-21,54282,2025072104023168,MEN,Cristal Kanchanjanga Securites Pvt. Ltd.,Naasa Securities Co. Ltd.,40,650.0,26000.0,2025-07-21 13:41:08.003023
2025-07-21,54281,2025072104023169,MEN,Cristal Kanchanjanga Securites Pvt. Ltd.,Dynamic Money Managers Securities Pvt. Ltd.,150,650.0,97500.0,2025-07-21 13:41:08.003348
2025-07-21,54108,2025072104023216,MEN,South Asian Bulls Pvt. Ltd.,Miyo Securities Pvt Ltd,500,650.4,325200.0,2025-07-21 13:41:31.737371
2025-07-21,52621,2025072104023539,MEN,Shree Krishna Securities Ltd.,Siprabi Securities Pvt. Ltd.,10,650.4,6504.0,2025-07-21 13:44:33.942730
2025-07-21,52423,2025072104023578,MEN,Shree Krishna Securities Ltd.,ABC Securities Private Limited,41,650.4,26666.4,2025-07-21 13:45:02.902657
2025-07-21,52336,2025072104023594,MEN,Shree Krishna Securities Ltd.,Naasa Securities Co. Ltd.,49,650.4,31869.6,2025-07-21 13:45:09.228740
2025-07-21,52335,2025072104023595,MEN,Cristal Kanchanjanga Securites Pvt. Ltd.,Naasa Securities Co. Ltd.,110,650.0,71500.0,2025-07-21 13:45:09.229044
2025-07-21,52260,2025072104023609,MEN,Magnet Securities and Investment Company Private Limited,Naasa Securities Co. Ltd.,315,650.0,204750.0,2025-07-21 13:45:14.306012
2025-07-21,51585,2025072104023760,MEN,Shree Krishna Securities Ltd.,Naasa Securities Co. Ltd.,500,650.0,325000.0,2025-07-21 13:46:46.213480
2025-07-21,51581,2025072104023762,MEN,Neev Securities Pvt. Ltd.,Naasa Securities Co. Ltd.,26,650.0,16900.0,2025-07-21 13:46:47.084998
2025-07-21,51580,2025072104023763,MEN,Neev Securities Pvt. Ltd.,Capital Max Securities Ltd,182,650.0,118300.0,2025-07-21 13:46:47.085319
2025-07-21,51579,2025072104023764,MEN,Neev Securities Pvt. Ltd.,Trishakti Securities Public Limited,150,650.0,97500.0,2025-07-21 13:46:47.085430
2025-07-21,51546,2025072104023775,MEN,Neev Securities Pvt. Ltd.,Nepal Stock House (PVT) Ltd.,13,650.0,8450.0,2025-07-21 13:46:55.257786
2025-07-21,51086,2025072104023870,MEN,Sri Hari Securities Pvt. Ltd.,Sani Securities Company Ltd.,100,648.0,64800.0,2025-07-21 13:47:51.747142
2025-07-21,51085,2025072104023871,MEN,Imperial Securities Company Pvt. Ltd.,Sani Securities Company Ltd.,400,648.0,259200.0,2025-07-21 13:47:51.747433
2025-07-21,50249,2025072104024000,MEN,Online Securities Pvt. Ltd.,Vision Securities Pvt. Ltd,10,650.0,6500.0,2025-07-21 13:49:24.742282
2025-07-21,47783,2025072104024512,MEN,South Asian Bulls Pvt. Ltd.,Vision Securities Pvt. Ltd,90,650.0,58500.0,2025-07-21 13:53:01.714792
2025-07-21,47782,2025072104024513,MEN,South Asian Bulls Pvt. Ltd.,Opal Securities Investment (PVT) Ltd.,50,650.0,32500.0,2025-07-21 13:53:01.715345
2025-07-21,47698,2025072104024528,MEN,South Asian Bulls Pvt. Ltd.,Siprabi Securities Pvt. Ltd.,21,650.4,13658.4,2025-07-21 13:53:12.835016
2025-07-21,47697,2025072104024529,MEN,South Asian Bulls Pvt. Ltd.,Naasa Securities Co. Ltd.,1000,650.4,650400.0,2025-07-21 13:53:12.835303
2025-07-21,47597,2025072104024553,MEN,Sri Hari Securities Pvt. Ltd.,Market Securities & Exchange (PVT) Ltd.,140,650.0,91000.0,2025-07-21 13:53:23.521634
2025-07-21,47451,2025072104024575,MEN,Aryatara Investment & Securities,Market Securities & Exchange (PVT) Ltd.,60,650.0,39000.0,2025-07-21 13:53:43.886469
2025-07-21,47278,2025072104024635,MEN,South Asian Bulls Pvt. Ltd.,Imperial Securities Company Pvt. Ltd.,105,650.5,68302.5,2025-07-21 13:53:58.118635
2025-07-21,47277,2025072104024636,MEN,South Asian Bulls Pvt. Ltd.,Blue Chip Securities Ltd,495,650.5,321997.5,2025-07-21 13:53:58.118930
2025-07-21,47108,2025072104024675,MEN,Aryatara Investment & Securities,Sharepro Securities Private Limited,440,650.0,286000.0,2025-07-21 13:54:23.648347
2025-07-21,47107,2025072104024676,MEN,Imperial Securities Company Pvt. Ltd.,Sharepro Securities Private Limited,10,650.0,6500.0,2025-07-21 13:54:23.648864
2025-07-21,47106,2025072104024677,MEN,South Asian Bulls Pvt. Ltd.,Sharepro Securities Private Limited,50,650.0,32500.0,2025-07-21 13:54:23.649206
2025-07-21,46591,2025072104024801,MEN,Nepal Investment And Securities Trading Private Limited,K.B.L. Securities Limited ,50,650.5,32525.0,2025-07-21 13:55:16.271925
2025-07-21,46590,2025072104024802,MEN,Nepal Investment And Securities Trading Private Limited,Miyo Securities Pvt Ltd,200,650.5,130100.0,2025-07-21 13:55:16.272228
2025-07-21,46589,2025072104024803,MEN,Nepal Investment And Securities Trading Private Limited,Primo Securities (PVT) Ltd.,108,650.5,70254.0,2025-07-21 13:55:16.272346
2025-07-21,46350,2025072104024871,MEN,South Asian Bulls Pvt. Ltd.,Vision Securities Pvt. Ltd,100,650.0,65000.0,2025-07-21 13:55:48.056636
2025-07-21,46330,2025072104024875,MEN,Primo Securities (PVT) Ltd.,Deevyaa Securities & Stock House Pvt. Ltd,10,650.7,6507.0,2025-07-21 13:55:49.936250
2025-07-21,46285,2025072104024888,MEN,Thrive Brokerage House Pvt. Ltd,Deevyaa Securities & Stock House Pvt. Ltd,300,650.7,195210.0,2025-07-21 13:55:57.834692
2025-07-21,46189,2025072104024906,MEN,K.B.L. Securities Limited ,Deevyaa Securities & Stock House Pvt. Ltd,190,650.7,123633.0,2025-07-21 13:56:08.703812
2025-07-21,46188,2025072104024907,MEN,K.B.L. Securities Limited ,Dipshikha Dhitopatra Karobar Co. Pvt Ltd.,500,650.8,325400.0,2025-07-21 13:56:08.704105
2025-07-21,46187,2025072104024908,MEN,K.B.L. Securities Limited ,Premier Securities Company Ltd.,208,651.0,135408.0,2025-07-21 13:56:08.704226
2025-07-21,46186,2025072104024909,MEN,K.B.L. Securities Limited ,Ashutosh Brokerage & Securities (PVT) Ltd.,4102,651.1,2670812.2,2025-07-21 13:56:08.704341
2025-07-21,46059,2025072104024930,MEN,South Asian Bulls Pvt. Ltd.,Sani Securities Company Ltd.,100,650.0,65000.0,2025-07-21 13:56:29.011883
2025-07-21,45180,2025072104025107,MEN,Trisul Securities & Invt. Ltd.,Trishakti Securities Public Limited,100,650.5,65050.0,2025-07-21 13:58:04.689955
2025-07-21,45179,2025072104025108,MEN,South Asian Bulls Pvt. Ltd.,Trishakti Securities Public Limited,815,650.0,529750.0,2025-07-21 13:58:04.690001
2025-07-21,44397,2025072104025202,MEN,South Asian Bulls Pvt. Ltd.,Kohinoor Investment & Securities Pvt. Ltd.,435,650.0,282750.0,2025-07-21 13:59:10.181505
2025-07-21,44396,2025072104025203,MEN,Imperial Securities Company Pvt. Ltd.,Kohinoor Investment & Securities Pvt. Ltd.,10,650.0,6500.0,2025-07-21 13:59:10.181825
2025-07-21,44395,2025072104025204,MEN,KALASH STOCK MARKET PVT. LTD.,Kohinoor Investment & Securities Pvt. Ltd.,90,650.0,58500.0,2025-07-21 13:59:10.181932
2025-07-21,44172,2025072104025253,MEN,Aryatara Investment & Securities,Kohinoor Investment & Securities Pvt. Ltd.,40,650.0,26000.0,2025-07-21 13:59:38.278587
2025-07-21,43614,2025072104025368,MEN,Aryatara Investment & Securities,Dakshinkali Investment & Securities Pvt. Ltd.,50,651.0,32550.0,2025-07-21 14:00:16.884224
2025-07-21,43613,2025072104025369,MEN,Aryatara Investment & Securities,Dakshinkali Investment & Securities Pvt. Ltd.,260,650.0,169000.0,2025-07-21 14:00:16.884511
2025-07-21,43435,2025072104025406,MEN,South Asian Bulls Pvt. Ltd.,Dakshinkali Investment & Securities Pvt. Ltd.,440,650.0,286000.0,2025-07-21 14:00:32.593996
2025-07-21,43434,2025072104025407,MEN,South Asian Bulls Pvt. Ltd.,Creative Securities Pvt Ltd,500,650.0,325000.0,2025-07-21 14:00:32.594532
2025-07-21,43162,2025072104025472,MEN,South Asian Bulls Pvt. Ltd.,Imperial Securities Company Pvt. Ltd.,250,650.0,162500.0,2025-07-21 14:01:10.396647
2025-07-21,42409,2025072104025608,MEN,South Asian Bulls Pvt. Ltd.,Online Securities Pvt. Ltd.,13,651.0,8463.0,2025-07-21 14:02:22.528075
2025-07-21,42408,2025072104025609,MEN,South Asian Bulls Pvt. Ltd.,Dynamic Money Managers Securities Pvt. Ltd.,342,652.0,222984.0,2025-07-21 14:02:22.528688
2025-07-21,42407,2025072104025610,MEN,South Asian Bulls Pvt. Ltd.,ABC Securities Private Limited,230,652.0,149960.0,2025-07-21 14:02:22.529051
2025-07-21,41923,2025072104025696,MEN,South Asian Bulls Pvt. Ltd.,Naasa Securities Co. Ltd.,50,650.3,32515.0,2025-07-21 14:03:12.431666
2025-07-21,40918,2025072104026003,MEN,Sani Securities Company Ltd.,Roadshow securities limited,150,651.0,97650.0,2025-07-21 14:04:51.038568
2025-07-21,40917,2025072104026004,MEN,Thrive Brokerage House Pvt. Ltd,Roadshow securities limited,40,651.0,26040.0,2025-07-21 14:04:51.038652
2025-07-21,40916,2025072104026005,MEN,South Asian Bulls Pvt. Ltd.,Roadshow securities limited,500,650.6,325300.0,2025-07-21 14:04:51.038703
2025-07-21,40915,2025072104026006,MEN,Arun Securities (PVT) Ltd.,Roadshow securities limited,768,650.6,499660.8,2025-07-21 14:04:51.038730
2025-07-21,40914,2025072104026007,MEN,Miyo Securities Pvt Ltd,Roadshow securities limited,542,650.5,352571.0,2025-07-21 14:04:51.038758
2025-07-21,40858,2025072104026024,MEN,Aryatara Investment & Securities,Deevyaa Securities & Stock House Pvt. Ltd,11,653.0,7183.0,2025-07-21 14:05:00.913896
2025-07-21,40857,2025072104026025,MEN,Aryatara Investment & Securities,Imperial Securities Company Pvt. Ltd.,90,653.0,58770.0,2025-07-21 14:05:00.914466
2025-07-21,40800,2025072104026043,MEN,Aryatara Investment & Securities,Online Securities Pvt. Ltd.,49,653.0,31997.0,2025-07-21 14:05:06.786038
2025-07-21,40799,2025072104026044,MEN,Sani Securities Company Ltd.,Online Securities Pvt. Ltd.,51,651.0,33201.0,2025-07-21 14:05:06.786381
2025-07-21,39250,2025072104026583,MEN,Aryatara Investment & Securities,Miyo Securities Pvt Ltd,500,653.0,326500.0,2025-07-21 14:07:49.817808
2025-07-21,39249,2025072104026584,MEN,Aryatara Investment & Securities,Deevyaa Securities & Stock House Pvt. Ltd,656,653.9,428958.4,2025-07-21 14:07:49.818438
2025-07-21,39248,2025072104026585,MEN,Aryatara Investment & Securities,Primo Securities (PVT) Ltd.,72,653.9,47080.8,2025-07-21 14:07:49.818929
2025-07-21,39139,2025072104026638,MEN,Sweta Securities Private Limited,Sani Securities Company Ltd.,50,651.1,32555.0,2025-07-21 14:08:02.850380
2025-07-21,38513,2025072104026821,MEN,Online Securities Pvt. Ltd.,Sweta Securities Private Limited,13,651.2,8465.6,2025-07-21 14:09:14.687000
2025-07-21,37923,2025072104026956,MEN,Thrive Brokerage House Pvt. Ltd,Sani Securities Company Ltd.,150,653.0,97950.0,2025-07-21 14:10:30.432084
2025-07-21,37399,2025072104027127,MEN,Siprabi Securities Pvt. Ltd.,ABC Securities Private Limited,100,651.3,65130.0,2025-07-21 14:11:32.337375
2025-07-21,36980,2025072104027278,MEN,Trishakti Securities Public Limited,Hatemalo Financial Services Private Limited,1000,652.0,652000.0,2025-07-21 14:12:14.909120
2025-07-21,36109,2025072104027520,MEN,Siprabi Securities Pvt. Ltd.,Kumari Securities Private Limited,300,651.3,195390.0,2025-07-21 14:13:53.199939
2025-07-21,35982,2025072104027580,MEN,Trishakti Securities Public Limited,Miyo Securities Pvt Ltd,500,652.0,326000.0,2025-07-21 14:14:05.230100
2025-07-21,35981,2025072104027581,MEN,Trishakti Securities Public Limited,Primo Securities (PVT) Ltd.,231,652.0,150612.0,2025-07-21 14:14:05.230715
2025-07-21,35958,2025072104027592,MEN,Trishakti Securities Public Limited,Sundhara Securities Limited,100,652.0,65200.0,2025-07-21 14:14:08.162966
2025-07-21,35616,2025072104027714,MEN,Trishakti Securities Public Limited,Agrawal Securities (PVT) Ltd.,50,652.0,32600.0,2025-07-21 14:14:36.542812
2025-07-21,35478,2025072104027771,MEN,Trishakti Securities Public Limited,Sundhara Securities Limited,119,652.0,77588.0,2025-07-21 14:14:52.495303
2025-07-21,35005,2025072104027943,MEN,Siprabi Securities Pvt. Ltd.,Trisul Securities & Invt. Ltd.,100,651.3,65130.0,2025-07-21 14:15:46.665546
2025-07-21,35004,2025072104027944,MEN,Online Securities Pvt. Ltd.,Trisul Securities & Invt. Ltd.,87,651.2,56654.4,2025-07-21 14:15:46.666130
2025-07-21,35003,2025072104027945,MEN,Sani Securities Company Ltd.,Trisul Securities & Invt. Ltd.,13,651.2,8465.6,2025-07-21 14:15:46.666522
2025-07-21,34839,2025072104028004,MEN,Sani Securities Company Ltd.,Sundhara Securities Limited,80,651.2,52096.0,2025-07-21 14:16:08.049638
2025-07-21,34780,2025072104028019,MEN,Sani Securities Company Ltd.,Hatemalo Financial Services Private Limited,107,651.2,69678.4,2025-07-21 14:16:12.655361
2025-07-21,34779,2025072104028020,MEN,Premier Securities Company Ltd.,Hatemalo Financial Services Private Limited,500,651.1,325550.0,2025-07-21 14:16:12.655649
2025-07-21,34778,2025072104028021,MEN,Sani Securities Company Ltd.,Hatemalo Financial Services Private Limited,149,651.0,96999.0,2025-07-21 14:16:12.655766
2025-07-21,34777,2025072104028022,MEN,Sagarmatha Securities Private Limited,Hatemalo Financial Services Private Limited,244,651.0,158844.0,2025-07-21 14:16:12.655883
2025-07-21,34670,2025072104028053,MEN,Sagarmatha Securities Private Limited,South Asian Bulls Pvt. Ltd.,100,651.0,65100.0,2025-07-21 14:16:28.183817
2025-07-21,34516,2025072104028106,MEN,Sagarmatha Securities Private Limited,Premier Securities Company Ltd.,10,651.0,6510.0,2025-07-21 14:16:49.339367
2025-07-21,34436,2025072104028124,MEN,Sagarmatha Securities Private Limited,Kumari Securities Private Limited,45,651.0,29295.0,2025-07-21 14:16:56.999889
2025-07-21,34348,2025072104028150,MEN,Sagarmatha Securities Private Limited,Sani Securities Company Ltd.,43,651.0,27993.0,2025-07-21 14:17:08.753668
2025-07-21,34091,2025072104028230,MEN,Midas Stock Broking Company Private Limited,Blue Chip Securities Ltd,5,651.0,3255.0,2025-07-21 14:17:36.167450
2025-07-21,33634,2025072104028361,MEN,Sagarmatha Securities Private Limited,Asian Securities Private Ltd.,58,651.0,37758.0,2025-07-21 14:18:29.224476
2025-07-21,33633,2025072104028362,MEN,Online Securities Pvt. Ltd.,Asian Securities Private Ltd.,100,651.0,65100.0,2025-07-21 14:18:29.225019
2025-07-21,33632,2025072104028363,MEN,Sweta Securities Private Limited,Asian Securities Private Ltd.,80,651.0,52080.0,2025-07-21 14:18:29.225461
2025-07-21,33631,2025072104028364,MEN,Sani Securities Company Ltd.,Asian Securities Private Ltd.,50,650.6,32530.0,2025-07-21 14:18:29.225832
2025-07-21,33630,2025072104028365,MEN,Miyo Securities Pvt Ltd,Asian Securities Private Ltd.,212,650.5,137906.0,2025-07-21 14:18:29.226296
2025-07-21,33550,2025072104028384,MEN,Miyo Securities Pvt Ltd,Asian Securities Private Ltd.,500,650.5,325250.0,2025-07-21 14:18:36.273659
2025-07-21,33279,2025072104028476,MEN,Miyo Securities Pvt Ltd,INDEX SECURITIES LIMITED,487,650.5,316793.5,2025-07-21 14:19:05.866886
2025-07-21,33186,2025072104028516,MEN,Miyo Securities Pvt Ltd,Imperial Securities Company Pvt. Ltd.,89,650.5,57894.5,2025-07-21 14:19:17.078372
2025-07-21,33102,2025072104028531,MEN,Siprabi Securities Pvt. Ltd.,Hatemalo Financial Services Private Limited,500,650.2,325100.0,2025-07-21 14:19:26.213159
2025-07-21,33101,2025072104028532,MEN,Oxford Securities Pvt. Ltd.,Hatemalo Financial Services Private Limited,495,650.0,321750.0,2025-07-21 14:19:26.213464
2025-07-21,33100,2025072104028533,MEN,Dipshikha Dhitopatra Karobar Co. Pvt Ltd.,Hatemalo Financial Services Private Limited,30,650.0,19500.0,2025-07-21 14:19:26.213577
2025-07-21,33099,2025072104028534,MEN,Sewa Securities Pvt. Ltd.,Hatemalo Financial Services Private Limited,100,650.0,65000.0,2025-07-21 14:19:26.213687
2025-07-21,33098,2025072104028535,MEN,Midas Stock Broking Company Private Limited,Hatemalo Financial Services Private Limited,50,650.0,32500.0,2025-07-21 14:19:26.213818
2025-07-21,33097,2025072104028536,MEN,Trishakti Securities Public Limited,Hatemalo Financial Services Private Limited,1825,650.0,1186250.0,2025-07-21 14:19:26.213926
2025-07-21,32950,2025072104028572,MEN,Trishakti Securities Public Limited,Investment Management Nepal Pvt. Ltd.,35,650.0,22750.0,2025-07-21 14:19:39.970815
2025-07-21,32788,2025072104028610,MEN,Trishakti Securities Public Limited,K.B.L. Securities Limited ,50,650.0,32500.0,2025-07-21 14:19:59.854779
2025-07-21,32694,2025072104028631,MEN,Trishakti Securities Public Limited,Sewa Securities Pvt. Ltd.,15,650.0,9750.0,2025-07-21 14:20:10.018269
2025-07-21,32672,2025072104028637,MEN,Trishakti Securities Public Limited,Sundhara Securities Limited,75,650.0,48750.0,2025-07-21 14:20:12.967607
2025-07-21,32671,2025072104028638,MEN,Sani Securities Company Ltd.,Sundhara Securities Limited,20,650.0,13000.0,2025-07-21 14:20:12.968047
2025-07-21,32389,2025072104028750,MEN,Nepal Investment And Securities Trading Private Limited,Bhrikuti Stock Broking Co. Pvt. Ltd.,500,649.0,324500.0,2025-07-21 14:20:45.052245
2025-07-21,32385,2025072104028752,MEN,Trishakti Securities Public Limited,Sundhara Securities Limited,65,650.0,42250.0,2025-07-21 14:20:47.065120
2025-07-21,32384,2025072104028753,MEN,Trishakti Securities Public Limited,Asian Securities Private Ltd.,150,650.0,97500.0,2025-07-21 14:20:47.065429
2025-07-21,31761,2025072104028993,MEN,Trishakti Securities Public Limited,Nepal Stock House (PVT) Ltd.,100,650.0,65000.0,2025-07-21 14:21:37.876643
2025-07-21,31356,2025072104029113,MEN,Trishakti Securities Public Limited,Sani Securities Company Ltd.,574,650.0,373100.0,2025-07-21 14:22:23.463843
2025-07-21,31349,2025072104029116,MEN,Linch Stock Market Ltd.,Indira securities pvt. ltd,700,650.1,455070.0,2025-07-21 14:22:24.945016
2025-07-21,31070,2025072104029184,MEN,Trishakti Securities Public Limited,Trishakti Securities Public Limited,111,650.0,72150.0,2025-07-21 14:22:48.512168
2025-07-21,31069,2025072104029185,MEN,ABC Securities Private Limited,Trishakti Securities Public Limited,50,650.0,32500.0,2025-07-21 14:22:48.512560
2025-07-21,30899,2025072104029243,MEN,Linch Stock Market Ltd.,Trishakti Securities Public Limited,339,650.0,220350.0,2025-07-21 14:23:06.771016
2025-07-21,30898,2025072104029244,MEN,Linch Stock Market Ltd.,Naasa Securities Co. Ltd.,11,650.0,7150.0,2025-07-21 14:23:06.771588
2025-07-21,30870,2025072104029247,MEN,Sani Securities Company Ltd.,Sri Hari Securities Pvt. Ltd.,20,649.0,12980.0,2025-07-21 14:23:10.646368
2025-07-21,30869,2025072104029248,MEN,Midas Stock Broking Company Private Limited,Sri Hari Securities Pvt. Ltd.,50,649.0,32450.0,2025-07-21 14:23:10.646663
2025-07-21,30576,2025072104029339,MEN,Linch Stock Market Ltd.,Naasa Securities Co. Ltd.,89,650.0,57850.0,2025-07-21 14:23:39.333009
2025-07-21,30575,2025072104029340,MEN,Linch Stock Market Ltd.,Indira securities pvt. ltd,261,650.1,169676.1,2025-07-21 14:23:39.333622
2025-07-21,29648,2025072104029542,MEN,Trishakti Securities Public Limited,K.B.L. Securities Limited ,50,650.0,32500.0,2025-07-21 14:25:10.151015
2025-07-21,29647,2025072104029543,MEN,Trishakti Securities Public Limited,Indira securities pvt. ltd,1804,650.1,1172780.4,2025-07-21 14:25:10.151329
2025-07-21,29646,2025072104029544,MEN,Trishakti Securities Public Limited,Primo Securities (PVT) Ltd.,428,650.1,278242.8,2025-07-21 14:25:10.151444
2025-07-21,29645,2025072104029545,MEN,Trishakti Securities Public Limited,Imperial Securities Company Pvt. Ltd.,161,650.5,104730.5,2025-07-21 14:25:10.151561
2025-07-21,29644,2025072104029546,MEN,Trishakti Securities Public Limited,Nepal Stock House (PVT) Ltd.,202,650.5,131401.0,2025-07-21 14:25:10.151683
2025-07-21,29643,2025072104029547,MEN,Trishakti Securities Public Limited,Online Securities Pvt. Ltd.,100,651.0,65100.0,2025-07-21 14:25:10.151794
2025-07-21,29532,2025072104029581,MEN,Trishakti Securities Public Limited,Naasa Securities Co. Ltd.,236,651.0,153636.0,2025-07-21 14:25:21.785438
2025-07-21,29498,2025072104029589,MEN,Trishakti Securities Public Limited,Neev Securities Pvt. Ltd.,19,651.0,12369.0,2025-07-21 14:25:25.887905
2025-07-21,29036,2025072104029744,MEN,Kohinoor Investment & Securities Pvt. Ltd.,Trishakti Securities Public Limited,100,650.0,65000.0,2025-07-21 14:26:11.547944
2025-07-21,29035,2025072104029745,MEN,Kohinoor Investment & Securities Pvt. Ltd.,Neev Securities Pvt. Ltd.,481,651.0,313131.0,2025-07-21 14:26:11.548228
2025-07-21,29034,2025072104029746,MEN,Kohinoor Investment & Securities Pvt. Ltd.,Neev Securities Pvt. Ltd.,500,651.0,325500.0,2025-07-21 14:26:11.548349
2025-07-21,29033,2025072104029747,MEN,Kohinoor Investment & Securities Pvt. Ltd.,Neev Securities Pvt. Ltd.,400,651.0,260400.0,2025-07-21 14:26:11.548460
2025-07-21,28828,2025072104029816,MEN,Kohinoor Investment & Securities Pvt. Ltd.,Neev Securities Pvt. Ltd.,100,651.0,65100.0,2025-07-21 14:26:35.732401
2025-07-21,28827,2025072104029817,MEN,Kohinoor Investment & Securities Pvt. Ltd.,Imperial Securities Company Pvt. Ltd.,1000,651.0,651000.0,2025-07-21 14:26:35.732916
2025-07-21,28786,2025072104029828,MEN,Sewa Securities Pvt. Ltd.,Naasa Securities Co. Ltd.,26,650.0,16900.0,2025-07-21 14:26:42.415019
2025-07-21,28777,2025072104029831,MEN,Sewa Securities Pvt. Ltd.,Naasa Securities Co. Ltd.,25,650.0,16250.0,2025-07-21 14:26:44.927360
2025-07-21,28108,2025072104030002,MEN,Sewa Securities Pvt. Ltd.,Linch Stock Market Ltd.,10,650.0,6500.0,2025-07-21 14:27:55.929002
2025-07-21,27992,2025072104030032,MEN,Sewa Securities Pvt. Ltd.,Aryatara Investment & Securities,39,650.0,25350.0,2025-07-21 14:28:06.845501
2025-07-21,27811,2025072104030085,MEN,Midas Stock Broking Company Private Limited,S.P.S.A. Securities Limited,44,649.1,28560.4,2025-07-21 14:28:28.016536
2025-07-21,27810,2025072104030086,MEN,Trishakti Securities Public Limited,S.P.S.A. Securities Limited,116,649.0,75284.0,2025-07-21 14:28:28.016806
2025-07-21,27307,2025072104030224,MEN,Kohinoor Investment & Securities Pvt. Ltd.,Infinity Securities Limited,1800,649.1,1168380.0,2025-07-21 14:29:27.131516
2025-07-21,27118,2025072104030280,MEN,Kohinoor Investment & Securities Pvt. Ltd.,Market Securities & Exchange (PVT) Ltd.,100,649.1,64910.0,2025-07-21 14:29:50.298106
2025-07-21,26918,2025072104030344,MEN,Kohinoor Investment & Securities Pvt. Ltd.,ABC Securities Private Limited,100,649.1,64910.0,2025-07-21 14:30:17.237160
2025-07-21,26917,2025072104030345,MEN,Sani Securities Company Ltd.,ABC Securities Private Limited,30,649.1,19473.0,2025-07-21 14:30:17.237491
2025-07-21,26916,2025072104030346,MEN,Trishakti Securities Public Limited,ABC Securities Private Limited,70,649.0,45430.0,2025-07-21 14:30:17.237613
2025-07-21,26810,2025072104030396,MEN,Trishakti Securities Public Limited,Infinity Securities Limited,74,649.0,48026.0,2025-07-21 14:30:28.383522
2025-07-21,26485,2025072104030493,MEN,Kumari Securities Private Limited,Aryatara Investment & Securities,961,650.0,624650.0,2025-07-21 14:31:10.917427
2025-07-21,26484,2025072104030494,MEN,Kumari Securities Private Limited,Neev Securities Pvt. Ltd.,39,650.0,25350.0,2025-07-21 14:31:10.917725
2025-07-21,26354,2025072104030509,MEN,Kohinoor Investment & Securities Pvt. Ltd.,Sundhara Securities Limited,500,649.1,324550.0,2025-07-21 14:31:21.247381
2025-07-21,26083,2025072104030553,MEN,MILKY WAY SHARE BROKER COMPANY LTD ,Neev Securities Pvt. Ltd.,300,650.0,195000.0,2025-07-21 14:31:47.998331
2025-07-21,25662,2025072104030662,MEN,Linch Stock Market Ltd.,Neev Securities Pvt. Ltd.,161,650.0,104650.0,2025-07-21 14:32:29.162198
2025-07-21,25661,2025072104030663,MEN,Linch Stock Market Ltd.,Sundhara Securities Limited,200,650.0,130000.0,2025-07-21 14:32:29.162486
2025-07-21,25308,2025072104030801,MEN,Linch Stock Market Ltd.,Dynamic Money Managers Securities Pvt. Ltd.,289,650.0,187850.0,2025-07-21 14:33:09.070919
2025-07-21,25024,2025072104030892,MEN,Kohinoor Investment & Securities Pvt. Ltd.,Trademow Securities Private Limited,300,649.1,194730.0,2025-07-21 14:33:42.220055
2025-07-21,24873,2025072104030936,MEN,Ashutosh Brokerage & Securities (PVT) Ltd.,Sani Securities Company Ltd.,10,649.2,6492.0,2025-07-21 14:34:03.044279
2025-07-21,24872,2025072104030937,MEN,Kohinoor Investment & Securities Pvt. Ltd.,Sani Securities Company Ltd.,200,649.1,129820.0,2025-07-21 14:34:03.044586
2025-07-21,24583,2025072104030999,MEN,Trishakti Securities Public Limited,Aryatara Investment & Securities,504,649.0,327096.0,2025-07-21 14:34:31.343392
2025-07-21,24505,2025072104031014,MEN,Imperial Securities Company Pvt. Ltd.,Naasa Securities Co. Ltd.,9,640.0,5760.0,2025-07-21 14:34:42.272302
2025-07-21,24467,2025072104031038,MEN,Trishakti Securities Public Limited,Dipshikha Dhitopatra Karobar Co. Pvt Ltd.,236,649.0,153164.0,2025-07-21 14:34:47.553576
2025-07-21,24466,2025072104031039,MEN,Sani Securities Company Ltd.,Dipshikha Dhitopatra Karobar Co. Pvt Ltd.,14,649.0,9086.0,2025-07-21 14:34:47.553896
2025-07-21,24371,2025072104031063,MEN,MILKY WAY SHARE BROKER COMPANY LTD ,Sani Securities Company Ltd.,300,649.1,194730.0,2025-07-21 14:35:01.629182
2025-07-21,24336,2025072104031076,MEN,Imperial Securities Company Pvt. Ltd.,Dynamic Money Managers Securities Pvt. Ltd.,211,649.0,136939.0,2025-07-21 14:35:08.019005
2025-07-21,24257,2025072104031095,MEN,Linch Stock Market Ltd.,Sani Securities Company Ltd.,260,649.1,168766.0,2025-07-21 14:35:18.927942
2025-07-21,24018,2025072104031167,MEN,Linch Stock Market Ltd.,Deevyaa Securities & Stock House Pvt. Ltd,290,649.1,188239.0,2025-07-21 14:35:49.561839
2025-07-21,24017,2025072104031168,MEN,Imperial Securities Company Pvt. Ltd.,Deevyaa Securities & Stock House Pvt. Ltd,789,649.0,512061.0,2025-07-21 14:35:49.562191
2025-07-21,24016,2025072104031169,MEN,South Asian Bulls Pvt. Ltd.,Deevyaa Securities & Stock House Pvt. Ltd,100,648.7,64870.0,2025-07-21 14:35:49.562334
2025-07-21,24015,2025072104031170,MEN,Garima Securities Limited,Deevyaa Securities & Stock House Pvt. Ltd,821,648.6,532500.6,2025-07-21 14:35:49.562460
2025-07-21,23790,2025072104031229,MEN,Ashutosh Brokerage & Securities (PVT) Ltd.,Vision Securities Pvt. Ltd,90,648.7,58383.0,2025-07-21 14:36:20.860172
2025-07-21,23789,2025072104031230,MEN,Garima Securities Limited,Vision Securities Pvt. Ltd,179,648.6,116099.4,2025-07-21 14:36:20.860474
2025-07-21,23788,2025072104031231,MEN,Market Securities & Exchange (PVT) Ltd.,Vision Securities Pvt. Ltd,231,648.5,149803.5,2025-07-21 14:36:20.860591
2025-07-21,23268,2025072104031365,MEN,Sumeru Securities Pvt. Ltd.,Cristal Kanchanjanga Securites Pvt. Ltd.,300,649.0,194700.0,2025-07-21 14:37:24.882040
2025-07-21,23152,2025072104031394,MEN,Imperial Securities Company Pvt. Ltd.,Neev Securities Pvt. Ltd.,2,640.0,1280.0,2025-07-21 14:37:32.482401
2025-07-21,23069,2025072104031407,MEN,Naasa Securities Co. Ltd.,Oxford Securities Pvt. Ltd.,30,648.7,19461.0,2025-07-21 14:37:44.267545
2025-07-21,22652,2025072104031499,MEN,Naasa Securities Co. Ltd.,Sundhara Securities Limited,521,648.7,337972.7,2025-07-21 14:38:24.677264
2025-07-21,21955,2025072104031667,MEN,Market Securities & Exchange (PVT) Ltd.,Online Securities Pvt. Ltd.,19,648.5,12321.5,2025-07-21 14:39:37.333698
2025-07-21,21954,2025072104031668,MEN,Oxford Securities Pvt. Ltd.,Online Securities Pvt. Ltd.,31,648.5,20103.5,2025-07-21 14:39:37.334257
2025-07-21,21903,2025072104031688,MEN,Oxford Securities Pvt. Ltd.,Linch Stock Market Ltd.,100,648.5,64850.0,2025-07-21 14:39:47.220787
2025-07-21,21817,2025072104031711,MEN,Oxford Securities Pvt. Ltd.,Himalayan Brokerage Company Limited,500,648.5,324250.0,2025-07-21 14:39:55.954643
2025-07-21,21736,2025072104031734,MEN,Oxford Securities Pvt. Ltd.,Sri Hari Securities Pvt. Ltd.,100,648.5,64850.0,2025-07-21 14:40:05.260358
2025-07-21,21430,2025072104031840,MEN,Sharepro Securities Private Limited,ABC Securities Private Limited,100,648.6,64860.0,2025-07-21 14:40:37.301144
2025-07-21,21217,2025072104031916,MEN,Sharepro Securities Private Limited,Sweta Securities Private Limited,900,648.6,583740.0,2025-07-21 14:40:58.295677
2025-07-21,21216,2025072104031917,MEN,Oxford Securities Pvt. Ltd.,Sweta Securities Private Limited,100,648.5,64850.0,2025-07-21 14:40:58.296242
2025-07-21,21167,2025072104031935,MEN,Sewa Securities Pvt. Ltd.,Cristal Kanchanjanga Securites Pvt. Ltd.,45,649.0,29205.0,2025-07-21 14:41:04.042749
2025-07-21,21166,2025072104031936,MEN,Sewa Securities Pvt. Ltd.,Aryatara Investment & Securities,55,649.0,35695.0,2025-07-21 14:41:04.043042
2025-07-21,21036,2025072104031958,MEN,Oxford Securities Pvt. Ltd.,Trademow Securities Private Limited,228,648.5,147858.0,2025-07-21 14:41:18.292134
2025-07-21,20194,2025072104032155,MEN,Imperial Securities Company Pvt. Ltd.,Naasa Securities Co. Ltd.,1000,648.6,648600.0,2025-07-21 14:42:30.845870
2025-07-21,20146,2025072104032165,MEN,Oxford Securities Pvt. Ltd.,Agrawal Securities (PVT) Ltd.,50,648.5,32425.0,2025-07-21 14:42:35.934641
2025-07-21,19912,2025072104032226,MEN,Sharepro Securities Private Limited,Aryatara Investment & Securities,14,649.0,9086.0,2025-07-21 14:43:00.938752
2025-07-21,19740,2025072104032256,MEN,Imperial Securities Company Pvt. Ltd.,ABC Securities Private Limited,300,650.0,195000.0,2025-07-21 14:43:18.366814
2025-07-21,19739,2025072104032257,MEN,Imperial Securities Company Pvt. Ltd.,Swarna Laxmi Securities Pvt. Ltd.,100,650.0,65000.0,2025-07-21 14:43:18.367149
2025-07-21,19738,2025072104032258,MEN,Imperial Securities Company Pvt. Ltd.,Dipshikha Dhitopatra Karobar Co. Pvt Ltd.,100,650.0,65000.0,2025-07-21 14:43:18.367269
2025-07-21,19664,2025072104032276,MEN,Deevyaa Securities & Stock House Pvt. Ltd,Deevyaa Securities & Stock House Pvt. Ltd,50,650.0,32500.0,2025-07-21 14:43:23.599783
2025-07-21,19663,2025072104032277,MEN,Deevyaa Securities & Stock House Pvt. Ltd,Dipshikha Dhitopatra Karobar Co. Pvt Ltd.,37,650.0,24050.0,2025-07-21 14:43:23.600163
2025-07-21,19156,2025072104032413,MEN,Trishakti Securities Public Limited,SHUBHAKAMANA SECURITIES PVT. LTD,100,650.0,65000.0,2025-07-21 14:44:04.227356
2025-07-21,19111,2025072104032420,MEN,Trishakti Securities Public Limited,Opal Securities Investment (PVT) Ltd.,500,650.0,325000.0,2025-07-21 14:44:07.494647
2025-07-21,18936,2025072104032467,MEN,Trishakti Securities Public Limited,ABC Securities Private Limited,396,650.0,257400.0,2025-07-21 14:44:19.278619
2025-07-21,18900,2025072104032496,MEN,Dipshikha Dhitopatra Karobar Co. Pvt Ltd.,Shree Krishna Securities Ltd.,100,650.5,65050.0,2025-07-21 14:44:21.026828
2025-07-21,18072,2025072104032763,MEN,Sharepro Securities Private Limited,Dipshikha Dhitopatra Karobar Co. Pvt Ltd.,200,649.0,129800.0,2025-07-21 14:45:02.965572
2025-07-21,17985,2025072104032779,MEN,Primo Securities (PVT) Ltd.,Sundhara Securities Limited,30,650.0,19500.0,2025-07-21 14:45:10.987838
2025-07-21,17984,2025072104032780,MEN,Primo Securities (PVT) Ltd.,Premier Securities Company Ltd.,970,650.5,630985.0,2025-07-21 14:45:10.988249
2025-07-21,17503,2025072104032896,MEN,Imperial Securities Company Pvt. Ltd.,Pragyan Securities (PVT) Ltd.,13,650.0,8450.0,2025-07-21 14:45:51.954674
2025-07-21,16437,2025072104033170,MEN,Kohinoor Investment & Securities Pvt. Ltd.,Premier Securities Company Ltd.,2430,650.5,1580715.0,2025-07-21 14:47:19.057505
2025-07-21,15554,2025072104033381,MEN,Imperial Securities Company Pvt. Ltd.,KALASH STOCK MARKET PVT. LTD.,264,650.5,171732.0,2025-07-21 14:48:20.542112
2025-07-21,15553,2025072104033382,MEN,Premier Securities Company Ltd.,KALASH STOCK MARKET PVT. LTD.,500,650.1,325050.0,2025-07-21 14:48:20.542423
2025-07-21,15552,2025072104033383,MEN,Shree Krishna Securities Ltd.,KALASH STOCK MARKET PVT. LTD.,200,650.0,130000.0,2025-07-21 14:48:20.542538
2025-07-21,15551,2025072104033384,MEN,Nepal Stock House (PVT) Ltd.,KALASH STOCK MARKET PVT. LTD.,300,650.0,195000.0,2025-07-21 14:48:20.542649
2025-07-21,15550,2025072104033385,MEN,Market Securities & Exchange (PVT) Ltd.,KALASH STOCK MARKET PVT. LTD.,200,649.1,129820.0,2025-07-21 14:48:20.542764
2025-07-21,15549,2025072104033386,MEN,Sharepro Securities Private Limited,KALASH STOCK MARKET PVT. LTD.,286,649.0,185614.0,2025-07-21 14:48:20.542875
2025-07-21,15548,2025072104033387,MEN,Imperial Securities Company Pvt. Ltd.,KALASH STOCK MARKET PVT. LTD.,500,649.0,324500.0,2025-07-21 14:48:20.542982
2025-07-21,15547,2025072104033388,MEN,Aryatara Investment & Securities,KALASH STOCK MARKET PVT. LTD.,500,649.0,324500.0,2025-07-21 14:48:20.543100
2025-07-21,15546,2025072104033389,MEN,Dipshikha Dhitopatra Karobar Co. Pvt Ltd.,KALASH STOCK MARKET PVT. LTD.,500,649.0,324500.0,2025-07-21 14:48:20.543209
2025-07-21,15390,2025072104033424,MEN,Trishakti Securities Public Limited,KALASH STOCK MARKET PVT. LTD.,500,649.0,324500.0,2025-07-21 14:48:30.680421
2025-07-21,15012,2025072104033564,MEN,Trishakti Securities Public Limited,KALASH STOCK MARKET PVT. LTD.,1250,649.0,811250.0,2025-07-21 14:49:00.000218
