Date,S.N.,contract_id,symbol,buyer_broker,seller_broker,volume,price,amount,transaction_time
2025-07-21,137270,2025072103000306,MFIL,Sri Hari Securities Pvt. Ltd.,Kumari Securities Private Limited,20,635.1,12702.0,2025-07-21 11:03:17.181765
2025-07-21,137269,2025072103000307,MFIL,Naasa Securities Co. Ltd.,Kumari Securities Private Limited,100,635.1,63510.0,2025-07-21 11:03:17.181816
2025-07-21,137268,2025072103000308,MFIL,Oxford Securities Pvt. Ltd.,Kumari Securities Private Limited,480,635.1,304848.0,2025-07-21 11:03:17.181844
2025-07-21,136056,2025072103000602,MFIL,Oxford Securities Pvt. Ltd.,Shree Krishna Securities Ltd.,220,635.1,139722.0,2025-07-21 11:05:25.367463
2025-07-21,136055,2025072103000603,MFIL,Sri Hari Securities Pvt. Ltd.,Shree Krishna Securities Ltd.,10,635.1,6351.0,2025-07-21 11:05:25.367588
2025-07-21,136054,2025072103000604,MFIL,Naasa Securities Co. Ltd.,Shree Krishna Securities Ltd.,15,635.1,9526.5,2025-07-21 11:05:25.367661
2025-07-21,136053,2025072103000605,MFIL,J.F. Securites (PVT) Ltd.,Shree Krishna Securities Ltd.,140,635.0,88900.0,2025-07-21 11:05:25.367737
2025-07-21,136052,2025072103000606,MFIL,Trisul Securities & Invt. Ltd.,Shree Krishna Securities Ltd.,40,635.0,25400.0,2025-07-21 11:05:25.367810
2025-07-21,136051,2025072103000607,MFIL,ABC Securities Private Limited,Shree Krishna Securities Ltd.,25,631.0,15775.0,2025-07-21 11:05:25.367895
2025-07-21,136050,2025072103000608,MFIL,Opal Securities Investment (PVT) Ltd.,Shree Krishna Securities Ltd.,100,630.9,63090.0,2025-07-21 11:05:25.367990
2025-07-21,136049,2025072103000609,MFIL,Sundhara Securities Limited,Shree Krishna Securities Ltd.,200,630.9,126180.0,2025-07-21 11:05:25.368094
2025-07-21,136048,2025072103000610,MFIL,Vision Securities Pvt. Ltd,Shree Krishna Securities Ltd.,50,630.9,31545.0,2025-07-21 11:05:25.368162
2025-07-21,136047,2025072103000611,MFIL,Nepal Investment And Securities Trading Private Limited,Shree Krishna Securities Ltd.,50,630.9,31545.0,2025-07-21 11:05:25.368246
2025-07-21,135933,2025072103000636,MFIL,Cristal Kanchanjanga Securites Pvt. Ltd.,Shree Krishna Securities Ltd.,150,630.9,94635.0,2025-07-21 11:05:36.176618
2025-07-21,134440,2025072103000969,MFIL,Nepal Stock House (PVT) Ltd.,Deevyaa Securities & Stock House Pvt. Ltd,250,632.0,158000.0,2025-07-21 11:07:45.186358
2025-07-21,134400,2025072103000980,MFIL,Naasa Securities Co. Ltd.,Deevyaa Securities & Stock House Pvt. Ltd,50,632.0,31600.0,2025-07-21 11:07:49.428578
2025-07-21,134353,2025072103000991,MFIL,Naasa Securities Co. Ltd.,Shree Krishna Securities Ltd.,50,632.2,31610.0,2025-07-21 11:07:54.627078
2025-07-21,134352,2025072103000992,MFIL,Sri Hari Securities Pvt. Ltd.,Shree Krishna Securities Ltd.,10,631.2,6312.0,2025-07-21 11:07:54.627137
2025-07-21,134351,2025072103000993,MFIL,Nepal Stock House (PVT) Ltd.,Shree Krishna Securities Ltd.,200,631.1,126220.0,2025-07-21 11:07:54.627169
2025-07-21,134350,2025072103000994,MFIL,Linch Stock Market Ltd.,Shree Krishna Securities Ltd.,200,631.0,126200.0,2025-07-21 11:07:54.627198
2025-07-21,134349,2025072103000995,MFIL,Secured Securities Ltd.,Shree Krishna Securities Ltd.,150,630.9,94635.0,2025-07-21 11:07:54.627226
2025-07-21,134348,2025072103000996,MFIL,Oxford Securities Pvt. Ltd.,Shree Krishna Securities Ltd.,390,630.0,245700.0,2025-07-21 11:07:54.627253
2025-07-21,134261,2025072103001027,MFIL,Oxford Securities Pvt. Ltd.,Shree Krishna Securities Ltd.,610,630.0,384300.0,2025-07-21 11:08:02.665920
2025-07-21,134260,2025072103001028,MFIL,Trisul Securities & Invt. Ltd.,Shree Krishna Securities Ltd.,300,630.0,189000.0,2025-07-21 11:08:02.666117
2025-07-21,133832,2025072103001121,MFIL,Online Securities Pvt. Ltd.,Shree Krishna Securities Ltd.,90,630.0,56700.0,2025-07-21 11:08:40.507500
2025-07-21,133818,2025072103001126,MFIL,Online Securities Pvt. Ltd.,Imperial Securities Company Pvt. Ltd.,10,630.0,6300.0,2025-07-21 11:08:40.953535
2025-07-21,133106,2025072103001254,MFIL,Nepal Investment And Securities Trading Private Limited,Imperial Securities Company Pvt. Ltd.,170,630.0,107100.0,2025-07-21 11:09:44.572325
2025-07-21,131676,2025072103001600,MFIL,Siprabi Securities Pvt. Ltd.,Shree Krishna Securities Ltd.,80,631.0,50480.0,2025-07-21 11:11:42.133094
2025-07-21,131675,2025072103001601,MFIL,Sweta Securities Private Limited,Shree Krishna Securities Ltd.,50,630.1,31505.0,2025-07-21 11:11:42.133173
2025-07-21,131674,2025072103001602,MFIL,Sweta Securities Private Limited,Shree Krishna Securities Ltd.,200,630.0,126000.0,2025-07-21 11:11:42.133211
2025-07-21,131673,2025072103001603,MFIL,Naasa Securities Co. Ltd.,Shree Krishna Securities Ltd.,10,630.0,6300.0,2025-07-21 11:11:42.133245
2025-07-21,131672,2025072103001604,MFIL,Sumeru Securities Pvt. Ltd.,Shree Krishna Securities Ltd.,90,630.0,56700.0,2025-07-21 11:11:42.133277
2025-07-21,131671,2025072103001605,MFIL,Cristal Kanchanjanga Securites Pvt. Ltd.,Shree Krishna Securities Ltd.,500,628.2,314100.0,2025-07-21 11:11:42.133310
2025-07-21,131670,2025072103001606,MFIL,Sri Hari Securities Pvt. Ltd.,Shree Krishna Securities Ltd.,10,628.1,6281.0,2025-07-21 11:11:42.133346
2025-07-21,131669,2025072103001607,MFIL,Aryatara Investment & Securities,Shree Krishna Securities Ltd.,60,628.1,37686.0,2025-07-21 11:11:42.133380
2025-07-21,131550,2025072103001662,MFIL,Aryatara Investment & Securities,Shree Krishna Securities Ltd.,140,628.1,87934.0,2025-07-21 11:11:50.177438
2025-07-21,131549,2025072103001663,MFIL,Citizens Share Broker Limited,Shree Krishna Securities Ltd.,200,628.0,125600.0,2025-07-21 11:11:50.177582
2025-07-21,131548,2025072103001664,MFIL,Naasa Securities Co. Ltd.,Shree Krishna Securities Ltd.,100,628.0,62800.0,2025-07-21 11:11:50.177683
2025-07-21,131326,2025072103001732,MFIL,Sani Securities Company Ltd.,Shree Krishna Securities Ltd.,27,627.0,16929.0,2025-07-21 11:12:04.322190
2025-07-21,131325,2025072103001733,MFIL,Trisul Securities & Invt. Ltd.,Shree Krishna Securities Ltd.,50,625.0,31250.0,2025-07-21 11:12:04.322261
2025-07-21,131324,2025072103001734,MFIL,Pragyan Securities (PVT) Ltd.,Shree Krishna Securities Ltd.,40,625.0,25000.0,2025-07-21 11:12:04.322297
2025-07-21,131323,2025072103001735,MFIL,Dipshikha Dhitopatra Karobar Co. Pvt Ltd.,Shree Krishna Securities Ltd.,200,623.6,124720.0,2025-07-21 11:12:04.322329
2025-07-21,131322,2025072103001736,MFIL,ABC Securities Private Limited,Shree Krishna Securities Ltd.,75,623.5,46762.5,2025-07-21 11:12:04.322365
2025-07-21,131321,2025072103001737,MFIL,Asian Securities Private Ltd.,Shree Krishna Securities Ltd.,168,623.2,104697.6,2025-07-21 11:12:04.322398
2025-07-21,130810,2025072103001885,MFIL,Creative Securities Pvt Ltd,Shree Krishna Securities Ltd.,10,627.0,6270.0,2025-07-21 11:12:36.604211
2025-07-21,130809,2025072103001886,MFIL,Sumeru Securities Pvt. Ltd.,Shree Krishna Securities Ltd.,990,624.0,617760.0,2025-07-21 11:12:36.604283
2025-07-21,129859,2025072103002165,MFIL,Secured Securities Ltd.,Vision Securities Pvt. Ltd,40,636.0,25440.0,2025-07-21 11:13:38.387823
2025-07-21,129174,2025072103002351,MFIL,Linch Stock Market Ltd.,Agrawal Securities (PVT) Ltd.,49,636.0,31164.0,2025-07-21 11:14:20.850384
2025-07-21,128789,2025072103002449,MFIL,Vision Securities Pvt. Ltd,Hatemalo Financial Services Private Limited,300,638.0,191400.0,2025-07-21 11:14:44.334228
2025-07-21,128788,2025072103002450,MFIL,Vision Securities Pvt. Ltd,Sani Securities Company Ltd.,70,640.0,44800.0,2025-07-21 11:14:44.334315
2025-07-21,128787,2025072103002451,MFIL,Vision Securities Pvt. Ltd,Midas Stock Broking Company Private Limited,20,640.0,12800.0,2025-07-21 11:14:44.334372
2025-07-21,126302,2025072103002995,MFIL,Vision Securities Pvt. Ltd,Creative Securities Pvt Ltd,100,642.4,64240.0,2025-07-21 11:18:08.273320
2025-07-21,126178,2025072103003027,MFIL,K.B.L. Securities Limited ,Creative Securities Pvt Ltd,120,642.4,77088.0,2025-07-21 11:18:14.482823
2025-07-21,125451,2025072103003205,MFIL,Online Securities Pvt. Ltd.,SUN SECURITIES PVT LTD,82,646.0,52972.0,2025-07-21 11:19:20.959872
2025-07-21,125093,2025072103003264,MFIL,Sundhara Securities Limited,Asian Securities Private Ltd.,78,647.8,50528.4,2025-07-21 11:19:47.410838
2025-07-21,124615,2025072103003416,MFIL,Naasa Securities Co. Ltd.,Asian Securities Private Ltd.,222,647.8,143811.6,2025-07-21 11:20:27.612307
2025-07-21,124614,2025072103003417,MFIL,Naasa Securities Co. Ltd.,Secured Securities Ltd.,100,647.8,64780.0,2025-07-21 11:20:27.612545
2025-07-21,124443,2025072103003491,MFIL,Vision Securities Pvt. Ltd,Sani Securities Company Ltd.,80,648.9,51912.0,2025-07-21 11:20:43.062492
2025-07-21,124399,2025072103003494,MFIL,Vision Securities Pvt. Ltd,Sani Securities Company Ltd.,200,649.0,129800.0,2025-07-21 11:20:45.831317
2025-07-21,123931,2025072103003601,MFIL,Vision Securities Pvt. Ltd,Secured Securities Ltd.,50,649.0,32450.0,2025-07-21 11:21:15.759770
2025-07-21,123783,2025072103003636,MFIL,Vision Securities Pvt. Ltd,Sumeru Securities Pvt. Ltd.,670,649.0,434830.0,2025-07-21 11:21:27.284059
2025-07-21,123727,2025072103003655,MFIL,Aryatara Investment & Securities,Sumeru Securities Pvt. Ltd.,100,649.0,64900.0,2025-07-21 11:21:32.397736
2025-07-21,123295,2025072103003750,MFIL,Online Securities Pvt. Ltd.,Dynamic Money Managers Securities Pvt. Ltd.,200,648.0,129600.0,2025-07-21 11:22:03.899504
2025-07-21,123294,2025072103003751,MFIL,Naasa Securities Co. Ltd.,Dynamic Money Managers Securities Pvt. Ltd.,78,647.8,50528.4,2025-07-21 11:22:03.899629
2025-07-21,123293,2025072103003752,MFIL,Nepal Stock House (PVT) Ltd.,Dynamic Money Managers Securities Pvt. Ltd.,113,647.8,73201.4,2025-07-21 11:22:03.899698
2025-07-21,123120,2025072103003808,MFIL,Nepal Stock House (PVT) Ltd.,Asian Securities Private Ltd.,87,647.8,56358.6,2025-07-21 11:22:17.833907
2025-07-21,123119,2025072103003809,MFIL,Oxford Securities Pvt. Ltd.,Asian Securities Private Ltd.,10,647.0,6470.0,2025-07-21 11:22:17.834021
2025-07-21,123085,2025072103003820,MFIL,Kumari Securities Private Limited,Imperial Securities Company Pvt. Ltd.,450,645.0,290250.0,2025-07-21 11:22:20.618095
2025-07-21,122417,2025072103004007,MFIL,Kumari Securities Private Limited,Naasa Securities Co. Ltd.,30,645.0,19350.0,2025-07-21 11:23:18.190798
2025-07-21,122229,2025072103004061,MFIL,Kumari Securities Private Limited,Sumeru Securities Pvt. Ltd.,50,645.0,32250.0,2025-07-21 11:23:37.617821
2025-07-21,122228,2025072103004062,MFIL,Ashutosh Brokerage & Securities (PVT) Ltd.,Sumeru Securities Pvt. Ltd.,50,645.0,32250.0,2025-07-21 11:23:37.618053
2025-07-21,122227,2025072103004063,MFIL,K.B.L. Securities Limited ,Sumeru Securities Pvt. Ltd.,100,642.4,64240.0,2025-07-21 11:23:37.618226
2025-07-21,122226,2025072103004064,MFIL,ABC Securities Private Limited,Sumeru Securities Pvt. Ltd.,520,642.0,333840.0,2025-07-21 11:23:37.618375
2025-07-21,121465,2025072103004235,MFIL,ABC Securities Private Limited,Vision Securities Pvt. Ltd,200,642.0,128400.0,2025-07-21 11:24:46.472182
2025-07-21,120857,2025072103004390,MFIL,ABC Securities Private Limited,Dakshinkali Investment & Securities Pvt. Ltd.,150,642.0,96300.0,2025-07-21 11:25:47.301386
2025-07-21,120010,2025072103004588,MFIL,ABC Securities Private Limited,Thrive Brokerage House Pvt. Ltd,440,642.0,282480.0,2025-07-21 11:27:35.850726
2025-07-21,119703,2025072103004648,MFIL,ABC Securities Private Limited,Neev Securities Pvt. Ltd.,43,642.0,27606.0,2025-07-21 11:28:16.069549
2025-07-21,119041,2025072103004813,MFIL,ABC Securities Private Limited,Imperial Securities Company Pvt. Ltd.,1147,642.0,736374.0,2025-07-21 11:29:45.738353
2025-07-21,119040,2025072103004814,MFIL,Vision Securities Pvt. Ltd,Imperial Securities Company Pvt. Ltd.,200,642.0,128400.0,2025-07-21 11:29:45.738486
2025-07-21,117835,2025072103005094,MFIL,Nabil Stock Dealer Ltd.,Imperial Securities Company Pvt. Ltd.,2000,642.0,1284000.0,2025-07-21 11:32:09.008272
2025-07-21,117615,2025072103005178,MFIL,Vision Securities Pvt. Ltd,Imperial Securities Company Pvt. Ltd.,1000,642.0,642000.0,2025-07-21 11:32:33.638272
2025-07-21,117448,2025072103005235,MFIL,Vision Securities Pvt. Ltd,Imperial Securities Company Pvt. Ltd.,3000,642.0,1926000.0,2025-07-21 11:32:51.814224
2025-07-21,117205,2025072103005343,MFIL,Secured Securities Ltd.,Imperial Securities Company Pvt. Ltd.,519,642.0,333198.0,2025-07-21 11:33:19.318176
2025-07-21,116324,2025072103005657,MFIL,Thrive Brokerage House Pvt. Ltd,J.F. Securites (PVT) Ltd.,195,643.0,125385.0,2025-07-21 11:34:52.544559
2025-07-21,115635,2025072103005944,MFIL,Thrive Brokerage House Pvt. Ltd,Dipshikha Dhitopatra Karobar Co. Pvt Ltd.,50,643.0,32150.0,2025-07-21 11:35:55.074829
2025-07-21,113322,2025072103006822,MFIL,Linch Stock Market Ltd.,Kumari Securities Private Limited,11,645.0,7095.0,2025-07-21 11:39:36.223209
2025-07-21,112984,2025072103006926,MFIL,SHUBHAKAMANA SECURITIES PVT. LTD,Dipshikha Dhitopatra Karobar Co. Pvt Ltd.,10,644.9,6449.0,2025-07-21 11:40:19.160637
2025-07-21,112983,2025072103006927,MFIL,SHUBHAKAMANA SECURITIES PVT. LTD,Kumari Securities Private Limited,20,645.0,12900.0,2025-07-21 11:40:19.160895
2025-07-21,112786,2025072103006981,MFIL,Online Securities Pvt. Ltd.,Kumari Securities Private Limited,69,645.0,44505.0,2025-07-21 11:40:47.563352
2025-07-21,112785,2025072103006982,MFIL,Online Securities Pvt. Ltd.,J.F. Securites (PVT) Ltd.,150,645.0,96750.0,2025-07-21 11:40:47.563497
2025-07-21,112784,2025072103006983,MFIL,Online Securities Pvt. Ltd.,Dipshikha Dhitopatra Karobar Co. Pvt Ltd.,81,645.0,52245.0,2025-07-21 11:40:47.563572
2025-07-21,112330,2025072103007232,MFIL,Linch Stock Market Ltd.,Dipshikha Dhitopatra Karobar Co. Pvt Ltd.,19,645.0,12255.0,2025-07-21 11:41:33.278070
2025-07-21,112329,2025072103007233,MFIL,Linch Stock Market Ltd.,Sani Securities Company Ltd.,31,646.0,20026.0,2025-07-21 11:41:33.278201
2025-07-21,110047,2025072103008103,MFIL,Aryatara Investment & Securities,Dipshikha Dhitopatra Karobar Co. Pvt Ltd.,10,649.0,6490.0,2025-07-21 11:45:13.311674
2025-07-21,110046,2025072103008104,MFIL,Aryatara Investment & Securities,Opal Securities Investment (PVT) Ltd.,40,649.0,25960.0,2025-07-21 11:45:13.311951
2025-07-21,109790,2025072103008223,MFIL,Capital Max Securities Ltd,Opal Securities Investment (PVT) Ltd.,44,649.0,28556.0,2025-07-21 11:45:39.351288
2025-07-21,109462,2025072103008339,MFIL,Kumari Securities Private Limited,South Asian Bulls Pvt. Ltd.,100,650.0,65000.0,2025-07-21 11:46:11.287861
2025-07-21,109461,2025072103008340,MFIL,Kumari Securities Private Limited,Sumeru Securities Pvt. Ltd.,10,650.0,6500.0,2025-07-21 11:46:11.288216
2025-07-21,108346,2025072103008637,MFIL,Kumari Securities Private Limited,Kumari Securities Private Limited,90,650.0,58500.0,2025-07-21 11:47:57.566520
2025-07-21,108345,2025072103008638,MFIL,Linch Stock Market Ltd.,Kumari Securities Private Limited,10,650.0,6500.0,2025-07-21 11:47:57.566652
2025-07-21,108066,2025072103008695,MFIL,Naasa Securities Co. Ltd.,Dipshikha Dhitopatra Karobar Co. Pvt Ltd.,10,650.9,6509.0,2025-07-21 11:48:15.067902
2025-07-21,108065,2025072103008696,MFIL,Naasa Securities Co. Ltd.,Naasa Securities Co. Ltd.,15,650.9,9763.5,2025-07-21 11:48:15.068039
2025-07-21,108064,2025072103008697,MFIL,Naasa Securities Co. Ltd.,Investment Management Nepal Pvt. Ltd.,175,651.0,113925.0,2025-07-21 11:48:15.068096
2025-07-21,107810,2025072103008781,MFIL,Linch Stock Market Ltd.,Investment Management Nepal Pvt. Ltd.,140,651.0,91140.0,2025-07-21 11:48:33.467801
2025-07-21,107504,2025072103008862,MFIL,Deevyaa Securities & Stock House Pvt. Ltd,J.F. Securites (PVT) Ltd.,40,650.0,26000.0,2025-07-21 11:49:00.075618
2025-07-21,107355,2025072103008903,MFIL,Nepal Investment And Securities Trading Private Limited,Investment Management Nepal Pvt. Ltd.,100,651.0,65100.0,2025-07-21 11:49:12.482723
2025-07-21,106961,2025072103009014,MFIL,Aryatara Investment & Securities,Investment Management Nepal Pvt. Ltd.,85,651.0,55335.0,2025-07-21 11:49:48.146609
2025-07-21,104667,2025072103009668,MFIL,Deevyaa Securities & Stock House Pvt. Ltd,Kohinoor Investment & Securities Pvt. Ltd.,10,654.0,6540.0,2025-07-21 11:53:10.114995
2025-07-21,104477,2025072103009713,MFIL,Kumari Securities Private Limited,Kohinoor Investment & Securities Pvt. Ltd.,50,654.0,32700.0,2025-07-21 11:53:30.258506
2025-07-21,102929,2025072103010131,MFIL,Naasa Securities Co. Ltd.,Sani Securities Company Ltd.,100,653.9,65390.0,2025-07-21 11:56:16.893582
2025-07-21,102768,2025072103010183,MFIL,Hatemalo Financial Services Private Limited,Kohinoor Investment & Securities Pvt. Ltd.,140,654.0,91560.0,2025-07-21 11:56:36.820580
2025-07-21,102767,2025072103010184,MFIL,Hatemalo Financial Services Private Limited,Naasa Securities Co. Ltd.,100,654.0,65400.0,2025-07-21 11:56:36.820750
2025-07-21,102766,2025072103010185,MFIL,Hatemalo Financial Services Private Limited,Market Securities & Exchange (PVT) Ltd.,260,654.0,170040.0,2025-07-21 11:56:36.820833
2025-07-21,102735,2025072103010195,MFIL,Naasa Securities Co. Ltd.,Sani Securities Company Ltd.,150,653.9,98085.0,2025-07-21 11:56:40.977331
2025-07-21,101678,2025072103010491,MFIL,Blue Chip Securities Ltd,Market Securities & Exchange (PVT) Ltd.,40,654.0,26160.0,2025-07-21 11:58:19.272608
2025-07-21,101677,2025072103010492,MFIL,Blue Chip Securities Ltd,Sumeru Securities Pvt. Ltd.,10,654.0,6540.0,2025-07-21 11:58:19.272706
2025-07-21,101676,2025072103010493,MFIL,Blue Chip Securities Ltd,Dipshikha Dhitopatra Karobar Co. Pvt Ltd.,10,654.8,6548.0,2025-07-21 11:58:19.272764
2025-07-21,101675,2025072103010494,MFIL,Blue Chip Securities Ltd,Dipshikha Dhitopatra Karobar Co. Pvt Ltd.,200,654.9,130980.0,2025-07-21 11:58:19.272828
2025-07-21,101674,2025072103010495,MFIL,Blue Chip Securities Ltd,Kohinoor Investment & Securities Pvt. Ltd.,50,655.0,32750.0,2025-07-21 11:58:19.272894
2025-07-21,101673,2025072103010496,MFIL,Blue Chip Securities Ltd,Kohinoor Investment & Securities Pvt. Ltd.,200,655.0,131000.0,2025-07-21 11:58:19.272960
2025-07-21,101672,2025072103010497,MFIL,Blue Chip Securities Ltd,Midas Stock Broking Company Private Limited,10,655.0,6550.0,2025-07-21 11:58:19.273021
2025-07-21,101671,2025072103010498,MFIL,Blue Chip Securities Ltd,Kumari Securities Private Limited,100,655.0,65500.0,2025-07-21 11:58:19.273110
2025-07-21,101670,2025072103010499,MFIL,Blue Chip Securities Ltd,Investment Management Nepal Pvt. Ltd.,200,656.0,131200.0,2025-07-21 11:58:19.273174
2025-07-21,101669,2025072103010500,MFIL,Blue Chip Securities Ltd,Siprabi Securities Pvt. Ltd.,19,656.0,12464.0,2025-07-21 11:58:19.273235
2025-07-21,101668,2025072103010501,MFIL,Blue Chip Securities Ltd,Bhrikuti Stock Broking Co. Pvt. Ltd.,161,656.0,105616.0,2025-07-21 11:58:19.273287
2025-07-21,101465,2025072103010577,MFIL,Oxford Securities Pvt. Ltd.,Sri Hari Securities Pvt. Ltd.,252,652.0,164304.0,2025-07-21 11:58:38.556474
2025-07-21,101455,2025072103010578,MFIL,Vision Securities Pvt. Ltd,Property Wiard Limited,100,652.0,65200.0,2025-07-21 11:58:39.551373
2025-07-21,99520,2025072103011079,MFIL,Ashutosh Brokerage & Securities (PVT) Ltd.,Imperial Securities Company Pvt. Ltd.,50,652.2,32610.0,2025-07-21 12:01:29.793270
2025-07-21,99243,2025072103011148,MFIL,Secured Securities Ltd.,Sri Hari Securities Pvt. Ltd.,50,652.1,32605.0,2025-07-21 12:01:55.258377
2025-07-21,99228,2025072103011151,MFIL,Secured Securities Ltd.,Dipshikha Dhitopatra Karobar Co. Pvt Ltd.,10,652.1,6521.0,2025-07-21 12:01:56.500440
2025-07-21,99155,2025072103011179,MFIL,Secured Securities Ltd.,Imperial Securities Company Pvt. Ltd.,140,652.1,91294.0,2025-07-21 12:02:02.697934
2025-07-21,99154,2025072103011180,MFIL,Aryatara Investment & Securities,Imperial Securities Company Pvt. Ltd.,15,652.1,9781.5,2025-07-21 12:02:02.698131
2025-07-21,99083,2025072103011204,MFIL,Vision Securities Pvt. Ltd,Investment Management Nepal Pvt. Ltd.,200,652.0,130400.0,2025-07-21 12:02:10.191963
2025-07-21,98984,2025072103011223,MFIL,Vision Securities Pvt. Ltd,Thrive Brokerage House Pvt. Ltd,500,652.0,326000.0,2025-07-21 12:02:15.615933
2025-07-21,98941,2025072103011237,MFIL,Vision Securities Pvt. Ltd,SHUBHAKAMANA SECURITIES PVT. LTD,27,652.0,17604.0,2025-07-21 12:02:18.432780
2025-07-21,98899,2025072103011253,MFIL,Vision Securities Pvt. Ltd,Sri Hari Securities Pvt. Ltd.,40,652.0,26080.0,2025-07-21 12:02:21.706518
2025-07-21,98686,2025072103011301,MFIL,Vision Securities Pvt. Ltd,Vision Securities Pvt. Ltd,20,652.0,13040.0,2025-07-21 12:02:42.594975
2025-07-21,98585,2025072103011326,MFIL,Vision Securities Pvt. Ltd,Aakashbhairab Securities Ltd.,113,652.0,73676.0,2025-07-21 12:02:47.649647
2025-07-21,98584,2025072103011327,MFIL,Dipshikha Dhitopatra Karobar Co. Pvt Ltd.,Aakashbhairab Securities Ltd.,500,650.0,325000.0,2025-07-21 12:02:47.649934
2025-07-21,98583,2025072103011328,MFIL,Dipshikha Dhitopatra Karobar Co. Pvt Ltd.,Aakashbhairab Securities Ltd.,387,650.0,251550.0,2025-07-21 12:02:47.650128
2025-07-21,98399,2025072103011398,MFIL,Dipshikha Dhitopatra Karobar Co. Pvt Ltd.,Primo Securities (PVT) Ltd.,100,650.0,65000.0,2025-07-21 12:03:09.831300
2025-07-21,98145,2025072103011469,MFIL,Dipshikha Dhitopatra Karobar Co. Pvt Ltd.,Dipshikha Dhitopatra Karobar Co. Pvt Ltd.,13,650.0,8450.0,2025-07-21 12:03:36.939417
2025-07-21,98144,2025072103011470,MFIL,Naasa Securities Co. Ltd.,Dipshikha Dhitopatra Karobar Co. Pvt Ltd.,87,650.0,56550.0,2025-07-21 12:03:36.939596
2025-07-21,96202,2025072103011950,MFIL,Naasa Securities Co. Ltd.,Investment Management Nepal Pvt. Ltd.,13,650.0,8450.0,2025-07-21 12:07:13.186785
2025-07-21,96201,2025072103011951,MFIL,Indira securities pvt. ltd,Investment Management Nepal Pvt. Ltd.,87,650.0,56550.0,2025-07-21 12:07:13.186930
2025-07-21,96167,2025072103011955,MFIL,Indira securities pvt. ltd,Nepal Stock House (PVT) Ltd.,13,650.0,8450.0,2025-07-21 12:07:17.011383
2025-07-21,95964,2025072103011996,MFIL,Capital Max Securities Ltd,Dipshikha Dhitopatra Karobar Co. Pvt Ltd.,50,649.0,32450.0,2025-07-21 12:07:42.577686
2025-07-21,95754,2025072103012041,MFIL,Deevyaa Securities & Stock House Pvt. Ltd,Online Securities Pvt. Ltd.,320,648.1,207392.0,2025-07-21 12:08:08.196795
2025-07-21,94809,2025072103012287,MFIL,Agrawal Securities (PVT) Ltd.,Property Wiard Limited,200,649.0,129800.0,2025-07-21 12:10:18.789288
2025-07-21,94754,2025072103012301,MFIL,Trademow Securities Private Limited,Nepal Stock House (PVT) Ltd.,92,650.0,59800.0,2025-07-21 12:10:26.809123
2025-07-21,94753,2025072103012302,MFIL,Trademow Securities Private Limited,Vision Securities Pvt. Ltd,250,650.0,162500.0,2025-07-21 12:10:26.809423
2025-07-21,93470,2025072103012705,MFIL,Premier Securities Company Ltd.,INDEX SECURITIES LIMITED,200,652.0,130400.0,2025-07-21 12:13:08.873529
2025-07-21,93469,2025072103012706,MFIL,Premier Securities Company Ltd.,Ashutosh Brokerage & Securities (PVT) Ltd.,50,653.9,32695.0,2025-07-21 12:13:08.873573
2025-07-21,93468,2025072103012707,MFIL,Premier Securities Company Ltd.,KALASH STOCK MARKET PVT. LTD.,100,653.9,65390.0,2025-07-21 12:13:08.873598
2025-07-21,93467,2025072103012708,MFIL,Premier Securities Company Ltd.,Dipshikha Dhitopatra Karobar Co. Pvt Ltd.,50,654.8,32740.0,2025-07-21 12:13:08.873622
2025-07-21,93165,2025072103012798,MFIL,Premier Securities Company Ltd.,Vision Securities Pvt. Ltd,328,651.9,213823.2,2025-07-21 12:13:49.184963
2025-07-21,92816,2025072103012931,MFIL,Agrawal Securities (PVT) Ltd.,Dipshikha Dhitopatra Karobar Co. Pvt Ltd.,50,654.8,32740.0,2025-07-21 12:14:38.928967
2025-07-21,92815,2025072103012932,MFIL,Agrawal Securities (PVT) Ltd.,Nepal Stock House (PVT) Ltd.,50,654.9,32745.0,2025-07-21 12:14:38.929126
2025-07-21,92814,2025072103012933,MFIL,Agrawal Securities (PVT) Ltd.,Nepal Stock House (PVT) Ltd.,155,655.0,101525.0,2025-07-21 12:14:38.929189
2025-07-21,92813,2025072103012934,MFIL,Agrawal Securities (PVT) Ltd.,Kohinoor Investment & Securities Pvt. Ltd.,45,655.0,29475.0,2025-07-21 12:14:38.929248
2025-07-21,92561,2025072103013017,MFIL,Agrawal Securities (PVT) Ltd.,Kohinoor Investment & Securities Pvt. Ltd.,155,655.0,101525.0,2025-07-21 12:15:15.289947
2025-07-21,91431,2025072103013368,MFIL,Hatemalo Financial Services Private Limited,Investment Management Nepal Pvt. Ltd.,500,655.0,327500.0,2025-07-21 12:17:29.479041
2025-07-21,90300,2025072103013722,MFIL,Oxford Securities Pvt. Ltd.,Neev Securities Pvt. Ltd.,10,652.0,6520.0,2025-07-21 12:20:19.839110
2025-07-21,89984,2025072103013808,MFIL,Agrawal Securities (PVT) Ltd.,Neev Securities Pvt. Ltd.,90,652.0,58680.0,2025-07-21 12:21:09.807110
2025-07-21,88726,2025072103014156,MFIL,Agrawal Securities (PVT) Ltd.,Sundhara Securities Limited,100,652.0,65200.0,2025-07-21 12:24:21.508281
2025-07-21,88406,2025072103014232,MFIL,Online Securities Pvt. Ltd.,Kalika Securities Pvt. Ltd.,300,654.0,196200.0,2025-07-21 12:25:12.069557
2025-07-21,88405,2025072103014233,MFIL,Online Securities Pvt. Ltd.,Sweta Securities Private Limited,210,655.0,137550.0,2025-07-21 12:25:12.069751
2025-07-21,88404,2025072103014234,MFIL,Online Securities Pvt. Ltd.,Premier Securities Company Ltd.,100,655.0,65500.0,2025-07-21 12:25:12.069820
2025-07-21,88403,2025072103014235,MFIL,Online Securities Pvt. Ltd.,ABC Securities Private Limited,390,655.0,255450.0,2025-07-21 12:25:12.069886
2025-07-21,87287,2025072103014507,MFIL,Premier Securities Company Ltd.,ABC Securities Private Limited,172,655.0,112660.0,2025-07-21 12:28:04.960622
2025-07-21,86330,2025072103014711,MFIL,Dynamic Money Managers Securities Pvt. Ltd.,Kumari Securities Private Limited,10,652.1,6521.0,2025-07-21 12:30:11.996358
2025-07-21,85062,2025072103015084,MFIL,Dynamic Money Managers Securities Pvt. Ltd.,Vision Securities Pvt. Ltd,20,652.1,13042.0,2025-07-21 12:32:43.180119
2025-07-21,83231,2025072103015490,MFIL,Dynamic Money Managers Securities Pvt. Ltd.,Asian Securities Private Ltd.,20,652.1,13042.0,2025-07-21 12:36:19.007868
2025-07-21,83230,2025072103015491,MFIL,Deevyaa Securities & Stock House Pvt. Ltd,Asian Securities Private Ltd.,400,652.1,260840.0,2025-07-21 12:36:19.008073
2025-07-21,83229,2025072103015492,MFIL,Naasa Securities Co. Ltd.,Asian Securities Private Ltd.,80,652.1,52168.0,2025-07-21 12:36:19.008162
2025-07-21,83142,2025072103015524,MFIL,Imperial Securities Company Pvt. Ltd.,Opal Securities Investment (PVT) Ltd.,8,640.0,5120.0,2025-07-21 12:36:29.533295
2025-07-21,83030,2025072103015548,MFIL,Imperial Securities Company Pvt. Ltd.,Imperial Securities Company Pvt. Ltd.,7,640.0,4480.0,2025-07-21 12:36:42.708071
2025-07-21,82933,2025072103015584,MFIL,Agrawal Securities (PVT) Ltd.,Kalika Securities Pvt. Ltd.,85,652.0,55420.0,2025-07-21 12:36:52.890751
2025-07-21,82336,2025072103015729,MFIL,Agrawal Securities (PVT) Ltd.,Kumari Securities Private Limited,15,652.0,9780.0,2025-07-21 12:37:57.579359
2025-07-21,81776,2025072103015891,MFIL,Shree Krishna Securities Ltd.,Garima Securities Limited,50,650.0,32500.0,2025-07-21 12:39:00.355339
2025-07-21,81692,2025072103015909,MFIL,Premier Securities Company Ltd.,Kumari Securities Private Limited,85,652.0,55420.0,2025-07-21 12:39:07.765088
2025-07-21,81691,2025072103015910,MFIL,Premier Securities Company Ltd.,Sani Securities Company Ltd.,14,652.0,9128.0,2025-07-21 12:39:07.765293
2025-07-21,81353,2025072103016034,MFIL,Premier Securities Company Ltd.,Dynamic Money Managers Securities Pvt. Ltd.,50,652.1,32605.0,2025-07-21 12:39:38.990439
2025-07-21,80692,2025072103016193,MFIL,Shree Krishna Securities Ltd.,Midas Stock Broking Company Private Limited,26,650.0,16900.0,2025-07-21 12:40:42.130879
2025-07-21,80691,2025072103016194,MFIL,Hatemalo Financial Services Private Limited,Midas Stock Broking Company Private Limited,274,648.2,177606.8,2025-07-21 12:40:42.131063
2025-07-21,80103,2025072103016331,MFIL,Hatemalo Financial Services Private Limited,Thrive Brokerage House Pvt. Ltd,26,648.2,16853.2,2025-07-21 12:41:32.980609
2025-07-21,80102,2025072103016332,MFIL,Kohinoor Investment & Securities Pvt. Ltd.,Thrive Brokerage House Pvt. Ltd,200,648.1,129620.0,2025-07-21 12:41:32.980779
2025-07-21,80101,2025072103016333,MFIL,Premier Securities Company Ltd.,Thrive Brokerage House Pvt. Ltd,172,648.1,111473.2,2025-07-21 12:41:32.980847
2025-07-21,80007,2025072103016362,MFIL,Vision Securities Pvt. Ltd,Aryatara Investment & Securities,200,648.0,129600.0,2025-07-21 12:41:43.000524
2025-07-21,79336,2025072103016581,MFIL,Imperial Securities Company Pvt. Ltd.,ABC Securities Private Limited,1,639.0,639.0,2025-07-21 12:42:44.112713
2025-07-21,79215,2025072103016619,MFIL,Vision Securities Pvt. Ltd,Naasa Securities Co. Ltd.,100,648.0,64800.0,2025-07-21 12:42:55.114683
2025-07-21,78107,2025072103016942,MFIL,Naasa Securities Co. Ltd.,Thrive Brokerage House Pvt. Ltd,20,648.1,12962.0,2025-07-21 12:44:54.886834
2025-07-21,77279,2025072103017121,MFIL,Vision Securities Pvt. Ltd,Deevyaa Securities & Stock House Pvt. Ltd,500,648.0,324000.0,2025-07-21 12:46:03.336760
2025-07-21,76866,2025072103017252,MFIL,Vision Securities Pvt. Ltd,Imperial Securities Company Pvt. Ltd.,400,648.0,259200.0,2025-07-21 12:46:40.179548
2025-07-21,76782,2025072103017268,MFIL,Vision Securities Pvt. Ltd,Naasa Securities Co. Ltd.,90,648.0,58320.0,2025-07-21 12:46:46.512363
2025-07-21,76468,2025072103017349,MFIL,Vision Securities Pvt. Ltd,K.B.L. Securities Limited ,500,648.0,324000.0,2025-07-21 12:47:19.606763
2025-07-21,76445,2025072103017358,MFIL,Vision Securities Pvt. Ltd,Naasa Securities Co. Ltd.,500,648.0,324000.0,2025-07-21 12:47:24.458726
2025-07-21,76377,2025072103017369,MFIL,Vision Securities Pvt. Ltd,ABC Securities Private Limited,100,648.0,64800.0,2025-07-21 12:47:34.019421
2025-07-21,76138,2025072103017441,MFIL,Vision Securities Pvt. Ltd,Secured Securities Ltd.,100,648.0,64800.0,2025-07-21 12:48:00.051614
2025-07-21,75841,2025072103017499,MFIL,Vision Securities Pvt. Ltd,Sani Securities Company Ltd.,510,648.0,330480.0,2025-07-21 12:48:29.828791
2025-07-21,75840,2025072103017500,MFIL,Oxford Securities Pvt. Ltd.,Sani Securities Company Ltd.,10,648.0,6480.0,2025-07-21 12:48:29.828969
2025-07-21,75839,2025072103017501,MFIL,Trisul Securities & Invt. Ltd.,Sani Securities Company Ltd.,80,648.0,51840.0,2025-07-21 12:48:29.829050
2025-07-21,75651,2025072103017528,MFIL,Trisul Securities & Invt. Ltd.,Trishakti Securities Public Limited,300,648.0,194400.0,2025-07-21 12:48:45.262145
2025-07-21,75622,2025072103017538,MFIL,Siprabi Securities Pvt. Ltd.,Thrive Brokerage House Pvt. Ltd,30,648.1,19443.0,2025-07-21 12:48:47.703970
2025-07-21,75170,2025072103017673,MFIL,Trisul Securities & Invt. Ltd.,Sweta Securities Private Limited,120,648.0,77760.0,2025-07-21 12:49:35.528344
2025-07-21,75169,2025072103017674,MFIL,Vision Securities Pvt. Ltd,Sweta Securities Private Limited,40,648.0,25920.0,2025-07-21 12:49:35.528535
2025-07-21,73262,2025072103018212,MFIL,Premier Securities Company Ltd.,Oxford Securities Pvt. Ltd.,50,647.0,32350.0,2025-07-21 12:52:38.846089
2025-07-21,73080,2025072103018251,MFIL,Premier Securities Company Ltd.,Sweta Securities Private Limited,129,648.0,83592.0,2025-07-21 12:53:05.092242
2025-07-21,72029,2025072103018540,MFIL,Sweta Securities Private Limited,Creative Securities Pvt Ltd,20,647.9,12958.0,2025-07-21 12:55:26.282413
2025-07-21,72006,2025072103018547,MFIL,J.F. Securites (PVT) Ltd.,Siprabi Securities Pvt. Ltd.,10,646.0,6460.0,2025-07-21 12:55:28.451699
2025-07-21,72005,2025072103018548,MFIL,Sani Securities Company Ltd.,Siprabi Securities Pvt. Ltd.,100,646.0,64600.0,2025-07-21 12:55:28.452071
2025-07-21,72004,2025072103018549,MFIL,Dipshikha Dhitopatra Karobar Co. Pvt Ltd.,Siprabi Securities Pvt. Ltd.,100,646.0,64600.0,2025-07-21 12:55:28.452362
2025-07-21,71629,2025072103018673,MFIL,Naasa Securities Co. Ltd.,Sundhara Securities Limited,20,645.2,12904.0,2025-07-21 12:56:11.757572
2025-07-21,71628,2025072103018674,MFIL,Trisul Securities & Invt. Ltd.,Sundhara Securities Limited,56,645.2,36131.2,2025-07-21 12:56:11.757924
2025-07-21,69444,2025072103019349,MFIL,Primo Securities (PVT) Ltd.,Vision Securities Pvt. Ltd,50,646.0,32300.0,2025-07-21 13:01:42.767804
2025-07-21,69443,2025072103019350,MFIL,Cristal Kanchanjanga Securites Pvt. Ltd.,Vision Securities Pvt. Ltd,50,646.0,32300.0,2025-07-21 13:01:42.768156
2025-07-21,68885,2025072103019509,MFIL,Imperial Securities Company Pvt. Ltd.,Naasa Securities Co. Ltd.,310,647.0,200570.0,2025-07-21 13:03:16.052451
2025-07-21,68001,2025072103019783,MFIL,Naasa Securities Co. Ltd.,Naasa Securities Co. Ltd.,190,647.0,122930.0,2025-07-21 13:05:55.824397
2025-07-21,67486,2025072103019927,MFIL,Aryatara Investment & Securities,Agrawal Securities (PVT) Ltd.,300,647.8,194340.0,2025-07-21 13:07:21.137900
2025-07-21,67140,2025072103020038,MFIL,Midas Stock Broking Company Private Limited,Creative Securities Pvt Ltd,97,647.9,62846.3,2025-07-21 13:08:12.491259
2025-07-21,67139,2025072103020039,MFIL,Midas Stock Broking Company Private Limited,Dynamic Money Managers Securities Pvt. Ltd.,100,647.9,64790.0,2025-07-21 13:08:12.491586
2025-07-21,67138,2025072103020040,MFIL,Midas Stock Broking Company Private Limited,Sweta Securities Private Limited,211,648.0,136728.0,2025-07-21 13:08:12.491813
2025-07-21,67137,2025072103020041,MFIL,Midas Stock Broking Company Private Limited,Naasa Securities Co. Ltd.,92,648.0,59616.0,2025-07-21 13:08:12.492109
2025-07-21,65980,2025072103020418,MFIL,Aryatara Investment & Securities,Naasa Securities Co. Ltd.,10,648.0,6480.0,2025-07-21 13:11:05.538224
2025-07-21,65399,2025072103020553,MFIL,Nepal Stock House (PVT) Ltd.,Naasa Securities Co. Ltd.,75,648.0,48600.0,2025-07-21 13:12:40.183581
2025-07-21,64916,2025072103020690,MFIL,Naasa Securities Co. Ltd.,Naasa Securities Co. Ltd.,70,647.0,45290.0,2025-07-21 13:13:57.752909
2025-07-21,64166,2025072103020882,MFIL,Naasa Securities Co. Ltd.,Linch Stock Market Ltd.,140,647.9,90706.0,2025-07-21 13:16:10.409843
2025-07-21,63660,2025072103021011,MFIL,Sani Securities Company Ltd.,Dipshikha Dhitopatra Karobar Co. Pvt Ltd.,100,647.0,64700.0,2025-07-21 13:17:29.013148
2025-07-21,60088,2025072103021912,MFIL,J.F. Securites (PVT) Ltd.,Dipshikha Dhitopatra Karobar Co. Pvt Ltd.,15,647.0,9705.0,2025-07-21 13:26:36.718660
2025-07-21,58580,2025072103022233,MFIL,Cristal Kanchanjanga Securites Pvt. Ltd.,Sewa Securities Pvt. Ltd.,40,645.3,25812.0,2025-07-21 13:30:35.323412
2025-07-21,55741,2025072103023032,MFIL,Cristal Kanchanjanga Securites Pvt. Ltd.,Neev Securities Pvt. Ltd.,10,645.3,6453.0,2025-07-21 13:37:43.595902
2025-07-21,55740,2025072103023033,MFIL,Trisul Securities & Invt. Ltd.,Neev Securities Pvt. Ltd.,44,645.2,28388.8,2025-07-21 13:37:43.596317
2025-07-21,55739,2025072103023034,MFIL,Cristal Kanchanjanga Securites Pvt. Ltd.,Neev Securities Pvt. Ltd.,21,645.2,13549.2,2025-07-21 13:37:43.596554
2025-07-21,55119,2025072103023178,MFIL,Trisul Securities & Invt. Ltd.,Dipshikha Dhitopatra Karobar Co. Pvt Ltd.,50,647.0,32350.0,2025-07-21 13:39:12.981299
2025-07-21,54448,2025072103023322,MFIL,Capital Max Securities Ltd,J.F. Securites (PVT) Ltd.,30,646.0,19380.0,2025-07-21 13:40:46.587679
2025-07-21,53991,2025072103023426,MFIL,Online Securities Pvt. Ltd.,Dipshikha Dhitopatra Karobar Co. Pvt Ltd.,200,647.0,129400.0,2025-07-21 13:41:49.562305
2025-07-21,53080,2025072103023689,MFIL,Cristal Kanchanjanga Securites Pvt. Ltd.,Vision Securities Pvt. Ltd,200,647.0,129400.0,2025-07-21 13:43:45.882212
2025-07-21,52616,2025072103023825,MFIL,Capital Max Securities Ltd,Naasa Securities Co. Ltd.,405,648.0,262440.0,2025-07-21 13:44:34.477147
2025-07-21,52615,2025072103023826,MFIL,Capital Max Securities Ltd,Naasa Securities Co. Ltd.,65,648.0,42120.0,2025-07-21 13:44:34.477533
2025-07-21,51854,2025072103024089,MFIL,Dakshinkali Investment & Securities Pvt. Ltd.,Naasa Securities Co. Ltd.,135,648.0,87480.0,2025-07-21 13:46:03.974507
2025-07-21,51853,2025072103024090,MFIL,Dakshinkali Investment & Securities Pvt. Ltd.,Sewa Securities Pvt. Ltd.,30,648.0,19440.0,2025-07-21 13:46:03.974751
2025-07-21,51852,2025072103024091,MFIL,Dakshinkali Investment & Securities Pvt. Ltd.,Imperial Securities Company Pvt. Ltd.,100,648.0,64800.0,2025-07-21 13:46:03.974869
2025-07-21,51851,2025072103024092,MFIL,Dakshinkali Investment & Securities Pvt. Ltd.,Thrive Brokerage House Pvt. Ltd,52,648.1,33701.2,2025-07-21 13:46:03.974987
2025-07-21,51850,2025072103024093,MFIL,Dakshinkali Investment & Securities Pvt. Ltd.,Sri Hari Securities Pvt. Ltd.,50,649.0,32450.0,2025-07-21 13:46:03.975114
2025-07-21,51849,2025072103024094,MFIL,Dakshinkali Investment & Securities Pvt. Ltd.,Sumeru Securities Pvt. Ltd.,100,650.0,65000.0,2025-07-21 13:46:03.975227
2025-07-21,51848,2025072103024095,MFIL,Dakshinkali Investment & Securities Pvt. Ltd.,Sani Securities Company Ltd.,80,650.0,52000.0,2025-07-21 13:46:03.975339
2025-07-21,51847,2025072103024096,MFIL,Dakshinkali Investment & Securities Pvt. Ltd.,Naasa Securities Co. Ltd.,50,650.0,32500.0,2025-07-21 13:46:03.975447
2025-07-21,51846,2025072103024097,MFIL,Dakshinkali Investment & Securities Pvt. Ltd.,Aryatara Investment & Securities,500,650.0,325000.0,2025-07-21 13:46:03.975556
2025-07-21,51845,2025072103024098,MFIL,Dakshinkali Investment & Securities Pvt. Ltd.,Sumeru Securities Pvt. Ltd.,400,650.0,260000.0,2025-07-21 13:46:03.975659
2025-07-21,46376,2025072103026215,MFIL,Arun Securities (PVT) Ltd.,Indira securities pvt. ltd,100,651.5,65150.0,2025-07-21 13:55:44.530900
2025-07-21,45486,2025072103026531,MFIL,ABC Securities Private Limited,Aryatara Investment & Securities,61,652.0,39772.0,2025-07-21 13:57:35.638405
2025-07-21,45381,2025072103026578,MFIL,Dakshinkali Investment & Securities Pvt. Ltd.,Online Securities Pvt. Ltd.,200,653.0,130600.0,2025-07-21 13:57:45.349267
2025-07-21,45380,2025072103026579,MFIL,Dakshinkali Investment & Securities Pvt. Ltd.,Sani Securities Company Ltd.,200,653.0,130600.0,2025-07-21 13:57:45.349666
2025-07-21,45379,2025072103026580,MFIL,Dakshinkali Investment & Securities Pvt. Ltd.,Kohinoor Investment & Securities Pvt. Ltd.,10,654.0,6540.0,2025-07-21 13:57:45.349912
2025-07-21,45378,2025072103026581,MFIL,Dakshinkali Investment & Securities Pvt. Ltd.,Dipshikha Dhitopatra Karobar Co. Pvt Ltd.,208,654.5,136136.0,2025-07-21 13:57:45.350166
2025-07-21,45377,2025072103026582,MFIL,Dakshinkali Investment & Securities Pvt. Ltd.,J.F. Securites (PVT) Ltd.,10,654.5,6545.0,2025-07-21 13:57:45.350388
2025-07-21,45376,2025072103026583,MFIL,Dakshinkali Investment & Securities Pvt. Ltd.,Dipshikha Dhitopatra Karobar Co. Pvt Ltd.,100,654.9,65490.0,2025-07-21 13:57:45.350624
2025-07-21,45375,2025072103026584,MFIL,Dakshinkali Investment & Securities Pvt. Ltd.,Premier Securities Company Ltd.,10,654.9,6549.0,2025-07-21 13:57:45.350842
2025-07-21,45374,2025072103026585,MFIL,Dakshinkali Investment & Securities Pvt. Ltd.,Siprabi Securities Pvt. Ltd.,16,655.0,10480.0,2025-07-21 13:57:45.351066
2025-07-21,45373,2025072103026586,MFIL,Dakshinkali Investment & Securities Pvt. Ltd.,Sweta Securities Private Limited,150,655.0,98250.0,2025-07-21 13:57:45.351302
2025-07-21,45372,2025072103026587,MFIL,Dakshinkali Investment & Securities Pvt. Ltd.,Nepal Investment And Securities Trading Private Limited,1000,655.0,655000.0,2025-07-21 13:57:45.351533
2025-07-21,45371,2025072103026588,MFIL,Dakshinkali Investment & Securities Pvt. Ltd.,Online Securities Pvt. Ltd.,50,655.0,32750.0,2025-07-21 13:57:45.351755
2025-07-21,45370,2025072103026589,MFIL,Dakshinkali Investment & Securities Pvt. Ltd.,Trisul Securities & Invt. Ltd.,10,655.0,6550.0,2025-07-21 13:57:45.351971
2025-07-21,44964,2025072103026736,MFIL,Dakshinkali Investment & Securities Pvt. Ltd.,Sani Securities Company Ltd.,36,655.0,23580.0,2025-07-21 13:58:21.358043
2025-07-21,44718,2025072103026792,MFIL,ABC Securities Private Limited,Sani Securities Company Ltd.,33,655.0,21615.0,2025-07-21 13:58:36.484188
2025-07-21,44717,2025072103026793,MFIL,ABC Securities Private Limited,Dipshikha Dhitopatra Karobar Co. Pvt Ltd.,10,655.5,6555.0,2025-07-21 13:58:36.484558
2025-07-21,44716,2025072103026794,MFIL,ABC Securities Private Limited,Bhrikuti Stock Broking Co. Pvt. Ltd.,39,656.0,25584.0,2025-07-21 13:58:36.484817
2025-07-21,44715,2025072103026795,MFIL,ABC Securities Private Limited,Imperial Securities Company Pvt. Ltd.,143,656.0,93808.0,2025-07-21 13:58:36.485107
2025-07-21,44200,2025072103027004,MFIL,Kohinoor Investment & Securities Pvt. Ltd.,Sani Securities Company Ltd.,100,655.0,65500.0,2025-07-21 13:59:35.762218
2025-07-21,41804,2025072103027882,MFIL,ABC Securities Private Limited,Sipla Securities Private Limited,39,652.0,25428.0,2025-07-21 14:03:18.636330
2025-07-21,41803,2025072103027883,MFIL,Kohinoor Investment & Securities Pvt. Ltd.,Sipla Securities Private Limited,100,652.0,65200.0,2025-07-21 14:03:18.636585
2025-07-21,40987,2025072103028191,MFIL,Premier Securities Company Ltd.,Sipla Securities Private Limited,100,652.0,65200.0,2025-07-21 14:04:43.618967
2025-07-21,40728,2025072103028271,MFIL,Arun Securities (PVT) Ltd.,ABC Securities Private Limited,100,651.5,65150.0,2025-07-21 14:05:12.421822
2025-07-21,40605,2025072103028316,MFIL,Aryatara Investment & Securities,Sipla Securities Private Limited,50,652.0,32600.0,2025-07-21 14:05:29.291651
2025-07-21,39567,2025072103028643,MFIL,Arun Securities (PVT) Ltd.,J.F. Securites (PVT) Ltd.,30,651.5,19545.0,2025-07-21 14:07:15.164992
2025-07-21,38691,2025072103028897,MFIL,Arun Securities (PVT) Ltd.,Agrawal Securities (PVT) Ltd.,125,651.5,81437.5,2025-07-21 14:08:55.340362
2025-07-21,37907,2025072103029154,MFIL,Arun Securities (PVT) Ltd.,Market Securities & Exchange (PVT) Ltd.,100,651.5,65150.0,2025-07-21 14:10:33.207333
2025-07-21,37853,2025072103029170,MFIL,Arun Securities (PVT) Ltd.,Sweta Securities Private Limited,45,651.5,29317.5,2025-07-21 14:10:43.488060
2025-07-21,37852,2025072103029171,MFIL,Vision Securities Pvt. Ltd,Sweta Securities Private Limited,300,651.5,195450.0,2025-07-21 14:10:43.488272
2025-07-21,37851,2025072103029172,MFIL,Kohinoor Investment & Securities Pvt. Ltd.,Sweta Securities Private Limited,100,651.5,65150.0,2025-07-21 14:10:43.488354
2025-07-21,37319,2025072103029338,MFIL,Shree Krishna Securities Ltd.,Sani Securities Company Ltd.,300,650.2,195060.0,2025-07-21 14:11:40.337976
2025-07-21,37029,2025072103029449,MFIL,Shree Krishna Securities Ltd.,Nepal Stock House (PVT) Ltd.,123,650.2,79974.6,2025-07-21 14:12:08.982695
2025-07-21,36782,2025072103029519,MFIL,Shree Krishna Securities Ltd.,ABC Securities Private Limited,50,650.2,32510.0,2025-07-21 14:12:40.193320
2025-07-21,36411,2025072103029631,MFIL,Shree Krishna Securities Ltd.,Trademow Securities Private Limited,27,650.2,17555.4,2025-07-21 14:13:19.364785
2025-07-21,36410,2025072103029632,MFIL,Trishakti Securities Public Limited,Trademow Securities Private Limited,200,650.1,130020.0,2025-07-21 14:13:19.365062
2025-07-21,36409,2025072103029633,MFIL,Vision Securities Pvt. Ltd,Trademow Securities Private Limited,23,650.1,14952.3,2025-07-21 14:13:19.365145
2025-07-21,35350,2025072103029926,MFIL,Vision Securities Pvt. Ltd,ABC Securities Private Limited,65,650.1,42256.5,2025-07-21 14:15:11.287213
2025-07-21,34371,2025072103030207,MFIL,Vision Securities Pvt. Ltd,Aryatara Investment & Securities,1000,650.1,650100.0,2025-07-21 14:17:04.481330
2025-07-21,34165,2025072103030283,MFIL,Vision Securities Pvt. Ltd,Dakshinkali Investment & Securities Pvt. Ltd.,100,650.1,65010.0,2025-07-21 14:17:27.010458
2025-07-21,33880,2025072103030367,MFIL,Vision Securities Pvt. Ltd,Imperial Securities Company Pvt. Ltd.,2000,650.1,1300200.0,2025-07-21 14:17:55.336218
2025-07-21,33879,2025072103030368,MFIL,Vision Securities Pvt. Ltd,ABC Securities Private Limited,100,650.1,65010.0,2025-07-21 14:17:55.389094
2025-07-21,33815,2025072103030389,MFIL,Vision Securities Pvt. Ltd,Agrawal Securities (PVT) Ltd.,100,650.1,65010.0,2025-07-21 14:18:02.498673
2025-07-21,33761,2025072103030416,MFIL,Vision Securities Pvt. Ltd,Investment Management Nepal Pvt. Ltd.,1612,650.1,1047961.2,2025-07-21 14:18:11.892322
2025-07-21,33552,2025072103030496,MFIL,Dipshikha Dhitopatra Karobar Co. Pvt Ltd.,Aryatara Investment & Securities,365,650.0,237250.0,2025-07-21 14:18:35.885874
2025-07-21,33399,2025072103030545,MFIL,Naasa Securities Co. Ltd.,Midas Stock Broking Company Private Limited,20,649.0,12980.0,2025-07-21 14:18:54.331803
2025-07-21,32975,2025072103030664,MFIL,Naasa Securities Co. Ltd.,Kohinoor Investment & Securities Pvt. Ltd.,30,649.0,19470.0,2025-07-21 14:19:37.342679
2025-07-21,32974,2025072103030665,MFIL,Online Securities Pvt. Ltd.,Kohinoor Investment & Securities Pvt. Ltd.,70,648.0,45360.0,2025-07-21 14:19:37.342933
2025-07-21,32534,2025072103030786,MFIL,Online Securities Pvt. Ltd.,Investment Management Nepal Pvt. Ltd.,130,648.0,84240.0,2025-07-21 14:20:28.526076
2025-07-21,32533,2025072103030787,MFIL,Premier Securities Company Ltd.,Investment Management Nepal Pvt. Ltd.,308,647.0,199276.0,2025-07-21 14:20:28.526283
2025-07-21,32532,2025072103030788,MFIL,Dipshikha Dhitopatra Karobar Co. Pvt Ltd.,Investment Management Nepal Pvt. Ltd.,200,646.1,129220.0,2025-07-21 14:20:28.526357
2025-07-21,32531,2025072103030789,MFIL,Sani Securities Company Ltd.,Investment Management Nepal Pvt. Ltd.,100,646.0,64600.0,2025-07-21 14:20:28.526432
2025-07-21,32530,2025072103030790,MFIL,Cristal Kanchanjanga Securites Pvt. Ltd.,Investment Management Nepal Pvt. Ltd.,500,646.0,323000.0,2025-07-21 14:20:28.526505
2025-07-21,32529,2025072103030791,MFIL,Midas Stock Broking Company Private Limited,Investment Management Nepal Pvt. Ltd.,900,646.0,581400.0,2025-07-21 14:20:28.526604
2025-07-21,32299,2025072103030847,MFIL,Dakshinkali Investment & Securities Pvt. Ltd.,Investment Management Nepal Pvt. Ltd.,434,646.0,280364.0,2025-07-21 14:20:53.897010
2025-07-21,32016,2025072103030903,MFIL,Linch Stock Market Ltd.,Vision Securities Pvt. Ltd,100,645.4,64540.0,2025-07-21 14:21:14.748346
2025-07-21,32015,2025072103030904,MFIL,Hatemalo Financial Services Private Limited,Vision Securities Pvt. Ltd,150,645.1,96765.0,2025-07-21 14:21:14.748533
2025-07-21,31871,2025072103030925,MFIL,Hatemalo Financial Services Private Limited,Deevyaa Securities & Stock House Pvt. Ltd,10,645.1,6451.0,2025-07-21 14:21:26.132571
2025-07-21,31797,2025072103030945,MFIL,Hatemalo Financial Services Private Limited,Naasa Securities Co. Ltd.,140,645.1,90314.0,2025-07-21 14:21:34.696794
2025-07-21,31796,2025072103030946,MFIL,Oxford Securities Pvt. Ltd.,Naasa Securities Co. Ltd.,10,645.0,6450.0,2025-07-21 14:21:34.697001
2025-07-21,31795,2025072103030947,MFIL,Miyo Securities Pvt Ltd,Naasa Securities Co. Ltd.,850,645.0,548250.0,2025-07-21 14:21:34.697095
2025-07-21,29817,2025072103031543,MFIL,Capital Hub P. Ltd,Vision Securities Pvt. Ltd,100,645.1,64510.0,2025-07-21 14:24:55.502855
2025-07-21,29816,2025072103031544,MFIL,Miyo Securities Pvt Ltd,Vision Securities Pvt. Ltd,100,645.0,64500.0,2025-07-21 14:24:55.503102
2025-07-21,28708,2025072103031826,MFIL,Miyo Securities Pvt Ltd,Vision Securities Pvt. Ltd,120,645.0,77400.0,2025-07-21 14:26:50.198598
2025-07-21,28594,2025072103031866,MFIL,Miyo Securities Pvt Ltd,Kumari Securities Private Limited,300,645.0,193500.0,2025-07-21 14:27:03.177985
2025-07-21,28584,2025072103031873,MFIL,Miyo Securities Pvt Ltd,J.F. Securites (PVT) Ltd.,630,645.0,406350.0,2025-07-21 14:27:03.609104
2025-07-21,28583,2025072103031874,MFIL,Malla & Malla Stock Broking Company Pvt. Limited,J.F. Securites (PVT) Ltd.,10,645.0,6450.0,2025-07-21 14:27:03.609342
2025-07-21,28582,2025072103031875,MFIL,Trishakti Securities Public Limited,J.F. Securites (PVT) Ltd.,30,645.0,19350.0,2025-07-21 14:27:03.609507
2025-07-21,28581,2025072103031876,MFIL,Dynamic Money Managers Securities Pvt. Ltd.,J.F. Securites (PVT) Ltd.,30,645.0,19350.0,2025-07-21 14:27:03.609641
2025-07-21,28466,2025072103031902,MFIL,J.F. Securites (PVT) Ltd.,Imperial Securities Company Pvt. Ltd.,415,645.9,268048.5,2025-07-21 14:27:17.710476
2025-07-21,28465,2025072103031903,MFIL,J.F. Securites (PVT) Ltd.,Online Securities Pvt. Ltd.,85,646.0,54910.0,2025-07-21 14:27:17.710911
2025-07-21,28243,2025072103032006,MFIL,Online Securities Pvt. Ltd.,Vision Securities Pvt. Ltd,150,645.0,96750.0,2025-07-21 14:27:38.065816
2025-07-21,28242,2025072103032007,MFIL,Dakshinkali Investment & Securities Pvt. Ltd.,Vision Securities Pvt. Ltd,1850,645.0,1193250.0,2025-07-21 14:27:38.065940
2025-07-21,27568,2025072103032218,MFIL,Dakshinkali Investment & Securities Pvt. Ltd.,Dynamic Money Managers Securities Pvt. Ltd.,50,645.0,32250.0,2025-07-21 14:28:52.838767
2025-07-21,27371,2025072103032272,MFIL,Dakshinkali Investment & Securities Pvt. Ltd.,Sani Securities Company Ltd.,28,645.0,18060.0,2025-07-21 14:29:16.921632
2025-07-21,27306,2025072103032288,MFIL,Naasa Securities Co. Ltd.,Online Securities Pvt. Ltd.,65,646.0,41990.0,2025-07-21 14:29:27.571564
2025-07-21,27305,2025072103032289,MFIL,Naasa Securities Co. Ltd.,Vision Securities Pvt. Ltd,150,646.0,96900.0,2025-07-21 14:29:27.571756
2025-07-21,27304,2025072103032290,MFIL,Naasa Securities Co. Ltd.,Sani Securities Company Ltd.,235,646.0,151810.0,2025-07-21 14:29:27.571831
2025-07-21,27098,2025072103032342,MFIL,Dakshinkali Investment & Securities Pvt. Ltd.,Dipshikha Dhitopatra Karobar Co. Pvt Ltd.,500,645.0,322500.0,2025-07-21 14:29:53.937542
2025-07-21,26518,2025072103032492,MFIL,Dakshinkali Investment & Securities Pvt. Ltd.,Investment Management Nepal Pvt. Ltd.,388,645.0,250260.0,2025-07-21 14:31:05.318257
2025-07-21,24735,2025072103033007,MFIL,Online Securities Pvt. Ltd.,Premier Securities Company Ltd.,100,645.1,64510.0,2025-07-21 14:34:17.985599
2025-07-21,24734,2025072103033008,MFIL,Dakshinkali Investment & Securities Pvt. Ltd.,Premier Securities Company Ltd.,184,645.0,118680.0,2025-07-21 14:34:17.986005
2025-07-21,24733,2025072103033009,MFIL,Prabhu Stock Market Limited,Premier Securities Company Ltd.,16,645.0,10320.0,2025-07-21 14:34:17.986328
2025-07-21,24704,2025072103033022,MFIL,Nepal Stock House (PVT) Ltd.,Sani Securities Company Ltd.,13,646.0,8398.0,2025-07-21 14:34:21.274854
2025-07-21,23265,2025072103033400,MFIL,Capital Hub P. Ltd,Vision Securities Pvt. Ltd,40,645.1,25804.0,2025-07-21 14:37:24.932197
2025-07-21,23264,2025072103033401,MFIL,Midas Stock Broking Company Private Limited,Vision Securities Pvt. Ltd,10,645.0,6450.0,2025-07-21 14:37:24.932395
2025-07-21,22860,2025072103033493,MFIL,Midas Stock Broking Company Private Limited,Sani Securities Company Ltd.,63,645.0,40635.0,2025-07-21 14:38:03.770289
2025-07-21,22593,2025072103033579,MFIL,Midas Stock Broking Company Private Limited,Aryatara Investment & Securities,97,645.0,62565.0,2025-07-21 14:38:31.639543
2025-07-21,22592,2025072103033580,MFIL,Secured Securities Ltd.,Aryatara Investment & Securities,20,645.0,12900.0,2025-07-21 14:38:31.639910
2025-07-21,22591,2025072103033581,MFIL,Oxford Securities Pvt. Ltd.,Aryatara Investment & Securities,150,645.0,96750.0,2025-07-21 14:38:31.640186
2025-07-21,22590,2025072103033582,MFIL,Vision Securities Pvt. Ltd,Aryatara Investment & Securities,368,644.0,236992.0,2025-07-21 14:38:31.640512
2025-07-21,21524,2025072103033908,MFIL,Vision Securities Pvt. Ltd,Trishakti Securities Public Limited,500,644.0,322000.0,2025-07-21 14:40:26.377125
2025-07-21,20271,2025072103034347,MFIL,Sajilo Broker Limited,Sani Securities Company Ltd.,100,645.0,64500.0,2025-07-21 14:42:25.583074
2025-07-21,20270,2025072103034348,MFIL,Sajilo Broker Limited,Agrawal Securities (PVT) Ltd.,215,645.0,138675.0,2025-07-21 14:42:25.583256
2025-07-21,20269,2025072103034349,MFIL,Sajilo Broker Limited,Sani Securities Company Ltd.,50,645.0,32250.0,2025-07-21 14:42:25.583338
2025-07-21,19518,2025072103034554,MFIL,Prabhu Stock Market Limited,Linch Stock Market Ltd.,4,645.0,2580.0,2025-07-21 14:43:36.073001
2025-07-21,18838,2025072103034723,MFIL,Kumari Securities Private Limited,Sani Securities Company Ltd.,152,646.0,98192.0,2025-07-21 14:44:28.284053
2025-07-21,18837,2025072103034724,MFIL,Kumari Securities Private Limited,Citizens Share Broker Limited,48,646.0,31008.0,2025-07-21 14:44:28.284340
2025-07-21,18826,2025072103034733,MFIL,Sajilo Broker Limited,Citizens Share Broker Limited,152,646.0,98192.0,2025-07-21 14:44:29.102099
2025-07-21,18816,2025072103034738,MFIL,Imperial Securities Company Pvt. Ltd.,Naasa Securities Co. Ltd.,4,634.1,2536.4,2025-07-21 14:44:31.446821
2025-07-21,18410,2025072103034786,MFIL,Imperial Securities Company Pvt. Ltd.,Deevyaa Securities & Stock House Pvt. Ltd,2,634.1,1268.2,2025-07-21 14:44:47.970892
2025-07-21,17813,2025072103034941,MFIL,Imperial Securities Company Pvt. Ltd.,Online Securities Pvt. Ltd.,9,635.0,5715.0,2025-07-21 14:45:21.872176
2025-07-21,17363,2025072103035069,MFIL,Sajilo Broker Limited,Aryatara Investment & Securities,198,646.5,128007.0,2025-07-21 14:46:04.404606
2025-07-21,17350,2025072103035070,MFIL,Online Securities Pvt. Ltd.,J.F. Securites (PVT) Ltd.,140,646.0,90440.0,2025-07-21 14:46:05.241726
2025-07-21,16806,2025072103035191,MFIL,Sajilo Broker Limited,Aryatara Investment & Securities,35,646.5,22627.5,2025-07-21 14:46:46.530759
2025-07-21,15892,2025072103035390,MFIL,Online Securities Pvt. Ltd.,Primo Securities (PVT) Ltd.,200,646.0,129200.0,2025-07-21 14:47:52.377589
2025-07-21,13362,2025072103036051,MFIL,Opal Securities Investment (PVT) Ltd.,Aryatara Investment & Securities,17,646.5,10990.5,2025-07-21 14:51:07.096731
2025-07-21,13361,2025072103036052,MFIL,Opal Securities Investment (PVT) Ltd.,Online Securities Pvt. Ltd.,39,647.0,25233.0,2025-07-21 14:51:07.097135
2025-07-21,13360,2025072103036053,MFIL,Opal Securities Investment (PVT) Ltd.,Trisul Securities & Invt. Ltd.,59,649.0,38291.0,2025-07-21 14:51:07.097470
2025-07-21,13359,2025072103036054,MFIL,Opal Securities Investment (PVT) Ltd.,ABC Securities Private Limited,60,649.5,38970.0,2025-07-21 14:51:07.097803
2025-07-21,13358,2025072103036055,MFIL,Opal Securities Investment (PVT) Ltd.,Dipshikha Dhitopatra Karobar Co. Pvt Ltd.,325,649.6,211120.0,2025-07-21 14:51:07.098140
2025-07-21,13109,2025072103036117,MFIL,Dipshikha Dhitopatra Karobar Co. Pvt Ltd.,Sani Securities Company Ltd.,10,646.1,6461.0,2025-07-21 14:51:18.174558
2025-07-21,13059,2025072103036128,MFIL,Dakshinkali Investment & Securities Pvt. Ltd.,Dipshikha Dhitopatra Karobar Co. Pvt Ltd.,365,649.6,237104.0,2025-07-21 14:51:24.490509
2025-07-21,13058,2025072103036129,MFIL,Dakshinkali Investment & Securities Pvt. Ltd.,Naasa Securities Co. Ltd.,250,649.6,162400.0,2025-07-21 14:51:24.490701
2025-07-21,13057,2025072103036130,MFIL,Dakshinkali Investment & Securities Pvt. Ltd.,Aryatara Investment & Securities,750,650.0,487500.0,2025-07-21 14:51:24.490776
2025-07-21,13056,2025072103036131,MFIL,Dakshinkali Investment & Securities Pvt. Ltd.,Online Securities Pvt. Ltd.,150,650.0,97500.0,2025-07-21 14:51:24.490848
2025-07-21,13055,2025072103036132,MFIL,Dakshinkali Investment & Securities Pvt. Ltd.,Blue Chip Securities Ltd,200,650.0,130000.0,2025-07-21 14:51:24.490917
2025-07-21,12999,2025072103036137,MFIL,Dakshinkali Investment & Securities Pvt. Ltd.,Linch Stock Market Ltd.,10,650.0,6500.0,2025-07-21 14:51:26.226615
2025-07-21,12740,2025072103036202,MFIL,Dakshinkali Investment & Securities Pvt. Ltd.,Cristal Kanchanjanga Securites Pvt. Ltd.,275,650.0,178750.0,2025-07-21 14:51:44.601006
2025-07-21,12681,2025072103036208,MFIL,Swarna Laxmi Securities Pvt. Ltd.,Cristal Kanchanjanga Securites Pvt. Ltd.,100,650.0,65000.0,2025-07-21 14:51:47.216356
2025-07-21,12643,2025072103036219,MFIL,Vision Securities Pvt. Ltd,Deevyaa Securities & Stock House Pvt. Ltd,200,646.2,129240.0,2025-07-21 14:51:49.748456
2025-07-21,12642,2025072103036220,MFIL,Dipshikha Dhitopatra Karobar Co. Pvt Ltd.,Deevyaa Securities & Stock House Pvt. Ltd,40,646.1,25844.0,2025-07-21 14:51:49.748495
2025-07-21,12641,2025072103036221,MFIL,Online Securities Pvt. Ltd.,Deevyaa Securities & Stock House Pvt. Ltd,10,646.0,6460.0,2025-07-21 14:51:49.748525
2025-07-21,12640,2025072103036222,MFIL,Naasa Securities Co. Ltd.,Deevyaa Securities & Stock House Pvt. Ltd,40,646.0,25840.0,2025-07-21 14:51:49.748553
2025-07-21,12639,2025072103036223,MFIL,Dynamic Money Managers Securities Pvt. Ltd.,Deevyaa Securities & Stock House Pvt. Ltd,50,645.2,32260.0,2025-07-21 14:51:49.748598
2025-07-21,12638,2025072103036224,MFIL,Kalika Securities Pvt. Ltd.,Deevyaa Securities & Stock House Pvt. Ltd,100,645.2,64520.0,2025-07-21 14:51:49.748622
2025-07-21,12637,2025072103036225,MFIL,Sumeru Securities Pvt. Ltd.,Deevyaa Securities & Stock House Pvt. Ltd,300,645.0,193500.0,2025-07-21 14:51:49.748649
2025-07-21,12636,2025072103036226,MFIL,Dynamic Money Managers Securities Pvt. Ltd.,Deevyaa Securities & Stock House Pvt. Ltd,260,645.0,167700.0,2025-07-21 14:51:49.748675
2025-07-21,10366,2025072103036718,MFIL,Aryatara Investment & Securities,Cristal Kanchanjanga Securites Pvt. Ltd.,125,650.0,81250.0,2025-07-21 14:54:11.002095
2025-07-21,10365,2025072103036719,MFIL,Aryatara Investment & Securities,Aryatara Investment & Securities,250,650.0,162500.0,2025-07-21 14:54:11.002276
2025-07-21,10364,2025072103036720,MFIL,Aryatara Investment & Securities,Neev Securities Pvt. Ltd.,100,651.0,65100.0,2025-07-21 14:54:11.002347
2025-07-21,10363,2025072103036721,MFIL,Aryatara Investment & Securities,Sipla Securities Private Limited,111,652.0,72372.0,2025-07-21 14:54:11.002413
2025-07-21,10362,2025072103036722,MFIL,Aryatara Investment & Securities,Linch Stock Market Ltd.,114,652.0,74328.0,2025-07-21 14:54:11.002480
2025-07-21,8041,2025072103037371,MFIL,Aryatara Investment & Securities,Linch Stock Market Ltd.,141,652.0,91932.0,2025-07-21 14:56:03.720283
2025-07-21,5024,2025072103038134,MFIL,N.M.B. SECURITIES LIMITED,Aryatara Investment & Securities,50,655.0,32750.0,2025-07-21 14:58:05.038263
2025-07-21,5023,2025072103038135,MFIL,N.M.B. SECURITIES LIMITED,Online Securities Pvt. Ltd.,100,655.0,65500.0,2025-07-21 14:58:05.038330
2025-07-21,5022,2025072103038136,MFIL,N.M.B. SECURITIES LIMITED,Malla & Malla Stock Broking Company Pvt. Limited,10,655.0,6550.0,2025-07-21 14:58:05.038357
2025-07-21,5021,2025072103038137,MFIL,N.M.B. SECURITIES LIMITED,Naasa Securities Co. Ltd.,140,655.0,91700.0,2025-07-21 14:58:05.038383
2025-07-21,1071,2025072103039096,MFIL,Aryatara Investment & Securities,Naasa Securities Co. Ltd.,325,655.0,212875.0,2025-07-21 14:59:43.130417
2025-07-21,1055,2025072103039100,MFIL,Nepal Stock House (PVT) Ltd.,Naasa Securities Co. Ltd.,35,655.0,22925.0,2025-07-21 14:59:43.377493
2025-07-21,1054,2025072103039101,MFIL,Nepal Stock House (PVT) Ltd.,Vision Securities Pvt. Ltd,55,655.0,36025.0,2025-07-21 14:59:43.377661
2025-07-21,1053,2025072103039102,MFIL,Nepal Stock House (PVT) Ltd.,Aryatara Investment & Securities,10,655.0,6550.0,2025-07-21 14:59:43.377730
