Date,S.N.,Contract ID,Symbol,Buyer Broker,Seller Broker,volume,rate,amount,transaction_time
2025-07-21,138740,2025072101000008,NBL,Agrawal Securities (PVT) Ltd.,Kumari Securities Private Limited,30,303.4,9102.0,2025-07-21 10:46:00.237064
2025-07-21,138355,2025072101000112,NBL,Dakshinkali Investment & Securities Pvt. Ltd.,Nepal Stock House (PVT) Ltd.,350,298.9,104615.0,2025-07-21 11:01:01.590244
2025-07-21,138273,2025072101000123,NBL,Secured Securities Ltd.,Imperial Securities Company Pvt. Ltd.,500,298.0,149000.0,2025-07-21 11:01:10.651322
2025-07-21,137829,2025072101000191,NBL,Naasa Securities Co. Ltd.,Agrawal Securities (PVT) Ltd.,11,298.0,3278.0,2025-07-21 11:02:11.465762
2025-07-21,137469,2025072101000266,NBL,Oxford Securities Pvt. Ltd.,Online Securities Pvt. Ltd.,110,297.0,32670.0,2025-07-21 11:02:54.916744
2025-07-21,137083,2025072101000330,NBL,Secured Securities Ltd.,Nepal Stock House (PVT) Ltd.,100,295.0,29500.0,2025-07-21 11:03:38.006602
2025-07-21,137077,2025072101000334,NBL,Secured Securities Ltd.,Naasa Securities Co. Ltd.,1000,297.0,297000.0,2025-07-21 11:03:40.488392
2025-07-21,136819,2025072101000372,NBL,Secured Securities Ltd.,Nepal Stock House (PVT) Ltd.,2000,295.1,590200.0,2025-07-21 11:04:06.360728
2025-07-21,136818,2025072101000373,NBL,Creative Securities Pvt Ltd,Nepal Stock House (PVT) Ltd.,1000,295.0,295000.0,2025-07-21 11:04:06.360831
2025-07-21,136626,2025072101000421,NBL,Bhrikuti Stock Broking Co. Pvt. Ltd.,Opal Securities Investment (PVT) Ltd.,15,297.9,4468.5,2025-07-21 11:04:25.755153
2025-07-21,136599,2025072101000430,NBL,Siprabi Securities Pvt. Ltd.,Kumari Securities Private Limited,100,297.0,29700.0,2025-07-21 11:04:30.933974
2025-07-21,136117,2025072101000534,NBL,Oxford Securities Pvt. Ltd.,Kumari Securities Private Limited,500,297.0,148500.0,2025-07-21 11:05:21.248771
2025-07-21,135905,2025072101000575,NBL,Agrawal Securities (PVT) Ltd.,Naasa Securities Co. Ltd.,34,294.4,10009.6,2025-07-21 11:05:40.825906
2025-07-21,135225,2025072101000748,NBL,Imperial Securities Company Pvt. Ltd.,Pragyan Securities (PVT) Ltd.,100,295.1,29510.0,2025-07-21 11:06:43.541692
2025-07-21,135224,2025072101000749,NBL,Dakshinkali Investment & Securities Pvt. Ltd.,Pragyan Securities (PVT) Ltd.,350,295.0,103250.0,2025-07-21 11:06:43.541794
2025-07-21,135085,2025072101000787,NBL,Agrawal Securities (PVT) Ltd.,Oxford Securities Pvt. Ltd.,16,294.4,4710.4,2025-07-21 11:06:58.179134
2025-07-21,135029,2025072101000802,NBL,Secured Securities Ltd.,Pragyan Securities (PVT) Ltd.,17,295.0,5015.0,2025-07-21 11:07:00.089870
2025-07-21,134859,2025072101000844,NBL,Secured Securities Ltd.,Pragyan Securities (PVT) Ltd.,500,295.0,147500.0,2025-07-21 11:07:14.078348
2025-07-21,134286,2025072101000982,NBL,Imperial Securities Company Pvt. Ltd.,Pragyan Securities (PVT) Ltd.,500,295.0,147500.0,2025-07-21 11:08:00.122482
2025-07-21,134230,2025072101000986,NBL,Market Securities & Exchange (PVT) Ltd.,Pragyan Securities (PVT) Ltd.,43,295.0,12685.0,2025-07-21 11:08:03.579253
2025-07-21,134040,2025072101001055,NBL,Miyo Securities Pvt Ltd,Naasa Securities Co. Ltd.,400,294.5,117800.0,2025-07-21 11:08:20.969424
2025-07-21,133910,2025072101001089,NBL,MILKY WAY SHARE BROKER COMPANY LTD ,Online Securities Pvt. Ltd.,590,294.9,173991.0,2025-07-21 11:08:32.809764
2025-07-21,133909,2025072101001090,NBL,MILKY WAY SHARE BROKER COMPANY LTD ,Pragyan Securities (PVT) Ltd.,990,295.0,292050.0,2025-07-21 11:08:32.809893
2025-07-21,133908,2025072101001091,NBL,MILKY WAY SHARE BROKER COMPANY LTD ,Dipshikha Dhitopatra Karobar Co. Pvt Ltd.,10,295.0,2950.0,2025-07-21 11:08:32.809946
2025-07-21,133907,2025072101001092,NBL,MILKY WAY SHARE BROKER COMPANY LTD ,Naasa Securities Co. Ltd.,50,295.0,14750.0,2025-07-21 11:08:32.810002
2025-07-21,133906,2025072101001093,NBL,MILKY WAY SHARE BROKER COMPANY LTD ,Agrawal Securities (PVT) Ltd.,221,295.0,65195.0,2025-07-21 11:08:32.810086
2025-07-21,133905,2025072101001094,NBL,MILKY WAY SHARE BROKER COMPANY LTD ,Kumari Securities Private Limited,970,295.0,286150.0,2025-07-21 11:08:32.810160
2025-07-21,133655,2025072101001153,NBL,MILKY WAY SHARE BROKER COMPANY LTD ,Sundhara Securities Limited,169,295.0,49855.0,2025-07-21 11:08:58.830567
2025-07-21,133654,2025072101001154,NBL,J.F. Securites (PVT) Ltd.,Sundhara Securities Limited,20,295.0,5900.0,2025-07-21 11:08:58.830674
2025-07-21,133240,2025072101001284,NBL,Creative Securities Pvt Ltd,Sundhara Securities Limited,311,295.0,91745.0,2025-07-21 11:09:34.353233
2025-07-21,133097,2025072101001341,NBL,Miyo Securities Pvt Ltd,Sani Securities Company Ltd.,100,294.5,29450.0,2025-07-21 11:09:45.050288
2025-07-21,133096,2025072101001342,NBL,Sweta Securities Private Limited,Sani Securities Company Ltd.,400,294.5,117800.0,2025-07-21 11:09:45.050511
2025-07-21,133006,2025072101001377,NBL,Sumeru Securities Pvt. Ltd.,Linch Stock Market Ltd.,20,296.0,5920.0,2025-07-21 11:09:52.563768
2025-07-21,132801,2025072101001440,NBL,Sumeru Securities Pvt. Ltd.,Sweta Securities Private Limited,50,296.0,14800.0,2025-07-21 11:10:11.931045
2025-07-21,132347,2025072101001593,NBL,Sumeru Securities Pvt. Ltd.,Kalika Securities Pvt. Ltd.,200,296.0,59200.0,2025-07-21 11:10:51.184457
2025-07-21,132169,2025072101001655,NBL,Sumeru Securities Pvt. Ltd.,Imperial Securities Company Pvt. Ltd.,100,296.0,29600.0,2025-07-21 11:11:05.442432
2025-07-21,132159,2025072101001658,NBL,Sumeru Securities Pvt. Ltd.,Naasa Securities Co. Ltd.,32,296.0,9472.0,2025-07-21 11:11:06.294207
2025-07-21,132062,2025072101001686,NBL,Sumeru Securities Pvt. Ltd.,Linch Stock Market Ltd.,118,296.0,34928.0,2025-07-21 11:11:15.057784
2025-07-21,131483,2025072101001797,NBL,Oxford Securities Pvt. Ltd.,Midas Stock Broking Company Private Limited,100,295.1,29510.0,2025-07-21 11:11:54.279680
2025-07-21,131179,2025072101001861,NBL,Shree Krishna Securities Ltd.,Hatemalo Financial Services Private Limited,50,295.0,14750.0,2025-07-21 11:12:14.561180
2025-07-21,131178,2025072101001862,NBL,Creative Securities Pvt Ltd,Hatemalo Financial Services Private Limited,50,295.0,14750.0,2025-07-21 11:12:14.561359
2025-07-21,131156,2025072101001864,NBL,Creative Securities Pvt Ltd,Thrive Brokerage House Pvt. Ltd,950,295.0,280250.0,2025-07-21 11:12:16.353899
2025-07-21,131155,2025072101001865,NBL,Shree Krishna Securities Ltd.,Thrive Brokerage House Pvt. Ltd,50,295.0,14750.0,2025-07-21 11:12:16.353942
2025-07-21,131154,2025072101001866,NBL,Neev Securities Pvt. Ltd.,Thrive Brokerage House Pvt. Ltd,500,294.6,147300.0,2025-07-21 11:12:16.353964
2025-07-21,131153,2025072101001867,NBL,Imperial Securities Company Pvt. Ltd.,Thrive Brokerage House Pvt. Ltd,1950,294.6,574470.0,2025-07-21 11:12:16.353988
2025-07-21,130917,2025072101001923,NBL,Imperial Securities Company Pvt. Ltd.,Naasa Securities Co. Ltd.,40,294.6,11784.0,2025-07-21 11:12:29.600942
2025-07-21,130782,2025072101001954,NBL,Trisul Securities & Invt. Ltd.,Sundhara Securities Limited,200,295.0,59000.0,2025-07-21 11:12:38.696251
2025-07-21,130735,2025072101001965,NBL,Sharepro Securities Private Limited,Sundhara Securities Limited,14,295.0,4130.0,2025-07-21 11:12:40.301787
2025-07-21,130734,2025072101001966,NBL,Sharepro Securities Private Limited,Dakshinkali Investment & Securities Pvt. Ltd.,100,295.0,29500.0,2025-07-21 11:12:40.302086
2025-07-21,130688,2025072101001973,NBL,Sharepro Securities Private Limited,Online Securities Pvt. Ltd.,14,295.0,4130.0,2025-07-21 11:12:42.839233
2025-07-21,130665,2025072101001976,NBL,Sharepro Securities Private Limited,Deevyaa Securities & Stock House Pvt. Ltd,2000,295.0,590000.0,2025-07-21 11:12:44.810198
2025-07-21,130561,2025072101002001,NBL,Sharepro Securities Private Limited,Kohinoor Investment & Securities Pvt. Ltd.,250,295.0,73750.0,2025-07-21 11:12:54.269611
2025-07-21,130404,2025072101002035,NBL,J.F. Securites (PVT) Ltd.,Midas Stock Broking Company Private Limited,300,295.1,88530.0,2025-07-21 11:13:03.385313
2025-07-21,130210,2025072101002089,NBL,Trisul Securities & Invt. Ltd.,Linch Stock Market Ltd.,100,296.0,29600.0,2025-07-21 11:13:15.198633
2025-07-21,130164,2025072101002095,NBL,J.F. Securites (PVT) Ltd.,Oxford Securities Pvt. Ltd.,250,295.1,73775.0,2025-07-21 11:13:17.176222
2025-07-21,129411,2025072101002265,NBL,Oxford Securities Pvt. Ltd.,Linch Stock Market Ltd.,50,296.0,14800.0,2025-07-21 11:14:05.674035
2025-07-21,129338,2025072101002278,NBL,Dipshikha Dhitopatra Karobar Co. Pvt Ltd.,Linch Stock Market Ltd.,182,296.0,53872.0,2025-07-21 11:14:09.809840
2025-07-21,129337,2025072101002279,NBL,Dipshikha Dhitopatra Karobar Co. Pvt Ltd.,Nepal Investment And Securities Trading Private Limited,100,296.0,29600.0,2025-07-21 11:14:09.809991
2025-07-21,129336,2025072101002280,NBL,Dipshikha Dhitopatra Karobar Co. Pvt Ltd.,Primo Securities (PVT) Ltd.,218,296.0,64528.0,2025-07-21 11:14:09.810071
2025-07-21,128920,2025072101002411,NBL,Sharepro Securities Private Limited,Primo Securities (PVT) Ltd.,3782,296.0,1119472.0,2025-07-21 11:14:34.882326
2025-07-21,128872,2025072101002414,NBL,Imperial Securities Company Pvt. Ltd.,Aryatara Investment & Securities,100,296.0,29600.0,2025-07-21 11:14:37.615838
2025-07-21,128536,2025072101002489,NBL,Secured Securities Ltd.,Capital Max Securities Ltd,465,295.3,137314.5,2025-07-21 11:15:02.716178
2025-07-21,128306,2025072101002566,NBL,Imperial Securities Company Pvt. Ltd.,Aryatara Investment & Securities,150,296.0,44400.0,2025-07-21 11:15:20.804408
2025-07-21,128305,2025072101002567,NBL,Imperial Securities Company Pvt. Ltd.,Online Securities Pvt. Ltd.,1800,296.0,532800.0,2025-07-21 11:15:20.804569
2025-07-21,128304,2025072101002568,NBL,Imperial Securities Company Pvt. Ltd.,Trisul Securities & Invt. Ltd.,50,296.0,14800.0,2025-07-21 11:15:20.804642
2025-07-21,128297,2025072101002572,NBL,J.F. Securites (PVT) Ltd.,Creative Securities Pvt Ltd,1000,295.4,295400.0,2025-07-21 11:15:21.629786
2025-07-21,128046,2025072101002629,NBL,Linch Stock Market Ltd.,Trisul Securities & Invt. Ltd.,350,296.0,103600.0,2025-07-21 11:15:41.882789
2025-07-21,127566,2025072101002772,NBL,Imperial Securities Company Pvt. Ltd.,Naasa Securities Co. Ltd.,200,296.3,59260.0,2025-07-21 11:16:24.435865
2025-07-21,127433,2025072101002824,NBL,Secured Securities Ltd.,Naasa Securities Co. Ltd.,500,296.3,148150.0,2025-07-21 11:16:35.921695
2025-07-21,127417,2025072101002831,NBL,Kumari Securities Private Limited,Naasa Securities Co. Ltd.,300,296.3,88890.0,2025-07-21 11:16:37.601966
2025-07-21,127310,2025072101002860,NBL,Kumari Securities Private Limited,Aryatara Investment & Securities,100,296.3,29630.0,2025-07-21 11:16:49.797643
2025-07-21,127301,2025072101002866,NBL,Linch Stock Market Ltd.,Linch Stock Market Ltd.,150,296.4,44460.0,2025-07-21 11:16:50.694752
2025-07-21,127269,2025072101002873,NBL,Capital Max Securities Ltd,Linch Stock Market Ltd.,850,296.4,251940.0,2025-07-21 11:16:53.266614
2025-07-21,127170,2025072101002898,NBL,Capital Max Securities Ltd,Dipshikha Dhitopatra Karobar Co. Pvt Ltd.,20,296.4,5928.0,2025-07-21 11:17:00.156556
2025-07-21,126746,2025072101003059,NBL,Online Securities Pvt. Ltd.,Kumari Securities Private Limited,10,297.0,2970.0,2025-07-21 11:17:35.507244
2025-07-21,126585,2025072101003110,NBL,Capital Max Securities Ltd,Sagarmatha Securities Private Limited,130,296.4,38532.0,2025-07-21 11:17:45.623199
2025-07-21,126515,2025072101003127,NBL,Vision Securities Pvt. Ltd,Kumari Securities Private Limited,50,297.0,14850.0,2025-07-21 11:17:49.934633
2025-07-21,126352,2025072101003178,NBL,Kumari Securities Private Limited,Kumari Securities Private Limited,340,297.0,100980.0,2025-07-21 11:18:00.750255
2025-07-21,126351,2025072101003179,NBL,Kumari Securities Private Limited,Nepal Investment And Securities Trading Private Limited,200,297.0,59400.0,2025-07-21 11:18:00.750599
2025-07-21,126350,2025072101003180,NBL,Kumari Securities Private Limited,Imperial Securities Company Pvt. Ltd.,60,297.0,17820.0,2025-07-21 11:18:00.750815
2025-07-21,126334,2025072101003186,NBL,Sani Securities Company Ltd.,Imperial Securities Company Pvt. Ltd.,200,297.0,59400.0,2025-07-21 11:18:02.312070
2025-07-21,126262,2025072101003203,NBL,Bhrikuti Stock Broking Co. Pvt. Ltd.,Imperial Securities Company Pvt. Ltd.,240,297.0,71280.0,2025-07-21 11:18:10.229422
2025-07-21,126261,2025072101003204,NBL,Bhrikuti Stock Broking Co. Pvt. Ltd.,Premier Securities Company Ltd.,462,297.0,137214.0,2025-07-21 11:18:10.229623
2025-07-21,126260,2025072101003205,NBL,Bhrikuti Stock Broking Co. Pvt. Ltd.,Primo Securities (PVT) Ltd.,500,297.0,148500.0,2025-07-21 11:18:10.229699
2025-07-21,126259,2025072101003206,NBL,Bhrikuti Stock Broking Co. Pvt. Ltd.,Agrawal Securities (PVT) Ltd.,798,297.0,237006.0,2025-07-21 11:18:10.229772
2025-07-21,126062,2025072101003258,NBL,Sani Securities Company Ltd.,Agrawal Securities (PVT) Ltd.,6702,297.0,1990494.0,2025-07-21 11:18:24.644036
2025-07-21,126061,2025072101003259,NBL,Sani Securities Company Ltd.,Vision Securities Pvt. Ltd,20,297.0,5940.0,2025-07-21 11:18:24.644198
2025-07-21,126059,2025072101003260,NBL,Sani Securities Company Ltd.,Trishakti Securities Public Limited,200,297.0,59400.0,2025-07-21 11:18:25.091766
2025-07-21,125741,2025072101003334,NBL,Sani Securities Company Ltd.,Imperial Securities Company Pvt. Ltd.,1000,297.0,297000.0,2025-07-21 11:18:55.849198
2025-07-21,125499,2025072101003379,NBL,Aryatara Investment & Securities,Siprabi Securities Pvt. Ltd.,200,297.7,59540.0,2025-07-21 11:19:15.168335
2025-07-21,125445,2025072101003396,NBL,Sani Securities Company Ltd.,Thrive Brokerage House Pvt. Ltd,78,297.0,23166.0,2025-07-21 11:19:22.206973
2025-07-21,125444,2025072101003397,NBL,Dakshinkali Investment & Securities Pvt. Ltd.,Thrive Brokerage House Pvt. Ltd,50,297.0,14850.0,2025-07-21 11:19:22.207171
2025-07-21,125443,2025072101003398,NBL,Agrawal Securities (PVT) Ltd.,Thrive Brokerage House Pvt. Ltd,500,297.0,148500.0,2025-07-21 11:19:22.207243
2025-07-21,125442,2025072101003399,NBL,Imperial Securities Company Pvt. Ltd.,Thrive Brokerage House Pvt. Ltd,1372,297.0,407484.0,2025-07-21 11:19:22.207312
2025-07-21,125391,2025072101003410,NBL,Trishakti Securities Public Limited,Vision Securities Pvt. Ltd,10,297.8,2978.0,2025-07-21 11:19:27.536055
2025-07-21,125390,2025072101003411,NBL,Trishakti Securities Public Limited,Sri Hari Securities Pvt. Ltd.,20,297.9,5958.0,2025-07-21 11:19:27.536412
2025-07-21,125336,2025072101003418,NBL,Naasa Securities Co. Ltd.,Investment Management Nepal Pvt. Ltd.,23,297.5,6842.5,2025-07-21 11:19:31.661955
2025-07-21,125335,2025072101003419,NBL,Imperial Securities Company Pvt. Ltd.,Investment Management Nepal Pvt. Ltd.,477,297.0,141669.0,2025-07-21 11:19:31.662284
2025-07-21,125283,2025072101003431,NBL,Sweta Securities Private Limited,Sri Hari Securities Pvt. Ltd.,200,297.9,59580.0,2025-07-21 11:19:35.410516
2025-07-21,125195,2025072101003445,NBL,Imperial Securities Company Pvt. Ltd.,Sani Securities Company Ltd.,15,297.0,4455.0,2025-07-21 11:19:42.062472
2025-07-21,125162,2025072101003462,NBL,Trishakti Securities Public Limited,Sri Hari Securities Pvt. Ltd.,20,297.9,5958.0,2025-07-21 11:19:43.638497
2025-07-21,125030,2025072101003478,NBL,Vision Securities Pvt. Ltd,Sri Hari Securities Pvt. Ltd.,260,297.9,77454.0,2025-07-21 11:19:50.653921
2025-07-21,124881,2025072101003509,NBL,Vision Securities Pvt. Ltd,Vision Securities Pvt. Ltd,500,297.5,148750.0,2025-07-21 11:20:04.729299
2025-07-21,124863,2025072101003518,NBL,Imperial Securities Company Pvt. Ltd.,Sagarmatha Securities Private Limited,100,297.0,29700.0,2025-07-21 11:20:06.301373
2025-07-21,124728,2025072101003547,NBL,Imperial Securities Company Pvt. Ltd.,Naasa Securities Co. Ltd.,36,297.0,10692.0,2025-07-21 11:20:17.413487
2025-07-21,124727,2025072101003548,NBL,Naasa Securities Co. Ltd.,Naasa Securities Co. Ltd.,551,297.0,163647.0,2025-07-21 11:20:17.413646
2025-07-21,124694,2025072101003560,NBL,Vision Securities Pvt. Ltd,Naasa Securities Co. Ltd.,11,297.0,3267.0,2025-07-21 11:20:20.883835
2025-07-21,124609,2025072101003579,NBL,Vision Securities Pvt. Ltd,Secured Securities Ltd.,103,297.4,30632.2,2025-07-21 11:20:28.188438
2025-07-21,124433,2025072101003625,NBL,Sweta Securities Private Limited,Investment Management Nepal Pvt. Ltd.,241,298.0,71818.0,2025-07-21 11:20:44.108204
2025-07-21,124432,2025072101003626,NBL,Sweta Securities Private Limited,Kalika Securities Pvt. Ltd.,300,298.0,89400.0,2025-07-21 11:20:44.108538
2025-07-21,124431,2025072101003627,NBL,Sweta Securities Private Limited,Secured Securities Ltd.,10,298.0,2980.0,2025-07-21 11:20:44.108772
2025-07-21,124430,2025072101003628,NBL,Sweta Securities Private Limited,Primo Securities (PVT) Ltd.,500,298.0,149000.0,2025-07-21 11:20:44.108979
2025-07-21,123536,2025072101003838,NBL,Vision Securities Pvt. Ltd,Prabhu Stock Market Limited,267,297.4,79405.8,2025-07-21 11:21:47.040343
2025-07-21,123269,2025072101003915,NBL,Vision Securities Pvt. Ltd,Nepal Investment And Securities Trading Private Limited,100,297.4,29740.0,2025-07-21 11:22:06.486308
2025-07-21,123228,2025072101003930,NBL,Siprabi Securities Pvt. Ltd.,Creative Securities Pvt Ltd,100,298.0,29800.0,2025-07-21 11:22:09.279564
2025-07-21,123002,2025072101003991,NBL,Vision Securities Pvt. Ltd,Trisul Securities & Invt. Ltd.,10,297.4,2974.0,2025-07-21 11:22:26.999368
2025-07-21,122871,2025072101004014,NBL,Sweta Securities Private Limited,Creative Securities Pvt Ltd,300,298.0,89400.0,2025-07-21 11:22:35.269319
2025-07-21,122507,2025072101004101,NBL,Dipshikha Dhitopatra Karobar Co. Pvt Ltd.,Dynamic Money Managers Securities Pvt. Ltd.,250,297.0,74250.0,2025-07-21 11:23:07.108203
2025-07-21,122303,2025072101004172,NBL,Dipshikha Dhitopatra Karobar Co. Pvt Ltd.,Aryatara Investment & Securities,50,297.0,14850.0,2025-07-21 11:23:27.972557
2025-07-21,122302,2025072101004173,NBL,Sani Securities Company Ltd.,Aryatara Investment & Securities,50,297.0,14850.0,2025-07-21 11:23:27.972901
2025-07-21,122301,2025072101004174,NBL,Siprabi Securities Pvt. Ltd.,Aryatara Investment & Securities,100,297.0,29700.0,2025-07-21 11:23:27.973135
2025-07-21,122166,2025072101004223,NBL,Oxford Securities Pvt. Ltd.,Kalika Securities Pvt. Ltd.,50,296.1,14805.0,2025-07-21 11:23:43.478352
2025-07-21,122100,2025072101004248,NBL,Vision Securities Pvt. Ltd,Primo Securities (PVT) Ltd.,10,296.2,2962.0,2025-07-21 11:23:50.091511
2025-07-21,122099,2025072101004249,NBL,Oxford Securities Pvt. Ltd.,Primo Securities (PVT) Ltd.,50,296.1,14805.0,2025-07-21 11:23:50.091679
2025-07-21,122098,2025072101004250,NBL,MILKY WAY SHARE BROKER COMPANY LTD ,Primo Securities (PVT) Ltd.,140,296.0,41440.0,2025-07-21 11:23:50.091759
2025-07-21,121795,2025072101004346,NBL,MILKY WAY SHARE BROKER COMPANY LTD ,Nepal Stock House (PVT) Ltd.,20,296.0,5920.0,2025-07-21 11:24:12.740241
2025-07-21,121788,2025072101004347,NBL,MILKY WAY SHARE BROKER COMPANY LTD ,Kumari Securities Private Limited,1000,296.0,296000.0,2025-07-21 11:24:13.142991
2025-07-21,121344,2025072101004463,NBL,MILKY WAY SHARE BROKER COMPANY LTD ,Sundhara Securities Limited,90,296.0,26640.0,2025-07-21 11:24:59.755565
2025-07-21,121180,2025072101004496,NBL,MILKY WAY SHARE BROKER COMPANY LTD ,Aryatara Investment & Securities,750,296.0,222000.0,2025-07-21 11:25:17.694503
2025-07-21,121179,2025072101004497,NBL,Sani Securities Company Ltd.,Aryatara Investment & Securities,50,296.0,14800.0,2025-07-21 11:25:17.694690
2025-07-21,121178,2025072101004498,NBL,Sumeru Securities Pvt. Ltd.,Aryatara Investment & Securities,1000,296.0,296000.0,2025-07-21 11:25:17.694782
2025-07-21,121177,2025072101004499,NBL,K.B.L. Securities Limited ,Aryatara Investment & Securities,200,296.0,59200.0,2025-07-21 11:25:17.694852
2025-07-21,121028,2025072101004555,NBL,South Asian Bulls Pvt. Ltd.,Arun Securities (PVT) Ltd.,900,297.0,267300.0,2025-07-21 11:25:27.787120
2025-07-21,120269,2025072101004788,NBL,South Asian Bulls Pvt. Ltd.,Aryatara Investment & Securities,35,297.0,10395.0,2025-07-21 11:27:00.864017
2025-07-21,120207,2025072101004806,NBL,South Asian Bulls Pvt. Ltd.,Naasa Securities Co. Ltd.,100,297.0,29700.0,2025-07-21 11:27:09.059258
2025-07-21,120175,2025072101004815,NBL,South Asian Bulls Pvt. Ltd.,Dipshikha Dhitopatra Karobar Co. Pvt Ltd.,615,297.0,182655.0,2025-07-21 11:27:14.654660
2025-07-21,119521,2025072101005017,NBL,Aryatara Investment & Securities,Dipshikha Dhitopatra Karobar Co. Pvt Ltd.,385,297.0,114345.0,2025-07-21 11:28:40.384054
2025-07-21,119520,2025072101005018,NBL,Aryatara Investment & Securities,Sani Securities Company Ltd.,615,297.0,182655.0,2025-07-21 11:28:40.384245
2025-07-21,119400,2025072101005044,NBL,Kumari Securities Private Limited,Sani Securities Company Ltd.,66,297.0,19602.0,2025-07-21 11:28:56.391503
2025-07-21,119342,2025072101005075,NBL,K.B.L. Securities Limited ,Kohinoor Investment & Securities Pvt. Ltd.,300,296.0,88800.0,2025-07-21 11:29:01.872019
2025-07-21,119341,2025072101005076,NBL,Sani Securities Company Ltd.,Kohinoor Investment & Securities Pvt. Ltd.,80,296.0,23680.0,2025-07-21 11:29:01.872221
2025-07-21,119340,2025072101005077,NBL,Sani Securities Company Ltd.,Kohinoor Investment & Securities Pvt. Ltd.,10,296.0,2960.0,2025-07-21 11:29:01.872306
2025-07-21,119339,2025072101005078,NBL,Sani Securities Company Ltd.,Kohinoor Investment & Securities Pvt. Ltd.,110,296.0,32560.0,2025-07-21 11:29:01.872384
2025-07-21,119237,2025072101005121,NBL,Kalika Securities Pvt. Ltd.,ABC Securities Private Limited,100,296.1,29610.0,2025-07-21 11:29:19.570639
2025-07-21,119144,2025072101005146,NBL,Kalika Securities Pvt. Ltd.,Sani Securities Company Ltd.,319,297.0,94743.0,2025-07-21 11:29:32.995974
2025-07-21,119143,2025072101005147,NBL,Kalika Securities Pvt. Ltd.,Sri Hari Securities Pvt. Ltd.,91,297.0,27027.0,2025-07-21 11:29:32.996344
2025-07-21,118980,2025072101005183,NBL,Kalika Securities Pvt. Ltd.,Naasa Securities Co. Ltd.,15,296.1,4441.5,2025-07-21 11:29:54.132369
2025-07-21,118858,2025072101005210,NBL,Kalika Securities Pvt. Ltd.,KALASH STOCK MARKET PVT. LTD.,500,296.1,148050.0,2025-07-21 11:30:10.633482
2025-07-21,118832,2025072101005217,NBL,Kalika Securities Pvt. Ltd.,Pragyan Securities (PVT) Ltd.,385,296.1,113998.5,2025-07-21 11:30:13.626424
2025-07-21,118707,2025072101005263,NBL,Sharepro Securities Private Limited,Pragyan Securities (PVT) Ltd.,2115,296.1,626251.5,2025-07-21 11:30:32.083688
2025-07-21,118558,2025072101005300,NBL,Sani Securities Company Ltd.,Imperial Securities Company Pvt. Ltd.,100,296.0,29600.0,2025-07-21 11:30:47.100919
2025-07-21,118093,2025072101005415,NBL,Sani Securities Company Ltd.,Creative Securities Pvt Ltd,2000,296.0,592000.0,2025-07-21 11:31:46.563104
2025-07-21,117687,2025072101005513,NBL,South Asian Bulls Pvt. Ltd.,Sri Hari Securities Pvt. Ltd.,209,297.0,62073.0,2025-07-21 11:32:24.669396
2025-07-21,117686,2025072101005514,NBL,South Asian Bulls Pvt. Ltd.,Capital Max Securities Ltd,191,297.5,56822.5,2025-07-21 11:32:24.669650
2025-07-21,116455,2025072101005811,NBL,South Asian Bulls Pvt. Ltd.,Capital Max Securities Ltd,300,297.9,89370.0,2025-07-21 11:34:36.337878
2025-07-21,116454,2025072101005812,NBL,South Asian Bulls Pvt. Ltd.,Naasa Securities Co. Ltd.,100,297.9,29790.0,2025-07-21 11:34:36.338097
2025-07-21,116453,2025072101005813,NBL,South Asian Bulls Pvt. Ltd.,Creative Securities Pvt Ltd,600,298.0,178800.0,2025-07-21 11:34:36.338187
2025-07-21,116424,2025072101005818,NBL,Sani Securities Company Ltd.,Sri Hari Securities Pvt. Ltd.,20,297.1,5942.0,2025-07-21 11:34:39.500438
2025-07-21,116423,2025072101005819,NBL,K.B.L. Securities Limited ,Sri Hari Securities Pvt. Ltd.,162,297.1,48130.2,2025-07-21 11:34:39.500672
2025-07-21,115624,2025072101005987,NBL,K.B.L. Securities Limited ,Deevyaa Securities & Stock House Pvt. Ltd,700,297.1,207970.0,2025-07-21 11:35:57.585493
2025-07-21,115531,2025072101006022,NBL,Property Wiard Limited,Capital Max Securities Ltd,70,297.5,20825.0,2025-07-21 11:36:07.866826
2025-07-21,115530,2025072101006023,NBL,Property Wiard Limited,Kalika Securities Pvt. Ltd.,50,297.5,14875.0,2025-07-21 11:36:07.867260
2025-07-21,115529,2025072101006024,NBL,Property Wiard Limited,Midas Stock Broking Company Private Limited,500,298.0,149000.0,2025-07-21 11:36:07.867533
2025-07-21,115528,2025072101006025,NBL,Property Wiard Limited,Naasa Securities Co. Ltd.,39,298.0,11622.0,2025-07-21 11:36:07.867834
2025-07-21,115527,2025072101006026,NBL,Property Wiard Limited,Himalayan Brokerage Company Limited,4341,298.0,1293618.0,2025-07-21 11:36:07.868108
2025-07-21,115381,2025072101006074,NBL,K.B.L. Securities Limited ,Online Securities Pvt. Ltd.,10,297.1,2971.0,2025-07-21 11:36:15.304129
2025-07-21,115372,2025072101006078,NBL,Trishakti Securities Public Limited,Himalayan Brokerage Company Limited,459,298.0,136782.0,2025-07-21 11:36:16.561769
2025-07-21,115371,2025072101006079,NBL,Trishakti Securities Public Limited,Naasa Securities Co. Ltd.,200,298.0,59600.0,2025-07-21 11:36:16.561974
2025-07-21,115370,2025072101006080,NBL,Trishakti Securities Public Limited,Oxford Securities Pvt. Ltd.,203,298.0,60494.0,2025-07-21 11:36:16.562068
2025-07-21,114693,2025072101006234,NBL,Trishakti Securities Public Limited,Kalika Securities Pvt. Ltd.,30,298.0,8940.0,2025-07-21 11:37:20.732220
2025-07-21,114481,2025072101006286,NBL,Trishakti Securities Public Limited,Ashutosh Brokerage & Securities (PVT) Ltd.,108,298.0,32184.0,2025-07-21 11:37:39.901643
2025-07-21,114047,2025072101006386,NBL,Dipshikha Dhitopatra Karobar Co. Pvt Ltd.,Ashutosh Brokerage & Securities (PVT) Ltd.,92,298.0,27416.0,2025-07-21 11:38:18.153658
2025-07-21,113738,2025072101006449,NBL,Dipshikha Dhitopatra Karobar Co. Pvt Ltd.,Imperial Securities Company Pvt. Ltd.,50,298.0,14900.0,2025-07-21 11:38:52.385251
2025-07-21,113145,2025072101006577,NBL,Dipshikha Dhitopatra Karobar Co. Pvt Ltd.,Opal Securities Investment (PVT) Ltd.,358,298.0,106684.0,2025-07-21 11:40:00.900227
2025-07-21,113144,2025072101006578,NBL,K.B.L. Securities Limited ,Opal Securities Investment (PVT) Ltd.,128,297.1,38028.8,2025-07-21 11:40:00.900279
2025-07-21,113143,2025072101006579,NBL,South Asian Bulls Pvt. Ltd.,Opal Securities Investment (PVT) Ltd.,300,297.0,89100.0,2025-07-21 11:40:00.900336
2025-07-21,113142,2025072101006580,NBL,Naasa Securities Co. Ltd.,Opal Securities Investment (PVT) Ltd.,14,297.0,4158.0,2025-07-21 11:40:00.900378
2025-07-21,113141,2025072101006581,NBL,Sumeru Securities Pvt. Ltd.,Opal Securities Investment (PVT) Ltd.,10,296.5,2965.0,2025-07-21 11:40:00.900410
2025-07-21,113140,2025072101006582,NBL,Oxford Securities Pvt. Ltd.,Opal Securities Investment (PVT) Ltd.,100,296.1,29610.0,2025-07-21 11:40:00.900440
2025-07-21,113139,2025072101006583,NBL,Dipshikha Dhitopatra Karobar Co. Pvt Ltd.,Opal Securities Investment (PVT) Ltd.,90,296.1,26649.0,2025-07-21 11:40:00.900469
2025-07-21,113050,2025072101006610,NBL,Pragyan Securities (PVT) Ltd.,Sagarmatha Securities Private Limited,100,298.4,29840.0,2025-07-21 11:40:13.508465
2025-07-21,112755,2025072101006692,NBL,Aryatara Investment & Securities,Sagarmatha Securities Private Limited,228,298.4,68035.2,2025-07-21 11:40:52.392682
2025-07-21,112754,2025072101006693,NBL,Aryatara Investment & Securities,Agrawal Securities (PVT) Ltd.,72,298.5,21492.0,2025-07-21 11:40:52.393197
2025-07-21,112467,2025072101006753,NBL,Naasa Securities Co. Ltd.,Agrawal Securities (PVT) Ltd.,178,298.5,53133.0,2025-07-21 11:41:18.861264
2025-07-21,112466,2025072101006754,NBL,Naasa Securities Co. Ltd.,Online Securities Pvt. Ltd.,657,298.9,196377.3,2025-07-21 11:41:18.861505
2025-07-21,111187,2025072101007061,NBL,Pragyan Securities (PVT) Ltd.,Linch Stock Market Ltd.,111,298.9,33177.9,2025-07-21 11:43:39.505560
2025-07-21,110784,2025072101007172,NBL,Dipshikha Dhitopatra Karobar Co. Pvt Ltd.,SUN SECURITIES PVT LTD,50,299.0,14950.0,2025-07-21 11:44:15.604323
2025-07-21,110783,2025072101007173,NBL,Dipshikha Dhitopatra Karobar Co. Pvt Ltd.,Vision Securities Pvt. Ltd,85,299.0,25415.0,2025-07-21 11:44:15.604737
2025-07-21,110782,2025072101007174,NBL,Dipshikha Dhitopatra Karobar Co. Pvt Ltd.,Naasa Securities Co. Ltd.,58,299.0,17342.0,2025-07-21 11:44:15.605067
2025-07-21,110643,2025072101007197,NBL,Aryatara Investment & Securities,Indira securities pvt. ltd,500,299.5,149750.0,2025-07-21 11:44:23.589789
2025-07-21,110364,2025072101007242,NBL,Pragyan Securities (PVT) Ltd.,Vision Securities Pvt. Ltd,10,299.8,2998.0,2025-07-21 11:44:44.164763
2025-07-21,110363,2025072101007243,NBL,Pragyan Securities (PVT) Ltd.,Aryatara Investment & Securities,395,299.9,118460.5,2025-07-21 11:44:44.164981
2025-07-21,110362,2025072101007244,NBL,Pragyan Securities (PVT) Ltd.,Oxford Securities Pvt. Ltd.,484,299.9,145151.6,2025-07-21 11:44:44.165084
2025-07-21,109856,2025072101007365,NBL,Dipshikha Dhitopatra Karobar Co. Pvt Ltd.,Imperial Securities Company Pvt. Ltd.,132,299.0,39468.0,2025-07-21 11:45:33.851982
2025-07-21,109855,2025072101007366,NBL,Sumeru Securities Pvt. Ltd.,Imperial Securities Company Pvt. Ltd.,100,299.0,29900.0,2025-07-21 11:45:33.852214
2025-07-21,109695,2025072101007399,NBL,Himalayan Brokerage Company Limited,Imperial Securities Company Pvt. Ltd.,268,299.0,80132.0,2025-07-21 11:45:51.071664
2025-07-21,109694,2025072101007400,NBL,Himalayan Brokerage Company Limited,Opal Securities Investment (PVT) Ltd.,232,299.5,69484.0,2025-07-21 11:45:51.071894
2025-07-21,109570,2025072101007413,NBL,Sri Hari Securities Pvt. Ltd.,Opal Securities Investment (PVT) Ltd.,68,299.5,20366.0,2025-07-21 11:46:00.852609
2025-07-21,109569,2025072101007414,NBL,Sri Hari Securities Pvt. Ltd.,Oxford Securities Pvt. Ltd.,143,299.9,42885.7,2025-07-21 11:46:00.852839
2025-07-21,109568,2025072101007415,NBL,Sri Hari Securities Pvt. Ltd.,Dynamic Money Managers Securities Pvt. Ltd.,300,299.9,89970.0,2025-07-21 11:46:00.852969
2025-07-21,109567,2025072101007416,NBL,Sri Hari Securities Pvt. Ltd.,Linch Stock Market Ltd.,300,300.0,90000.0,2025-07-21 11:46:00.853124
2025-07-21,109566,2025072101007417,NBL,Sri Hari Securities Pvt. Ltd.,Cristal Kanchanjanga Securites Pvt. Ltd.,1000,300.0,300000.0,2025-07-21 11:46:00.853254
2025-07-21,109565,2025072101007418,NBL,Sri Hari Securities Pvt. Ltd.,Thrive Brokerage House Pvt. Ltd,54,300.0,16200.0,2025-07-21 11:46:00.853357
2025-07-21,109564,2025072101007419,NBL,Sri Hari Securities Pvt. Ltd.,Sani Securities Company Ltd.,135,300.0,40500.0,2025-07-21 11:46:00.853485
2025-07-21,109460,2025072101007457,NBL,Cristal Kanchanjanga Securites Pvt. Ltd.,Sani Securities Company Ltd.,65,300.0,19500.0,2025-07-21 11:46:11.614109
2025-07-21,109459,2025072101007458,NBL,Cristal Kanchanjanga Securites Pvt. Ltd.,Deevyaa Securities & Stock House Pvt. Ltd,400,300.0,120000.0,2025-07-21 11:46:11.614324
2025-07-21,109458,2025072101007459,NBL,Cristal Kanchanjanga Securites Pvt. Ltd.,Agrawal Securities (PVT) Ltd.,200,300.0,60000.0,2025-07-21 11:46:11.614416
2025-07-21,109457,2025072101007460,NBL,Cristal Kanchanjanga Securites Pvt. Ltd.,Sani Securities Company Ltd.,835,300.0,250500.0,2025-07-21 11:46:11.614504
2025-07-21,109416,2025072101007468,NBL,Online Securities Pvt. Ltd.,Sani Securities Company Ltd.,10,300.0,3000.0,2025-07-21 11:46:16.180377
2025-07-21,109252,2025072101007511,NBL,Sipla Securities Private Limited,Sani Securities Company Ltd.,155,300.0,46500.0,2025-07-21 11:46:33.324167
2025-07-21,109251,2025072101007512,NBL,Sipla Securities Private Limited,Asian Securities Private Ltd.,500,300.0,150000.0,2025-07-21 11:46:33.324588
2025-07-21,109250,2025072101007513,NBL,Sipla Securities Private Limited,Dipshikha Dhitopatra Karobar Co. Pvt Ltd.,66,300.0,19800.0,2025-07-21 11:46:33.324875
2025-07-21,109249,2025072101007514,NBL,Sipla Securities Private Limited,Vision Securities Pvt. Ltd,100,300.0,30000.0,2025-07-21 11:46:33.325168
2025-07-21,109248,2025072101007515,NBL,Sipla Securities Private Limited,Bhrikuti Stock Broking Co. Pvt. Ltd.,50,300.0,15000.0,2025-07-21 11:46:33.325425
2025-07-21,109247,2025072101007516,NBL,Sipla Securities Private Limited,Sewa Securities Pvt. Ltd.,629,300.0,188700.0,2025-07-21 11:46:33.325666
2025-07-21,109234,2025072101007522,NBL,K.B.L. Securities Limited ,Sewa Securities Pvt. Ltd.,371,300.0,111300.0,2025-07-21 11:46:34.882536
2025-07-21,109233,2025072101007523,NBL,K.B.L. Securities Limited ,Sri Hari Securities Pvt. Ltd.,50,300.0,15000.0,2025-07-21 11:46:34.882783
2025-07-21,109232,2025072101007524,NBL,K.B.L. Securities Limited ,Online Securities Pvt. Ltd.,20,300.0,6000.0,2025-07-21 11:46:34.882880
2025-07-21,109231,2025072101007525,NBL,K.B.L. Securities Limited ,Shree Krishna Securities Ltd.,200,300.0,60000.0,2025-07-21 11:46:34.882969
2025-07-21,109230,2025072101007526,NBL,K.B.L. Securities Limited ,Siprabi Securities Pvt. Ltd.,50,300.0,15000.0,2025-07-21 11:46:34.883079
2025-07-21,109229,2025072101007527,NBL,K.B.L. Securities Limited ,Primo Securities (PVT) Ltd.,250,300.0,75000.0,2025-07-21 11:46:34.883185
2025-07-21,109228,2025072101007528,NBL,K.B.L. Securities Limited ,Creative Securities Pvt Ltd,59,300.0,17700.0,2025-07-21 11:46:34.883270
2025-07-21,108823,2025072101007629,NBL,Shree Krishna Securities Ltd.,Secured Securities Ltd.,1000,298.2,298200.0,2025-07-21 11:47:14.569446
2025-07-21,108822,2025072101007630,NBL,Vision Securities Pvt. Ltd,Secured Securities Ltd.,10,298.1,2981.0,2025-07-21 11:47:14.569874
2025-07-21,108821,2025072101007631,NBL,Naasa Securities Co. Ltd.,Secured Securities Ltd.,30,298.1,8943.0,2025-07-21 11:47:14.570173
2025-07-21,108820,2025072101007632,NBL,Trishakti Securities Public Limited,Secured Securities Ltd.,100,298.1,29810.0,2025-07-21 11:47:14.570482
2025-07-21,108819,2025072101007633,NBL,Nepal Investment And Securities Trading Private Limited,Secured Securities Ltd.,20,298.0,5960.0,2025-07-21 11:47:14.570735
2025-07-21,108818,2025072101007634,NBL,Shree Krishna Securities Ltd.,Secured Securities Ltd.,20,298.0,5960.0,2025-07-21 11:47:14.571009
2025-07-21,108817,2025072101007635,NBL,K.B.L. Securities Limited ,Secured Securities Ltd.,500,298.0,149000.0,2025-07-21 11:47:14.571365
2025-07-21,108816,2025072101007636,NBL,K.B.L. Securities Limited ,Secured Securities Ltd.,1000,297.1,297100.0,2025-07-21 11:47:14.571642
2025-07-21,108815,2025072101007637,NBL,Kumari Securities Private Limited,Secured Securities Ltd.,910,297.0,270270.0,2025-07-21 11:47:14.571929
2025-07-21,108709,2025072101007662,NBL,Kumari Securities Private Limited,Secured Securities Ltd.,10,297.0,2970.0,2025-07-21 11:47:24.408940
2025-07-21,108147,2025072101007805,NBL,Bhrikuti Stock Broking Co. Pvt. Ltd.,Secured Securities Ltd.,100,299.0,29900.0,2025-07-21 11:48:11.104861
2025-07-21,107115,2025072101008082,NBL,MILKY WAY SHARE BROKER COMPANY LTD ,Linch Stock Market Ltd.,100,299.9,29990.0,2025-07-21 11:49:33.589066
2025-07-21,106925,2025072101008122,NBL,Imperial Securities Company Pvt. Ltd.,Linch Stock Market Ltd.,290,299.9,86971.0,2025-07-21 11:49:52.468958
2025-07-21,106111,2025072101008414,NBL,Linch Stock Market Ltd.,Siprabi Securities Pvt. Ltd.,116,299.6,34753.6,2025-07-21 11:51:01.192109
2025-07-21,106110,2025072101008415,NBL,Linch Stock Market Ltd.,Linch Stock Market Ltd.,610,299.9,182939.0,2025-07-21 11:51:01.192336
2025-07-21,106109,2025072101008416,NBL,Linch Stock Market Ltd.,Linch Stock Market Ltd.,100,299.9,29990.0,2025-07-21 11:51:01.192427
2025-07-21,106108,2025072101008417,NBL,Linch Stock Market Ltd.,Imperial Securities Company Pvt. Ltd.,524,299.9,157147.6,2025-07-21 11:51:01.192513
2025-07-21,105612,2025072101008516,NBL,N.M.B. SECURITIES LIMITED,Trishakti Securities Public Limited,20,299.2,5984.0,2025-07-21 11:51:39.703618
2025-07-21,105439,2025072101008543,NBL,Cristal Kanchanjanga Securites Pvt. Ltd.,Imperial Securities Company Pvt. Ltd.,300,299.9,89970.0,2025-07-21 11:51:58.021710
2025-07-21,105297,2025072101008575,NBL,Agrawal Securities (PVT) Ltd.,Imperial Securities Company Pvt. Ltd.,50,299.9,14995.0,2025-07-21 11:52:04.566794
2025-07-21,105080,2025072101008633,NBL,N.M.B. SECURITIES LIMITED,Primo Securities (PVT) Ltd.,980,299.2,293216.0,2025-07-21 11:52:25.505798
2025-07-21,105079,2025072101008634,NBL,Sewa Securities Pvt. Ltd.,Primo Securities (PVT) Ltd.,150,299.1,44865.0,2025-07-21 11:52:25.506000
2025-07-21,105078,2025072101008635,NBL,Trisul Securities & Invt. Ltd.,Primo Securities (PVT) Ltd.,500,299.0,149500.0,2025-07-21 11:52:25.506100
2025-07-21,105077,2025072101008636,NBL,Bhrikuti Stock Broking Co. Pvt. Ltd.,Primo Securities (PVT) Ltd.,320,299.0,95680.0,2025-07-21 11:52:25.506188
2025-07-21,105025,2025072101008644,NBL,Secured Securities Ltd.,Primo Securities (PVT) Ltd.,50,299.0,14950.0,2025-07-21 11:52:30.861410
2025-07-21,105024,2025072101008645,NBL,Secured Securities Ltd.,Imperial Securities Company Pvt. Ltd.,126,299.9,37787.4,2025-07-21 11:52:30.861824
2025-07-21,105023,2025072101008646,NBL,Secured Securities Ltd.,J.F. Securites (PVT) Ltd.,824,299.9,247117.6,2025-07-21 11:52:30.862101
2025-07-21,104124,2025072101008880,NBL,Vision Securities Pvt. Ltd,Secured Securities Ltd.,61,299.0,18239.0,2025-07-21 11:54:05.282718
2025-07-21,104017,2025072101008923,NBL,Vision Securities Pvt. Ltd,Thrive Brokerage House Pvt. Ltd,20,299.0,5980.0,2025-07-21 11:54:21.277052
2025-07-21,103780,2025072101009016,NBL,Sani Securities Company Ltd.,Dynamic Money Managers Securities Pvt. Ltd.,15,299.1,4486.5,2025-07-21 11:54:46.475501
2025-07-21,103779,2025072101009017,NBL,Vision Securities Pvt. Ltd,Dynamic Money Managers Securities Pvt. Ltd.,19,299.0,5681.0,2025-07-21 11:54:46.475934
2025-07-21,103766,2025072101009019,NBL,Sweta Securities Private Limited,Dynamic Money Managers Securities Pvt. Ltd.,100,299.0,29900.0,2025-07-21 11:54:47.990945
2025-07-21,103595,2025072101009052,NBL,Oxford Securities Pvt. Ltd.,Aryatara Investment & Securities,100,298.0,29800.0,2025-07-21 11:55:04.596691
2025-07-21,103448,2025072101009091,NBL,Sani Securities Company Ltd.,Dynamic Money Managers Securities Pvt. Ltd.,387,299.0,115713.0,2025-07-21 11:55:25.269657
2025-07-21,103447,2025072101009092,NBL,Sani Securities Company Ltd.,Primo Securities (PVT) Ltd.,2000,299.8,599600.0,2025-07-21 11:55:25.270139
2025-07-21,103446,2025072101009093,NBL,Sani Securities Company Ltd.,Naasa Securities Co. Ltd.,900,299.8,269820.0,2025-07-21 11:55:25.270463
2025-07-21,103445,2025072101009094,NBL,Sani Securities Company Ltd.,Creative Securities Pvt Ltd,1041,300.0,312300.0,2025-07-21 11:55:25.270740
2025-07-21,103444,2025072101009095,NBL,Sani Securities Company Ltd.,Dipshikha Dhitopatra Karobar Co. Pvt Ltd.,20,300.0,6000.0,2025-07-21 11:55:25.271012
2025-07-21,103443,2025072101009096,NBL,Sani Securities Company Ltd.,Creative Securities Pvt Ltd,14,300.0,4200.0,2025-07-21 11:55:25.271293
2025-07-21,103442,2025072101009097,NBL,Sani Securities Company Ltd.,Naasa Securities Co. Ltd.,120,300.0,36000.0,2025-07-21 11:55:25.271568
2025-07-21,103441,2025072101009098,NBL,Sani Securities Company Ltd.,Trishakti Securities Public Limited,100,300.0,30000.0,2025-07-21 11:55:25.271824
2025-07-21,103440,2025072101009099,NBL,Sani Securities Company Ltd.,Trishakti Securities Public Limited,100,300.0,30000.0,2025-07-21 11:55:25.272084
2025-07-21,103439,2025072101009100,NBL,Sani Securities Company Ltd.,Sani Securities Company Ltd.,100,300.0,30000.0,2025-07-21 11:55:25.272348
2025-07-21,103438,2025072101009101,NBL,Sani Securities Company Ltd.,Dynamic Money Managers Securities Pvt. Ltd.,2218,300.0,665400.0,2025-07-21 11:55:25.272626
2025-07-21,103268,2025072101009135,NBL,Oxford Securities Pvt. Ltd.,Sri Hari Securities Pvt. Ltd.,377,298.0,112346.0,2025-07-21 11:55:44.076428
2025-07-21,102866,2025072101009260,NBL,Shree Krishna Securities Ltd.,Dynamic Money Managers Securities Pvt. Ltd.,30,300.0,9000.0,2025-07-21 11:56:25.662519
2025-07-21,102455,2025072101009382,NBL,Trishakti Securities Public Limited,Dipshikha Dhitopatra Karobar Co. Pvt Ltd.,1000,299.9,299900.0,2025-07-21 11:57:11.373143
2025-07-21,102454,2025072101009383,NBL,Trishakti Securities Public Limited,Dynamic Money Managers Securities Pvt. Ltd.,2252,300.0,675600.0,2025-07-21 11:57:11.373193
2025-07-21,102453,2025072101009384,NBL,Trishakti Securities Public Limited,Sweta Securities Private Limited,100,300.0,30000.0,2025-07-21 11:57:11.373224
2025-07-21,102452,2025072101009385,NBL,Trishakti Securities Public Limited,Primo Securities (PVT) Ltd.,695,300.0,208500.0,2025-07-21 11:57:11.373254
2025-07-21,102451,2025072101009386,NBL,Trishakti Securities Public Limited,Naasa Securities Co. Ltd.,15,300.0,4500.0,2025-07-21 11:57:11.373303
2025-07-21,102450,2025072101009387,NBL,Trishakti Securities Public Limited,Naasa Securities Co. Ltd.,938,300.0,281400.0,2025-07-21 11:57:11.373352
2025-07-21,101713,2025072101009537,NBL,Sani Securities Company Ltd.,Kalika Securities Pvt. Ltd.,20,299.0,5980.0,2025-07-21 11:58:16.113888
2025-07-21,101572,2025072101009561,NBL,Sani Securities Company Ltd.,Nepal Investment And Securities Trading Private Limited,16,299.9,4798.4,2025-07-21 11:58:28.677618
2025-07-21,101534,2025072101009577,NBL,Naasa Securities Co. Ltd.,Naasa Securities Co. Ltd.,35,300.0,10500.0,2025-07-21 11:58:33.761711
2025-07-21,101429,2025072101009611,NBL,Sani Securities Company Ltd.,Naasa Securities Co. Ltd.,206,300.0,61800.0,2025-07-21 11:58:42.539355
2025-07-21,101326,2025072101009640,NBL,Sani Securities Company Ltd.,Kohinoor Investment & Securities Pvt. Ltd.,200,299.9,59980.0,2025-07-21 11:58:54.081775
2025-07-21,101294,2025072101009648,NBL,Market Securities & Exchange (PVT) Ltd.,Naasa Securities Co. Ltd.,481,300.0,144300.0,2025-07-21 11:58:57.082600
2025-07-21,101293,2025072101009649,NBL,Market Securities & Exchange (PVT) Ltd.,Naasa Securities Co. Ltd.,19,300.0,5700.0,2025-07-21 11:58:57.082843
2025-07-21,100617,2025072101009815,NBL,Sani Securities Company Ltd.,Primo Securities (PVT) Ltd.,1986,299.9,595601.4,2025-07-21 11:59:55.452360
2025-07-21,99713,2025072101010038,NBL,Primo Securities (PVT) Ltd.,Trishakti Securities Public Limited,153,298.5,45670.5,2025-07-21 12:01:15.049314
2025-07-21,99294,2025072101010130,NBL,Secured Securities Ltd.,Primo Securities (PVT) Ltd.,14,299.9,4198.6,2025-07-21 12:01:50.478191
2025-07-21,99293,2025072101010131,NBL,Secured Securities Ltd.,Nepal Stock House (PVT) Ltd.,136,299.9,40786.4,2025-07-21 12:01:50.478434
2025-07-21,98336,2025072101010393,NBL,Siprabi Securities Pvt. Ltd.,Siprabi Securities Pvt. Ltd.,16,299.8,4796.8,2025-07-21 12:03:16.573169
2025-07-21,98335,2025072101010394,NBL,Siprabi Securities Pvt. Ltd.,Nepal Stock House (PVT) Ltd.,64,299.9,19193.6,2025-07-21 12:03:16.573452
2025-07-21,98334,2025072101010395,NBL,Siprabi Securities Pvt. Ltd.,Kohinoor Investment & Securities Pvt. Ltd.,20,299.9,5998.0,2025-07-21 12:03:16.573580
2025-07-21,98333,2025072101010396,NBL,Trishakti Securities Public Limited,Midas Stock Broking Company Private Limited,200,299.0,59800.0,2025-07-21 12:03:16.762094
2025-07-21,98332,2025072101010397,NBL,K.B.L. Securities Limited ,Midas Stock Broking Company Private Limited,400,298.1,119240.0,2025-07-21 12:03:16.762429
2025-07-21,97399,2025072101010638,NBL,K.B.L. Securities Limited ,Dynamic Money Managers Securities Pvt. Ltd.,100,298.1,29810.0,2025-07-21 12:04:51.197078
2025-07-21,97398,2025072101010639,NBL,Naasa Securities Co. Ltd.,Dynamic Money Managers Securities Pvt. Ltd.,50,298.1,14905.0,2025-07-21 12:04:51.197362
2025-07-21,97397,2025072101010640,NBL,Oxford Securities Pvt. Ltd.,Dynamic Money Managers Securities Pvt. Ltd.,223,298.0,66454.0,2025-07-21 12:04:51.197488
2025-07-21,97396,2025072101010641,NBL,MILKY WAY SHARE BROKER COMPANY LTD ,Dynamic Money Managers Securities Pvt. Ltd.,1000,298.0,298000.0,2025-07-21 12:04:51.197962
2025-07-21,97395,2025072101010642,NBL,Bhrikuti Stock Broking Co. Pvt. Ltd.,Dynamic Money Managers Securities Pvt. Ltd.,10,298.0,2980.0,2025-07-21 12:04:51.198276
2025-07-21,97394,2025072101010643,NBL,Elite Stock House Limited,Dynamic Money Managers Securities Pvt. Ltd.,50,298.0,14900.0,2025-07-21 12:04:51.198629
2025-07-21,97393,2025072101010644,NBL,Trishakti Securities Public Limited,Dynamic Money Managers Securities Pvt. Ltd.,1067,298.0,317966.0,2025-07-21 12:04:51.199002
2025-07-21,97384,2025072101010649,NBL,Trishakti Securities Public Limited,ABC Securities Private Limited,250,298.0,74500.0,2025-07-21 12:04:53.027556
2025-07-21,97253,2025072101010694,NBL,Trishakti Securities Public Limited,Kumari Securities Private Limited,281,298.0,83738.0,2025-07-21 12:05:07.202791
2025-07-21,96321,2025072101010944,NBL,Trishakti Securities Public Limited,Sagarmatha Securities Private Limited,500,298.0,149000.0,2025-07-21 12:07:01.126302
2025-07-21,95530,2025072101011170,NBL,Trishakti Securities Public Limited,Linch Stock Market Ltd.,80,298.0,23840.0,2025-07-21 12:08:41.180385
2025-07-21,94932,2025072101011313,NBL,Trishakti Securities Public Limited,Sani Securities Company Ltd.,116,298.0,34568.0,2025-07-21 12:10:07.613380
2025-07-21,93990,2025072101011548,NBL,Trishakti Securities Public Limited,Midas Stock Broking Company Private Limited,20,298.0,5960.0,2025-07-21 12:12:00.214503
2025-07-21,93682,2025072101011629,NBL,Trishakti Securities Public Limited,Sri Hari Securities Pvt. Ltd.,162,298.0,48276.0,2025-07-21 12:12:41.508035
2025-07-21,93318,2025072101011705,NBL,Imperial Securities Company Pvt. Ltd.,Kalika Securities Pvt. Ltd.,19,299.0,5681.0,2025-07-21 12:13:28.701464
2025-07-21,93317,2025072101011706,NBL,R.B.B. Securities Company Ltd,Kalika Securities Pvt. Ltd.,981,299.0,293319.0,2025-07-21 12:13:28.701995
2025-07-21,93073,2025072101011779,NBL,R.B.B. Securities Company Ltd,Primo Securities (PVT) Ltd.,2000,299.0,598000.0,2025-07-21 12:14:03.374903
2025-07-21,92801,2025072101011849,NBL,R.B.B. Securities Company Ltd,Aryatara Investment & Securities,19,299.0,5681.0,2025-07-21 12:14:42.114520
2025-07-21,92800,2025072101011850,NBL,Shree Krishna Securities Ltd.,Aryatara Investment & Securities,10,299.0,2990.0,2025-07-21 12:14:42.114857
2025-07-21,92799,2025072101011851,NBL,Kohinoor Investment & Securities Pvt. Ltd.,Aryatara Investment & Securities,971,298.5,289843.5,2025-07-21 12:14:42.114978
2025-07-21,92107,2025072101012026,NBL,Kohinoor Investment & Securities Pvt. Ltd.,Dynamic Money Managers Securities Pvt. Ltd.,229,298.5,68356.5,2025-07-21 12:16:11.956423
2025-07-21,91744,2025072101012121,NBL,Trishakti Securities Public Limited,Nepal Stock House (PVT) Ltd.,24,298.0,7152.0,2025-07-21 12:16:56.580163
2025-07-21,91743,2025072101012122,NBL,Naasa Securities Co. Ltd.,Nepal Stock House (PVT) Ltd.,35,298.0,10430.0,2025-07-21 12:16:56.580452
2025-07-21,91742,2025072101012123,NBL,Agrawal Securities (PVT) Ltd.,Nepal Stock House (PVT) Ltd.,15,298.0,4470.0,2025-07-21 12:16:56.580574
2025-07-21,91741,2025072101012124,NBL,Primo Securities (PVT) Ltd.,Nepal Stock House (PVT) Ltd.,82,298.0,24436.0,2025-07-21 12:16:56.580690
2025-07-21,91657,2025072101012143,NBL,Trisul Securities & Invt. Ltd.,Dynamic Money Managers Securities Pvt. Ltd.,1200,298.5,358200.0,2025-07-21 12:17:03.185002
2025-07-21,91143,2025072101012279,NBL,Kohinoor Investment & Securities Pvt. Ltd.,Dynamic Money Managers Securities Pvt. Ltd.,71,298.5,21193.5,2025-07-21 12:18:09.985557
2025-07-21,90961,2025072101012315,NBL,Primo Securities (PVT) Ltd.,Secured Securities Ltd.,150,298.0,44700.0,2025-07-21 12:18:32.811915
2025-07-21,90267,2025072101012472,NBL,Linch Stock Market Ltd.,Creative Securities Pvt Ltd,120,299.0,35880.0,2025-07-21 12:20:28.542092
2025-07-21,90266,2025072101012473,NBL,Primo Securities (PVT) Ltd.,Creative Securities Pvt Ltd,15,298.0,4470.0,2025-07-21 12:20:28.542394
2025-07-21,90265,2025072101012474,NBL,Sundhara Securities Limited,Creative Securities Pvt Ltd,810,298.0,241380.0,2025-07-21 12:20:28.542517
2025-07-21,90264,2025072101012475,NBL,Shree Krishna Securities Ltd.,Creative Securities Pvt Ltd,25,298.0,7450.0,2025-07-21 12:20:28.542639
2025-07-21,89749,2025072101012586,NBL,Oxford Securities Pvt. Ltd.,Creative Securities Pvt Ltd,30,298.0,8940.0,2025-07-21 12:21:46.573448
2025-07-21,89718,2025072101012597,NBL,Oxford Securities Pvt. Ltd.,Sundhara Securities Limited,170,298.0,50660.0,2025-07-21 12:21:54.201999
2025-07-21,89432,2025072101012675,NBL,Dynamic Money Managers Securities Pvt. Ltd.,Sundhara Securities Limited,500,298.0,149000.0,2025-07-21 12:22:39.674450
2025-07-21,89420,2025072101012677,NBL,Kohinoor Investment & Securities Pvt. Ltd.,Sundhara Securities Limited,10,298.0,2980.0,2025-07-21 12:22:40.805183
2025-07-21,89331,2025072101012710,NBL,Sri Hari Securities Pvt. Ltd.,Sundhara Securities Limited,100,298.0,29800.0,2025-07-21 12:22:57.959004
2025-07-21,89053,2025072101012784,NBL,South Asian Bulls Pvt. Ltd.,Sundhara Securities Limited,40,298.0,11920.0,2025-07-21 12:23:35.611465
2025-07-21,88849,2025072101012835,NBL,Sani Securities Company Ltd.,Aryatara Investment & Securities,15,297.9,4468.5,2025-07-21 12:24:05.158723
2025-07-21,88848,2025072101012836,NBL,Sani Securities Company Ltd.,Aryatara Investment & Securities,10,297.6,2976.0,2025-07-21 12:24:05.159494
2025-07-21,88847,2025072101012837,NBL,Siprabi Securities Pvt. Ltd.,Aryatara Investment & Securities,19,297.5,5652.5,2025-07-21 12:24:05.160126
2025-07-21,88597,2025072101012891,NBL,Dynamic Money Managers Securities Pvt. Ltd.,Sani Securities Company Ltd.,129,298.0,38442.0,2025-07-21 12:24:42.512460
2025-07-21,88596,2025072101012892,NBL,Dynamic Money Managers Securities Pvt. Ltd.,Kohinoor Investment & Securities Pvt. Ltd.,71,299.5,21264.5,2025-07-21 12:24:42.512794
2025-07-21,87876,2025072101013083,NBL,Sani Securities Company Ltd.,Vision Securities Pvt. Ltd,10,299.1,2991.0,2025-07-21 12:26:34.821086
2025-07-21,87875,2025072101013084,NBL,Ashutosh Brokerage & Securities (PVT) Ltd.,Vision Securities Pvt. Ltd,41,299.0,12259.0,2025-07-21 12:26:34.821392
2025-07-21,87635,2025072101013156,NBL,Ashutosh Brokerage & Securities (PVT) Ltd.,Opal Securities Investment (PVT) Ltd.,209,299.0,62491.0,2025-07-21 12:27:12.556057
2025-07-21,87512,2025072101013193,NBL,South Asian Bulls Pvt. Ltd.,Vision Securities Pvt. Ltd,500,299.4,149700.0,2025-07-21 12:27:33.239895
2025-07-21,87511,2025072101013194,NBL,South Asian Bulls Pvt. Ltd.,Sumeru Securities Pvt. Ltd.,500,299.4,149700.0,2025-07-21 12:27:33.240197
2025-07-21,87378,2025072101013235,NBL,South Asian Bulls Pvt. Ltd.,Aryatara Investment & Securities,500,299.4,149700.0,2025-07-21 12:27:52.053303
2025-07-21,86830,2025072101013392,NBL,Ashutosh Brokerage & Securities (PVT) Ltd.,Trishakti Securities Public Limited,100,299.0,29900.0,2025-07-21 12:29:07.734316
2025-07-21,85827,2025072101013651,NBL,Ashutosh Brokerage & Securities (PVT) Ltd.,J.F. Securites (PVT) Ltd.,108,299.0,32292.0,2025-07-21 12:31:14.566786
2025-07-21,85527,2025072101013747,NBL,Ashutosh Brokerage & Securities (PVT) Ltd.,Thrive Brokerage House Pvt. Ltd,500,299.0,149500.0,2025-07-21 12:31:47.729524
2025-07-21,84972,2025072101013895,NBL,Dynamic Money Managers Securities Pvt. Ltd.,Nepal Stock House (PVT) Ltd.,135,299.3,40405.5,2025-07-21 12:32:57.017598
2025-07-21,84971,2025072101013896,NBL,Dynamic Money Managers Securities Pvt. Ltd.,Trishakti Securities Public Limited,100,299.4,29940.0,2025-07-21 12:32:57.017951
2025-07-21,84970,2025072101013897,NBL,Dynamic Money Managers Securities Pvt. Ltd.,Kohinoor Investment & Securities Pvt. Ltd.,32,299.5,9584.0,2025-07-21 12:32:57.018118
2025-07-21,84969,2025072101013898,NBL,Dynamic Money Managers Securities Pvt. Ltd.,Nepal Investment And Securities Trading Private Limited,250,299.5,74875.0,2025-07-21 12:32:57.018253
2025-07-21,84968,2025072101013899,NBL,Dynamic Money Managers Securities Pvt. Ltd.,Dynamic Money Managers Securities Pvt. Ltd.,13,299.6,3894.8,2025-07-21 12:32:57.018464
2025-07-21,84628,2025072101013979,NBL,Secured Securities Ltd.,Agrawal Securities (PVT) Ltd.,2000,299.5,599000.0,2025-07-21 12:33:37.942654
2025-07-21,84304,2025072101014060,NBL,Dipshikha Dhitopatra Karobar Co. Pvt Ltd.,Oxford Securities Pvt. Ltd.,65,299.1,19441.5,2025-07-21 12:34:22.799018
2025-07-21,84303,2025072101014061,NBL,Ashutosh Brokerage & Securities (PVT) Ltd.,Oxford Securities Pvt. Ltd.,42,299.0,12558.0,2025-07-21 12:34:22.799363
2025-07-21,84302,2025072101014062,NBL,Trishakti Securities Public Limited,Oxford Securities Pvt. Ltd.,1000,299.0,299000.0,2025-07-21 12:34:22.799517
2025-07-21,84301,2025072101014063,NBL,Asian Securities Private Ltd.,Oxford Securities Pvt. Ltd.,50,299.0,14950.0,2025-07-21 12:34:22.799673
2025-07-21,84300,2025072101014064,NBL,Oxford Securities Pvt. Ltd.,Oxford Securities Pvt. Ltd.,70,299.0,20930.0,2025-07-21 12:34:22.799829
2025-07-21,84134,2025072101014110,NBL,Nagarik Stock Dealer ,Nepal Stock House (PVT) Ltd.,300,298.0,89400.0,2025-07-21 12:34:43.812283
2025-07-21,83471,2025072101014305,NBL,Nagarik Stock Dealer ,Vision Securities Pvt. Ltd,700,298.0,208600.0,2025-07-21 12:35:53.184099
2025-07-21,82938,2025072101014453,NBL,Sani Securities Company Ltd.,Online Securities Pvt. Ltd.,20,297.6,5952.0,2025-07-21 12:36:52.389114
2025-07-21,82937,2025072101014454,NBL,Siprabi Securities Pvt. Ltd.,Online Securities Pvt. Ltd.,31,297.5,9222.5,2025-07-21 12:36:52.389457
2025-07-21,82936,2025072101014455,NBL,Sani Securities Company Ltd.,Online Securities Pvt. Ltd.,428,297.5,127330.0,2025-07-21 12:36:52.389601
2025-07-21,82856,2025072101014482,NBL,Sani Securities Company Ltd.,Vision Securities Pvt. Ltd,500,297.5,148750.0,2025-07-21 12:37:01.852819
2025-07-21,82506,2025072101014580,NBL,Sani Securities Company Ltd.,Naasa Securities Co. Ltd.,1294,297.5,384965.0,2025-07-21 12:37:42.953359
2025-07-21,82505,2025072101014581,NBL,Kumari Securities Private Limited,Naasa Securities Co. Ltd.,100,297.5,29750.0,2025-07-21 12:37:42.953674
2025-07-21,82504,2025072101014582,NBL,Ashutosh Brokerage & Securities (PVT) Ltd.,Naasa Securities Co. Ltd.,1000,297.4,297400.0,2025-07-21 12:37:42.953826
2025-07-21,82503,2025072101014583,NBL,MILKY WAY SHARE BROKER COMPANY LTD ,Naasa Securities Co. Ltd.,2000,297.3,594600.0,2025-07-21 12:37:42.954042
2025-07-21,82502,2025072101014584,NBL,ABC Securities Private Limited,Naasa Securities Co. Ltd.,10,297.2,2972.0,2025-07-21 12:37:42.954233
2025-07-21,82501,2025072101014585,NBL,Shree Krishna Securities Ltd.,Naasa Securities Co. Ltd.,595,297.1,176774.5,2025-07-21 12:37:42.954377
2025-07-21,82100,2025072101014682,NBL,Secured Securities Ltd.,Vision Securities Pvt. Ltd,300,298.0,89400.0,2025-07-21 12:38:24.503964
2025-07-21,82099,2025072101014683,NBL,Secured Securities Ltd.,BHOLE GANESH SECURITIES LTD,1000,298.0,298000.0,2025-07-21 12:38:24.504323
2025-07-21,82098,2025072101014684,NBL,Secured Securities Ltd.,ABC Securities Private Limited,700,298.0,208600.0,2025-07-21 12:38:24.504463
2025-07-21,81710,2025072101014786,NBL,Kohinoor Investment & Securities Pvt. Ltd.,Sani Securities Company Ltd.,18,297.2,5349.6,2025-07-21 12:39:06.718965
2025-07-21,81709,2025072101014787,NBL,Shree Krishna Securities Ltd.,Sani Securities Company Ltd.,405,297.1,120325.5,2025-07-21 12:39:06.719376
2025-07-21,81708,2025072101014788,NBL,Sumeru Securities Pvt. Ltd.,Sani Securities Company Ltd.,500,297.1,148550.0,2025-07-21 12:39:06.719665
2025-07-21,81707,2025072101014789,NBL,Kumari Securities Private Limited,Sani Securities Company Ltd.,80,297.0,23760.0,2025-07-21 12:39:06.719900
2025-07-21,81706,2025072101014790,NBL,Kumari Securities Private Limited,Sani Securities Company Ltd.,430,297.0,127710.0,2025-07-21 12:39:06.720138
2025-07-21,81604,2025072101014802,NBL,N.M.B. SECURITIES LIMITED,ABC Securities Private Limited,50,298.0,14900.0,2025-07-21 12:39:16.545211
2025-07-21,81344,2025072101014865,NBL,Kumari Securities Private Limited,Dynamic Money Managers Securities Pvt. Ltd.,114,297.0,33858.0,2025-07-21 12:39:39.848922
2025-07-21,81052,2025072101014932,NBL,Kumari Securities Private Limited,Deevyaa Securities & Stock House Pvt. Ltd,456,297.0,135432.0,2025-07-21 12:40:13.267294
2025-07-21,81051,2025072101014933,NBL,Sipla Securities Private Limited,Deevyaa Securities & Stock House Pvt. Ltd,544,297.0,161568.0,2025-07-21 12:40:13.267365
2025-07-21,80170,2025072101015152,NBL,Sani Securities Company Ltd.,Elite Stock House Limited,10,297.1,2971.0,2025-07-21 12:41:28.609599
2025-07-21,80169,2025072101015153,NBL,Sipla Securities Private Limited,Elite Stock House Limited,156,297.0,46332.0,2025-07-21 12:41:28.609945
2025-07-21,80168,2025072101015154,NBL,Oxford Securities Pvt. Ltd.,Elite Stock House Limited,30,297.0,8910.0,2025-07-21 12:41:28.610103
2025-07-21,80167,2025072101015155,NBL,Shree Krishna Securities Ltd.,Elite Stock House Limited,50,297.0,14850.0,2025-07-21 12:41:28.610245
2025-07-21,80166,2025072101015156,NBL,Sri Hari Securities Pvt. Ltd.,Elite Stock House Limited,13,297.0,3861.0,2025-07-21 12:41:28.610383
2025-07-21,80165,2025072101015157,NBL,Prabhu Stock Market Limited,Elite Stock House Limited,2641,297.0,784377.0,2025-07-21 12:41:28.610533
2025-07-21,79910,2025072101015231,NBL,Sri Hari Securities Pvt. Ltd.,Dipshikha Dhitopatra Karobar Co. Pvt Ltd.,800,297.0,237600.0,2025-07-21 12:41:52.572045
2025-07-21,79886,2025072101015241,NBL,Sri Hari Securities Pvt. Ltd.,Trishakti Securities Public Limited,66,297.0,19602.0,2025-07-21 12:41:56.621506
2025-07-21,79760,2025072101015271,NBL,Sri Hari Securities Pvt. Ltd.,Midas Stock Broking Company Private Limited,134,297.0,39798.0,2025-07-21 12:42:07.562209
2025-07-21,79759,2025072101015272,NBL,Naasa Securities Co. Ltd.,Midas Stock Broking Company Private Limited,190,297.0,56430.0,2025-07-21 12:42:07.562541
2025-07-21,79758,2025072101015273,NBL,Oxford Securities Pvt. Ltd.,Midas Stock Broking Company Private Limited,196,297.0,58212.0,2025-07-21 12:42:07.562681
2025-07-21,79744,2025072101015275,NBL,Oxford Securities Pvt. Ltd.,Aryatara Investment & Securities,292,297.0,86724.0,2025-07-21 12:42:09.330926
2025-07-21,79198,2025072101015419,NBL,Oxford Securities Pvt. Ltd.,Sani Securities Company Ltd.,500,297.0,148500.0,2025-07-21 12:42:58.296952
2025-07-21,77821,2025072101015808,NBL,Oxford Securities Pvt. Ltd.,Dynamic Money Managers Securities Pvt. Ltd.,12,297.0,3564.0,2025-07-21 12:45:19.335365
2025-07-21,77820,2025072101015809,NBL,Kohinoor Investment & Securities Pvt. Ltd.,Dynamic Money Managers Securities Pvt. Ltd.,102,297.0,30294.0,2025-07-21 12:45:19.336013
2025-07-21,77819,2025072101015810,NBL,Oxford Securities Pvt. Ltd.,Dynamic Money Managers Securities Pvt. Ltd.,100,296.3,29630.0,2025-07-21 12:45:19.336486
2025-07-21,77818,2025072101015811,NBL,Dynamic Money Managers Securities Pvt. Ltd.,Dynamic Money Managers Securities Pvt. Ltd.,200,296.2,59240.0,2025-07-21 12:45:19.336906
2025-07-21,77817,2025072101015812,NBL,Dipshikha Dhitopatra Karobar Co. Pvt Ltd.,Dynamic Money Managers Securities Pvt. Ltd.,410,296.1,121401.0,2025-07-21 12:45:19.337352
2025-07-21,77816,2025072101015813,NBL,Sani Securities Company Ltd.,Dynamic Money Managers Securities Pvt. Ltd.,176,296.0,52096.0,2025-07-21 12:45:19.337833
2025-07-21,77415,2025072101015937,NBL,Sani Securities Company Ltd.,Naasa Securities Co. Ltd.,20,296.0,5920.0,2025-07-21 12:45:53.773593
2025-07-21,76479,2025072101016163,NBL,Sani Securities Company Ltd.,Sundhara Securities Limited,1000,296.0,296000.0,2025-07-21 12:47:18.295668
2025-07-21,75473,2025072101016468,NBL,Sani Securities Company Ltd.,Aryatara Investment & Securities,10,296.1,2961.0,2025-07-21 12:49:03.731817
2025-07-21,75472,2025072101016469,NBL,Kohinoor Investment & Securities Pvt. Ltd.,Aryatara Investment & Securities,90,296.1,26649.0,2025-07-21 12:49:03.732152
2025-07-21,74868,2025072101016682,NBL,Sani Securities Company Ltd.,Naasa Securities Co. Ltd.,10,296.2,2962.0,2025-07-21 12:50:05.063669
2025-07-21,74867,2025072101016683,NBL,Kohinoor Investment & Securities Pvt. Ltd.,Naasa Securities Co. Ltd.,483,296.1,143016.3,2025-07-21 12:50:05.064368
2025-07-21,74696,2025072101016738,NBL,Kohinoor Investment & Securities Pvt. Ltd.,Asian Securities Private Ltd.,13,296.1,3849.3,2025-07-21 12:50:19.418606
2025-07-21,73846,2025072101016896,NBL,Kohinoor Investment & Securities Pvt. Ltd.,Online Securities Pvt. Ltd.,200,296.1,59220.0,2025-07-21 12:51:33.238710
2025-07-21,73691,2025072101016925,NBL,Kohinoor Investment & Securities Pvt. Ltd.,KALASH STOCK MARKET PVT. LTD.,714,296.1,211415.4,2025-07-21 12:51:48.353455
2025-07-21,73690,2025072101016926,NBL,Sani Securities Company Ltd.,KALASH STOCK MARKET PVT. LTD.,10,296.1,2961.0,2025-07-21 12:51:48.353792
2025-07-21,73689,2025072101016927,NBL,Sani Securities Company Ltd.,KALASH STOCK MARKET PVT. LTD.,215,296.0,63640.0,2025-07-21 12:51:48.353942
2025-07-21,73591,2025072101016946,NBL,Sani Securities Company Ltd.,Linch Stock Market Ltd.,123,296.0,36408.0,2025-07-21 12:51:59.060682
2025-07-21,73480,2025072101016985,NBL,Naasa Securities Co. Ltd.,Online Securities Pvt. Ltd.,100,296.1,29610.0,2025-07-21 12:52:10.804097
2025-07-21,73410,2025072101016998,NBL,Market Securities & Exchange (PVT) Ltd.,Online Securities Pvt. Ltd.,100,296.1,29610.0,2025-07-21 12:52:18.250079
2025-07-21,72776,2025072101017157,NBL,Sweta Securities Private Limited,Online Securities Pvt. Ltd.,340,296.1,100674.0,2025-07-21 12:53:54.610916
2025-07-21,72617,2025072101017207,NBL,Sweta Securities Private Limited,Dynamic Money Managers Securities Pvt. Ltd.,200,296.1,59220.0,2025-07-21 12:54:16.700418
2025-07-21,72452,2025072101017258,NBL,Imperial Securities Company Pvt. Ltd.,Aryatara Investment & Securities,100,296.9,29690.0,2025-07-21 12:54:34.656636
2025-07-21,72451,2025072101017259,NBL,Imperial Securities Company Pvt. Ltd.,Market Securities & Exchange (PVT) Ltd.,100,296.9,29690.0,2025-07-21 12:54:34.656988
2025-07-21,72450,2025072101017260,NBL,Imperial Securities Company Pvt. Ltd.,Pragyan Securities (PVT) Ltd.,500,297.0,148500.0,2025-07-21 12:54:34.657141
2025-07-21,72449,2025072101017261,NBL,Imperial Securities Company Pvt. Ltd.,APPLE SECURITIES PRIVATE LIMITED,4300,297.0,1277100.0,2025-07-21 12:54:34.657283
2025-07-21,72032,2025072101017337,NBL,Capital Max Securities Ltd,APPLE SECURITIES PRIVATE LIMITED,700,297.0,207900.0,2025-07-21 12:55:26.278662
2025-07-21,72031,2025072101017338,NBL,Capital Max Securities Ltd,Aryatara Investment & Securities,100,297.0,29700.0,2025-07-21 12:55:26.279014
2025-07-21,72030,2025072101017339,NBL,Capital Max Securities Ltd,APPLE SECURITIES PRIVATE LIMITED,2200,297.0,653400.0,2025-07-21 12:55:26.279168
2025-07-21,71781,2025072101017363,NBL,Sani Securities Company Ltd.,APPLE SECURITIES PRIVATE LIMITED,800,297.0,237600.0,2025-07-21 12:55:52.627880
2025-07-21,71780,2025072101017364,NBL,Sani Securities Company Ltd.,Sani Securities Company Ltd.,50,297.0,14850.0,2025-07-21 12:55:52.628251
2025-07-21,71494,2025072101017434,NBL,Sani Securities Company Ltd.,Nepal Stock House (PVT) Ltd.,72,297.0,21384.0,2025-07-21 12:56:25.806345
2025-07-21,71390,2025072101017459,NBL,Sani Securities Company Ltd.,Kohinoor Investment & Securities Pvt. Ltd.,48,297.0,14256.0,2025-07-21 12:56:43.269705
2025-07-21,71169,2025072101017524,NBL,Sani Securities Company Ltd.,Sewa Securities Pvt. Ltd.,30,297.0,8910.0,2025-07-21 12:57:16.632541
2025-07-21,71168,2025072101017525,NBL,Naasa Securities Co. Ltd.,Sewa Securities Pvt. Ltd.,15,297.0,4455.0,2025-07-21 12:57:16.633277
2025-07-21,71077,2025072101017556,NBL,Naasa Securities Co. Ltd.,Imperial Securities Company Pvt. Ltd.,85,297.0,25245.0,2025-07-21 12:57:30.618417
2025-07-21,71076,2025072101017557,NBL,Prabhu Stock Market Limited,Imperial Securities Company Pvt. Ltd.,415,296.5,123047.5,2025-07-21 12:57:30.619100
2025-07-21,71059,2025072101017564,NBL,Aryatara Investment & Securities,Primo Securities (PVT) Ltd.,300,297.5,89250.0,2025-07-21 12:57:33.150828
2025-07-21,70183,2025072101017781,NBL,South Asian Bulls Pvt. Ltd.,Primo Securities (PVT) Ltd.,100,297.5,29750.0,2025-07-21 12:59:44.511711
2025-07-21,69804,2025072101017878,NBL,Imperial Securities Company Pvt. Ltd.,Primo Securities (PVT) Ltd.,1312,297.5,390320.0,2025-07-21 13:00:34.299879
2025-07-21,69422,2025072101017982,NBL,Dipshikha Dhitopatra Karobar Co. Pvt Ltd.,Midas Stock Broking Company Private Limited,1,291.6,291.6,2025-07-21 13:01:48.561068
2025-07-21,69343,2025072101017994,NBL,Naasa Securities Co. Ltd.,Primo Securities (PVT) Ltd.,10,297.5,2975.0,2025-07-21 13:02:01.256182
2025-07-21,69330,2025072101018000,NBL,Naasa Securities Co. Ltd.,Primo Securities (PVT) Ltd.,278,297.5,82705.0,2025-07-21 13:02:04.329446
2025-07-21,69092,2025072101018058,NBL,Dipshikha Dhitopatra Karobar Co. Pvt Ltd.,South Asian Bulls Pvt. Ltd.,2,295.0,590.0,2025-07-21 13:02:45.103105
2025-07-21,68813,2025072101018119,NBL,Dipshikha Dhitopatra Karobar Co. Pvt Ltd.,Dakshinkali Investment & Securities Pvt. Ltd.,3,295.0,885.0,2025-07-21 13:03:27.525348
2025-07-21,68495,2025072101018189,NBL,Naasa Securities Co. Ltd.,Dynamic Money Managers Securities Pvt. Ltd.,222,297.5,66045.0,2025-07-21 13:04:16.996074
2025-07-21,68494,2025072101018190,NBL,Sri Hari Securities Pvt. Ltd.,Dynamic Money Managers Securities Pvt. Ltd.,130,297.5,38675.0,2025-07-21 13:04:16.996785
2025-07-21,68002,2025072101018315,NBL,Asian Securities Private Ltd.,Sumeru Securities Pvt. Ltd.,200,297.1,59420.0,2025-07-21 13:05:55.579692
2025-07-21,67450,2025072101018471,NBL,Market Securities & Exchange (PVT) Ltd.,Primo Securities (PVT) Ltd.,25,297.9,7447.5,2025-07-21 13:07:26.640141
2025-07-21,67375,2025072101018493,NBL,Prabhu Stock Market Limited,Naasa Securities Co. Ltd.,1169,297.3,347543.7,2025-07-21 13:07:44.955892
2025-07-21,67229,2025072101018511,NBL,Market Securities & Exchange (PVT) Ltd.,Primo Securities (PVT) Ltd.,25,297.9,7447.5,2025-07-21 13:08:04.910511
2025-07-21,66904,2025072101018585,NBL,Dipshikha Dhitopatra Karobar Co. Pvt Ltd.,Agrawal Securities (PVT) Ltd.,2,296.0,592.0,2025-07-21 13:08:46.527578
2025-07-21,66881,2025072101018588,NBL,Oxford Securities Pvt. Ltd.,Primo Securities (PVT) Ltd.,1950,297.9,580905.0,2025-07-21 13:08:48.428793
2025-07-21,66880,2025072101018589,NBL,Oxford Securities Pvt. Ltd.,Naasa Securities Co. Ltd.,50,297.9,14895.0,2025-07-21 13:08:48.429198
2025-07-21,66657,2025072101018661,NBL,Vision Securities Pvt. Ltd,Naasa Securities Co. Ltd.,74,297.9,22044.6,2025-07-21 13:09:30.002535
2025-07-21,66545,2025072101018699,NBL,Market Securities & Exchange (PVT) Ltd.,ABC Securities Private Limited,25,298.0,7450.0,2025-07-21 13:09:49.450795
2025-07-21,65815,2025072101018849,NBL,Vision Securities Pvt. Ltd,Vision Securities Pvt. Ltd,109,297.9,32471.1,2025-07-21 13:11:30.869703
2025-07-21,65700,2025072101018894,NBL,Kohinoor Investment & Securities Pvt. Ltd.,ABC Securities Private Limited,1968,298.0,586464.0,2025-07-21 13:11:51.957428
2025-07-21,65699,2025072101018895,NBL,Kohinoor Investment & Securities Pvt. Ltd.,Neev Securities Pvt. Ltd.,312,298.0,92976.0,2025-07-21 13:11:51.957816
2025-07-21,65698,2025072101018896,NBL,Kohinoor Investment & Securities Pvt. Ltd.,Naasa Securities Co. Ltd.,70,298.0,20860.0,2025-07-21 13:11:51.957979
2025-07-21,65697,2025072101018897,NBL,Kohinoor Investment & Securities Pvt. Ltd.,Imperial Securities Company Pvt. Ltd.,10,298.0,2980.0,2025-07-21 13:11:51.958143
2025-07-21,65696,2025072101018898,NBL,Kohinoor Investment & Securities Pvt. Ltd.,Premier Securities Company Ltd.,110,298.0,32780.0,2025-07-21 13:11:51.958301
2025-07-21,65695,2025072101018899,NBL,Kohinoor Investment & Securities Pvt. Ltd.,APPLE SECURITIES PRIVATE LIMITED,30,298.0,8940.0,2025-07-21 13:11:51.958460
2025-07-21,65504,2025072101018946,NBL,Creative Securities Pvt Ltd,APPLE SECURITIES PRIVATE LIMITED,60,298.0,17880.0,2025-07-21 13:12:20.001659
2025-07-21,65445,2025072101018964,NBL,Trishakti Securities Public Limited,APPLE SECURITIES PRIVATE LIMITED,500,298.0,149000.0,2025-07-21 13:12:33.853041
2025-07-21,65216,2025072101019017,NBL,Trishakti Securities Public Limited,APPLE SECURITIES PRIVATE LIMITED,277,298.0,82546.0,2025-07-21 13:13:04.051591
2025-07-21,65215,2025072101019018,NBL,Trishakti Securities Public Limited,Deevyaa Securities & Stock House Pvt. Ltd,100,298.0,29800.0,2025-07-21 13:13:04.052324
2025-07-21,65214,2025072101019019,NBL,Trishakti Securities Public Limited,Imperial Securities Company Pvt. Ltd.,100,298.0,29800.0,2025-07-21 13:13:04.052798
2025-07-21,65213,2025072101019020,NBL,Trishakti Securities Public Limited,Naasa Securities Co. Ltd.,100,298.0,29800.0,2025-07-21 13:13:04.053286
2025-07-21,65212,2025072101019021,NBL,Trishakti Securities Public Limited,Naasa Securities Co. Ltd.,35,298.0,10430.0,2025-07-21 13:13:04.053753
2025-07-21,65211,2025072101019022,NBL,Trishakti Securities Public Limited,Sumeru Securities Pvt. Ltd.,888,298.0,264624.0,2025-07-21 13:13:04.054233
2025-07-21,65012,2025072101019085,NBL,Trishakti Securities Public Limited,Sumeru Securities Pvt. Ltd.,112,298.0,33376.0,2025-07-21 13:13:41.331274
2025-07-21,64973,2025072101019087,NBL,Market Securities & Exchange (PVT) Ltd.,Linch Stock Market Ltd.,25,298.8,7470.0,2025-07-21 13:13:45.962942
2025-07-21,64870,2025072101019116,NBL,Vision Securities Pvt. Ltd,Sri Hari Securities Pvt. Ltd.,250,297.9,74475.0,2025-07-21 13:14:03.836540
2025-07-21,64136,2025072101019310,NBL,SUN SECURITIES PVT LTD,Kumari Securities Private Limited,999,298.0,297702.0,2025-07-21 13:16:15.412828
2025-07-21,63812,2025072101019393,NBL,Vision Securities Pvt. Ltd,Sri Hari Securities Pvt. Ltd.,67,297.9,19959.3,2025-07-21 13:17:03.053653
2025-07-21,63811,2025072101019394,NBL,Dipshikha Dhitopatra Karobar Co. Pvt Ltd.,Sri Hari Securities Pvt. Ltd.,100,297.8,29780.0,2025-07-21 13:17:03.054044
2025-07-21,63207,2025072101019558,NBL,Prabhu Stock Market Limited,Sani Securities Company Ltd.,500,297.3,148650.0,2025-07-21 13:18:47.937273
2025-07-21,61608,2025072101019980,NBL,Dipshikha Dhitopatra Karobar Co. Pvt Ltd.,Sri Hari Securities Pvt. Ltd.,2340,297.5,696150.0,2025-07-21 13:22:43.389221
2025-07-21,61543,2025072101020002,NBL,Prabhu Stock Market Limited,Nepal Stock House (PVT) Ltd.,155,297.3,46081.5,2025-07-21 13:22:53.633328
2025-07-21,61466,2025072101020013,NBL,Market Securities & Exchange (PVT) Ltd.,Naasa Securities Co. Ltd.,72,298.0,21456.0,2025-07-21 13:23:02.279847
2025-07-21,61465,2025072101020014,NBL,Market Securities & Exchange (PVT) Ltd.,J.F. Securites (PVT) Ltd.,50,298.0,14900.0,2025-07-21 13:23:02.280605
2025-07-21,61464,2025072101020015,NBL,Market Securities & Exchange (PVT) Ltd.,Kohinoor Investment & Securities Pvt. Ltd.,300,298.0,89400.0,2025-07-21 13:23:02.281160
2025-07-21,61282,2025072101020055,NBL,Market Securities & Exchange (PVT) Ltd.,Online Securities Pvt. Ltd.,50,298.0,14900.0,2025-07-21 13:23:39.644734
2025-07-21,60650,2025072101020197,NBL,Dipshikha Dhitopatra Karobar Co. Pvt Ltd.,Sani Securities Company Ltd.,1,293.0,293.0,2025-07-21 13:25:16.790076
2025-07-21,60246,2025072101020346,NBL,Market Securities & Exchange (PVT) Ltd.,Kohinoor Investment & Securities Pvt. Ltd.,200,298.3,59660.0,2025-07-21 13:26:09.557966
2025-07-21,59352,2025072101020628,NBL,Market Securities & Exchange (PVT) Ltd.,Sharepro Securities Private Limited,28,298.0,8344.0,2025-07-21 13:28:42.472202
2025-07-21,59351,2025072101020629,NBL,Naasa Securities Co. Ltd.,Sharepro Securities Private Limited,65,298.0,19370.0,2025-07-21 13:28:42.472580
2025-07-21,59142,2025072101020701,NBL,Prabhu Stock Market Limited,Sri Hari Securities Pvt. Ltd.,120,297.3,35676.0,2025-07-21 13:29:11.703895
2025-07-21,59141,2025072101020702,NBL,Premier Securities Company Ltd.,Sri Hari Securities Pvt. Ltd.,200,297.3,59460.0,2025-07-21 13:29:11.704399
2025-07-21,59140,2025072101020703,NBL,Sumeru Securities Pvt. Ltd.,Sri Hari Securities Pvt. Ltd.,10,297.2,2972.0,2025-07-21 13:29:11.704690
2025-07-21,59139,2025072101020704,NBL,Asian Securities Private Ltd.,Sri Hari Securities Pvt. Ltd.,670,297.1,199057.0,2025-07-21 13:29:11.704932
2025-07-21,58996,2025072101020751,NBL,Arun Securities (PVT) Ltd.,Sri Hari Securities Pvt. Ltd.,300,297.9,89370.0,2025-07-21 13:29:33.910196
2025-07-21,58957,2025072101020756,NBL,Sweta Securities Private Limited,Sri Hari Securities Pvt. Ltd.,15,297.9,4468.5,2025-07-21 13:29:39.939254
2025-07-21,58894,2025072101020771,NBL,Asian Securities Private Ltd.,Premier Securities Company Ltd.,130,297.1,38623.0,2025-07-21 13:29:49.498763
2025-07-21,58893,2025072101020772,NBL,Sumeru Securities Pvt. Ltd.,Premier Securities Company Ltd.,10,297.0,2970.0,2025-07-21 13:29:49.498869
2025-07-21,58892,2025072101020773,NBL,Kohinoor Investment & Securities Pvt. Ltd.,Premier Securities Company Ltd.,60,297.0,17820.0,2025-07-21 13:29:49.498941
2025-07-21,58881,2025072101020776,NBL,Kohinoor Investment & Securities Pvt. Ltd.,Linch Stock Market Ltd.,20,297.0,5940.0,2025-07-21 13:29:51.530238
2025-07-21,58880,2025072101020777,NBL,Naasa Securities Co. Ltd.,Linch Stock Market Ltd.,10,297.0,2970.0,2025-07-21 13:29:51.530607
2025-07-21,58879,2025072101020778,NBL,Naasa Securities Co. Ltd.,Linch Stock Market Ltd.,745,297.0,221265.0,2025-07-21 13:29:51.530770
2025-07-21,58704,2025072101020831,NBL,Naasa Securities Co. Ltd.,Opal Securities Investment (PVT) Ltd.,200,297.0,59400.0,2025-07-21 13:30:18.515929
2025-07-21,58563,2025072101020874,NBL,Naasa Securities Co. Ltd.,Secured Securities Ltd.,375,297.0,111375.0,2025-07-21 13:30:37.920364
2025-07-21,58498,2025072101020895,NBL,Naasa Securities Co. Ltd.,Trishakti Securities Public Limited,10,297.0,2970.0,2025-07-21 13:30:50.206616
2025-07-21,58497,2025072101020896,NBL,Sani Securities Company Ltd.,Trishakti Securities Public Limited,10,296.8,2968.0,2025-07-21 13:30:50.207011
2025-07-21,58496,2025072101020897,NBL,Nagarik Stock Dealer ,Trishakti Securities Public Limited,1000,296.7,296700.0,2025-07-21 13:30:50.207215
2025-07-21,58000,2025072101021069,NBL,Secured Securities Ltd.,Imperial Securities Company Pvt. Ltd.,10,296.2,2962.0,2025-07-21 13:32:02.220864
2025-07-21,57961,2025072101021078,NBL,Secured Securities Ltd.,Thrive Brokerage House Pvt. Ltd,31,296.2,9182.2,2025-07-21 13:32:08.366545
2025-07-21,57700,2025072101021134,NBL,Market Securities & Exchange (PVT) Ltd.,Trishakti Securities Public Limited,200,296.7,59340.0,2025-07-21 13:32:43.232099
2025-07-21,57344,2025072101021272,NBL,Secured Securities Ltd.,Naasa Securities Co. Ltd.,100,296.2,29620.0,2025-07-21 13:33:36.289239
2025-07-21,57060,2025072101021331,NBL,Market Securities & Exchange (PVT) Ltd.,Online Securities Pvt. Ltd.,200,296.5,59300.0,2025-07-21 13:34:25.852738
2025-07-21,57017,2025072101021345,NBL,Secured Securities Ltd.,Naasa Securities Co. Ltd.,100,296.2,29620.0,2025-07-21 13:34:32.898419
2025-07-21,56801,2025072101021409,NBL,Secured Securities Ltd.,Dynamic Money Managers Securities Pvt. Ltd.,500,296.2,148100.0,2025-07-21 13:35:10.975699
2025-07-21,56719,2025072101021422,NBL,Secured Securities Ltd.,Sumeru Securities Pvt. Ltd.,100,296.2,29620.0,2025-07-21 13:35:25.611513
2025-07-21,56560,2025072101021454,NBL,Secured Securities Ltd.,Dipshikha Dhitopatra Karobar Co. Pvt Ltd.,100,296.2,29620.0,2025-07-21 13:35:47.967180
2025-07-21,56531,2025072101021461,NBL,Market Securities & Exchange (PVT) Ltd.,Online Securities Pvt. Ltd.,55,296.5,16307.5,2025-07-21 13:35:51.269128
2025-07-21,56305,2025072101021486,NBL,Sani Securities Company Ltd.,Imperial Securities Company Pvt. Ltd.,10,296.3,2963.0,2025-07-21 13:36:09.143837
2025-07-21,56304,2025072101021487,NBL,Secured Securities Ltd.,Imperial Securities Company Pvt. Ltd.,490,296.2,145138.0,2025-07-21 13:36:09.144254
2025-07-21,56027,2025072101021564,NBL,Secured Securities Ltd.,Trisul Securities & Invt. Ltd.,35,296.2,10367.0,2025-07-21 13:36:55.610005
2025-07-21,55738,2025072101021655,NBL,Market Securities & Exchange (PVT) Ltd.,Trishakti Securities Public Limited,20,296.7,5934.0,2025-07-21 13:37:43.906549
2025-07-21,55679,2025072101021689,NBL,SUN SECURITIES PVT LTD,Sundhara Securities Limited,60,296.3,17778.0,2025-07-21 13:37:54.253847
2025-07-21,54576,2025072101022009,NBL,SUN SECURITIES PVT LTD,Primo Securities (PVT) Ltd.,220,296.3,65186.0,2025-07-21 13:40:26.983323
2025-07-21,54237,2025072101022112,NBL,Imperial Securities Company Pvt. Ltd.,Trishakti Securities Public Limited,20,296.7,5934.0,2025-07-21 13:41:14.782517
2025-07-21,54192,2025072101022122,NBL,Blue Chip Securities Ltd,Trishakti Securities Public Limited,85,296.7,25219.5,2025-07-21 13:41:22.499601
2025-07-21,54096,2025072101022139,NBL,Blue Chip Securities Ltd,Naasa Securities Co. Ltd.,34,296.7,10087.8,2025-07-21 13:41:34.729234
2025-07-21,54001,2025072101022195,NBL,Market Securities & Exchange (PVT) Ltd.,Oxford Securities Pvt. Ltd.,25,297.0,7425.0,2025-07-21 13:41:46.469048
2025-07-21,53454,2025072101022283,NBL,Blue Chip Securities Ltd,Kalika Securities Pvt. Ltd.,31,296.7,9197.7,2025-07-21 13:42:47.308194
2025-07-21,53016,2025072101022379,NBL,Market Securities & Exchange (PVT) Ltd.,Oxford Securities Pvt. Ltd.,25,297.0,7425.0,2025-07-21 13:43:53.293557
2025-07-21,52945,2025072101022399,NBL,Oxford Securities Pvt. Ltd.,Online Securities Pvt. Ltd.,75,296.5,22237.5,2025-07-21 13:44:01.567300
2025-07-21,52893,2025072101022416,NBL,Oxford Securities Pvt. Ltd.,ABC Securities Private Limited,144,296.5,42696.0,2025-07-21 13:44:05.976624
2025-07-21,52033,2025072101022576,NBL,Market Securities & Exchange (PVT) Ltd.,Naasa Securities Co. Ltd.,25,297.5,7437.5,2025-07-21 13:45:41.816261
2025-07-21,51601,2025072101022680,NBL,Sani Securities Company Ltd.,Naasa Securities Co. Ltd.,15,297.5,4462.5,2025-07-21 13:46:43.448455
2025-07-21,51508,2025072101022698,NBL,Sharepro Securities Private Limited,Naasa Securities Co. Ltd.,60,297.5,17850.0,2025-07-21 13:47:00.721918
2025-07-21,51507,2025072101022699,NBL,Sharepro Securities Private Limited,Sri Hari Securities Pvt. Ltd.,40,297.9,11916.0,2025-07-21 13:47:00.722364
2025-07-21,50762,2025072101022895,NBL,Imperial Securities Company Pvt. Ltd.,Aryatara Investment & Securities,100,297.8,29780.0,2025-07-21 13:48:34.563721
2025-07-21,50675,2025072101022908,NBL,Imperial Securities Company Pvt. Ltd.,Kohinoor Investment & Securities Pvt. Ltd.,15,297.8,4467.0,2025-07-21 13:48:44.434346
2025-07-21,50626,2025072101022919,NBL,Sani Securities Company Ltd.,Primo Securities (PVT) Ltd.,15,297.9,4468.5,2025-07-21 13:48:49.979061
2025-07-21,50300,2025072101022961,NBL,Oxford Securities Pvt. Ltd.,Primo Securities (PVT) Ltd.,781,297.9,232659.9,2025-07-21 13:49:22.184164
2025-07-21,50159,2025072101022984,NBL,Oxford Securities Pvt. Ltd.,Primo Securities (PVT) Ltd.,1000,297.9,297900.0,2025-07-21 13:49:33.266985
2025-07-21,50008,2025072101023004,NBL,Thrive Brokerage House Pvt. Ltd,Primo Securities (PVT) Ltd.,204,297.9,60771.6,2025-07-21 13:49:45.911482
2025-07-21,49888,2025072101023017,NBL,Sani Securities Company Ltd.,Opal Securities Investment (PVT) Ltd.,1000,298.0,298000.0,2025-07-21 13:49:56.569425
2025-07-21,48357,2025072101023369,NBL,Secured Securities Ltd.,Malla & Malla Stock Broking Company Pvt. Limited,23,298.3,6860.9,2025-07-21 13:52:13.640158
2025-07-21,48029,2025072101023447,NBL,Aryatara Investment & Securities,Malla & Malla Stock Broking Company Pvt. Limited,27,298.3,8054.1,2025-07-21 13:52:38.787408
2025-07-21,48028,2025072101023448,NBL,Aryatara Investment & Securities,Linch Stock Market Ltd.,30,298.3,8949.0,2025-07-21 13:52:38.787807
2025-07-21,47670,2025072101023514,NBL,Aryatara Investment & Securities,Sweta Securities Private Limited,43,298.4,12831.2,2025-07-21 13:53:14.424271
2025-07-21,47172,2025072101023654,NBL,Imperial Securities Company Pvt. Ltd.,Oxford Securities Pvt. Ltd.,100,298.0,29800.0,2025-07-21 13:54:14.821166
2025-07-21,47060,2025072101023666,NBL,Dakshinkali Investment & Securities Pvt. Ltd.,Oxford Securities Pvt. Ltd.,100,298.0,29800.0,2025-07-21 13:54:26.562104
2025-07-21,46156,2025072101023880,NBL,Vision Securities Pvt. Ltd,Oxford Securities Pvt. Ltd.,180,298.0,53640.0,2025-07-21 13:56:13.330120
2025-07-21,46155,2025072101023881,NBL,Vision Securities Pvt. Ltd,Kumari Securities Private Limited,120,298.0,35760.0,2025-07-21 13:56:13.330987
2025-07-21,46069,2025072101023897,NBL,Imperial Securities Company Pvt. Ltd.,ABC Securities Private Limited,35,297.8,10423.0,2025-07-21 13:56:27.461527
2025-07-21,46068,2025072101023898,NBL,Shree Krishna Securities Ltd.,ABC Securities Private Limited,165,297.6,49104.0,2025-07-21 13:56:27.462363
2025-07-21,46067,2025072101023899,NBL,Deevyaa Securities & Stock House Pvt. Ltd,ABC Securities Private Limited,300,297.5,89250.0,2025-07-21 13:56:27.462890
2025-07-21,45602,2025072101024033,NBL,Miyo Securities Pvt Ltd,Premier Securities Company Ltd.,26,297.1,7724.6,2025-07-21 13:57:25.970465
2025-07-21,45456,2025072101024059,NBL,Miyo Securities Pvt Ltd,Kohinoor Investment & Securities Pvt. Ltd.,95,297.1,28224.5,2025-07-21 13:57:39.427283
2025-07-21,44527,2025072101024204,NBL,Market Securities & Exchange (PVT) Ltd.,Kumari Securities Private Limited,25,298.0,7450.0,2025-07-21 13:58:58.094260
2025-07-21,43964,2025072101024323,NBL,Aryatara Investment & Securities,Kumari Securities Private Limited,195,298.0,58110.0,2025-07-21 13:59:53.585645
2025-07-21,43685,2025072101024353,NBL,Trishakti Securities Public Limited,Kumari Securities Private Limited,560,298.0,166880.0,2025-07-21 14:00:14.111133
2025-07-21,43684,2025072101024354,NBL,Trishakti Securities Public Limited,Primo Securities (PVT) Ltd.,200,298.0,59600.0,2025-07-21 14:00:14.111622
2025-07-21,43683,2025072101024355,NBL,Trishakti Securities Public Limited,Naasa Securities Co. Ltd.,25,298.0,7450.0,2025-07-21 14:00:14.111981
2025-07-21,43452,2025072101024400,NBL,Market Securities & Exchange (PVT) Ltd.,Sweta Securities Private Limited,25,298.4,7460.0,2025-07-21 14:00:30.542816
2025-07-21,42595,2025072101024608,NBL,MILKY WAY SHARE BROKER COMPANY LTD ,Sweta Securities Private Limited,132,298.4,39388.8,2025-07-21 14:02:06.054608
2025-07-21,42594,2025072101024609,NBL,MILKY WAY SHARE BROKER COMPANY LTD ,Sri Hari Securities Pvt. Ltd.,645,298.4,192468.0,2025-07-21 14:02:06.055041
2025-07-21,42593,2025072101024610,NBL,MILKY WAY SHARE BROKER COMPANY LTD ,Swarna Laxmi Securities Pvt. Ltd.,100,298.5,29850.0,2025-07-21 14:02:06.055226
2025-07-21,42592,2025072101024611,NBL,MILKY WAY SHARE BROKER COMPANY LTD ,Sani Securities Company Ltd.,1000,298.5,298500.0,2025-07-21 14:02:06.055411
2025-07-21,42591,2025072101024612,NBL,MILKY WAY SHARE BROKER COMPANY LTD ,Kumari Securities Private Limited,10,298.8,2988.0,2025-07-21 14:02:06.055602
2025-07-21,42590,2025072101024613,NBL,MILKY WAY SHARE BROKER COMPANY LTD ,Kohinoor Investment & Securities Pvt. Ltd.,113,298.8,33764.4,2025-07-21 14:02:06.055784
2025-07-21,41884,2025072101024816,NBL,Dipshikha Dhitopatra Karobar Co. Pvt Ltd.,Nepal Stock House (PVT) Ltd.,9,296.2,2665.8,2025-07-21 14:03:14.627569
2025-07-21,41748,2025072101024826,NBL,Nepal Investment And Securities Trading Private Limited,Aryatara Investment & Securities,300,298.2,89460.0,2025-07-21 14:03:23.650807
2025-07-21,41747,2025072101024827,NBL,Shree Krishna Securities Ltd.,Aryatara Investment & Securities,700,298.1,208670.0,2025-07-21 14:03:23.651318
2025-07-21,41724,2025072101024833,NBL,Trisul Securities & Invt. Ltd.,Kohinoor Investment & Securities Pvt. Ltd.,10,298.8,2988.0,2025-07-21 14:03:25.381412
2025-07-21,41033,2025072101024957,NBL,Sewa Securities Pvt. Ltd.,Kohinoor Investment & Securities Pvt. Ltd.,877,298.8,262047.6,2025-07-21 14:04:35.050453
2025-07-21,40936,2025072101024973,NBL,Sewa Securities Pvt. Ltd.,Sharepro Securities Private Limited,423,298.8,126392.4,2025-07-21 14:04:49.419379
2025-07-21,40935,2025072101024974,NBL,Trishakti Securities Public Limited,Sharepro Securities Private Limited,10215,298.0,3044070.0,2025-07-21 14:04:49.419795
2025-07-21,40934,2025072101024975,NBL,Aryatara Investment & Securities,Sharepro Securities Private Limited,200,298.0,59600.0,2025-07-21 14:04:49.419984
2025-07-21,40933,2025072101024976,NBL,Linch Stock Market Ltd.,Sharepro Securities Private Limited,100,298.0,29800.0,2025-07-21 14:04:49.420175
2025-07-21,40644,2025072101025045,NBL,Trisul Securities & Invt. Ltd.,Imperial Securities Company Pvt. Ltd.,87,297.2,25856.4,2025-07-21 14:05:23.254808
2025-07-21,38812,2025072101025386,NBL,Miyo Securities Pvt Ltd,Primo Securities (PVT) Ltd.,379,297.1,112600.9,2025-07-21 14:08:38.480843
2025-07-21,38811,2025072101025387,NBL,Premier Securities Company Ltd.,Primo Securities (PVT) Ltd.,150,297.1,44565.0,2025-07-21 14:08:38.481292
2025-07-21,38810,2025072101025388,NBL,Deevyaa Securities & Stock House Pvt. Ltd,Primo Securities (PVT) Ltd.,700,297.0,207900.0,2025-07-21 14:08:38.481480
2025-07-21,38809,2025072101025389,NBL,Kohinoor Investment & Securities Pvt. Ltd.,Primo Securities (PVT) Ltd.,40,297.0,11880.0,2025-07-21 14:08:38.481661
2025-07-21,38808,2025072101025390,NBL,Aryatara Investment & Securities,Primo Securities (PVT) Ltd.,500,297.0,148500.0,2025-07-21 14:08:38.481842
2025-07-21,38807,2025072101025391,NBL,Trisul Securities & Invt. Ltd.,Primo Securities (PVT) Ltd.,50,297.0,14850.0,2025-07-21 14:08:38.482038
2025-07-21,38460,2025072101025459,NBL,Secured Securities Ltd.,Primo Securities (PVT) Ltd.,100,297.0,29700.0,2025-07-21 14:09:23.143990
2025-07-21,37683,2025072101025649,NBL,Secured Securities Ltd.,Primo Securities (PVT) Ltd.,81,297.0,24057.0,2025-07-21 14:11:00.939693
2025-07-21,37682,2025072101025650,NBL,Secured Securities Ltd.,Primo Securities (PVT) Ltd.,453,297.5,134767.5,2025-07-21 14:11:00.940123
2025-07-21,37141,2025072101025748,NBL,Trishakti Securities Public Limited,Vision Securities Pvt. Ltd,50,297.0,14850.0,2025-07-21 14:11:57.803457
2025-07-21,36689,2025072101025839,NBL,Trishakti Securities Public Limited,Aryatara Investment & Securities,1387,297.0,411939.0,2025-07-21 14:12:49.361848
2025-07-21,36531,2025072101025863,NBL,Trishakti Securities Public Limited,Sri Hari Securities Pvt. Ltd.,2400,297.0,712800.0,2025-07-21 14:13:06.952239
2025-07-21,36260,2025072101025928,NBL,Trishakti Securities Public Limited,ABC Securities Private Limited,1163,297.0,345411.0,2025-07-21 14:13:33.887642
2025-07-21,36259,2025072101025929,NBL,Pragyan Securities (PVT) Ltd.,ABC Securities Private Limited,500,297.0,148500.0,2025-07-21 14:13:33.888077
2025-07-21,36258,2025072101025930,NBL,Sweta Securities Private Limited,ABC Securities Private Limited,657,297.0,195129.0,2025-07-21 14:13:33.888277
2025-07-21,35988,2025072101026013,NBL,Sweta Securities Private Limited,Blue Chip Securities Ltd,343,297.0,101871.0,2025-07-21 14:14:05.059154
2025-07-21,35368,2025072101026129,NBL,Nepal Investment And Securities Trading Private Limited,Blue Chip Securities Ltd,50,297.0,14850.0,2025-07-21 14:15:07.384954
2025-07-21,35302,2025072101026137,NBL,Sewa Securities Pvt. Ltd.,Blue Chip Securities Ltd,607,297.0,180279.0,2025-07-21 14:15:15.486460
2025-07-21,35301,2025072101026138,NBL,Sewa Securities Pvt. Ltd.,Online Securities Pvt. Ltd.,10,297.0,2970.0,2025-07-21 14:15:15.487397
2025-07-21,34771,2025072101026275,NBL,Sewa Securities Pvt. Ltd.,Trisul Securities & Invt. Ltd.,150,297.0,44550.0,2025-07-21 14:16:13.913500
2025-07-21,34245,2025072101026413,NBL,Sewa Securities Pvt. Ltd.,Sagarmatha Securities Private Limited,100,297.0,29700.0,2025-07-21 14:17:19.232239
2025-07-21,33027,2025072101026701,NBL,Sewa Securities Pvt. Ltd.,South Asian Bulls Pvt. Ltd.,133,297.0,39501.0,2025-07-21 14:19:31.707504
2025-07-21,32841,2025072101026768,NBL,Capital Max Securities Ltd,South Asian Bulls Pvt. Ltd.,14,297.0,4158.0,2025-07-21 14:19:51.785509
2025-07-21,32496,2025072101026868,NBL,Capital Max Securities Ltd,Naasa Securities Co. Ltd.,126,297.0,37422.0,2025-07-21 14:20:32.207261
2025-07-21,31448,2025072101027127,NBL,KALASH STOCK MARKET PVT. LTD.,Naasa Securities Co. Ltd.,31,297.0,9207.0,2025-07-21 14:22:13.479833
2025-07-21,31390,2025072101027150,NBL,KALASH STOCK MARKET PVT. LTD.,Sumeru Securities Pvt. Ltd.,119,297.0,35343.0,2025-07-21 14:22:20.164108
2025-07-21,31300,2025072101027177,NBL,Oxford Securities Pvt. Ltd.,Sumeru Securities Pvt. Ltd.,33,297.0,9801.0,2025-07-21 14:22:30.969479
2025-07-21,30455,2025072101027457,NBL,Online Securities Pvt. Ltd.,Malla & Malla Stock Broking Company Pvt. Limited,200,296.5,59300.0,2025-07-21 14:23:52.114439
2025-07-21,29740,2025072101027628,NBL,Online Securities Pvt. Ltd.,Linch Stock Market Ltd.,80,296.5,23720.0,2025-07-21 14:25:02.573811
2025-07-21,29651,2025072101027650,NBL,Online Securities Pvt. Ltd.,Naasa Securities Co. Ltd.,220,296.5,65230.0,2025-07-21 14:25:10.114840
2025-07-21,29650,2025072101027651,NBL,Trisul Securities & Invt. Ltd.,Naasa Securities Co. Ltd.,50,296.4,14820.0,2025-07-21 14:25:10.115278
2025-07-21,29649,2025072101027652,NBL,SUN SECURITIES PVT LTD,Naasa Securities Co. Ltd.,230,296.3,68149.0,2025-07-21 14:25:10.115504
2025-07-21,28987,2025072101027804,NBL,SUN SECURITIES PVT LTD,Sumeru Securities Pvt. Ltd.,200,296.3,59260.0,2025-07-21 14:26:18.388855
2025-07-21,28684,2025072101027877,NBL,Sani Securities Company Ltd.,Aryatara Investment & Securities,50,296.5,14825.0,2025-07-21 14:26:54.408354
2025-07-21,28617,2025072101027892,NBL,SUN SECURITIES PVT LTD,Neev Securities Pvt. Ltd.,289,296.3,85630.7,2025-07-21 14:27:00.712044
2025-07-21,28228,2025072101027965,NBL,Sani Securities Company Ltd.,South Asian Bulls Pvt. Ltd.,10,296.2,2962.0,2025-07-21 14:27:41.255145
2025-07-21,28227,2025072101027966,NBL,Primo Securities (PVT) Ltd.,South Asian Bulls Pvt. Ltd.,750,296.2,222150.0,2025-07-21 14:27:41.255182
2025-07-21,28226,2025072101027967,NBL,Hatemalo Financial Services Private Limited,South Asian Bulls Pvt. Ltd.,58,296.1,17173.8,2025-07-21 14:27:41.255214
2025-07-21,28225,2025072101027968,NBL,Imperial Securities Company Pvt. Ltd.,South Asian Bulls Pvt. Ltd.,182,296.1,53890.2,2025-07-21 14:27:41.255243
2025-07-21,27997,2025072101028014,NBL,Imperial Securities Company Pvt. Ltd.,Sani Securities Company Ltd.,100,296.1,29610.0,2025-07-21 14:28:06.167333
2025-07-21,27733,2025072101028084,NBL,Imperial Securities Company Pvt. Ltd.,Nepal Stock House (PVT) Ltd.,250,296.1,74025.0,2025-07-21 14:28:39.386369
2025-07-21,27732,2025072101028085,NBL,Imperial Securities Company Pvt. Ltd.,Nepal Stock House (PVT) Ltd.,250,296.1,74025.0,2025-07-21 14:28:39.390105
2025-07-21,27493,2025072101028168,NBL,Imperial Securities Company Pvt. Ltd.,Sani Securities Company Ltd.,138,296.1,40861.8,2025-07-21 14:29:03.533691
2025-07-21,27352,2025072101028204,NBL,Imperial Securities Company Pvt. Ltd.,Linch Stock Market Ltd.,200,296.1,59220.0,2025-07-21 14:29:19.974648
2025-07-21,26724,2025072101028359,NBL,K.B.L. Securities Limited ,Neev Securities Pvt. Ltd.,11,296.3,3259.3,2025-07-21 14:30:39.193930
2025-07-21,26720,2025072101028360,NBL,K.B.L. Securities Limited ,Kumari Securities Private Limited,100,296.3,29630.0,2025-07-21 14:30:39.690485
2025-07-21,26344,2025072101028478,NBL,K.B.L. Securities Limited ,Naasa Securities Co. Ltd.,100,296.3,29630.0,2025-07-21 14:31:24.974343
2025-07-21,26130,2025072101028543,NBL,K.B.L. Securities Limited ,Online Securities Pvt. Ltd.,589,296.3,174520.7,2025-07-21 14:31:44.302340
2025-07-21,26129,2025072101028544,NBL,Vision Securities Pvt. Ltd,Online Securities Pvt. Ltd.,911,296.3,269929.3,2025-07-21 14:31:44.303356
2025-07-21,26075,2025072101028568,NBL,Trishakti Securities Public Limited,Midas Stock Broking Company Private Limited,1000,296.5,296500.0,2025-07-21 14:31:49.325358
2025-07-21,26074,2025072101028569,NBL,Trishakti Securities Public Limited,Vision Securities Pvt. Ltd,200,296.9,59380.0,2025-07-21 14:31:49.325798
2025-07-21,26073,2025072101028570,NBL,Trishakti Securities Public Limited,Kohinoor Investment & Securities Pvt. Ltd.,400,296.9,118760.0,2025-07-21 14:31:49.326031
2025-07-21,26072,2025072101028571,NBL,Trishakti Securities Public Limited,Primo Securities (PVT) Ltd.,1400,296.9,415660.0,2025-07-21 14:31:49.326234
2025-07-21,26050,2025072101028574,NBL,Vision Securities Pvt. Ltd,Deevyaa Securities & Stock House Pvt. Ltd,100,296.3,29630.0,2025-07-21 14:31:52.159667
2025-07-21,25669,2025072101028664,NBL,Sani Securities Company Ltd.,Primo Securities (PVT) Ltd.,147,296.9,43644.3,2025-07-21 14:32:28.603167
2025-07-21,25536,2025072101028685,NBL,Sani Securities Company Ltd.,Malla & Malla Stock Broking Company Pvt. Limited,28,296.9,8313.2,2025-07-21 14:32:42.587420
2025-07-21,25535,2025072101028686,NBL,Cristal Kanchanjanga Securites Pvt. Ltd.,Malla & Malla Stock Broking Company Pvt. Limited,100,296.5,29650.0,2025-07-21 14:32:42.587867
2025-07-21,25534,2025072101028687,NBL,Vision Securities Pvt. Ltd,Malla & Malla Stock Broking Company Pvt. Limited,84,296.3,24889.2,2025-07-21 14:32:42.588072
2025-07-21,25011,2025072101028823,NBL,Dipshikha Dhitopatra Karobar Co. Pvt Ltd.,Thrive Brokerage House Pvt. Ltd,30,296.3,8889.0,2025-07-21 14:33:43.796770
2025-07-21,24926,2025072101028843,NBL,Dipshikha Dhitopatra Karobar Co. Pvt Ltd.,Midas Stock Broking Company Private Limited,180,296.3,53334.0,2025-07-21 14:33:57.424095
2025-07-21,24911,2025072101028851,NBL,Dipshikha Dhitopatra Karobar Co. Pvt Ltd.,Sweta Securities Private Limited,290,296.3,85927.0,2025-07-21 14:33:58.490279
2025-07-21,24865,2025072101028860,NBL,Nepal Stock House (PVT) Ltd.,Sweta Securities Private Limited,210,296.3,62223.0,2025-07-21 14:34:04.395594
2025-07-21,24497,2025072101028984,NBL,Nepal Stock House (PVT) Ltd.,Trisul Securities & Invt. Ltd.,1170,296.3,346671.0,2025-07-21 14:34:43.203150
2025-07-21,24081,2025072101029099,NBL,Nepal Stock House (PVT) Ltd.,Sanima Securities Limited,120,296.3,35556.0,2025-07-21 14:35:43.404189
2025-07-21,24080,2025072101029100,NBL,ABC Securities Private Limited,Sanima Securities Limited,1000,296.2,296200.0,2025-07-21 14:35:43.404639
2025-07-21,24079,2025072101029101,NBL,Imperial Securities Company Pvt. Ltd.,Sanima Securities Limited,880,296.1,260568.0,2025-07-21 14:35:43.404849
2025-07-21,24078,2025072101029102,NBL,Vision Securities Pvt. Ltd,Sanima Securities Limited,300,296.1,88830.0,2025-07-21 14:35:43.405052
2025-07-21,24077,2025072101029103,NBL,Secured Securities Ltd.,Sanima Securities Limited,300,296.1,88830.0,2025-07-21 14:35:43.405247
2025-07-21,24076,2025072101029104,NBL,MILKY WAY SHARE BROKER COMPANY LTD ,Sanima Securities Limited,1000,296.1,296100.0,2025-07-21 14:35:43.405457
2025-07-21,24075,2025072101029105,NBL,Naasa Securities Co. Ltd.,Sanima Securities Limited,100,296.0,29600.0,2025-07-21 14:35:43.405653
2025-07-21,24074,2025072101029106,NBL,Shree Krishna Securities Ltd.,Sanima Securities Limited,100,296.0,29600.0,2025-07-21 14:35:43.405873
2025-07-21,24073,2025072101029107,NBL,Aryatara Investment & Securities,Sanima Securities Limited,500,296.0,148000.0,2025-07-21 14:35:43.406077
2025-07-21,24072,2025072101029108,NBL,Deevyaa Securities & Stock House Pvt. Ltd,Sanima Securities Limited,400,296.0,118400.0,2025-07-21 14:35:43.406304
2025-07-21,24071,2025072101029109,NBL,Online Securities Pvt. Ltd.,Sanima Securities Limited,45,296.0,13320.0,2025-07-21 14:35:43.406511
2025-07-21,24070,2025072101029110,NBL,Sri Hari Securities Pvt. Ltd.,Sanima Securities Limited,10,296.0,2960.0,2025-07-21 14:35:43.406709
2025-07-21,24069,2025072101029111,NBL,Bhrikuti Stock Broking Co. Pvt. Ltd.,Sanima Securities Limited,200,296.0,59200.0,2025-07-21 14:35:43.406907
2025-07-21,24068,2025072101029112,NBL,SUN SECURITIES PVT LTD,Sanima Securities Limited,999,296.0,295704.0,2025-07-21 14:35:43.407114
2025-07-21,24067,2025072101029113,NBL,Swarna Laxmi Securities Pvt. Ltd.,Sanima Securities Limited,230,296.0,68080.0,2025-07-21 14:35:43.407303
2025-07-21,24066,2025072101029114,NBL,J.F. Securites (PVT) Ltd.,Sanima Securities Limited,200,296.0,59200.0,2025-07-21 14:35:43.407502
2025-07-21,24065,2025072101029115,NBL,Aryatara Investment & Securities,Sanima Securities Limited,516,296.0,152736.0,2025-07-21 14:35:43.407691
2025-07-21,23748,2025072101029229,NBL,Aryatara Investment & Securities,Oxford Securities Pvt. Ltd.,484,296.0,143264.0,2025-07-21 14:36:27.417436
2025-07-21,23747,2025072101029230,NBL,Sani Securities Company Ltd.,Oxford Securities Pvt. Ltd.,2222,296.0,657712.0,2025-07-21 14:36:27.417999
2025-07-21,23746,2025072101029231,NBL,Malla & Malla Stock Broking Company Pvt. Limited,Oxford Securities Pvt. Ltd.,100,296.0,29600.0,2025-07-21 14:36:27.418517
2025-07-21,23745,2025072101029232,NBL,Nepal Stock House (PVT) Ltd.,Oxford Securities Pvt. Ltd.,200,296.0,59200.0,2025-07-21 14:36:27.418888
2025-07-21,23744,2025072101029233,NBL,Trisul Securities & Invt. Ltd.,Oxford Securities Pvt. Ltd.,35,296.0,10360.0,2025-07-21 14:36:27.419254
2025-07-21,23743,2025072101029234,NBL,Ashutosh Brokerage & Securities (PVT) Ltd.,Oxford Securities Pvt. Ltd.,20,296.0,5920.0,2025-07-21 14:36:27.419582
2025-07-21,23742,2025072101029235,NBL,Nagarik Stock Dealer ,Oxford Securities Pvt. Ltd.,500,296.0,148000.0,2025-07-21 14:36:27.419939
2025-07-21,23741,2025072101029236,NBL,Nepal Investment And Securities Trading Private Limited,Oxford Securities Pvt. Ltd.,200,296.0,59200.0,2025-07-21 14:36:27.420288
2025-07-21,23740,2025072101029237,NBL,Trisul Securities & Invt. Ltd.,Oxford Securities Pvt. Ltd.,100,296.0,29600.0,2025-07-21 14:36:27.420632
2025-07-21,23739,2025072101029238,NBL,Imperial Securities Company Pvt. Ltd.,Oxford Securities Pvt. Ltd.,139,296.0,41144.0,2025-07-21 14:36:27.421061
2025-07-21,23057,2025072101029442,NBL,Imperial Securities Company Pvt. Ltd.,Oxford Securities Pvt. Ltd.,61,296.0,18056.0,2025-07-21 14:37:46.316692
2025-07-21,23056,2025072101029443,NBL,Online Securities Pvt. Ltd.,Oxford Securities Pvt. Ltd.,439,296.0,129944.0,2025-07-21 14:37:46.317741
2025-07-21,22465,2025072101029633,NBL,Online Securities Pvt. Ltd.,Online Securities Pvt. Ltd.,61,296.0,18056.0,2025-07-21 14:38:45.302327
2025-07-21,22464,2025072101029634,NBL,Oxford Securities Pvt. Ltd.,Online Securities Pvt. Ltd.,39,296.0,11544.0,2025-07-21 14:38:45.303378
2025-07-21,22296,2025072101029683,NBL,Oxford Securities Pvt. Ltd.,Kumari Securities Private Limited,961,296.0,284456.0,2025-07-21 14:39:04.198779
2025-07-21,22224,2025072101029710,NBL,Premier Securities Company Ltd.,Kumari Securities Private Limited,39,296.0,11544.0,2025-07-21 14:39:12.008332
2025-07-21,21618,2025072101029850,NBL,Premier Securities Company Ltd.,Asian Securities Private Ltd.,61,296.0,18056.0,2025-07-21 14:40:20.816306
2025-07-21,21617,2025072101029851,NBL,Sundhara Securities Limited,Asian Securities Private Ltd.,15,296.0,4440.0,2025-07-21 14:40:20.816799
2025-07-21,21616,2025072101029852,NBL,Premier Securities Company Ltd.,Asian Securities Private Ltd.,100,296.0,29600.0,2025-07-21 14:40:20.816995
2025-07-21,21615,2025072101029853,NBL,Secured Securities Ltd.,Asian Securities Private Ltd.,200,296.0,59200.0,2025-07-21 14:40:20.817196
2025-07-21,21614,2025072101029854,NBL,Sumeru Securities Pvt. Ltd.,Asian Securities Private Ltd.,10,295.8,2958.0,2025-07-21 14:40:20.817386
2025-07-21,21613,2025072101029855,NBL,J.F. Securites (PVT) Ltd.,Asian Securities Private Ltd.,1000,295.7,295700.0,2025-07-21 14:40:20.817575
2025-07-21,21612,2025072101029856,NBL,Sharepro Securities Private Limited,Asian Securities Private Ltd.,2364,295.5,698562.0,2025-07-21 14:40:20.817757
2025-07-21,21449,2025072101029894,NBL,Sharepro Securities Private Limited,Imperial Securities Company Pvt. Ltd.,995,295.5,294022.5,2025-07-21 14:40:35.636207
2025-07-21,21319,2025072101029917,NBL,Naasa Securities Co. Ltd.,Oxford Securities Pvt. Ltd.,100,296.0,29600.0,2025-07-21 14:40:49.618149
2025-07-21,20411,2025072101030129,NBL,Nepal Stock House (PVT) Ltd.,Oxford Securities Pvt. Ltd.,400,296.0,118400.0,2025-07-21 14:42:11.446777
2025-07-21,20410,2025072101030130,NBL,Nepal Stock House (PVT) Ltd.,Online Securities Pvt. Ltd.,100,296.0,29600.0,2025-07-21 14:42:11.447251
2025-07-21,20319,2025072101030151,NBL,Deevyaa Securities & Stock House Pvt. Ltd,Aryatara Investment & Securities,900,295.8,266220.0,2025-07-21 14:42:19.585301
2025-07-21,20224,2025072101030195,NBL,Capital Max Securities Ltd,Online Securities Pvt. Ltd.,50,296.0,14800.0,2025-07-21 14:42:28.356595
2025-07-21,20223,2025072101030196,NBL,Capital Max Securities Ltd,Sani Securities Company Ltd.,500,296.0,148000.0,2025-07-21 14:42:28.357042
2025-07-21,19856,2025072101030299,NBL,Asian Securities Private Ltd.,Market Securities & Exchange (PVT) Ltd.,387,296.1,114590.7,2025-07-21 14:43:07.379694
2025-07-21,19742,2025072101030345,NBL,Dipshikha Dhitopatra Karobar Co. Pvt Ltd.,Sundhara Securities Limited,100,296.8,29680.0,2025-07-21 14:43:18.015675
2025-07-21,19741,2025072101030346,NBL,Dipshikha Dhitopatra Karobar Co. Pvt Ltd.,Sewa Securities Pvt. Ltd.,300,296.9,89070.0,2025-07-21 14:43:18.016132
2025-07-21,19617,2025072101030378,NBL,Dipshikha Dhitopatra Karobar Co. Pvt Ltd.,Kumari Securities Private Limited,600,296.9,178140.0,2025-07-21 14:43:28.210055
