Date,S.N.,contract_id,symbol,buyer_broker,seller_broker,volume,price,amount,transaction_time
2025-07-21,138199,2025072101000136,PRVU,Naasa Securities Co. Ltd.,Nepal Investment And Securities Trading Private Limited,88,224.0,19712.0,2025-07-21 11:01:23.560278
2025-07-21,137830,2025072101000190,PRVU,Opal Securities Investment (PVT) Ltd.,Vision Securities Pvt. Ltd,50,223.0,11150.0,2025-07-21 11:02:11.371009
2025-07-21,137822,2025072101000193,PRVU,Secured Securities Ltd.,Vision Securities Pvt. Ltd,250,223.0,55750.0,2025-07-21 11:02:11.807886
2025-07-21,137821,2025072101000194,PRVU,Secured Securities Ltd.,Himalayan Brokerage Company Limited,150,223.9,33585.0,2025-07-21 11:02:11.807963
2025-07-21,137521,2025072101000254,PRVU,Trisul Securities & Invt. Ltd.,Sani Securities Company Ltd.,18,223.0,4014.0,2025-07-21 11:02:47.152888
2025-07-21,136770,2025072101000391,PRVU,Deevyaa Securities & Stock House Pvt. Ltd,Online Securities Pvt. Ltd.,500,222.1,111050.0,2025-07-21 11:04:11.959283
2025-07-21,136769,2025072101000392,PRVU,ABC Securities Private Limited,Online Securities Pvt. Ltd.,500,222.0,111000.0,2025-07-21 11:04:11.959395
2025-07-21,136669,2025072101000412,PRVU,ABC Securities Private Limited,Midas Stock Broking Company Private Limited,500,222.0,111000.0,2025-07-21 11:04:21.892930
2025-07-21,136668,2025072101000413,PRVU,Vision Securities Pvt. Ltd,Midas Stock Broking Company Private Limited,450,222.0,99900.0,2025-07-21 11:04:21.893010
2025-07-21,136667,2025072101000414,PRVU,Malla & Malla Stock Broking Company Pvt. Limited,Midas Stock Broking Company Private Limited,50,222.0,11100.0,2025-07-21 11:04:21.893057
2025-07-21,136604,2025072101000426,PRVU,Agrawal Securities (PVT) Ltd.,Sani Securities Company Ltd.,20,222.5,4450.0,2025-07-21 11:04:29.860826
2025-07-21,136592,2025072101000431,PRVU,Malla & Malla Stock Broking Company Pvt. Limited,Online Securities Pvt. Ltd.,130,222.0,28860.0,2025-07-21 11:04:32.104129
2025-07-21,136314,2025072101000496,PRVU,Ashutosh Brokerage & Securities (PVT) Ltd.,Secured Securities Ltd.,1000,222.1,222100.0,2025-07-21 11:05:04.632340
2025-07-21,136173,2025072101000517,PRVU,Ashutosh Brokerage & Securities (PVT) Ltd.,Sani Securities Company Ltd.,1000,222.1,222100.0,2025-07-21 11:05:13.456049
2025-07-21,136172,2025072101000518,PRVU,Malla & Malla Stock Broking Company Pvt. Limited,Sani Securities Company Ltd.,20,222.0,4440.0,2025-07-21 11:05:13.456114
2025-07-21,136171,2025072101000519,PRVU,Premier Securities Company Ltd.,Sani Securities Company Ltd.,50,221.1,11055.0,2025-07-21 11:05:13.456139
2025-07-21,136170,2025072101000520,PRVU,Dynamic Money Managers Securities Pvt. Ltd.,Sani Securities Company Ltd.,212,221.1,46873.2,2025-07-21 11:05:13.456162
2025-07-21,135967,2025072101000565,PRVU,Dynamic Money Managers Securities Pvt. Ltd.,Sani Securities Company Ltd.,62,221.1,13708.2,2025-07-21 11:05:33.740539
2025-07-21,135410,2025072101000702,PRVU,SUN SECURITIES PVT LTD,Sundhara Securities Limited,200,221.2,44240.0,2025-07-21 11:06:28.170230
2025-07-21,135409,2025072101000703,PRVU,Dynamic Money Managers Securities Pvt. Ltd.,Sundhara Securities Limited,800,221.1,176880.0,2025-07-21 11:06:28.170325
2025-07-21,134104,2025072101001029,PRVU,Primo Securities (PVT) Ltd.,Sumeru Securities Pvt. Ltd.,1000,221.2,221200.0,2025-07-21 11:08:13.917710
2025-07-21,134103,2025072101001030,PRVU,APPLE SECURITIES PRIVATE LIMITED,Sumeru Securities Pvt. Ltd.,200,221.2,44240.0,2025-07-21 11:08:13.917838
2025-07-21,134102,2025072101001031,PRVU,Dynamic Money Managers Securities Pvt. Ltd.,Sumeru Securities Pvt. Ltd.,926,221.1,204738.6,2025-07-21 11:08:13.917903
2025-07-21,134101,2025072101001032,PRVU,ABC Securities Private Limited,Sumeru Securities Pvt. Ltd.,1000,221.1,221100.0,2025-07-21 11:08:13.917954
2025-07-21,134100,2025072101001033,PRVU,Cristal Kanchanjanga Securites Pvt. Ltd.,Sumeru Securities Pvt. Ltd.,374,221.0,82654.0,2025-07-21 11:08:13.918006
2025-07-21,134034,2025072101001058,PRVU,Asian Securities Private Ltd.,Capital Max Securities Ltd,600,221.2,132720.0,2025-07-21 11:08:21.223516
2025-07-21,134033,2025072101001059,PRVU,Asian Securities Private Ltd.,Secured Securities Ltd.,400,221.4,88560.0,2025-07-21 11:08:21.223625
2025-07-21,133916,2025072101001088,PRVU,Naasa Securities Co. Ltd.,Secured Securities Ltd.,600,221.4,132840.0,2025-07-21 11:08:31.663520
2025-07-21,133807,2025072101001118,PRVU,Naasa Securities Co. Ltd.,Linch Stock Market Ltd.,135,221.4,29889.0,2025-07-21 11:08:41.568750
2025-07-21,133673,2025072101001148,PRVU,SUN SECURITIES PVT LTD,Aryatara Investment & Securities,270,221.5,59805.0,2025-07-21 11:08:56.640843
2025-07-21,133129,2025072101001326,PRVU,SUN SECURITIES PVT LTD,Vision Securities Pvt. Ltd,30,221.5,6645.0,2025-07-21 11:09:41.669389
2025-07-21,133111,2025072101001334,PRVU,Dipshikha Dhitopatra Karobar Co. Pvt Ltd.,Vision Securities Pvt. Ltd,470,221.5,104105.0,2025-07-21 11:09:43.660174
2025-07-21,132923,2025072101001399,PRVU,Dipshikha Dhitopatra Karobar Co. Pvt Ltd.,Dynamic Money Managers Securities Pvt. Ltd.,30,221.5,6645.0,2025-07-21 11:10:00.319684
2025-07-21,132644,2025072101001490,PRVU,Naasa Securities Co. Ltd.,Premier Securities Company Ltd.,265,221.4,58671.0,2025-07-21 11:10:27.942595
2025-07-21,132643,2025072101001491,PRVU,ABC Securities Private Limited,Premier Securities Company Ltd.,735,221.3,162655.5,2025-07-21 11:10:27.942722
2025-07-21,132581,2025072101001506,PRVU,Sagarmatha Securities Private Limited,Dynamic Money Managers Securities Pvt. Ltd.,50,221.5,11075.0,2025-07-21 11:10:34.532573
2025-07-21,132573,2025072101001510,PRVU,Dynamic Money Managers Securities Pvt. Ltd.,Dynamic Money Managers Securities Pvt. Ltd.,39,221.5,8638.5,2025-07-21 11:10:34.918367
2025-07-21,132572,2025072101001511,PRVU,Dynamic Money Managers Securities Pvt. Ltd.,Cristal Kanchanjanga Securites Pvt. Ltd.,30,221.5,6645.0,2025-07-21 11:10:34.918604
2025-07-21,132571,2025072101001512,PRVU,Dynamic Money Managers Securities Pvt. Ltd.,Sundhara Securities Limited,1537,221.5,340445.5,2025-07-21 11:10:34.918834
2025-07-21,132446,2025072101001554,PRVU,Dynamic Money Managers Securities Pvt. Ltd.,Naasa Securities Co. Ltd.,10,221.5,2215.0,2025-07-21 11:10:43.580748
2025-07-21,132056,2025072101001689,PRVU,Midas Stock Broking Company Private Limited,Asian Securities Private Ltd.,22,222.0,4884.0,2025-07-21 11:11:16.168295
2025-07-21,132055,2025072101001690,PRVU,Midas Stock Broking Company Private Limited,Sewa Securities Pvt. Ltd.,478,222.0,106116.0,2025-07-21 11:11:16.168425
2025-07-21,132000,2025072101001702,PRVU,Sumeru Securities Pvt. Ltd.,Sewa Securities Pvt. Ltd.,10,222.0,2220.0,2025-07-21 11:11:20.050161
2025-07-21,131625,2025072101001770,PRVU,Deevyaa Securities & Stock House Pvt. Ltd,Sewa Securities Pvt. Ltd.,12,222.0,2664.0,2025-07-21 11:11:46.321039
2025-07-21,131624,2025072101001771,PRVU,Deevyaa Securities & Stock House Pvt. Ltd,Midas Stock Broking Company Private Limited,119,222.0,26418.0,2025-07-21 11:11:46.321171
2025-07-21,131623,2025072101001772,PRVU,Deevyaa Securities & Stock House Pvt. Ltd,Siprabi Securities Pvt. Ltd.,100,222.0,22200.0,2025-07-21 11:11:46.321221
2025-07-21,131212,2025072101001849,PRVU,Online Securities Pvt. Ltd.,Neev Securities Pvt. Ltd.,100,223.0,22300.0,2025-07-21 11:12:12.232374
2025-07-21,131211,2025072101001850,PRVU,Online Securities Pvt. Ltd.,Vision Securities Pvt. Ltd,40,223.0,8920.0,2025-07-21 11:12:12.232496
2025-07-21,131210,2025072101001851,PRVU,Online Securities Pvt. Ltd.,Imperial Securities Company Pvt. Ltd.,100,223.0,22300.0,2025-07-21 11:12:12.232550
2025-07-21,131209,2025072101001852,PRVU,Online Securities Pvt. Ltd.,Oxford Securities Pvt. Ltd.,225,223.0,50175.0,2025-07-21 11:12:12.232599
2025-07-21,130940,2025072101001918,PRVU,Online Securities Pvt. Ltd.,Linch Stock Market Ltd.,35,223.0,7805.0,2025-07-21 11:12:27.721465
2025-07-21,130907,2025072101001928,PRVU,Deevyaa Securities & Stock House Pvt. Ltd,Secured Securities Ltd.,50,223.0,11150.0,2025-07-21 11:12:30.318955
2025-07-21,130842,2025072101001940,PRVU,Dynamic Money Managers Securities Pvt. Ltd.,Himalayan Brokerage Company Limited,18,223.9,4030.2,2025-07-21 11:12:33.618413
2025-07-21,130841,2025072101001941,PRVU,Dynamic Money Managers Securities Pvt. Ltd.,Kumari Securities Private Limited,182,223.9,40749.8,2025-07-21 11:12:33.618534
2025-07-21,130793,2025072101001952,PRVU,Asian Securities Private Ltd.,Kumari Securities Private Limited,200,223.9,44780.0,2025-07-21 11:12:38.051640
2025-07-21,130603,2025072101001994,PRVU,Deevyaa Securities & Stock House Pvt. Ltd,Kumari Securities Private Limited,118,223.9,26420.2,2025-07-21 11:12:50.827796
2025-07-21,130541,2025072101002005,PRVU,Arun Securities (PVT) Ltd.,Nepal Investment And Securities Trading Private Limited,912,224.0,204288.0,2025-07-21 11:12:55.566728
2025-07-21,130540,2025072101002006,PRVU,Arun Securities (PVT) Ltd.,Kohinoor Investment & Securities Pvt. Ltd.,20,224.0,4480.0,2025-07-21 11:12:55.566890
2025-07-21,130539,2025072101002007,PRVU,Arun Securities (PVT) Ltd.,Dakshinkali Investment & Securities Pvt. Ltd.,3000,224.5,673500.0,2025-07-21 11:12:55.566963
2025-07-21,130296,2025072101002069,PRVU,Arun Securities (PVT) Ltd.,Linch Stock Market Ltd.,68,224.5,15266.0,2025-07-21 11:13:10.070756
2025-07-21,130244,2025072101002079,PRVU,Trisul Securities & Invt. Ltd.,Neev Securities Pvt. Ltd.,100,225.0,22500.0,2025-07-21 11:13:13.192305
2025-07-21,130243,2025072101002080,PRVU,Trisul Securities & Invt. Ltd.,Sri Hari Securities Pvt. Ltd.,500,225.0,112500.0,2025-07-21 11:13:13.192411
2025-07-21,130242,2025072101002081,PRVU,Trisul Securities & Invt. Ltd.,Naasa Securities Co. Ltd.,130,225.0,29250.0,2025-07-21 11:13:13.192462
2025-07-21,130241,2025072101002082,PRVU,Trisul Securities & Invt. Ltd.,Aryatara Investment & Securities,200,225.0,45000.0,2025-07-21 11:13:13.192514
2025-07-21,130240,2025072101002083,PRVU,Trisul Securities & Invt. Ltd.,Capital Max Securities Ltd,70,225.0,15750.0,2025-07-21 11:13:13.192566
2025-07-21,130211,2025072101002088,PRVU,Deevyaa Securities & Stock House Pvt. Ltd,Capital Max Securities Ltd,601,225.0,135225.0,2025-07-21 11:13:15.134489
2025-07-21,129867,2025072101002155,PRVU,Capital Max Securities Ltd,Capital Max Securities Ltd,329,225.0,74025.0,2025-07-21 11:13:38.350385
2025-07-21,129866,2025072101002156,PRVU,Capital Max Securities Ltd,J.F. Securites (PVT) Ltd.,255,225.0,57375.0,2025-07-21 11:13:38.350503
2025-07-21,129865,2025072101002157,PRVU,Capital Max Securities Ltd,Creative Securities Pvt Ltd,1000,225.0,225000.0,2025-07-21 11:13:38.350568
2025-07-21,129864,2025072101002158,PRVU,Capital Max Securities Ltd,Imperial Securities Company Pvt. Ltd.,99,225.0,22275.0,2025-07-21 11:13:38.350620
2025-07-21,129863,2025072101002159,PRVU,Capital Max Securities Ltd,ABC Securities Private Limited,500,225.0,112500.0,2025-07-21 11:13:38.350667
2025-07-21,129862,2025072101002160,PRVU,Capital Max Securities Ltd,Naasa Securities Co. Ltd.,330,225.0,74250.0,2025-07-21 11:13:38.350713
2025-07-21,129861,2025072101002161,PRVU,Capital Max Securities Ltd,Imperial Securities Company Pvt. Ltd.,21,225.0,4725.0,2025-07-21 11:13:38.350758
2025-07-21,129860,2025072101002162,PRVU,Capital Max Securities Ltd,Opal Securities Investment (PVT) Ltd.,1500,225.0,337500.0,2025-07-21 11:13:38.350804
2025-07-21,129532,2025072101002236,PRVU,Himalayan Brokerage Company Limited,Naasa Securities Co. Ltd.,35,225.5,7892.5,2025-07-21 11:13:57.113263
2025-07-21,129531,2025072101002237,PRVU,Himalayan Brokerage Company Limited,Premier Securities Company Ltd.,800,225.5,180400.0,2025-07-21 11:13:57.113392
2025-07-21,129530,2025072101002238,PRVU,Himalayan Brokerage Company Limited,Agrawal Securities (PVT) Ltd.,165,225.5,37207.5,2025-07-21 11:13:57.113472
2025-07-21,129112,2025072101002364,PRVU,Capital Max Securities Ltd,Trisul Securities & Invt. Ltd.,966,225.0,217350.0,2025-07-21 11:14:23.689478
2025-07-21,129111,2025072101002365,PRVU,Dynamic Money Managers Securities Pvt. Ltd.,Trisul Securities & Invt. Ltd.,1034,225.0,232650.0,2025-07-21 11:14:23.689517
2025-07-21,129027,2025072101002393,PRVU,Dynamic Money Managers Securities Pvt. Ltd.,Dipshikha Dhitopatra Karobar Co. Pvt Ltd.,50,225.0,11250.0,2025-07-21 11:14:28.015300
2025-07-21,128948,2025072101002406,PRVU,Ashutosh Brokerage & Securities (PVT) Ltd.,Agrawal Securities (PVT) Ltd.,100,225.5,22550.0,2025-07-21 11:14:33.197850
2025-07-21,128944,2025072101002407,PRVU,Dynamic Money Managers Securities Pvt. Ltd.,Global IME Securities Limited,10,225.0,2250.0,2025-07-21 11:14:33.412232
2025-07-21,128861,2025072101002420,PRVU,Dynamic Money Managers Securities Pvt. Ltd.,Sipla Securities Private Limited,38,225.0,8550.0,2025-07-21 11:14:38.973344
2025-07-21,128577,2025072101002476,PRVU,Dynamic Money Managers Securities Pvt. Ltd.,Online Securities Pvt. Ltd.,2000,225.0,450000.0,2025-07-21 11:14:59.506617
2025-07-21,128465,2025072101002514,PRVU,Aryatara Investment & Securities,Agrawal Securities (PVT) Ltd.,50,225.5,11275.0,2025-07-21 11:15:08.129952
2025-07-21,128125,2025072101002607,PRVU,Dynamic Money Managers Securities Pvt. Ltd.,Online Securities Pvt. Ltd.,500,225.0,112500.0,2025-07-21 11:15:33.987817
2025-07-21,128091,2025072101002612,PRVU,Market Securities & Exchange (PVT) Ltd.,Agrawal Securities (PVT) Ltd.,522,225.5,117711.0,2025-07-21 11:15:37.582713
2025-07-21,128090,2025072101002613,PRVU,Market Securities & Exchange (PVT) Ltd.,Sweta Securities Private Limited,20,225.5,4510.0,2025-07-21 11:15:37.582852
2025-07-21,127998,2025072101002645,PRVU,Naasa Securities Co. Ltd.,Vision Securities Pvt. Ltd,101,225.6,22785.6,2025-07-21 11:15:47.007741
2025-07-21,127974,2025072101002653,PRVU,Naasa Securities Co. Ltd.,Imperial Securities Company Pvt. Ltd.,599,225.6,135134.4,2025-07-21 11:15:49.469455
2025-07-21,127696,2025072101002718,PRVU,Dynamic Money Managers Securities Pvt. Ltd.,Imperial Securities Company Pvt. Ltd.,320,225.0,72000.0,2025-07-21 11:16:12.065099
2025-07-21,127629,2025072101002742,PRVU,Market Securities & Exchange (PVT) Ltd.,Imperial Securities Company Pvt. Ltd.,400,225.5,90200.0,2025-07-21 11:16:20.025612
2025-07-21,126991,2025072101002975,PRVU,Dynamic Money Managers Securities Pvt. Ltd.,Dipshikha Dhitopatra Karobar Co. Pvt Ltd.,48,225.0,10800.0,2025-07-21 11:17:12.340177
2025-07-21,126990,2025072101002976,PRVU,Sumeru Securities Pvt. Ltd.,Dipshikha Dhitopatra Karobar Co. Pvt Ltd.,22,225.0,4950.0,2025-07-21 11:17:12.340325
2025-07-21,126834,2025072101003015,PRVU,Neev Securities Pvt. Ltd.,Sani Securities Company Ltd.,500,225.5,112750.0,2025-07-21 11:17:26.020607
2025-07-21,126720,2025072101003061,PRVU,Naasa Securities Co. Ltd.,Agrawal Securities (PVT) Ltd.,30,225.5,6765.0,2025-07-21 11:17:37.825289
2025-07-21,126593,2025072101003108,PRVU,Market Securities & Exchange (PVT) Ltd.,Agrawal Securities (PVT) Ltd.,170,225.5,38335.0,2025-07-21 11:17:44.521767
2025-07-21,126153,2025072101003227,PRVU,Market Securities & Exchange (PVT) Ltd.,Linch Stock Market Ltd.,30,225.5,6765.0,2025-07-21 11:18:17.414843
2025-07-21,126152,2025072101003228,PRVU,Sumeru Securities Pvt. Ltd.,Linch Stock Market Ltd.,470,225.0,105750.0,2025-07-21 11:18:17.414996
2025-07-21,125887,2025072101003305,PRVU,Trisul Securities & Invt. Ltd.,Market Securities & Exchange (PVT) Ltd.,700,225.5,157850.0,2025-07-21 11:18:44.418657
2025-07-21,125886,2025072101003306,PRVU,Trisul Securities & Invt. Ltd.,Aryatara Investment & Securities,500,225.7,112850.0,2025-07-21 11:18:44.418701
2025-07-21,125885,2025072101003307,PRVU,Trisul Securities & Invt. Ltd.,KALASH STOCK MARKET PVT. LTD.,80,225.8,18064.0,2025-07-21 11:18:44.418722
2025-07-21,125884,2025072101003308,PRVU,Trisul Securities & Invt. Ltd.,Deevyaa Securities & Stock House Pvt. Ltd,720,225.8,162576.0,2025-07-21 11:18:44.418744
2025-07-21,124992,2025072101003488,PRVU,Sumeru Securities Pvt. Ltd.,Thrive Brokerage House Pvt. Ltd,508,225.0,114300.0,2025-07-21 11:19:54.339831
2025-07-21,124991,2025072101003489,PRVU,Imperial Securities Company Pvt. Ltd.,Thrive Brokerage House Pvt. Ltd,100,225.0,22500.0,2025-07-21 11:19:54.339977
2025-07-21,124887,2025072101003507,PRVU,Dipshikha Dhitopatra Karobar Co. Pvt Ltd.,Online Securities Pvt. Ltd.,10,224.0,2240.0,2025-07-21 11:20:03.546195
2025-07-21,124653,2025072101003568,PRVU,SUN SECURITIES PVT LTD,Online Securities Pvt. Ltd.,80,224.0,17920.0,2025-07-21 11:20:24.434389
2025-07-21,124652,2025072101003569,PRVU,SUN SECURITIES PVT LTD,Sweta Securities Private Limited,120,224.0,26880.0,2025-07-21 11:20:24.434540
2025-07-21,124577,2025072101003589,PRVU,Naasa Securities Co. Ltd.,Malla & Malla Stock Broking Company Pvt. Limited,52,223.1,11601.2,2025-07-21 11:20:30.447927
2025-07-21,123663,2025072101003802,PRVU,Naasa Securities Co. Ltd.,ABC Securities Private Limited,107,223.9,23957.3,2025-07-21 11:21:37.219960
2025-07-21,122504,2025072101004102,PRVU,Naasa Securities Co. Ltd.,Premier Securities Company Ltd.,158,223.1,35249.8,2025-07-21 11:23:07.632270
2025-07-21,122503,2025072101004103,PRVU,Premier Securities Company Ltd.,Premier Securities Company Ltd.,100,223.1,22310.0,2025-07-21 11:23:07.632332
2025-07-21,122502,2025072101004104,PRVU,Vision Securities Pvt. Ltd,Premier Securities Company Ltd.,50,223.0,11150.0,2025-07-21 11:23:07.632363
2025-07-21,122501,2025072101004105,PRVU,Kumari Securities Private Limited,Premier Securities Company Ltd.,275,222.5,61187.5,2025-07-21 11:23:07.632385
2025-07-21,122500,2025072101004106,PRVU,Online Securities Pvt. Ltd.,Premier Securities Company Ltd.,20,222.3,4446.0,2025-07-21 11:23:07.632410
2025-07-21,122499,2025072101004107,PRVU,ABC Securities Private Limited,Premier Securities Company Ltd.,1000,222.2,222200.0,2025-07-21 11:23:07.632450
2025-07-21,122498,2025072101004108,PRVU,Property Wiard Limited,Premier Securities Company Ltd.,50,222.1,11105.0,2025-07-21 11:23:07.632494
2025-07-21,122497,2025072101004109,PRVU,Vision Securities Pvt. Ltd,Premier Securities Company Ltd.,10,222.0,2220.0,2025-07-21 11:23:07.632564
2025-07-21,122496,2025072101004110,PRVU,ABC Securities Private Limited,Premier Securities Company Ltd.,837,222.0,185814.0,2025-07-21 11:23:07.632588
2025-07-21,122291,2025072101004180,PRVU,ABC Securities Private Limited,Trisul Securities & Invt. Ltd.,70,222.0,15540.0,2025-07-21 11:23:29.323798
2025-07-21,122164,2025072101004224,PRVU,ABC Securities Private Limited,Online Securities Pvt. Ltd.,93,222.0,20646.0,2025-07-21 11:23:44.234584
2025-07-21,122163,2025072101004225,PRVU,Kalika Securities Pvt. Ltd.,Online Securities Pvt. Ltd.,287,222.0,63714.0,2025-07-21 11:23:44.234938
2025-07-21,121782,2025072101004348,PRVU,Deevyaa Securities & Stock House Pvt. Ltd,Linch Stock Market Ltd.,197,222.3,43793.1,2025-07-21 11:24:13.457966
2025-07-21,121423,2025072101004445,PRVU,Deevyaa Securities & Stock House Pvt. Ltd,Vision Securities Pvt. Ltd,803,222.3,178506.9,2025-07-21 11:24:50.541148
2025-07-21,121188,2025072101004491,PRVU,Kalika Securities Pvt. Ltd.,Secured Securities Ltd.,113,222.0,25086.0,2025-07-21 11:25:15.526203
2025-07-21,121187,2025072101004492,PRVU,Dynamic Money Managers Securities Pvt. Ltd.,Secured Securities Ltd.,345,222.0,76590.0,2025-07-21 11:25:15.526377
2025-07-21,121186,2025072101004493,PRVU,SUN SECURITIES PVT LTD,Secured Securities Ltd.,579,222.0,128538.0,2025-07-21 11:25:15.526453
2025-07-21,120863,2025072101004596,PRVU,SUN SECURITIES PVT LTD,Trishakti Securities Public Limited,160,222.0,35520.0,2025-07-21 11:25:45.957654
2025-07-21,119934,2025072101004897,PRVU,Sundhara Securities Limited,Online Securities Pvt. Ltd.,200,222.5,44500.0,2025-07-21 11:27:46.042224
2025-07-21,119775,2025072101004938,PRVU,Sundhara Securities Limited,Online Securities Pvt. Ltd.,100,222.5,22250.0,2025-07-21 11:28:07.512314
2025-07-21,119771,2025072101004939,PRVU,Sundhara Securities Limited,Oxford Securities Pvt. Ltd.,180,222.5,40050.0,2025-07-21 11:28:08.308415
2025-07-21,118812,2025072101005226,PRVU,Cristal Kanchanjanga Securites Pvt. Ltd.,Opal Securities Investment (PVT) Ltd.,500,223.0,111500.0,2025-07-21 11:30:17.701457
2025-07-21,118811,2025072101005227,PRVU,Cristal Kanchanjanga Securites Pvt. Ltd.,Creative Securities Pvt Ltd,500,223.0,111500.0,2025-07-21 11:30:17.701699
2025-07-21,118798,2025072101005231,PRVU,Primo Securities (PVT) Ltd.,Creative Securities Pvt Ltd,400,223.0,89200.0,2025-07-21 11:30:20.084202
2025-07-21,118726,2025072101005258,PRVU,Nagarik Stock Dealer ,Arun Securities (PVT) Ltd.,100,222.6,22260.0,2025-07-21 11:30:28.540202
2025-07-21,118688,2025072101005266,PRVU,Vision Securities Pvt. Ltd,Creative Securities Pvt Ltd,413,223.0,92099.0,2025-07-21 11:30:34.009382
2025-07-21,118687,2025072101005267,PRVU,Vision Securities Pvt. Ltd,Naasa Securities Co. Ltd.,31,223.0,6913.0,2025-07-21 11:30:34.009773
2025-07-21,118413,2025072101005340,PRVU,Vision Securities Pvt. Ltd,Nepal Stock House (PVT) Ltd.,14,223.0,3122.0,2025-07-21 11:31:06.815138
2025-07-21,118410,2025072101005342,PRVU,Vision Securities Pvt. Ltd,Naasa Securities Co. Ltd.,39,223.0,8697.0,2025-07-21 11:31:07.118116
2025-07-21,118026,2025072101005430,PRVU,Naasa Securities Co. Ltd.,Agrawal Securities (PVT) Ltd.,10,223.0,2230.0,2025-07-21 11:31:51.547220
2025-07-21,117697,2025072101005512,PRVU,Nagarik Stock Dealer ,Aryatara Investment & Securities,10,222.6,2226.0,2025-07-21 11:32:23.787980
2025-07-21,117573,2025072101005546,PRVU,Sanima Securities Limited,Agrawal Securities (PVT) Ltd.,10,223.0,2230.0,2025-07-21 11:32:36.608159
2025-07-21,116733,2025072101005766,PRVU,Vision Securities Pvt. Ltd,Agrawal Securities (PVT) Ltd.,15,223.0,3345.0,2025-07-21 11:34:08.781080
2025-07-21,116489,2025072101005803,PRVU,Market Securities & Exchange (PVT) Ltd.,Agrawal Securities (PVT) Ltd.,123,223.0,27429.0,2025-07-21 11:34:33.303668
2025-07-21,116488,2025072101005804,PRVU,Market Securities & Exchange (PVT) Ltd.,Trishakti Securities Public Limited,145,223.0,32335.0,2025-07-21 11:34:33.304047
2025-07-21,115740,2025072101005954,PRVU,Kohinoor Investment & Securities Pvt. Ltd.,ABC Securities Private Limited,100,223.9,22390.0,2025-07-21 11:35:42.727076
2025-07-21,114610,2025072101006252,PRVU,SUN SECURITIES PVT LTD,ABC Securities Private Limited,493,223.9,110382.7,2025-07-21 11:37:27.005479
2025-07-21,114609,2025072101006253,PRVU,SUN SECURITIES PVT LTD,Dipshikha Dhitopatra Karobar Co. Pvt Ltd.,100,223.9,22390.0,2025-07-21 11:37:27.005705
2025-07-21,114608,2025072101006254,PRVU,SUN SECURITIES PVT LTD,Sweta Securities Private Limited,80,224.0,17920.0,2025-07-21 11:37:27.005825
2025-07-21,114607,2025072101006255,PRVU,SUN SECURITIES PVT LTD,Kohinoor Investment & Securities Pvt. Ltd.,20,224.0,4480.0,2025-07-21 11:37:27.005954
2025-07-21,114606,2025072101006256,PRVU,SUN SECURITIES PVT LTD,Kalika Securities Pvt. Ltd.,807,224.0,180768.0,2025-07-21 11:37:27.006106
2025-07-21,113154,2025072101006575,PRVU,Aryatara Investment & Securities,Sri Hari Securities Pvt. Ltd.,69,222.8,15373.2,2025-07-21 11:39:57.923048
2025-07-21,112589,2025072101006707,PRVU,Trisul Securities & Invt. Ltd.,Kalika Securities Pvt. Ltd.,10,224.0,2240.0,2025-07-21 11:41:05.514990
2025-07-21,112264,2025072101006791,PRVU,Aryatara Investment & Securities,Kalika Securities Pvt. Ltd.,100,224.0,22400.0,2025-07-21 11:41:43.184084
2025-07-21,112011,2025072101006857,PRVU,Online Securities Pvt. Ltd.,Kalika Securities Pvt. Ltd.,83,224.0,18592.0,2025-07-21 11:42:12.764973
2025-07-21,112010,2025072101006858,PRVU,Online Securities Pvt. Ltd.,Aryatara Investment & Securities,35,224.0,7840.0,2025-07-21 11:42:12.765482
2025-07-21,112009,2025072101006859,PRVU,Online Securities Pvt. Ltd.,Opal Securities Investment (PVT) Ltd.,100,224.0,22400.0,2025-07-21 11:42:12.765951
2025-07-21,111474,2025072101006999,PRVU,Trishakti Securities Public Limited,Opal Securities Investment (PVT) Ltd.,300,224.0,67200.0,2025-07-21 11:43:05.175611
2025-07-21,111216,2025072101007047,PRVU,SUN SECURITIES PVT LTD,Opal Securities Investment (PVT) Ltd.,600,224.0,134400.0,2025-07-21 11:43:35.840932
2025-07-21,111215,2025072101007048,PRVU,SUN SECURITIES PVT LTD,Imperial Securities Company Pvt. Ltd.,44,224.0,9856.0,2025-07-21 11:43:35.841117
2025-07-21,111214,2025072101007049,PRVU,SUN SECURITIES PVT LTD,Dipshikha Dhitopatra Karobar Co. Pvt Ltd.,100,224.4,22440.0,2025-07-21 11:43:35.841257
2025-07-21,111213,2025072101007050,PRVU,SUN SECURITIES PVT LTD,Nepal Stock House (PVT) Ltd.,56,224.5,12572.0,2025-07-21 11:43:35.841366
2025-07-21,110973,2025072101007095,PRVU,Vision Securities Pvt. Ltd,South Asian Bulls Pvt. Ltd.,3,223.0,669.0,2025-07-21 11:43:55.587957
2025-07-21,110725,2025072101007192,PRVU,Magnet Securities and Investment Company Private Limited,Nepal Stock House (PVT) Ltd.,100,224.5,22450.0,2025-07-21 11:44:19.501177
2025-07-21,110351,2025072101007247,PRVU,Online Securities Pvt. Ltd.,Trishakti Securities Public Limited,1,228.4,228.4,2025-07-21 11:44:46.562452
2025-07-21,109992,2025072101007338,PRVU,ABC Securities Private Limited,Nepal Stock House (PVT) Ltd.,44,224.5,9878.0,2025-07-21 11:45:20.174798
2025-07-21,109804,2025072101007369,PRVU,SUN SECURITIES PVT LTD,Imperial Securities Company Pvt. Ltd.,180,224.5,40410.0,2025-07-21 11:45:38.141390
2025-07-21,109167,2025072101007547,PRVU,Arun Securities (PVT) Ltd.,Imperial Securities Company Pvt. Ltd.,80,224.5,17960.0,2025-07-21 11:46:39.518189
2025-07-21,109103,2025072101007559,PRVU,Linch Stock Market Ltd.,Imperial Securities Company Pvt. Ltd.,740,224.5,166130.0,2025-07-21 11:46:45.407356
2025-07-21,109102,2025072101007560,PRVU,Linch Stock Market Ltd.,Dipshikha Dhitopatra Karobar Co. Pvt Ltd.,100,224.9,22490.0,2025-07-21 11:46:45.407587
2025-07-21,109101,2025072101007561,PRVU,Linch Stock Market Ltd.,Imperial Securities Company Pvt. Ltd.,200,225.0,45000.0,2025-07-21 11:46:45.407684
2025-07-21,109100,2025072101007562,PRVU,Linch Stock Market Ltd.,Sumeru Securities Pvt. Ltd.,500,225.0,112500.0,2025-07-21 11:46:45.407792
2025-07-21,109099,2025072101007563,PRVU,Linch Stock Market Ltd.,Secured Securities Ltd.,1200,225.0,270000.0,2025-07-21 11:46:45.407905
2025-07-21,109098,2025072101007564,PRVU,Linch Stock Market Ltd.,Deevyaa Securities & Stock House Pvt. Ltd,100,225.0,22500.0,2025-07-21 11:46:45.408008
2025-07-21,109097,2025072101007565,PRVU,Linch Stock Market Ltd.,Sani Securities Company Ltd.,40,225.0,9000.0,2025-07-21 11:46:45.408106
2025-07-21,109096,2025072101007566,PRVU,Linch Stock Market Ltd.,Naasa Securities Co. Ltd.,250,225.0,56250.0,2025-07-21 11:46:45.408196
2025-07-21,109095,2025072101007567,PRVU,Linch Stock Market Ltd.,Naasa Securities Co. Ltd.,60,225.0,13500.0,2025-07-21 11:46:45.408298
2025-07-21,109094,2025072101007568,PRVU,Linch Stock Market Ltd.,Primo Securities (PVT) Ltd.,300,225.0,67500.0,2025-07-21 11:46:45.408389
2025-07-21,109093,2025072101007569,PRVU,Linch Stock Market Ltd.,Vision Securities Pvt. Ltd,485,225.0,109125.0,2025-07-21 11:46:45.408483
2025-07-21,109092,2025072101007570,PRVU,Linch Stock Market Ltd.,Midas Stock Broking Company Private Limited,500,225.0,112500.0,2025-07-21 11:46:45.408571
2025-07-21,108778,2025072101007640,PRVU,Trishakti Securities Public Limited,Secured Securities Ltd.,10,225.5,2255.0,2025-07-21 11:47:17.982994
2025-07-21,108362,2025072101007751,PRVU,ABC Securities Private Limited,Trishakti Securities Public Limited,6,224.5,1347.0,2025-07-21 11:47:55.263868
2025-07-21,108225,2025072101007786,PRVU,Linch Stock Market Ltd.,Sri Hari Securities Pvt. Ltd.,50,225.0,11250.0,2025-07-21 11:48:05.282742
2025-07-21,108186,2025072101007791,PRVU,Sweta Securities Private Limited,Secured Securities Ltd.,290,225.5,65395.0,2025-07-21 11:48:07.696223
2025-07-21,108185,2025072101007792,PRVU,Sweta Securities Private Limited,Trishakti Securities Public Limited,100,225.7,22570.0,2025-07-21 11:48:07.696694
2025-07-21,108184,2025072101007793,PRVU,Sweta Securities Private Limited,Kohinoor Investment & Securities Pvt. Ltd.,2215,225.7,499925.5,2025-07-21 11:48:07.696988
2025-07-21,108183,2025072101007794,PRVU,Sweta Securities Private Limited,Deevyaa Securities & Stock House Pvt. Ltd,280,225.8,63224.0,2025-07-21 11:48:07.697316
2025-07-21,108182,2025072101007795,PRVU,Sweta Securities Private Limited,Bhrikuti Stock Broking Co. Pvt. Ltd.,300,225.8,67740.0,2025-07-21 11:48:07.697634
2025-07-21,108181,2025072101007796,PRVU,Sweta Securities Private Limited,Sani Securities Company Ltd.,30,225.8,6774.0,2025-07-21 11:48:07.697911
2025-07-21,108180,2025072101007797,PRVU,Sweta Securities Private Limited,South Asian Bulls Pvt. Ltd.,50,225.9,11295.0,2025-07-21 11:48:07.698206
2025-07-21,108179,2025072101007798,PRVU,Sweta Securities Private Limited,Imperial Securities Company Pvt. Ltd.,735,225.9,166036.5,2025-07-21 11:48:07.698493
2025-07-21,107982,2025072101007829,PRVU,Capital Max Securities Ltd,Imperial Securities Company Pvt. Ltd.,265,225.9,59863.5,2025-07-21 11:48:21.123658
2025-07-21,107981,2025072101007830,PRVU,Capital Max Securities Ltd,Trisul Securities & Invt. Ltd.,132,226.0,29832.0,2025-07-21 11:48:21.123917
2025-07-21,107980,2025072101007831,PRVU,Capital Max Securities Ltd,Bhrikuti Stock Broking Co. Pvt. Ltd.,500,226.0,113000.0,2025-07-21 11:48:21.124014
2025-07-21,107979,2025072101007832,PRVU,Capital Max Securities Ltd,Vision Securities Pvt. Ltd,100,226.0,22600.0,2025-07-21 11:48:21.124112
2025-07-21,107978,2025072101007833,PRVU,Capital Max Securities Ltd,Dynamic Money Managers Securities Pvt. Ltd.,1690,226.0,381940.0,2025-07-21 11:48:21.124203
2025-07-21,107977,2025072101007834,PRVU,Capital Max Securities Ltd,Trishakti Securities Public Limited,1000,226.0,226000.0,2025-07-21 11:48:21.124290
2025-07-21,107976,2025072101007835,PRVU,Capital Max Securities Ltd,Aryatara Investment & Securities,705,226.0,159330.0,2025-07-21 11:48:21.124379
2025-07-21,107975,2025072101007836,PRVU,Capital Max Securities Ltd,Imperial Securities Company Pvt. Ltd.,200,226.0,45200.0,2025-07-21 11:48:21.124475
2025-07-21,107974,2025072101007837,PRVU,Capital Max Securities Ltd,Siprabi Securities Pvt. Ltd.,1540,226.0,348040.0,2025-07-21 11:48:21.124567
2025-07-21,107973,2025072101007838,PRVU,Capital Max Securities Ltd,Kohinoor Investment & Securities Pvt. Ltd.,500,226.0,113000.0,2025-07-21 11:48:21.124654
2025-07-21,107972,2025072101007839,PRVU,Capital Max Securities Ltd,Agrawal Securities (PVT) Ltd.,180,226.0,40680.0,2025-07-21 11:48:21.124740
2025-07-21,107971,2025072101007840,PRVU,Capital Max Securities Ltd,Malla & Malla Stock Broking Company Pvt. Limited,100,226.0,22600.0,2025-07-21 11:48:21.124827
2025-07-21,107970,2025072101007841,PRVU,Capital Max Securities Ltd,Primo Securities (PVT) Ltd.,1200,226.0,271200.0,2025-07-21 11:48:21.124910
2025-07-21,107969,2025072101007842,PRVU,Capital Max Securities Ltd,Kohinoor Investment & Securities Pvt. Ltd.,1000,226.0,226000.0,2025-07-21 11:48:21.124996
2025-07-21,107968,2025072101007843,PRVU,Capital Max Securities Ltd,Siprabi Securities Pvt. Ltd.,500,226.0,113000.0,2025-07-21 11:48:21.125086
2025-07-21,107967,2025072101007844,PRVU,Capital Max Securities Ltd,Kalika Securities Pvt. Ltd.,388,226.0,87688.0,2025-07-21 11:48:21.125212
2025-07-21,107464,2025072101008019,PRVU,Siprabi Securities Pvt. Ltd.,Kalika Securities Pvt. Ltd.,200,226.0,45200.0,2025-07-21 11:49:04.400249
2025-07-21,106770,2025072101008164,PRVU,Aryatara Investment & Securities,Dipshikha Dhitopatra Karobar Co. Pvt Ltd.,34,225.8,7677.2,2025-07-21 11:50:05.688598
2025-07-21,106661,2025072101008213,PRVU,Secured Securities Ltd.,Dipshikha Dhitopatra Karobar Co. Pvt Ltd.,66,225.8,14902.8,2025-07-21 11:50:15.774776
2025-07-21,106660,2025072101008214,PRVU,Secured Securities Ltd.,Linch Stock Market Ltd.,934,225.8,210897.2,2025-07-21 11:50:15.775001
2025-07-21,106654,2025072101008215,PRVU,Linch Stock Market Ltd.,Property Wiard Limited,13,225.1,2926.3,2025-07-21 11:50:16.641675
2025-07-21,106568,2025072101008233,PRVU,Aryatara Investment & Securities,Linch Stock Market Ltd.,500,225.8,112900.0,2025-07-21 11:50:22.941596
2025-07-21,106510,2025072101008278,PRVU,Capital Max Securities Ltd,Linch Stock Market Ltd.,250,225.8,56450.0,2025-07-21 11:50:27.904738
2025-07-21,106429,2025072101008296,PRVU,Magnet Securities and Investment Company Private Limited,Linch Stock Market Ltd.,200,225.8,45160.0,2025-07-21 11:50:34.736128
2025-07-21,106290,2025072101008347,PRVU,Secured Securities Ltd.,Linch Stock Market Ltd.,616,225.8,139092.8,2025-07-21 11:50:43.620088
2025-07-21,106083,2025072101008429,PRVU,Secured Securities Ltd.,Aryatara Investment & Securities,253,225.8,57127.4,2025-07-21 11:51:05.949174
2025-07-21,105303,2025072101008570,PRVU,Secured Securities Ltd.,Dynamic Money Managers Securities Pvt. Ltd.,40,225.8,9032.0,2025-07-21 11:52:03.971778
2025-07-21,104515,2025072101008771,PRVU,Agrawal Securities (PVT) Ltd.,Kohinoor Investment & Securities Pvt. Ltd.,50,225.9,11295.0,2025-07-21 11:53:26.668725
2025-07-21,104419,2025072101008797,PRVU,Secured Securities Ltd.,Kohinoor Investment & Securities Pvt. Ltd.,150,225.9,33885.0,2025-07-21 11:53:36.487902
2025-07-21,104418,2025072101008798,PRVU,Secured Securities Ltd.,Bhrikuti Stock Broking Co. Pvt. Ltd.,1650,225.9,372735.0,2025-07-21 11:53:36.488392
2025-07-21,103872,2025072101008981,PRVU,Imperial Securities Company Pvt. Ltd.,Bhrikuti Stock Broking Co. Pvt. Ltd.,50,225.9,11295.0,2025-07-21 11:54:36.417705
2025-07-21,103871,2025072101008982,PRVU,Linch Stock Market Ltd.,Bhrikuti Stock Broking Co. Pvt. Ltd.,23,225.9,5195.7,2025-07-21 11:54:36.575227
2025-07-21,103870,2025072101008983,PRVU,Linch Stock Market Ltd.,Vision Securities Pvt. Ltd,64,225.9,14457.6,2025-07-21 11:54:36.575724
2025-07-21,103781,2025072101009015,PRVU,Nepal Stock House (PVT) Ltd.,Vision Securities Pvt. Ltd,100,225.9,22590.0,2025-07-21 11:54:46.359098
2025-07-21,103731,2025072101009027,PRVU,Secured Securities Ltd.,Nepal Stock House (PVT) Ltd.,91,225.8,20547.8,2025-07-21 11:54:50.714405
2025-07-21,103730,2025072101009028,PRVU,Linch Stock Market Ltd.,Nepal Stock House (PVT) Ltd.,330,225.0,74250.0,2025-07-21 11:54:50.714681
2025-07-21,102215,2025072101009421,PRVU,Linch Stock Market Ltd.,Linch Stock Market Ltd.,11,225.0,2475.0,2025-07-21 11:57:32.694329
2025-07-21,102029,2025072101009467,PRVU,Linch Stock Market Ltd.,Oxford Securities Pvt. Ltd.,134,225.0,30150.0,2025-07-21 11:57:50.471835
2025-07-21,102028,2025072101009468,PRVU,Bhrikuti Stock Broking Co. Pvt. Ltd.,Oxford Securities Pvt. Ltd.,10,225.0,2250.0,2025-07-21 11:57:50.472358
2025-07-21,102027,2025072101009469,PRVU,ABC Securities Private Limited,Oxford Securities Pvt. Ltd.,156,225.0,35100.0,2025-07-21 11:57:50.472699
2025-07-21,101561,2025072101009567,PRVU,ABC Securities Private Limited,Vision Securities Pvt. Ltd,602,225.0,135450.0,2025-07-21 11:58:30.476588
2025-07-21,101059,2025072101009704,PRVU,ABC Securities Private Limited,Midas Stock Broking Company Private Limited,242,225.0,54450.0,2025-07-21 11:59:17.336346
2025-07-21,100709,2025072101009796,PRVU,Naasa Securities Co. Ltd.,Midas Stock Broking Company Private Limited,10,225.0,2250.0,2025-07-21 11:59:48.497546
2025-07-21,100693,2025072101009797,PRVU,Dynamic Money Managers Securities Pvt. Ltd.,Midas Stock Broking Company Private Limited,200,225.0,45000.0,2025-07-21 11:59:50.204876
2025-07-21,100527,2025072101009839,PRVU,Shree Krishna Securities Ltd.,Naasa Securities Co. Ltd.,60,224.1,13446.0,2025-07-21 12:00:05.888184
2025-07-21,100235,2025072101009904,PRVU,Shree Krishna Securities Ltd.,Linch Stock Market Ltd.,40,224.1,8964.0,2025-07-21 12:00:29.239695
2025-07-21,100191,2025072101009921,PRVU,ABC Securities Private Limited,Deevyaa Securities & Stock House Pvt. Ltd,180,224.0,40320.0,2025-07-21 12:00:33.952401
2025-07-21,100125,2025072101009934,PRVU,Sani Securities Company Ltd.,Linch Stock Market Ltd.,10,224.1,2241.0,2025-07-21 12:00:39.761725
2025-07-21,100124,2025072101009935,PRVU,Sani Securities Company Ltd.,Sewa Securities Pvt. Ltd.,150,224.1,33615.0,2025-07-21 12:00:39.762014
2025-07-21,99842,2025072101010000,PRVU,ABC Securities Private Limited,Sewa Securities Pvt. Ltd.,150,224.0,33600.0,2025-07-21 12:01:03.662809
2025-07-21,99421,2025072101010104,PRVU,ABC Securities Private Limited,Sewa Securities Pvt. Ltd.,170,224.0,38080.0,2025-07-21 12:01:38.035670
2025-07-21,99420,2025072101010105,PRVU,Kohinoor Investment & Securities Pvt. Ltd.,Sewa Securities Pvt. Ltd.,30,224.0,6720.0,2025-07-21 12:01:38.035951
2025-07-21,98673,2025072101010301,PRVU,Kohinoor Investment & Securities Pvt. Ltd.,Nepal Stock House (PVT) Ltd.,470,224.0,105280.0,2025-07-21 12:02:43.432814
2025-07-21,98672,2025072101010302,PRVU,Kohinoor Investment & Securities Pvt. Ltd.,Nepal Stock House (PVT) Ltd.,100,224.0,22400.0,2025-07-21 12:02:43.433098
2025-07-21,98671,2025072101010303,PRVU,Midas Stock Broking Company Private Limited,Nepal Stock House (PVT) Ltd.,85,224.0,19040.0,2025-07-21 12:02:43.433228
2025-07-21,98670,2025072101010304,PRVU,Midas Stock Broking Company Private Limited,Nepal Stock House (PVT) Ltd.,10,224.0,2240.0,2025-07-21 12:02:43.433346
2025-07-21,98669,2025072101010305,PRVU,Bhrikuti Stock Broking Co. Pvt. Ltd.,Nepal Stock House (PVT) Ltd.,10,224.0,2240.0,2025-07-21 12:02:43.433485
2025-07-21,98668,2025072101010306,PRVU,Midas Stock Broking Company Private Limited,Nepal Stock House (PVT) Ltd.,1000,224.0,224000.0,2025-07-21 12:02:43.433608
2025-07-21,98667,2025072101010307,PRVU,Oxford Securities Pvt. Ltd.,Nepal Stock House (PVT) Ltd.,25,224.0,5600.0,2025-07-21 12:02:43.433731
2025-07-21,97616,2025072101010587,PRVU,Siprabi Securities Pvt. Ltd.,J.F. Securites (PVT) Ltd.,10,224.0,2240.0,2025-07-21 12:04:29.119623
2025-07-21,97615,2025072101010588,PRVU,Capital Max Securities Ltd,J.F. Securites (PVT) Ltd.,490,223.8,109662.0,2025-07-21 12:04:29.119667
2025-07-21,97277,2025072101010679,PRVU,Capital Max Securities Ltd,Sani Securities Company Ltd.,3000,223.8,671400.0,2025-07-21 12:05:05.763410
2025-07-21,97216,2025072101010704,PRVU,ABC Securities Private Limited,Aryatara Investment & Securities,200,224.0,44800.0,2025-07-21 12:05:11.466884
2025-07-21,97103,2025072101010724,PRVU,Capital Max Securities Ltd,ABC Securities Private Limited,280,223.8,62664.0,2025-07-21 12:05:24.584381
2025-07-21,96782,2025072101010839,PRVU,Nagarik Stock Dealer ,Vision Securities Pvt. Ltd,500,223.9,111950.0,2025-07-21 12:06:06.598265
2025-07-21,96437,2025072101010915,PRVU,Nagarik Stock Dealer ,South Asian Bulls Pvt. Ltd.,300,223.9,67170.0,2025-07-21 12:06:45.338882
2025-07-21,96163,2025072101010985,PRVU,Sani Securities Company Ltd.,Dynamic Money Managers Securities Pvt. Ltd.,10,224.0,2240.0,2025-07-21 12:07:17.548355
2025-07-21,95564,2025072101011161,PRVU,Vision Securities Pvt. Ltd,Dynamic Money Managers Securities Pvt. Ltd.,43,224.0,9632.0,2025-07-21 12:08:34.829963
2025-07-21,95519,2025072101011174,PRVU,Secured Securities Ltd.,Dynamic Money Managers Securities Pvt. Ltd.,947,224.0,212128.0,2025-07-21 12:08:43.088141
2025-07-21,95518,2025072101011175,PRVU,Secured Securities Ltd.,Sani Securities Company Ltd.,1000,224.0,224000.0,2025-07-21 12:08:43.088451
2025-07-21,95517,2025072101011176,PRVU,Secured Securities Ltd.,Investment Management Nepal Pvt. Ltd.,53,224.0,11872.0,2025-07-21 12:08:43.088580
2025-07-21,95159,2025072101011250,PRVU,Nagarik Stock Dealer ,Dipshikha Dhitopatra Karobar Co. Pvt Ltd.,90,223.9,20151.0,2025-07-21 12:09:31.824810
2025-07-21,94636,2025072101011385,PRVU,Neev Securities Pvt. Ltd.,Investment Management Nepal Pvt. Ltd.,200,224.0,44800.0,2025-07-21 12:10:43.868053
2025-07-21,94496,2025072101011421,PRVU,Neev Securities Pvt. Ltd.,Investment Management Nepal Pvt. Ltd.,47,224.0,10528.0,2025-07-21 12:11:00.958602
2025-07-21,94495,2025072101011422,PRVU,Neev Securities Pvt. Ltd.,Dipshikha Dhitopatra Karobar Co. Pvt Ltd.,53,224.0,11872.0,2025-07-21 12:11:00.958906
2025-07-21,94323,2025072101011472,PRVU,Oxford Securities Pvt. Ltd.,Imperial Securities Company Pvt. Ltd.,6,224.0,1344.0,2025-07-21 12:11:27.203756
2025-07-21,94087,2025072101011518,PRVU,Neev Securities Pvt. Ltd.,Dipshikha Dhitopatra Karobar Co. Pvt Ltd.,197,224.0,44128.0,2025-07-21 12:11:48.204493
2025-07-21,93815,2025072101011603,PRVU,Neev Securities Pvt. Ltd.,Cristal Kanchanjanga Securites Pvt. Ltd.,30,224.0,6720.0,2025-07-21 12:12:24.436397
2025-07-21,93595,2025072101011647,PRVU,Capital Max Securities Ltd,Cristal Kanchanjanga Securites Pvt. Ltd.,40,224.0,8960.0,2025-07-21 12:12:52.010310
2025-07-21,93316,2025072101011707,PRVU,Secured Securities Ltd.,Cristal Kanchanjanga Securites Pvt. Ltd.,38,224.0,8512.0,2025-07-21 12:13:28.766841
2025-07-21,93315,2025072101011708,PRVU,Secured Securities Ltd.,Naasa Securities Co. Ltd.,10,224.0,2240.0,2025-07-21 12:13:28.767132
2025-07-21,93314,2025072101011709,PRVU,Secured Securities Ltd.,Secured Securities Ltd.,452,224.0,101248.0,2025-07-21 12:13:28.767269
2025-07-21,93255,2025072101011727,PRVU,Capital Max Securities Ltd,Secured Securities Ltd.,10,224.0,2240.0,2025-07-21 12:13:40.229765
2025-07-21,91885,2025072101012061,PRVU,Deevyaa Securities & Stock House Pvt. Ltd,Secured Securities Ltd.,38,224.0,8512.0,2025-07-21 12:16:40.003908
2025-07-21,91884,2025072101012062,PRVU,Deevyaa Securities & Stock House Pvt. Ltd,Dynamic Money Managers Securities Pvt. Ltd.,11,224.0,2464.0,2025-07-21 12:16:40.004327
2025-07-21,91858,2025072101012077,PRVU,Siprabi Securities Pvt. Ltd.,Dynamic Money Managers Securities Pvt. Ltd.,989,224.0,221536.0,2025-07-21 12:16:43.663352
2025-07-21,91857,2025072101012078,PRVU,Siprabi Securities Pvt. Ltd.,Dipshikha Dhitopatra Karobar Co. Pvt Ltd.,100,224.2,22420.0,2025-07-21 12:16:43.663666
2025-07-21,91856,2025072101012079,PRVU,Siprabi Securities Pvt. Ltd.,Sewa Securities Pvt. Ltd.,50,224.3,11215.0,2025-07-21 12:16:43.663804
2025-07-21,91855,2025072101012080,PRVU,Siprabi Securities Pvt. Ltd.,Dipshikha Dhitopatra Karobar Co. Pvt Ltd.,61,224.4,13688.4,2025-07-21 12:16:43.663937
2025-07-21,91341,2025072101012222,PRVU,Arun Securities (PVT) Ltd.,Dipshikha Dhitopatra Karobar Co. Pvt Ltd.,100,224.4,22440.0,2025-07-21 12:17:42.931146
2025-07-21,91203,2025072101012258,PRVU,Capital Max Securities Ltd,Dipshikha Dhitopatra Karobar Co. Pvt Ltd.,39,224.4,8751.6,2025-07-21 12:18:01.419960
2025-07-21,91202,2025072101012259,PRVU,Capital Max Securities Ltd,Midas Stock Broking Company Private Limited,500,224.4,112200.0,2025-07-21 12:18:01.420259
2025-07-21,91201,2025072101012260,PRVU,Capital Max Securities Ltd,Kumari Securities Private Limited,1800,224.5,404100.0,2025-07-21 12:18:01.420394
2025-07-21,91200,2025072101012261,PRVU,Capital Max Securities Ltd,Imperial Securities Company Pvt. Ltd.,1000,224.5,224500.0,2025-07-21 12:18:01.420529
2025-07-21,91199,2025072101012262,PRVU,Capital Max Securities Ltd,J.F. Securites (PVT) Ltd.,220,224.5,49390.0,2025-07-21 12:18:01.420664
2025-07-21,91198,2025072101012263,PRVU,Capital Max Securities Ltd,Midas Stock Broking Company Private Limited,48,225.0,10800.0,2025-07-21 12:18:01.420810
2025-07-21,91197,2025072101012264,PRVU,Capital Max Securities Ltd,South Asian Bulls Pvt. Ltd.,100,225.0,22500.0,2025-07-21 12:18:01.420965
2025-07-21,91196,2025072101012265,PRVU,Capital Max Securities Ltd,South Asian Bulls Pvt. Ltd.,150,225.0,33750.0,2025-07-21 12:18:01.421104
2025-07-21,91195,2025072101012266,PRVU,Capital Max Securities Ltd,Dakshinkali Investment & Securities Pvt. Ltd.,11,225.0,2475.0,2025-07-21 12:18:01.421242
2025-07-21,91194,2025072101012267,PRVU,Capital Max Securities Ltd,Online Securities Pvt. Ltd.,200,225.0,45000.0,2025-07-21 12:18:01.421371
2025-07-21,91193,2025072101012268,PRVU,Capital Max Securities Ltd,Imperial Securities Company Pvt. Ltd.,932,225.0,209700.0,2025-07-21 12:18:01.421500
2025-07-21,91147,2025072101012278,PRVU,J.F. Securites (PVT) Ltd.,Aryatara Investment & Securities,20,224.0,4480.0,2025-07-21 12:18:09.082806
2025-07-21,91040,2025072101012306,PRVU,J.F. Securites (PVT) Ltd.,Dipshikha Dhitopatra Karobar Co. Pvt Ltd.,980,224.0,219520.0,2025-07-21 12:18:24.335990
2025-07-21,91039,2025072101012307,PRVU,ABC Securities Private Limited,Dipshikha Dhitopatra Karobar Co. Pvt Ltd.,20,224.0,4480.0,2025-07-21 12:18:24.336327
2025-07-21,90783,2025072101012350,PRVU,Shree Krishna Securities Ltd.,Dipshikha Dhitopatra Karobar Co. Pvt Ltd.,100,224.1,22410.0,2025-07-21 12:19:00.702993
2025-07-21,90751,2025072101012357,PRVU,Capital Max Securities Ltd,Dipshikha Dhitopatra Karobar Co. Pvt Ltd.,192,224.1,43027.2,2025-07-21 12:19:08.799946
2025-07-21,90654,2025072101012381,PRVU,Oxford Securities Pvt. Ltd.,Imperial Securities Company Pvt. Ltd.,68,225.0,15300.0,2025-07-21 12:19:21.494472
2025-07-21,90653,2025072101012382,PRVU,Oxford Securities Pvt. Ltd.,Sani Securities Company Ltd.,280,225.0,63000.0,2025-07-21 12:19:21.494815
2025-07-21,90652,2025072101012383,PRVU,Oxford Securities Pvt. Ltd.,South Asian Bulls Pvt. Ltd.,500,225.0,112500.0,2025-07-21 12:19:21.494958
2025-07-21,90651,2025072101012384,PRVU,Oxford Securities Pvt. Ltd.,Thrive Brokerage House Pvt. Ltd,241,225.0,54225.0,2025-07-21 12:19:21.495100
2025-07-21,90650,2025072101012385,PRVU,Oxford Securities Pvt. Ltd.,Siprabi Securities Pvt. Ltd.,50,225.0,11250.0,2025-07-21 12:19:21.495236
2025-07-21,90507,2025072101012420,PRVU,Capital Max Securities Ltd,Dipshikha Dhitopatra Karobar Co. Pvt Ltd.,270,225.5,60885.0,2025-07-21 12:19:46.958739
2025-07-21,90506,2025072101012421,PRVU,Capital Max Securities Ltd,Kalika Securities Pvt. Ltd.,500,225.7,112850.0,2025-07-21 12:19:46.959073
2025-07-21,90505,2025072101012422,PRVU,Capital Max Securities Ltd,Linch Stock Market Ltd.,500,225.8,112900.0,2025-07-21 12:19:46.959241
2025-07-21,90504,2025072101012423,PRVU,Capital Max Securities Ltd,Himalayan Brokerage Company Limited,500,225.8,112900.0,2025-07-21 12:19:46.959390
2025-07-21,90503,2025072101012424,PRVU,Capital Max Securities Ltd,Sweta Securities Private Limited,38,225.9,8584.2,2025-07-21 12:19:46.959535
2025-07-21,89939,2025072101012542,PRVU,Capital Max Securities Ltd,Dynamic Money Managers Securities Pvt. Ltd.,200,225.1,45020.0,2025-07-21 12:21:19.109896
2025-07-21,89938,2025072101012543,PRVU,Oxford Securities Pvt. Ltd.,Dynamic Money Managers Securities Pvt. Ltd.,347,225.0,78075.0,2025-07-21 12:21:19.110229
2025-07-21,89918,2025072101012553,PRVU,Dipshikha Dhitopatra Karobar Co. Pvt Ltd.,Sweta Securities Private Limited,270,225.9,60993.0,2025-07-21 12:21:23.203240
2025-07-21,89909,2025072101012554,PRVU,Oxford Securities Pvt. Ltd.,South Asian Bulls Pvt. Ltd.,100,225.0,22500.0,2025-07-21 12:21:23.267848
2025-07-21,89596,2025072101012639,PRVU,Oxford Securities Pvt. Ltd.,Secured Securities Ltd.,29,225.0,6525.0,2025-07-21 12:22:13.370951
2025-07-21,88672,2025072101012867,PRVU,Oxford Securities Pvt. Ltd.,Dynamic Money Managers Securities Pvt. Ltd.,1000,225.0,225000.0,2025-07-21 12:24:33.192357
2025-07-21,88414,2025072101012928,PRVU,Oxford Securities Pvt. Ltd.,Vision Securities Pvt. Ltd,31,225.0,6975.0,2025-07-21 12:25:09.400830
2025-07-21,88202,2025072101012976,PRVU,Arun Securities (PVT) Ltd.,Primo Securities (PVT) Ltd.,50,225.4,11270.0,2025-07-21 12:25:42.938784
2025-07-21,87817,2025072101013104,PRVU,Oxford Securities Pvt. Ltd.,Sweta Securities Private Limited,133,225.0,29925.0,2025-07-21 12:26:48.698429
2025-07-21,87759,2025072101013120,PRVU,Agrawal Securities (PVT) Ltd.,Thrive Brokerage House Pvt. Ltd,10,225.4,2254.0,2025-07-21 12:26:54.944892
2025-07-21,87619,2025072101013160,PRVU,Oxford Securities Pvt. Ltd.,Sri Hari Securities Pvt. Ltd.,221,225.0,49725.0,2025-07-21 12:27:14.342301
2025-07-21,87370,2025072101013237,PRVU,Agrawal Securities (PVT) Ltd.,Sri Hari Securities Pvt. Ltd.,40,225.0,9000.0,2025-07-21 12:27:52.606486
2025-07-21,86724,2025072101013420,PRVU,Aryatara Investment & Securities,Sri Hari Securities Pvt. Ltd.,1739,225.0,391275.0,2025-07-21 12:29:19.714655
2025-07-21,86723,2025072101013421,PRVU,Aryatara Investment & Securities,Imperial Securities Company Pvt. Ltd.,1000,225.0,225000.0,2025-07-21 12:29:19.715360
2025-07-21,86722,2025072101013422,PRVU,Aryatara Investment & Securities,Naasa Securities Co. Ltd.,100,225.0,22500.0,2025-07-21 12:29:19.715818
2025-07-21,86721,2025072101013423,PRVU,Aryatara Investment & Securities,Linch Stock Market Ltd.,161,225.0,36225.0,2025-07-21 12:29:19.716275
2025-07-21,85285,2025072101013808,PRVU,ABC Securities Private Limited,Stoxkarts Securities Limited,1000,224.1,224100.0,2025-07-21 12:32:17.702837
2025-07-21,84950,2025072101013904,PRVU,ABC Securities Private Limited,Siprabi Securities Pvt. Ltd.,130,224.0,29120.0,2025-07-21 12:32:59.896722
2025-07-21,84857,2025072101013916,PRVU,Naasa Securities Co. Ltd.,Vision Securities Pvt. Ltd,90,224.2,20178.0,2025-07-21 12:33:08.562282
2025-07-21,84856,2025072101013917,PRVU,ABC Securities Private Limited,Vision Securities Pvt. Ltd,50,224.0,11200.0,2025-07-21 12:33:08.562635
2025-07-21,84855,2025072101013918,PRVU,ABC Securities Private Limited,Vision Securities Pvt. Ltd,100,224.0,22400.0,2025-07-21 12:33:08.562792
2025-07-21,84854,2025072101013919,PRVU,Sumeru Securities Pvt. Ltd.,Vision Securities Pvt. Ltd,760,224.0,170240.0,2025-07-21 12:33:08.562954
2025-07-21,84720,2025072101013964,PRVU,Sumeru Securities Pvt. Ltd.,Linch Stock Market Ltd.,171,224.0,38304.0,2025-07-21 12:33:27.990453
2025-07-21,84644,2025072101013975,PRVU,Sumeru Securities Pvt. Ltd.,Sewa Securities Pvt. Ltd.,69,224.0,15456.0,2025-07-21 12:33:35.612286
2025-07-21,84643,2025072101013976,PRVU,Aakashbhairab Securities Ltd.,Sewa Securities Pvt. Ltd.,231,224.0,51744.0,2025-07-21 12:33:35.612637
2025-07-21,84425,2025072101014035,PRVU,Aakashbhairab Securities Ltd.,Linch Stock Market Ltd.,1000,224.0,224000.0,2025-07-21 12:34:07.381269
2025-07-21,83686,2025072101014247,PRVU,Aakashbhairab Securities Ltd.,Sweta Securities Private Limited,269,224.0,60256.0,2025-07-21 12:35:27.567221
2025-07-21,83685,2025072101014248,PRVU,Aryatara Investment & Securities,Sweta Securities Private Limited,731,224.0,163744.0,2025-07-21 12:35:27.567909
2025-07-21,83672,2025072101014251,PRVU,Aryatara Investment & Securities,Nepal Stock House (PVT) Ltd.,269,224.0,60256.0,2025-07-21 12:35:30.096430
2025-07-21,83671,2025072101014252,PRVU,Naasa Securities Co. Ltd.,Nepal Stock House (PVT) Ltd.,28,224.0,6272.0,2025-07-21 12:35:30.096789
2025-07-21,82258,2025072101014628,PRVU,Sweta Securities Private Limited,Shree Krishna Securities Ltd.,30,224.0,6720.0,2025-07-21 12:38:07.128640
2025-07-21,82163,2025072101014668,PRVU,Sani Securities Company Ltd.,Capital Max Securities Ltd,13,223.9,2910.7,2025-07-21 12:38:16.759754
2025-07-21,82162,2025072101014669,PRVU,Sani Securities Company Ltd.,Capital Max Securities Ltd,187,223.9,41869.3,2025-07-21 12:38:16.760088
2025-07-21,81876,2025072101014751,PRVU,Sani Securities Company Ltd.,Asian Securities Private Ltd.,145,223.9,32465.5,2025-07-21 12:38:49.253312
2025-07-21,81439,2025072101014836,PRVU,Sani Securities Company Ltd.,Trisul Securities & Invt. Ltd.,20,223.9,4478.0,2025-07-21 12:39:30.737393
2025-07-21,81332,2025072101014870,PRVU,Sani Securities Company Ltd.,Shree Krishna Securities Ltd.,470,223.9,105233.0,2025-07-21 12:39:41.647898
2025-07-21,81242,2025072101014898,PRVU,Sani Securities Company Ltd.,Linch Stock Market Ltd.,280,223.9,62692.0,2025-07-21 12:39:54.554639
2025-07-21,81223,2025072101014902,PRVU,Sani Securities Company Ltd.,Naasa Securities Co. Ltd.,898,223.9,201062.2,2025-07-21 12:39:55.957637
2025-07-21,81147,2025072101014915,PRVU,Capital Max Securities Ltd,Capital Max Securities Ltd,300,223.8,67140.0,2025-07-21 12:40:02.376838
2025-07-21,81067,2025072101014930,PRVU,Capital Max Securities Ltd,Sri Hari Securities Pvt. Ltd.,1000,223.8,223800.0,2025-07-21 12:40:10.051030
2025-07-21,80888,2025072101014973,PRVU,Capital Max Securities Ltd,Dipshikha Dhitopatra Karobar Co. Pvt Ltd.,70,223.8,15666.0,2025-07-21 12:40:27.367149
2025-07-21,80789,2025072101014988,PRVU,Capital Max Securities Ltd,Kalika Securities Pvt. Ltd.,460,223.8,102948.0,2025-07-21 12:40:34.511322
2025-07-21,80747,2025072101014995,PRVU,Capital Max Securities Ltd,Dipshikha Dhitopatra Karobar Co. Pvt Ltd.,10,223.8,2238.0,2025-07-21 12:40:37.551969
2025-07-21,80428,2025072101015088,PRVU,Capital Max Securities Ltd,Dynamic Money Managers Securities Pvt. Ltd.,4000,223.8,895200.0,2025-07-21 12:41:09.334649
2025-07-21,80000,2025072101015204,PRVU,Capital Max Securities Ltd,Dynamic Money Managers Securities Pvt. Ltd.,100,223.8,22380.0,2025-07-21 12:41:43.926213
2025-07-21,79966,2025072101015215,PRVU,Capital Max Securities Ltd,Vision Securities Pvt. Ltd,290,223.8,64902.0,2025-07-21 12:41:47.321459
2025-07-21,79965,2025072101015216,PRVU,Naasa Securities Co. Ltd.,Vision Securities Pvt. Ltd,10,223.8,2238.0,2025-07-21 12:41:47.321807
2025-07-21,79964,2025072101015217,PRVU,Citizens Share Broker Limited,Vision Securities Pvt. Ltd,50,223.8,11190.0,2025-07-21 12:41:47.322021
2025-07-21,79888,2025072101015240,PRVU,Cristal Kanchanjanga Securites Pvt. Ltd.,Vision Securities Pvt. Ltd,10,223.8,2238.0,2025-07-21 12:41:55.947855
2025-07-21,78654,2025072101015563,PRVU,Sewa Securities Pvt. Ltd.,Online Securities Pvt. Ltd.,10,223.7,2237.0,2025-07-21 12:43:57.854076
2025-07-21,78607,2025072101015570,PRVU,Sewa Securities Pvt. Ltd.,Dynamic Money Managers Securities Pvt. Ltd.,398,223.7,89032.6,2025-07-21 12:44:04.337239
2025-07-21,78606,2025072101015571,PRVU,Vision Securities Pvt. Ltd,Dynamic Money Managers Securities Pvt. Ltd.,100,223.7,22370.0,2025-07-21 12:44:04.337595
2025-07-21,78605,2025072101015572,PRVU,Premier Securities Company Ltd.,Dynamic Money Managers Securities Pvt. Ltd.,50,223.5,11175.0,2025-07-21 12:44:04.337754
2025-07-21,78604,2025072101015573,PRVU,Dipshikha Dhitopatra Karobar Co. Pvt Ltd.,Dynamic Money Managers Securities Pvt. Ltd.,1662,223.2,370958.4,2025-07-21 12:44:04.337934
2025-07-21,78404,2025072101015623,PRVU,Dipshikha Dhitopatra Karobar Co. Pvt Ltd.,Sani Securities Company Ltd.,838,223.2,187041.6,2025-07-21 12:44:24.066572
2025-07-21,78403,2025072101015624,PRVU,Dipshikha Dhitopatra Karobar Co. Pvt Ltd.,Sani Securities Company Ltd.,1162,223.2,259358.4,2025-07-21 12:44:24.066915
2025-07-21,78089,2025072101015688,PRVU,Dipshikha Dhitopatra Karobar Co. Pvt Ltd.,Oxford Securities Pvt. Ltd.,338,223.2,75441.6,2025-07-21 12:44:57.166921
2025-07-21,78088,2025072101015689,PRVU,Dipshikha Dhitopatra Karobar Co. Pvt Ltd.,Oxford Securities Pvt. Ltd.,162,223.2,36158.4,2025-07-21 12:44:57.167274
2025-07-21,78014,2025072101015726,PRVU,Dipshikha Dhitopatra Karobar Co. Pvt Ltd.,Sani Securities Company Ltd.,338,223.2,75441.6,2025-07-21 12:45:04.629514
2025-07-21,78013,2025072101015727,PRVU,Nepal Investment And Securities Trading Private Limited,Sani Securities Company Ltd.,1000,223.1,223100.0,2025-07-21 12:45:04.629866
2025-07-21,78012,2025072101015728,PRVU,Swarna Laxmi Securities Pvt. Ltd.,Sani Securities Company Ltd.,1000,223.0,223000.0,2025-07-21 12:45:04.630031
2025-07-21,78011,2025072101015729,PRVU,Aryatara Investment & Securities,Sani Securities Company Ltd.,45,223.0,10035.0,2025-07-21 12:45:04.630190
2025-07-21,78010,2025072101015730,PRVU,Secured Securities Ltd.,Sani Securities Company Ltd.,500,223.0,111500.0,2025-07-21 12:45:04.630340
2025-07-21,78009,2025072101015731,PRVU,Investment Management Nepal Pvt. Ltd.,Sani Securities Company Ltd.,244,223.0,54412.0,2025-07-21 12:45:04.630485
2025-07-21,78008,2025072101015732,PRVU,Naasa Securities Co. Ltd.,Sani Securities Company Ltd.,14,223.0,3122.0,2025-07-21 12:45:04.630634
2025-07-21,78007,2025072101015733,PRVU,Capital Max Securities Ltd,Sani Securities Company Ltd.,150,223.0,33450.0,2025-07-21 12:45:04.630781
2025-07-21,78006,2025072101015734,PRVU,Aryatara Investment & Securities,Sani Securities Company Ltd.,500,223.0,111500.0,2025-07-21 12:45:04.630927
2025-07-21,78005,2025072101015735,PRVU,Midas Stock Broking Company Private Limited,Sani Securities Company Ltd.,65,223.0,14495.0,2025-07-21 12:45:04.631080
2025-07-21,78004,2025072101015736,PRVU,Siprabi Securities Pvt. Ltd.,Sani Securities Company Ltd.,16,223.0,3568.0,2025-07-21 12:45:04.631223
2025-07-21,78003,2025072101015737,PRVU,Naasa Securities Co. Ltd.,Sani Securities Company Ltd.,10,223.0,2230.0,2025-07-21 12:45:04.631369
2025-07-21,78002,2025072101015738,PRVU,Trisul Securities & Invt. Ltd.,Sani Securities Company Ltd.,200,223.0,44600.0,2025-07-21 12:45:04.631517
2025-07-21,78001,2025072101015739,PRVU,Oxford Securities Pvt. Ltd.,Sani Securities Company Ltd.,50,223.0,11150.0,2025-07-21 12:45:04.631663
2025-07-21,78000,2025072101015740,PRVU,Malla & Malla Stock Broking Company Pvt. Limited,Sani Securities Company Ltd.,1270,222.9,283083.0,2025-07-21 12:45:04.631811
2025-07-21,77999,2025072101015741,PRVU,South Asian Bulls Pvt. Ltd.,Sani Securities Company Ltd.,1500,222.8,334200.0,2025-07-21 12:45:04.631967
2025-07-21,77998,2025072101015742,PRVU,Sweta Securities Private Limited,Sani Securities Company Ltd.,1000,222.7,222700.0,2025-07-21 12:45:04.632119
2025-07-21,77997,2025072101015743,PRVU,Asian Securities Private Ltd.,Sani Securities Company Ltd.,1000,222.0,222000.0,2025-07-21 12:45:04.632272
2025-07-21,77996,2025072101015744,PRVU,Sri Hari Securities Pvt. Ltd.,Sani Securities Company Ltd.,30,222.0,6660.0,2025-07-21 12:45:04.632420
2025-07-21,77995,2025072101015745,PRVU,Primo Securities (PVT) Ltd.,Sani Securities Company Ltd.,3000,222.0,666000.0,2025-07-21 12:45:04.632581
2025-07-21,77994,2025072101015746,PRVU,Sweta Securities Private Limited,Sani Securities Company Ltd.,448,222.0,99456.0,2025-07-21 12:45:04.632724
2025-07-21,77993,2025072101015747,PRVU,ABC Securities Private Limited,Sani Securities Company Ltd.,1000,222.0,222000.0,2025-07-21 12:45:04.632864
2025-07-21,77992,2025072101015748,PRVU,Vision Securities Pvt. Ltd,Sani Securities Company Ltd.,50,222.0,11100.0,2025-07-21 12:45:04.633006
2025-07-21,77991,2025072101015749,PRVU,Sani Securities Company Ltd.,Sani Securities Company Ltd.,200,222.0,44400.0,2025-07-21 12:45:04.633147
2025-07-21,77990,2025072101015750,PRVU,Capital Hub P. Ltd,Sani Securities Company Ltd.,1000,222.0,222000.0,2025-07-21 12:45:04.633322
2025-07-21,77989,2025072101015751,PRVU,Imperial Securities Company Pvt. Ltd.,Sani Securities Company Ltd.,70,222.0,15540.0,2025-07-21 12:45:04.633479
2025-07-21,77988,2025072101015752,PRVU,ABC Securities Private Limited,Sani Securities Company Ltd.,200,222.0,44400.0,2025-07-21 12:45:04.633616
2025-07-21,77736,2025072101015831,PRVU,Imperial Securities Company Pvt. Ltd.,Sani Securities Company Ltd.,10,221.8,2218.0,2025-07-21 12:45:28.506443
2025-07-21,77735,2025072101015832,PRVU,Dynamic Money Managers Securities Pvt. Ltd.,Sani Securities Company Ltd.,2000,221.7,443400.0,2025-07-21 12:45:28.506765
2025-07-21,77734,2025072101015833,PRVU,Imperial Securities Company Pvt. Ltd.,Sani Securities Company Ltd.,1500,221.7,332550.0,2025-07-21 12:45:28.506913
2025-07-21,77733,2025072101015834,PRVU,Dynamic Money Managers Securities Pvt. Ltd.,Sani Securities Company Ltd.,384,221.5,85056.0,2025-07-21 12:45:28.507063
2025-07-21,77732,2025072101015835,PRVU,Imperial Securities Company Pvt. Ltd.,Sani Securities Company Ltd.,2000,221.5,443000.0,2025-07-21 12:45:28.507208
2025-07-21,77731,2025072101015836,PRVU,Vision Securities Pvt. Ltd,Sani Securities Company Ltd.,500,221.4,110700.0,2025-07-21 12:45:28.507352
2025-07-21,77730,2025072101015837,PRVU,Sweta Securities Private Limited,Sani Securities Company Ltd.,500,221.4,110700.0,2025-07-21 12:45:28.507493
2025-07-21,77729,2025072101015838,PRVU,ABC Securities Private Limited,Sani Securities Company Ltd.,1265,221.3,279944.5,2025-07-21 12:45:28.507638
2025-07-21,77728,2025072101015839,PRVU,Sundhara Securities Limited,Sani Securities Company Ltd.,300,221.3,66390.0,2025-07-21 12:45:28.507779
2025-07-21,77727,2025072101015840,PRVU,Capital Hub P. Ltd,Sani Securities Company Ltd.,2200,221.2,486640.0,2025-07-21 12:45:28.507916
2025-07-21,77726,2025072101015841,PRVU,Oxford Securities Pvt. Ltd.,Sani Securities Company Ltd.,1400,221.2,309680.0,2025-07-21 12:45:28.508059
2025-07-21,77725,2025072101015842,PRVU,Deevyaa Securities & Stock House Pvt. Ltd,Sani Securities Company Ltd.,500,221.1,110550.0,2025-07-21 12:45:28.508199
2025-07-21,77724,2025072101015843,PRVU,Cristal Kanchanjanga Securites Pvt. Ltd.,Sani Securities Company Ltd.,626,221.0,138346.0,2025-07-21 12:45:28.508419
2025-07-21,77723,2025072101015844,PRVU,Trishakti Securities Public Limited,Sani Securities Company Ltd.,1000,221.0,221000.0,2025-07-21 12:45:28.508566
2025-07-21,77722,2025072101015845,PRVU,Deevyaa Securities & Stock House Pvt. Ltd,Sani Securities Company Ltd.,500,221.0,110500.0,2025-07-21 12:45:28.508702
2025-07-21,77721,2025072101015846,PRVU,Primo Securities (PVT) Ltd.,Sani Securities Company Ltd.,415,221.0,91715.0,2025-07-21 12:45:28.508837
2025-07-21,77525,2025072101015900,PRVU,Primo Securities (PVT) Ltd.,Aryatara Investment & Securities,1000,221.0,221000.0,2025-07-21 12:45:47.573081
2025-07-21,77431,2025072101015926,PRVU,Primo Securities (PVT) Ltd.,Vision Securities Pvt. Ltd,40,221.0,8840.0,2025-07-21 12:45:52.099800
2025-07-21,76825,2025072101016051,PRVU,J.F. Securites (PVT) Ltd.,Naasa Securities Co. Ltd.,50,221.2,11060.0,2025-07-21 12:46:43.469966
2025-07-21,76629,2025072101016114,PRVU,Trisul Securities & Invt. Ltd.,Sweta Securities Private Limited,10,223.0,2230.0,2025-07-21 12:47:01.563960
2025-07-21,76406,2025072101016177,PRVU,J.F. Securites (PVT) Ltd.,Secured Securities Ltd.,150,221.2,33180.0,2025-07-21 12:47:28.392515
2025-07-21,76405,2025072101016178,PRVU,Online Securities Pvt. Ltd.,Secured Securities Ltd.,151,221.2,33401.2,2025-07-21 12:47:28.392850
2025-07-21,75500,2025072101016458,PRVU,Dipshikha Dhitopatra Karobar Co. Pvt Ltd.,Agrawal Securities (PVT) Ltd.,500,221.3,110650.0,2025-07-21 12:49:00.280757
2025-07-21,75196,2025072101016537,PRVU,Dipshikha Dhitopatra Karobar Co. Pvt Ltd.,Trisul Securities & Invt. Ltd.,1000,221.3,221300.0,2025-07-21 12:49:32.891667
2025-07-21,75017,2025072101016605,PRVU,Property Wiard Limited,Imperial Securities Company Pvt. Ltd.,10,221.3,2213.0,2025-07-21 12:49:51.234570
2025-07-21,73692,2025072101016924,PRVU,Property Wiard Limited,Indira securities pvt. ltd,15,221.3,3319.5,2025-07-21 12:51:47.604797
2025-07-21,73669,2025072101016934,PRVU,Online Securities Pvt. Ltd.,Indira securities pvt. ltd,85,221.3,18810.5,2025-07-21 12:51:50.591147
2025-07-21,72401,2025072101017266,PRVU,Siprabi Securities Pvt. Ltd.,Opal Securities Investment (PVT) Ltd.,31,221.9,6878.9,2025-07-21 12:54:40.932006
2025-07-21,71855,2025072101017356,PRVU,Online Securities Pvt. Ltd.,Sani Securities Company Ltd.,10,222.0,2220.0,2025-07-21 12:55:44.633376
2025-07-21,71690,2025072101017395,PRVU,Vision Securities Pvt. Ltd,Aryatara Investment & Securities,200,222.5,44500.0,2025-07-21 12:56:00.746953
2025-07-21,71392,2025072101017457,PRVU,Online Securities Pvt. Ltd.,Vision Securities Pvt. Ltd,190,222.0,42180.0,2025-07-21 12:56:43.239612
2025-07-21,71391,2025072101017458,PRVU,Dipshikha Dhitopatra Karobar Co. Pvt Ltd.,Vision Securities Pvt. Ltd,275,222.0,61050.0,2025-07-21 12:56:43.239975
2025-07-21,71258,2025072101017501,PRVU,Shree Krishna Securities Ltd.,Aryatara Investment & Securities,300,222.5,66750.0,2025-07-21 12:57:04.029710
2025-07-21,71223,2025072101017507,PRVU,Shree Krishna Securities Ltd.,Sani Securities Company Ltd.,10,222.5,2225.0,2025-07-21 12:57:09.090965
2025-07-21,71196,2025072101017514,PRVU,Shree Krishna Securities Ltd.,Miyo Securities Pvt Ltd,82,222.5,18245.0,2025-07-21 12:57:13.297443
2025-07-21,71195,2025072101017515,PRVU,Dipshikha Dhitopatra Karobar Co. Pvt Ltd.,Miyo Securities Pvt Ltd,1225,222.0,271950.0,2025-07-21 12:57:13.297827
2025-07-21,71194,2025072101017516,PRVU,Dipshikha Dhitopatra Karobar Co. Pvt Ltd.,Miyo Securities Pvt Ltd,893,222.0,198246.0,2025-07-21 12:57:13.297997
2025-07-21,70869,2025072101017623,PRVU,Dipshikha Dhitopatra Karobar Co. Pvt Ltd.,Linch Stock Market Ltd.,107,222.0,23754.0,2025-07-21 12:58:00.410340
2025-07-21,70868,2025072101017624,PRVU,Vision Securities Pvt. Ltd,Linch Stock Market Ltd.,23,222.0,5106.0,2025-07-21 12:58:00.411062
2025-07-21,70400,2025072101017741,PRVU,Cristal Kanchanjanga Securites Pvt. Ltd.,Kohinoor Investment & Securities Pvt. Ltd.,10,222.1,2221.0,2025-07-21 12:59:16.575295
2025-07-21,70399,2025072101017742,PRVU,Vision Securities Pvt. Ltd,Kohinoor Investment & Securities Pvt. Ltd.,49,222.0,10878.0,2025-07-21 12:59:16.576086
2025-07-21,69742,2025072101017887,PRVU,Secured Securities Ltd.,Sewa Securities Pvt. Ltd.,1000,222.9,222900.0,2025-07-21 13:00:49.126920
2025-07-21,69577,2025072101017918,PRVU,Linch Stock Market Ltd.,Sewa Securities Pvt. Ltd.,1000,222.9,222900.0,2025-07-21 13:01:16.737470
2025-07-21,69504,2025072101017949,PRVU,Dynamic Money Managers Securities Pvt. Ltd.,Dipshikha Dhitopatra Karobar Co. Pvt Ltd.,65,223.0,14495.0,2025-07-21 13:01:31.429900
2025-07-21,69503,2025072101017950,PRVU,Dynamic Money Managers Securities Pvt. Ltd.,Kumari Securities Private Limited,1192,223.0,265816.0,2025-07-21 13:01:31.430293
2025-07-21,69502,2025072101017951,PRVU,Dynamic Money Managers Securities Pvt. Ltd.,ABC Securities Private Limited,1000,223.0,223000.0,2025-07-21 13:01:31.430500
2025-07-21,69501,2025072101017952,PRVU,Dynamic Money Managers Securities Pvt. Ltd.,Trisul Securities & Invt. Ltd.,406,223.0,90538.0,2025-07-21 13:01:31.430705
2025-07-21,69500,2025072101017953,PRVU,Dynamic Money Managers Securities Pvt. Ltd.,Malla & Malla Stock Broking Company Pvt. Limited,50,223.0,11150.0,2025-07-21 13:01:31.430895
2025-07-21,69499,2025072101017954,PRVU,Dynamic Money Managers Securities Pvt. Ltd.,Malla & Malla Stock Broking Company Pvt. Limited,50,223.0,11150.0,2025-07-21 13:01:31.431072
2025-07-21,69430,2025072101017977,PRVU,Trisul Securities & Invt. Ltd.,Trishakti Securities Public Limited,10,223.8,2238.0,2025-07-21 13:01:45.223378
2025-07-21,68938,2025072101018096,PRVU,Naasa Securities Co. Ltd.,Aryatara Investment & Securities,25,223.0,5575.0,2025-07-21 13:03:06.631084
2025-07-21,68937,2025072101018097,PRVU,Naasa Securities Co. Ltd.,Aryatara Investment & Securities,285,222.2,63327.0,2025-07-21 13:03:06.631455
2025-07-21,68039,2025072101018306,PRVU,Agrawal Securities (PVT) Ltd.,Dipshikha Dhitopatra Karobar Co. Pvt Ltd.,5,225.5,1127.5,2025-07-21 13:05:42.928889
2025-07-21,67768,2025072101018400,PRVU,Online Securities Pvt. Ltd.,Imperial Securities Company Pvt. Ltd.,60,223.0,13380.0,2025-07-21 13:06:40.117078
2025-07-21,67543,2025072101018445,PRVU,Dakshinkali Investment & Securities Pvt. Ltd.,Naasa Securities Co. Ltd.,54,222.7,12025.8,2025-07-21 13:07:09.768549
2025-07-21,66789,2025072101018614,PRVU,Online Securities Pvt. Ltd.,Imperial Securities Company Pvt. Ltd.,160,223.0,35680.0,2025-07-21 13:09:02.130274
2025-07-21,66788,2025072101018615,PRVU,Online Securities Pvt. Ltd.,Dipshikha Dhitopatra Karobar Co. Pvt Ltd.,14,223.0,3122.0,2025-07-21 13:09:02.130709
2025-07-21,66718,2025072101018633,PRVU,Kalika Securities Pvt. Ltd.,Creative Securities Pvt Ltd,1000,223.9,223900.0,2025-07-21 13:09:17.755927
2025-07-21,66717,2025072101018634,PRVU,Kalika Securities Pvt. Ltd.,Pragyan Securities (PVT) Ltd.,112,223.9,25076.8,2025-07-21 13:09:17.756366
2025-07-21,66716,2025072101018635,PRVU,Kalika Securities Pvt. Ltd.,Dynamic Money Managers Securities Pvt. Ltd.,500,224.0,112000.0,2025-07-21 13:09:17.756540
2025-07-21,66715,2025072101018636,PRVU,Kalika Securities Pvt. Ltd.,Malla & Malla Stock Broking Company Pvt. Limited,50,224.0,11200.0,2025-07-21 13:09:17.756702
2025-07-21,66714,2025072101018637,PRVU,Kalika Securities Pvt. Ltd.,Imperial Securities Company Pvt. Ltd.,338,224.0,75712.0,2025-07-21 13:09:17.756867
2025-07-21,66550,2025072101018698,PRVU,Market Securities & Exchange (PVT) Ltd.,Dynamic Money Managers Securities Pvt. Ltd.,2000,223.1,446200.0,2025-07-21 13:09:48.442394
2025-07-21,65885,2025072101018841,PRVU,Online Securities Pvt. Ltd.,Dipshikha Dhitopatra Karobar Co. Pvt Ltd.,100,223.6,22360.0,2025-07-21 13:11:20.103744
2025-07-21,65884,2025072101018842,PRVU,Online Securities Pvt. Ltd.,Imperial Securities Company Pvt. Ltd.,651,224.0,145824.0,2025-07-21 13:11:20.104136
2025-07-21,65803,2025072101018856,PRVU,Kalika Securities Pvt. Ltd.,Bhrikuti Stock Broking Co. Pvt. Ltd.,27,223.1,6023.7,2025-07-21 13:11:35.413524
2025-07-21,65765,2025072101018883,PRVU,Kalika Securities Pvt. Ltd.,Primo Securities (PVT) Ltd.,11,223.1,2454.1,2025-07-21 13:11:40.134402
2025-07-21,65479,2025072101018949,PRVU,Malla & Malla Stock Broking Company Pvt. Limited,Premier Securities Company Ltd.,100,223.2,22320.0,2025-07-21 13:12:26.245771
2025-07-21,65478,2025072101018950,PRVU,Kalika Securities Pvt. Ltd.,Premier Securities Company Ltd.,86,223.1,19186.6,2025-07-21 13:12:26.246539
2025-07-21,65365,2025072101018982,PRVU,Kalika Securities Pvt. Ltd.,Infinity Securities Limited,1076,223.1,240055.6,2025-07-21 13:12:46.683067
2025-07-21,65364,2025072101018983,PRVU,ABC Securities Private Limited,Infinity Securities Limited,350,223.1,78085.0,2025-07-21 13:12:46.683474
2025-07-21,65363,2025072101018984,PRVU,Siprabi Securities Pvt. Ltd.,Infinity Securities Limited,20,223.0,4460.0,2025-07-21 13:12:46.683645
2025-07-21,65362,2025072101018985,PRVU,Trishakti Securities Public Limited,Infinity Securities Limited,138,223.0,30774.0,2025-07-21 13:12:46.683812
2025-07-21,65233,2025072101019011,PRVU,Oxford Securities Pvt. Ltd.,Infinity Securities Limited,150,223.0,33450.0,2025-07-21 13:13:01.438903
2025-07-21,65208,2025072101019023,PRVU,Secured Securities Ltd.,Infinity Securities Limited,13266,223.0,2958318.0,2025-07-21 13:13:05.109479
2025-07-21,65207,2025072101019024,PRVU,Secured Securities Ltd.,Asian Securities Private Ltd.,78,223.5,17433.0,2025-07-21 13:13:05.110255
2025-07-21,65022,2025072101019083,PRVU,Secured Securities Ltd.,Sani Securities Company Ltd.,72,223.5,16092.0,2025-07-21 13:13:38.947853
2025-07-21,65021,2025072101019084,PRVU,Online Securities Pvt. Ltd.,Sani Securities Company Ltd.,428,223.5,95658.0,2025-07-21 13:13:38.948255
2025-07-21,64965,2025072101019093,PRVU,Online Securities Pvt. Ltd.,Dipshikha Dhitopatra Karobar Co. Pvt Ltd.,18,223.5,4023.0,2025-07-21 13:13:47.760655
2025-07-21,64915,2025072101019100,PRVU,Online Securities Pvt. Ltd.,Dipshikha Dhitopatra Karobar Co. Pvt Ltd.,10,223.5,2235.0,2025-07-21 13:13:57.904389
2025-07-21,64741,2025072101019139,PRVU,Online Securities Pvt. Ltd.,Trishakti Securities Public Limited,44,223.5,9834.0,2025-07-21 13:14:25.638296
2025-07-21,64729,2025072101019143,PRVU,Trishakti Securities Public Limited,Trishakti Securities Public Limited,10,223.0,2230.0,2025-07-21 13:14:28.657035
2025-07-21,64571,2025072101019188,PRVU,Secured Securities Ltd.,Trishakti Securities Public Limited,10,223.0,2230.0,2025-07-21 13:14:53.253837
2025-07-21,64325,2025072101019262,PRVU,Malla & Malla Stock Broking Company Pvt. Limited,Trishakti Securities Public Limited,100,223.0,22300.0,2025-07-21 13:15:37.933895
2025-07-21,64260,2025072101019275,PRVU,Dakshinkali Investment & Securities Pvt. Ltd.,Elite Stock House Limited,300,222.6,66780.0,2025-07-21 13:15:52.674693
2025-07-21,64045,2025072101019345,PRVU,Dakshinkali Investment & Securities Pvt. Ltd.,Sani Securities Company Ltd.,139,222.6,30941.4,2025-07-21 13:16:30.362617
2025-07-21,64044,2025072101019346,PRVU,Linch Stock Market Ltd.,Sani Securities Company Ltd.,61,222.5,13572.5,2025-07-21 13:16:30.362674
2025-07-21,63901,2025072101019372,PRVU,Trisul Securities & Invt. Ltd.,Trishakti Securities Public Limited,10,223.0,2230.0,2025-07-21 13:16:49.442846
2025-07-21,63744,2025072101019410,PRVU,Secured Securities Ltd.,Trishakti Securities Public Limited,76,223.0,16948.0,2025-07-21 13:17:14.956096
2025-07-21,63743,2025072101019411,PRVU,Secured Securities Ltd.,Kumari Securities Private Limited,143,223.0,31889.0,2025-07-21 13:17:14.956492
2025-07-21,63730,2025072101019421,PRVU,Secured Securities Ltd.,Cristal Kanchanjanga Securites Pvt. Ltd.,81,223.0,18063.0,2025-07-21 13:17:16.431660
2025-07-21,63584,2025072101019457,PRVU,Linch Stock Market Ltd.,Cristal Kanchanjanga Securites Pvt. Ltd.,219,223.0,48837.0,2025-07-21 13:17:42.677085
2025-07-21,62567,2025072101019723,PRVU,Trisul Securities & Invt. Ltd.,Imperial Securities Company Pvt. Ltd.,10,224.0,2240.0,2025-07-21 13:20:33.186518
2025-07-21,62333,2025072101019777,PRVU,Malla & Malla Stock Broking Company Pvt. Limited,Malla & Malla Stock Broking Company Pvt. Limited,400,224.0,89600.0,2025-07-21 13:21:12.598996
2025-07-21,61926,2025072101019879,PRVU,Nepal Stock House (PVT) Ltd.,Primo Securities (PVT) Ltd.,300,224.3,67290.0,2025-07-21 13:22:04.421006
2025-07-21,61595,2025072101019983,PRVU,Malla & Malla Stock Broking Company Pvt. Limited,Naasa Securities Co. Ltd.,11,224.0,2464.0,2025-07-21 13:22:45.615489
2025-07-21,61594,2025072101019984,PRVU,Kalika Securities Pvt. Ltd.,Naasa Securities Co. Ltd.,50,224.0,11200.0,2025-07-21 13:22:45.615938
2025-07-21,61467,2025072101020012,PRVU,Naasa Securities Co. Ltd.,Naasa Securities Co. Ltd.,105,224.0,23520.0,2025-07-21 13:23:02.041288
2025-07-21,61043,2025072101020107,PRVU,Nepal Stock House (PVT) Ltd.,Naasa Securities Co. Ltd.,300,224.0,67200.0,2025-07-21 13:24:09.800669
2025-07-21,60699,2025072101020186,PRVU,Siprabi Securities Pvt. Ltd.,Naasa Securities Co. Ltd.,1000,223.1,223100.0,2025-07-21 13:25:08.932318
2025-07-21,60483,2025072101020258,PRVU,Linch Stock Market Ltd.,Kohinoor Investment & Securities Pvt. Ltd.,219,223.0,48837.0,2025-07-21 13:25:38.829783
2025-07-21,60467,2025072101020264,PRVU,Linch Stock Market Ltd.,Aryatara Investment & Securities,42,223.0,9366.0,2025-07-21 13:25:40.494071
2025-07-21,60260,2025072101020341,PRVU,SUN SECURITIES PVT LTD,Naasa Securities Co. Ltd.,384,223.1,85670.4,2025-07-21 13:26:06.959650
2025-07-21,60259,2025072101020342,PRVU,SUN SECURITIES PVT LTD,Trishakti Securities Public Limited,84,223.1,18740.4,2025-07-21 13:26:06.960694
2025-07-21,60258,2025072101020343,PRVU,SUN SECURITIES PVT LTD,Sri Hari Securities Pvt. Ltd.,1000,223.1,223100.0,2025-07-21 13:26:06.961677
2025-07-21,60248,2025072101020344,PRVU,Linch Stock Market Ltd.,Imperial Securities Company Pvt. Ltd.,20,223.0,4460.0,2025-07-21 13:26:09.150467
2025-07-21,60247,2025072101020345,PRVU,Nepal Stock House (PVT) Ltd.,Imperial Securities Company Pvt. Ltd.,90,223.0,20070.0,2025-07-21 13:26:09.150884
2025-07-21,60177,2025072101020363,PRVU,Nepal Stock House (PVT) Ltd.,Sani Securities Company Ltd.,20,223.0,4460.0,2025-07-21 13:26:23.584093
2025-07-21,59684,2025072101020526,PRVU,Nepal Stock House (PVT) Ltd.,Naasa Securities Co. Ltd.,188,223.0,41924.0,2025-07-21 13:27:43.973800
2025-07-21,59683,2025072101020527,PRVU,ABC Securities Private Limited,Naasa Securities Co. Ltd.,86,223.0,19178.0,2025-07-21 13:27:43.974246
2025-07-21,59652,2025072101020536,PRVU,ABC Securities Private Limited,Trishakti Securities Public Limited,114,223.0,25422.0,2025-07-21 13:27:51.060399
2025-07-21,59343,2025072101020631,PRVU,Online Securities Pvt. Ltd.,Primo Securities (PVT) Ltd.,100,222.6,22260.0,2025-07-21 13:28:43.931125
2025-07-21,59342,2025072101020632,PRVU,Vision Securities Pvt. Ltd,Primo Securities (PVT) Ltd.,60,222.6,13356.0,2025-07-21 13:28:43.931530
2025-07-21,59288,2025072101020659,PRVU,Sundhara Securities Limited,Sri Hari Securities Pvt. Ltd.,25,222.9,5572.5,2025-07-21 13:28:49.672013
2025-07-21,59287,2025072101020660,PRVU,Sundhara Securities Limited,Trishakti Securities Public Limited,475,223.0,105925.0,2025-07-21 13:28:49.672119
2025-07-21,59182,2025072101020693,PRVU,Secured Securities Ltd.,Sanima Securities Limited,25,222.9,5572.5,2025-07-21 13:29:06.242824
2025-07-21,59181,2025072101020694,PRVU,Vision Securities Pvt. Ltd,Sanima Securities Limited,940,222.6,209244.0,2025-07-21 13:29:06.243642
2025-07-21,59180,2025072101020695,PRVU,Linch Stock Market Ltd.,Sanima Securities Limited,439,222.5,97677.5,2025-07-21 13:29:06.244218
2025-07-21,59179,2025072101020696,PRVU,Online Securities Pvt. Ltd.,Sanima Securities Limited,596,222.5,132610.0,2025-07-21 13:29:06.244823
2025-07-21,59062,2025072101020740,PRVU,Online Securities Pvt. Ltd.,Kohinoor Investment & Securities Pvt. Ltd.,1404,222.5,312390.0,2025-07-21 13:29:26.483898
2025-07-21,59061,2025072101020741,PRVU,Naasa Securities Co. Ltd.,Kohinoor Investment & Securities Pvt. Ltd.,596,222.2,132431.2,2025-07-21 13:29:26.484333
2025-07-21,58549,2025072101020877,PRVU,Naasa Securities Co. Ltd.,Siprabi Securities Pvt. Ltd.,100,222.2,22220.0,2025-07-21 13:30:41.372235
2025-07-21,58528,2025072101020887,PRVU,Linch Stock Market Ltd.,Online Securities Pvt. Ltd.,2000,222.5,445000.0,2025-07-21 13:30:45.143325
2025-07-21,58489,2025072101020899,PRVU,Naasa Securities Co. Ltd.,Dynamic Money Managers Securities Pvt. Ltd.,10,222.2,2222.0,2025-07-21 13:30:51.915572
2025-07-21,58018,2025072101021058,PRVU,Naasa Securities Co. Ltd.,Asian Securities Private Ltd.,140,222.1,31094.0,2025-07-21 13:31:59.671333
2025-07-21,57895,2025072101021092,PRVU,Agrawal Securities (PVT) Ltd.,Arun Securities (PVT) Ltd.,250,222.1,55525.0,2025-07-21 13:32:17.683279
2025-07-21,57336,2025072101021277,PRVU,Vision Securities Pvt. Ltd,Aryatara Investment & Securities,15,222.3,3334.5,2025-07-21 13:33:38.282171
2025-07-21,57333,2025072101021280,PRVU,Agrawal Securities (PVT) Ltd.,S.P.S.A. Securities Limited,43,222.1,9550.3,2025-07-21 13:33:39.622876
2025-07-21,57189,2025072101021306,PRVU,Vision Securities Pvt. Ltd,Midas Stock Broking Company Private Limited,38,222.0,8436.0,2025-07-21 13:34:05.606664
2025-07-21,56963,2025072101021363,PRVU,Vision Securities Pvt. Ltd,Dynamic Money Managers Securities Pvt. Ltd.,890,222.0,197580.0,2025-07-21 13:34:42.894730
2025-07-21,56962,2025072101021364,PRVU,Online Securities Pvt. Ltd.,Dynamic Money Managers Securities Pvt. Ltd.,10,222.0,2220.0,2025-07-21 13:34:42.895148
2025-07-21,56961,2025072101021365,PRVU,Siprabi Securities Pvt. Ltd.,Dynamic Money Managers Securities Pvt. Ltd.,100,222.0,22200.0,2025-07-21 13:34:42.895340
2025-07-21,56923,2025072101021380,PRVU,Siprabi Securities Pvt. Ltd.,Premier Securities Company Ltd.,111,222.0,24642.0,2025-07-21 13:34:52.997208
2025-07-21,56922,2025072101021381,PRVU,Nepal Stock House (PVT) Ltd.,Premier Securities Company Ltd.,61,222.0,13542.0,2025-07-21 13:34:52.998095
2025-07-21,56833,2025072101021406,PRVU,Nepal Stock House (PVT) Ltd.,Naasa Securities Co. Ltd.,25,222.0,5550.0,2025-07-21 13:35:08.837471
2025-07-21,56408,2025072101021484,PRVU,Dynamic Money Managers Securities Pvt. Ltd.,Sumeru Securities Pvt. Ltd.,100,222.1,22210.0,2025-07-21 13:36:07.858988
2025-07-21,56020,2025072101021566,PRVU,Asian Securities Private Ltd.,Aryatara Investment & Securities,35,222.3,7780.5,2025-07-21 13:36:57.194146
2025-07-21,55974,2025072101021580,PRVU,Linch Stock Market Ltd.,Trishakti Securities Public Limited,1411,223.0,314653.0,2025-07-21 13:37:03.659808
2025-07-21,55973,2025072101021581,PRVU,Linch Stock Market Ltd.,Sri Hari Securities Pvt. Ltd.,188,223.0,41924.0,2025-07-21 13:37:03.660223
2025-07-21,55972,2025072101021582,PRVU,Linch Stock Market Ltd.,Premier Securities Company Ltd.,500,223.0,111500.0,2025-07-21 13:37:03.660410
2025-07-21,55971,2025072101021583,PRVU,Linch Stock Market Ltd.,Kumari Securities Private Limited,14,223.0,3122.0,2025-07-21 13:37:03.660588
2025-07-21,55970,2025072101021584,PRVU,Linch Stock Market Ltd.,Naasa Securities Co. Ltd.,575,223.0,128225.0,2025-07-21 13:37:03.660763
2025-07-21,55385,2025072101021776,PRVU,Trishakti Securities Public Limited,Online Securities Pvt. Ltd.,48,223.8,10742.4,2025-07-21 13:38:38.253995
2025-07-21,54988,2025072101021886,PRVU,Trishakti Securities Public Limited,Aryatara Investment & Securities,34,223.8,7609.2,2025-07-21 13:39:30.596575
2025-07-21,53858,2025072101022213,PRVU,Trishakti Securities Public Limited,Naasa Securities Co. Ltd.,168,223.8,37598.4,2025-07-21 13:42:04.973386
2025-07-21,53719,2025072101022245,PRVU,Online Securities Pvt. Ltd.,Naasa Securities Co. Ltd.,105,222.2,23331.0,2025-07-21 13:42:22.352851
2025-07-21,52854,2025072101022427,PRVU,Trishakti Securities Public Limited,Online Securities Pvt. Ltd.,200,223.0,44600.0,2025-07-21 13:44:08.087099
2025-07-21,52760,2025072101022438,PRVU,Sani Securities Company Ltd.,Secured Securities Ltd.,180,222.3,40014.0,2025-07-21 13:44:19.880870
2025-07-21,52759,2025072101022439,PRVU,Dynamic Money Managers Securities Pvt. Ltd.,Secured Securities Ltd.,20,222.3,4446.0,2025-07-21 13:44:19.881308
2025-07-21,52631,2025072101022465,PRVU,Trishakti Securities Public Limited,Online Securities Pvt. Ltd.,38,223.0,8474.0,2025-07-21 13:44:31.259924
2025-07-21,52630,2025072101022466,PRVU,Trishakti Securities Public Limited,Sani Securities Company Ltd.,62,223.0,13826.0,2025-07-21 13:44:31.260362
2025-07-21,52418,2025072101022513,PRVU,Dynamic Money Managers Securities Pvt. Ltd.,Dipshikha Dhitopatra Karobar Co. Pvt Ltd.,50,222.3,11115.0,2025-07-21 13:45:03.873530
2025-07-21,52257,2025072101022540,PRVU,Trishakti Securities Public Limited,Sani Securities Company Ltd.,20,223.0,4460.0,2025-07-21 13:45:14.662240
2025-07-21,52191,2025072101022555,PRVU,Dynamic Money Managers Securities Pvt. Ltd.,Secured Securities Ltd.,930,222.3,206739.0,2025-07-21 13:45:24.797060
2025-07-21,52190,2025072101022556,PRVU,Sani Securities Company Ltd.,Secured Securities Ltd.,15,222.3,3334.5,2025-07-21 13:45:24.797900
2025-07-21,52189,2025072101022557,PRVU,Online Securities Pvt. Ltd.,Secured Securities Ltd.,855,222.2,189981.0,2025-07-21 13:45:24.798496
2025-07-21,51783,2025072101022635,PRVU,Trisul Securities & Invt. Ltd.,Sani Securities Company Ltd.,10,223.0,2230.0,2025-07-21 13:46:10.843999
2025-07-21,51647,2025072101022668,PRVU,Online Securities Pvt. Ltd.,Naasa Securities Co. Ltd.,50,222.2,11110.0,2025-07-21 13:46:35.826851
2025-07-21,51042,2025072101022824,PRVU,Agrawal Securities (PVT) Ltd.,Naasa Securities Co. Ltd.,50,222.3,11115.0,2025-07-21 13:47:58.364766
2025-07-21,50720,2025072101022898,PRVU,Linch Stock Market Ltd.,Sani Securities Company Ltd.,1508,223.0,336284.0,2025-07-21 13:48:38.939458
2025-07-21,50719,2025072101022899,PRVU,Linch Stock Market Ltd.,Pragyan Securities (PVT) Ltd.,100,223.0,22300.0,2025-07-21 13:48:38.939939
2025-07-21,50240,2025072101022965,PRVU,Online Securities Pvt. Ltd.,Primo Securities (PVT) Ltd.,100,223.7,22370.0,2025-07-21 13:49:25.749374
2025-07-21,48293,2025072101023386,PRVU,Capital Max Securities Ltd,Naasa Securities Co. Ltd.,500,223.5,111750.0,2025-07-21 13:52:17.896425
2025-07-21,47829,2025072101023480,PRVU,Premier Securities Company Ltd.,Capital Max Securities Ltd,165,223.1,36811.5,2025-07-21 13:52:54.297704
2025-07-21,47615,2025072101023530,PRVU,Premier Securities Company Ltd.,Naasa Securities Co. Ltd.,100,223.1,22310.0,2025-07-21 13:53:21.651283
2025-07-21,47521,2025072101023569,PRVU,Premier Securities Company Ltd.,Trisul Securities & Invt. Ltd.,85,223.1,18963.5,2025-07-21 13:53:33.377885
2025-07-21,47295,2025072101023629,PRVU,Agrawal Securities (PVT) Ltd.,Trisul Securities & Invt. Ltd.,115,223.1,25656.5,2025-07-21 13:53:56.603331
2025-07-21,46880,2025072101023729,PRVU,Bhrikuti Stock Broking Co. Pvt. Ltd.,Secured Securities Ltd.,100,223.5,22350.0,2025-07-21 13:54:48.338474
2025-07-21,46349,2025072101023836,PRVU,Siprabi Securities Pvt. Ltd.,Premier Securities Company Ltd.,143,223.7,31989.1,2025-07-21 13:55:48.248705
2025-07-21,46348,2025072101023837,PRVU,Siprabi Securities Pvt. Ltd.,J.F. Securites (PVT) Ltd.,79,223.7,17672.3,2025-07-21 13:55:48.249166
2025-07-21,45757,2025072101023976,PRVU,Bhrikuti Stock Broking Co. Pvt. Ltd.,J.F. Securites (PVT) Ltd.,100,223.7,22370.0,2025-07-21 13:57:11.961155
2025-07-21,45744,2025072101023982,PRVU,Siprabi Securities Pvt. Ltd.,Nagarik Stock Dealer ,500,223.2,111600.0,2025-07-21 13:57:13.829595
2025-07-21,45728,2025072101023991,PRVU,Agrawal Securities (PVT) Ltd.,J.F. Securites (PVT) Ltd.,35,223.7,7829.5,2025-07-21 13:57:15.402150
2025-07-21,45567,2025072101024036,PRVU,Asian Securities Private Ltd.,Miyo Securities Pvt Ltd,500,223.0,111500.0,2025-07-21 13:57:27.517472
2025-07-21,45566,2025072101024037,PRVU,Naasa Securities Co. Ltd.,Miyo Securities Pvt Ltd,100,223.0,22300.0,2025-07-21 13:57:27.517931
2025-07-21,45565,2025072101024038,PRVU,MILKY WAY SHARE BROKER COMPANY LTD ,Miyo Securities Pvt Ltd,200,223.0,44600.0,2025-07-21 13:57:27.518134
2025-07-21,45196,2025072101024129,PRVU,Oxford Securities Pvt. Ltd.,J.F. Securites (PVT) Ltd.,1786,223.7,399528.2,2025-07-21 13:58:00.867599
2025-07-21,45195,2025072101024130,PRVU,Oxford Securities Pvt. Ltd.,Trisul Securities & Invt. Ltd.,500,223.8,111900.0,2025-07-21 13:58:00.868500
2025-07-21,45194,2025072101024131,PRVU,Oxford Securities Pvt. Ltd.,NIMB Stock Markets Limited,1000,224.0,224000.0,2025-07-21 13:58:00.869102
2025-07-21,45193,2025072101024132,PRVU,Oxford Securities Pvt. Ltd.,Malla & Malla Stock Broking Company Pvt. Limited,14,224.0,3136.0,2025-07-21 13:58:00.869697
2025-07-21,44710,2025072101024175,PRVU,MILKY WAY SHARE BROKER COMPANY LTD ,Imperial Securities Company Pvt. Ltd.,37,223.0,8251.0,2025-07-21 13:58:37.206213
2025-07-21,42987,2025072101024504,PRVU,Trisul Securities & Invt. Ltd.,Premier Securities Company Ltd.,10,223.9,2239.0,2025-07-21 14:01:25.728317
2025-07-21,42860,2025072101024528,PRVU,Naasa Securities Co. Ltd.,Imperial Securities Company Pvt. Ltd.,100,223.2,22320.0,2025-07-21 14:01:40.049118
2025-07-21,42859,2025072101024529,PRVU,Aryatara Investment & Securities,Imperial Securities Company Pvt. Ltd.,510,223.1,113781.0,2025-07-21 14:01:40.049959
2025-07-21,42858,2025072101024530,PRVU,MILKY WAY SHARE BROKER COMPANY LTD ,Imperial Securities Company Pvt. Ltd.,1390,223.0,309970.0,2025-07-21 14:01:40.050605
2025-07-21,42661,2025072101024580,PRVU,MILKY WAY SHARE BROKER COMPANY LTD ,Naasa Securities Co. Ltd.,20,223.0,4460.0,2025-07-21 14:01:58.723429
2025-07-21,42421,2025072101024673,PRVU,MILKY WAY SHARE BROKER COMPANY LTD ,Sri Hari Securities Pvt. Ltd.,353,223.0,78719.0,2025-07-21 14:02:20.830685
2025-07-21,42420,2025072101024674,PRVU,Premier Securities Company Ltd.,Sri Hari Securities Pvt. Ltd.,100,223.0,22300.0,2025-07-21 14:02:20.831168
2025-07-21,42419,2025072101024675,PRVU,Dynamic Money Managers Securities Pvt. Ltd.,Sri Hari Securities Pvt. Ltd.,300,223.0,66900.0,2025-07-21 14:02:20.831414
2025-07-21,42418,2025072101024676,PRVU,Sajilo Broker Limited,Sri Hari Securities Pvt. Ltd.,1247,223.0,278081.0,2025-07-21 14:02:20.831620
2025-07-21,42379,2025072101024685,PRVU,Cristal Kanchanjanga Securites Pvt. Ltd.,Malla & Malla Stock Broking Company Pvt. Limited,92,224.0,20608.0,2025-07-21 14:02:26.754923
2025-07-21,42378,2025072101024686,PRVU,Cristal Kanchanjanga Securites Pvt. Ltd.,Imperial Securities Company Pvt. Ltd.,20,224.0,4480.0,2025-07-21 14:02:26.755382
2025-07-21,42377,2025072101024687,PRVU,Cristal Kanchanjanga Securites Pvt. Ltd.,Imperial Securities Company Pvt. Ltd.,100,224.0,22400.0,2025-07-21 14:02:26.755586
2025-07-21,42376,2025072101024688,PRVU,Cristal Kanchanjanga Securites Pvt. Ltd.,Online Securities Pvt. Ltd.,68,224.0,15232.0,2025-07-21 14:02:26.755791
2025-07-21,42348,2025072101024694,PRVU,Sajilo Broker Limited,Siprabi Securities Pvt. Ltd.,238,223.0,53074.0,2025-07-21 14:02:29.617925
2025-07-21,41422,2025072101024878,PRVU,Market Securities & Exchange (PVT) Ltd.,Online Securities Pvt. Ltd.,215,224.0,48160.0,2025-07-21 14:03:52.758801
2025-07-21,41421,2025072101024879,PRVU,Market Securities & Exchange (PVT) Ltd.,Naasa Securities Co. Ltd.,85,224.0,19040.0,2025-07-21 14:03:52.759811
2025-07-21,41250,2025072101024913,PRVU,SUN SECURITIES PVT LTD,Vision Securities Pvt. Ltd,20,223.1,4462.0,2025-07-21 14:04:12.542774
2025-07-21,41145,2025072101024942,PRVU,SUN SECURITIES PVT LTD,Naasa Securities Co. Ltd.,260,223.1,58006.0,2025-07-21 14:04:22.633591
2025-07-21,39970,2025072101025176,PRVU,Siprabi Securities Pvt. Ltd.,Kumari Securities Private Limited,840,223.2,187488.0,2025-07-21 14:06:32.441116
2025-07-21,39934,2025072101025184,PRVU,Siprabi Securities Pvt. Ltd.,Asian Securities Private Ltd.,146,223.2,32587.2,2025-07-21 14:06:38.466756
2025-07-21,39928,2025072101025186,PRVU,Siprabi Securities Pvt. Ltd.,Imperial Securities Company Pvt. Ltd.,14,223.2,3124.8,2025-07-21 14:06:38.872753
2025-07-21,39141,2025072101025315,PRVU,Aryatara Investment & Securities,Imperial Securities Company Pvt. Ltd.,51,223.2,11383.2,2025-07-21 14:08:02.035197
2025-07-21,39018,2025072101025343,PRVU,SUN SECURITIES PVT LTD,Naasa Securities Co. Ltd.,680,223.1,151708.0,2025-07-21 14:08:17.168480
2025-07-21,38679,2025072101025409,PRVU,SUN SECURITIES PVT LTD,Trisul Securities & Invt. Ltd.,40,223.1,8924.0,2025-07-21 14:08:56.779812
2025-07-21,38678,2025072101025410,PRVU,Aryatara Investment & Securities,Trisul Securities & Invt. Ltd.,30,223.1,6693.0,2025-07-21 14:08:56.779856
2025-07-21,38677,2025072101025411,PRVU,Sajilo Broker Limited,Trisul Securities & Invt. Ltd.,515,223.0,114845.0,2025-07-21 14:08:56.779886
2025-07-21,38676,2025072101025412,PRVU,Midas Stock Broking Company Private Limited,Trisul Securities & Invt. Ltd.,100,223.0,22300.0,2025-07-21 14:08:56.779915
2025-07-21,38675,2025072101025413,PRVU,Creative Securities Pvt Ltd,Trisul Securities & Invt. Ltd.,100,223.0,22300.0,2025-07-21 14:08:56.779941
2025-07-21,38674,2025072101025414,PRVU,ABC Securities Private Limited,Trisul Securities & Invt. Ltd.,215,223.0,47945.0,2025-07-21 14:08:56.779965
2025-07-21,38458,2025072101025460,PRVU,ABC Securities Private Limited,ABC Securities Private Limited,50,223.0,11150.0,2025-07-21 14:09:23.709163
2025-07-21,38283,2025072101025510,PRVU,ABC Securities Private Limited,Sweta Securities Private Limited,100,223.0,22300.0,2025-07-21 14:09:44.003104
2025-07-21,38184,2025072101025545,PRVU,ABC Securities Private Limited,Creative Securities Pvt Ltd,1857,223.0,414111.0,2025-07-21 14:09:55.036476
2025-07-21,38183,2025072101025546,PRVU,ABC Securities Private Limited,Creative Securities Pvt Ltd,143,223.0,31889.0,2025-07-21 14:09:55.037360
2025-07-21,38105,2025072101025561,PRVU,ABC Securities Private Limited,Infinity Securities Limited,2078,223.0,463394.0,2025-07-21 14:10:02.863382
2025-07-21,38104,2025072101025562,PRVU,ABC Securities Private Limited,Infinity Securities Limited,345,223.0,76935.0,2025-07-21 14:10:02.864293
2025-07-21,37879,2025072101025610,PRVU,Naasa Securities Co. Ltd.,Primo Securities (PVT) Ltd.,4,219.6,878.4,2025-07-21 14:10:38.120222
2025-07-21,37592,2025072101025658,PRVU,ABC Securities Private Limited,Premier Securities Company Ltd.,450,223.0,100350.0,2025-07-21 14:11:12.792926
2025-07-21,37570,2025072101025663,PRVU,ABC Securities Private Limited,Primo Securities (PVT) Ltd.,1425,223.0,317775.0,2025-07-21 14:11:16.551404
2025-07-21,37569,2025072101025664,PRVU,ABC Securities Private Limited,Primo Securities (PVT) Ltd.,1575,223.0,351225.0,2025-07-21 14:11:16.551868
2025-07-21,37393,2025072101025706,PRVU,ABC Securities Private Limited,Linch Stock Market Ltd.,122,223.0,27206.0,2025-07-21 14:11:33.327727
2025-07-21,37240,2025072101025732,PRVU,ABC Securities Private Limited,Siprabi Securities Pvt. Ltd.,322,223.0,71806.0,2025-07-21 14:11:47.417147
2025-07-21,37239,2025072101025733,PRVU,Oxford Securities Pvt. Ltd.,Siprabi Securities Pvt. Ltd.,100,223.0,22300.0,2025-07-21 14:11:47.418048
2025-07-21,37238,2025072101025734,PRVU,Naasa Securities Co. Ltd.,Siprabi Securities Pvt. Ltd.,200,223.0,44600.0,2025-07-21 14:11:47.418664
2025-07-21,36262,2025072101025927,PRVU,Agrawal Securities (PVT) Ltd.,S.P.S.A. Securities Limited,145,222.6,32277.0,2025-07-21 14:13:32.613425
2025-07-21,34914,2025072101026240,PRVU,Sumeru Securities Pvt. Ltd.,Kohinoor Investment & Securities Pvt. Ltd.,250,222.7,55675.0,2025-07-21 14:15:57.067697
2025-07-21,34617,2025072101026303,PRVU,Naasa Securities Co. Ltd.,Siprabi Securities Pvt. Ltd.,78,223.0,17394.0,2025-07-21 14:16:34.939894
2025-07-21,34616,2025072101026304,PRVU,Naasa Securities Co. Ltd.,Siprabi Securities Pvt. Ltd.,122,223.0,27206.0,2025-07-21 14:16:34.940367
2025-07-21,34538,2025072101026327,PRVU,Sumeru Securities Pvt. Ltd.,Aryatara Investment & Securities,625,222.7,139187.5,2025-07-21 14:16:44.959334
2025-07-21,34537,2025072101026328,PRVU,Agrawal Securities (PVT) Ltd.,Aryatara Investment & Securities,255,222.6,56763.0,2025-07-21 14:16:44.960431
2025-07-21,34536,2025072101026329,PRVU,Sajilo Broker Limited,Aryatara Investment & Securities,120,222.5,26700.0,2025-07-21 14:16:44.961413
2025-07-21,34430,2025072101026363,PRVU,Sajilo Broker Limited,Sani Securities Company Ltd.,1880,222.5,418300.0,2025-07-21 14:16:57.562652
2025-07-21,34429,2025072101026364,PRVU,ABC Securities Private Limited,Sani Securities Company Ltd.,200,222.5,44500.0,2025-07-21 14:16:57.562693
2025-07-21,34428,2025072101026365,PRVU,Naasa Securities Co. Ltd.,Sani Securities Company Ltd.,45,222.5,10012.5,2025-07-21 14:16:57.562724
2025-07-21,34427,2025072101026366,PRVU,Trishakti Securities Public Limited,Sani Securities Company Ltd.,875,222.4,194600.0,2025-07-21 14:16:57.562758
2025-07-21,34340,2025072101026390,PRVU,Trishakti Securities Public Limited,Sani Securities Company Ltd.,125,222.4,27800.0,2025-07-21 14:17:09.778859
2025-07-21,34339,2025072101026391,PRVU,Naasa Securities Co. Ltd.,Sani Securities Company Ltd.,109,222.4,24241.6,2025-07-21 14:17:09.778957
2025-07-21,34338,2025072101026392,PRVU,Agrawal Securities (PVT) Ltd.,Sani Securities Company Ltd.,2766,222.3,614881.8,2025-07-21 14:17:09.779084
2025-07-21,33658,2025072101026537,PRVU,Agrawal Securities (PVT) Ltd.,Dipshikha Dhitopatra Karobar Co. Pvt Ltd.,680,222.3,151164.0,2025-07-21 14:18:22.728996
2025-07-21,32710,2025072101026811,PRVU,Agrawal Securities (PVT) Ltd.,Imperial Securities Company Pvt. Ltd.,1000,222.3,222300.0,2025-07-21 14:20:08.296235
2025-07-21,32691,2025072101026819,PRVU,Agrawal Securities (PVT) Ltd.,Malla & Malla Stock Broking Company Pvt. Limited,10,222.3,2223.0,2025-07-21 14:20:10.765990
2025-07-21,32052,2025072101026936,PRVU,Agrawal Securities (PVT) Ltd.,Imperial Securities Company Pvt. Ltd.,494,222.3,109816.2,2025-07-21 14:21:12.384295
2025-07-21,32051,2025072101026937,PRVU,Dipshikha Dhitopatra Karobar Co. Pvt Ltd.,Imperial Securities Company Pvt. Ltd.,441,222.3,98034.3,2025-07-21 14:21:12.384724
2025-07-21,31499,2025072101027116,PRVU,Dipshikha Dhitopatra Karobar Co. Pvt Ltd.,Kumari Securities Private Limited,100,222.4,22240.0,2025-07-21 14:22:07.476773
2025-07-21,31467,2025072101027125,PRVU,Dipshikha Dhitopatra Karobar Co. Pvt Ltd.,Online Securities Pvt. Ltd.,500,222.4,111200.0,2025-07-21 14:22:11.085714
2025-07-21,30814,2025072101027324,PRVU,Dipshikha Dhitopatra Karobar Co. Pvt Ltd.,Nagarik Stock Dealer ,890,222.4,197936.0,2025-07-21 14:23:16.410247
2025-07-21,30813,2025072101027325,PRVU,Dipshikha Dhitopatra Karobar Co. Pvt Ltd.,Nagarik Stock Dealer ,520,222.3,115596.0,2025-07-21 14:23:16.410706
2025-07-21,30496,2025072101027444,PRVU,Dipshikha Dhitopatra Karobar Co. Pvt Ltd.,Deevyaa Securities & Stock House Pvt. Ltd,10,222.8,2228.0,2025-07-21 14:23:46.805984
2025-07-21,30283,2025072101027506,PRVU,Dipshikha Dhitopatra Karobar Co. Pvt Ltd.,South Asian Bulls Pvt. Ltd.,200,222.3,44460.0,2025-07-21 14:24:07.650643
2025-07-21,29789,2025072101027623,PRVU,Dipshikha Dhitopatra Karobar Co. Pvt Ltd.,Trisul Securities & Invt. Ltd.,50,222.3,11115.0,2025-07-21 14:24:57.424819
2025-07-21,29615,2025072101027655,PRVU,Dipshikha Dhitopatra Karobar Co. Pvt Ltd.,Midas Stock Broking Company Private Limited,289,222.3,64244.7,2025-07-21 14:25:14.262110
2025-07-21,29614,2025072101027656,PRVU,Sajilo Broker Limited,Midas Stock Broking Company Private Limited,211,222.3,46905.3,2025-07-21 14:25:14.262629
2025-07-21,29564,2025072101027666,PRVU,Opal Securities Investment (PVT) Ltd.,Deevyaa Securities & Stock House Pvt. Ltd,40,222.8,8912.0,2025-07-21 14:25:19.657337
2025-07-21,29020,2025072101027795,PRVU,Sajilo Broker Limited,Midas Stock Broking Company Private Limited,189,222.3,42014.7,2025-07-21 14:26:13.671102
2025-07-21,29019,2025072101027796,PRVU,Naasa Securities Co. Ltd.,Midas Stock Broking Company Private Limited,311,222.3,69135.3,2025-07-21 14:26:13.671569
2025-07-21,28866,2025072101027841,PRVU,Deevyaa Securities & Stock House Pvt. Ltd,Kohinoor Investment & Securities Pvt. Ltd.,10,222.9,2229.0,2025-07-21 14:26:31.536246
2025-07-21,28865,2025072101027842,PRVU,Deevyaa Securities & Stock House Pvt. Ltd,Sundhara Securities Limited,100,222.9,22290.0,2025-07-21 14:26:31.536700
2025-07-21,28864,2025072101027843,PRVU,Deevyaa Securities & Stock House Pvt. Ltd,Siprabi Securities Pvt. Ltd.,17,223.0,3791.0,2025-07-21 14:26:31.536906
2025-07-21,28713,2025072101027869,PRVU,Imperial Securities Company Pvt. Ltd.,Siprabi Securities Pvt. Ltd.,361,223.0,80503.0,2025-07-21 14:26:49.837481
2025-07-21,28712,2025072101027870,PRVU,Imperial Securities Company Pvt. Ltd.,Ashutosh Brokerage & Securities (PVT) Ltd.,100,223.0,22300.0,2025-07-21 14:26:49.837958
2025-07-21,28711,2025072101027871,PRVU,Imperial Securities Company Pvt. Ltd.,Cristal Kanchanjanga Securites Pvt. Ltd.,118,223.0,26314.0,2025-07-21 14:26:49.838172
2025-07-21,28479,2025072101027920,PRVU,Midas Stock Broking Company Private Limited,Cristal Kanchanjanga Securites Pvt. Ltd.,82,223.0,18286.0,2025-07-21 14:27:16.253614
2025-07-21,28478,2025072101027921,PRVU,Midas Stock Broking Company Private Limited,Nabil Stock Dealer Ltd.,342,223.0,76266.0,2025-07-21 14:27:16.254128
2025-07-21,28400,2025072101027937,PRVU,Opal Securities Investment (PVT) Ltd.,Sani Securities Company Ltd.,60,222.9,13374.0,2025-07-21 14:27:23.995173
2025-07-21,28039,2025072101027997,PRVU,Naasa Securities Co. Ltd.,Naasa Securities Co. Ltd.,650,222.3,144495.0,2025-07-21 14:28:01.764983
2025-07-21,27985,2025072101028018,PRVU,Naasa Securities Co. Ltd.,Secured Securities Ltd.,100,222.3,22230.0,2025-07-21 14:28:07.662227
2025-07-21,27508,2025072101028165,PRVU,Naasa Securities Co. Ltd.,Nepal Stock House (PVT) Ltd.,80,222.3,17784.0,2025-07-21 14:29:01.046540
2025-07-21,27217,2025072101028240,PRVU,Naasa Securities Co. Ltd.,Secured Securities Ltd.,50,222.3,11115.0,2025-07-21 14:29:35.147649
2025-07-21,27159,2025072101028252,PRVU,Naasa Securities Co. Ltd.,Siprabi Securities Pvt. Ltd.,23,222.3,5112.9,2025-07-21 14:29:41.739370
2025-07-21,27158,2025072101028253,PRVU,Online Securities Pvt. Ltd.,Siprabi Securities Pvt. Ltd.,977,222.2,217089.4,2025-07-21 14:29:41.739842
2025-07-21,27156,2025072101028255,PRVU,Online Securities Pvt. Ltd.,Imperial Securities Company Pvt. Ltd.,200,222.2,44440.0,2025-07-21 14:29:42.928372
2025-07-21,26572,2025072101028402,PRVU,Online Securities Pvt. Ltd.,Malla & Malla Stock Broking Company Pvt. Limited,249,222.2,55327.8,2025-07-21 14:30:58.589269
2025-07-21,26356,2025072101028474,PRVU,Online Securities Pvt. Ltd.,Naasa Securities Co. Ltd.,113,222.2,25108.6,2025-07-21 14:31:21.238237
2025-07-21,25956,2025072101028596,PRVU,Capital Max Securities Ltd,Pragyan Securities (PVT) Ltd.,45,222.5,10012.5,2025-07-21 14:32:00.771155
2025-07-21,25776,2025072101028637,PRVU,Capital Max Securities Ltd,Secured Securities Ltd.,37,222.5,8232.5,2025-07-21 14:32:15.594868
2025-07-21,24396,2025072101029006,PRVU,Primo Securities (PVT) Ltd.,Sani Securities Company Ltd.,11,222.6,2448.6,2025-07-21 14:34:56.179319
2025-07-21,24245,2025072101029053,PRVU,Primo Securities (PVT) Ltd.,Trishakti Securities Public Limited,89,222.6,19811.4,2025-07-21 14:35:20.725082
2025-07-21,24244,2025072101029054,PRVU,Capital Max Securities Ltd,Trishakti Securities Public Limited,58,222.5,12905.0,2025-07-21 14:35:20.725536
2025-07-21,24243,2025072101029055,PRVU,SHUBHAKAMANA SECURITIES PVT. LTD,Trishakti Securities Public Limited,109,222.4,24241.6,2025-07-21 14:35:20.725747
2025-07-21,23294,2025072101029357,PRVU,SHUBHAKAMANA SECURITIES PVT. LTD,Investment Management Nepal Pvt. Ltd.,291,222.4,64718.4,2025-07-21 14:37:19.492264
2025-07-21,23293,2025072101029358,PRVU,Siprabi Securities Pvt. Ltd.,Investment Management Nepal Pvt. Ltd.,200,222.3,44460.0,2025-07-21 14:37:19.492735
2025-07-21,23292,2025072101029359,PRVU,Online Securities Pvt. Ltd.,Investment Management Nepal Pvt. Ltd.,1101,222.2,244642.2,2025-07-21 14:37:19.492985
2025-07-21,23291,2025072101029360,PRVU,Global IME Securities Limited,Investment Management Nepal Pvt. Ltd.,25,222.2,5555.0,2025-07-21 14:37:19.493226
2025-07-21,23290,2025072101029361,PRVU,Aryatara Investment & Securities,Investment Management Nepal Pvt. Ltd.,1383,222.2,307302.6,2025-07-21 14:37:19.493472
2025-07-21,22916,2025072101029515,PRVU,Aryatara Investment & Securities,Kumari Securities Private Limited,218,222.2,48439.6,2025-07-21 14:37:56.592587
2025-07-21,22789,2025072101029537,PRVU,Aryatara Investment & Securities,Investment Management Nepal Pvt. Ltd.,255,222.2,56661.0,2025-07-21 14:38:09.904769
