Date,S.N.,Contract ID,Symbol,Buyer Broker,Seller Broker,volume,rate,amount,transaction_time
2025-07-21,138297,2025072101000117,SANIMA,Sumeru Securities Pvt. Ltd.,Sundhara Securities Limited,10,368.1,3681.0,2025-07-21 11:01:07.775387
2025-07-21,138155,2025072101000139,SANIMA,ABC Securities Private Limited,Sundhara Securities Limited,374,368.1,137669.4,2025-07-21 11:01:29.471287
2025-07-21,138103,2025072101000146,SANIMA,ABC Securities Private Limited,Nepal Stock House (PVT) Ltd.,31,368.1,11411.1,2025-07-21 11:01:38.040941
2025-07-21,136364,2025072101000482,SANIMA,Nepal Stock House (PVT) Ltd.,Cristal Kanchanjanga Securites Pvt. Ltd.,10,367.0,3670.0,2025-07-21 11:04:58.697972
2025-07-21,136083,2025072101000540,SANIMA,Siprabi Securities Pvt. Ltd.,Imperial Securities Company Pvt. Ltd.,260,363.0,94380.0,2025-07-21 11:05:23.508247
2025-07-21,136082,2025072101000541,SANIMA,Neev Securities Pvt. Ltd.,Imperial Securities Company Pvt. Ltd.,500,362.0,181000.0,2025-07-21 11:05:23.508323
2025-07-21,136081,2025072101000542,SANIMA,Vision Securities Pvt. Ltd,Imperial Securities Company Pvt. Ltd.,1240,361.0,447640.0,2025-07-21 11:05:23.508370
2025-07-21,134975,2025072101000815,SANIMA,Kumari Securities Private Limited,Sweta Securities Private Limited,50,365.0,18250.0,2025-07-21 11:07:05.074260
2025-07-21,134891,2025072101000836,SANIMA,Imperial Securities Company Pvt. Ltd.,Sweta Securities Private Limited,10,365.0,3650.0,2025-07-21 11:07:11.079811
2025-07-21,134864,2025072101000843,SANIMA,Deevyaa Securities & Stock House Pvt. Ltd,Dakshinkali Investment & Securities Pvt. Ltd.,500,362.0,181000.0,2025-07-21 11:07:13.180174
2025-07-21,134311,2025072101000975,SANIMA,Sewa Securities Pvt. Ltd.,Linch Stock Market Ltd.,300,362.2,108660.0,2025-07-21 11:07:57.167146
2025-07-21,134144,2025072101001021,SANIMA,Vision Securities Pvt. Ltd,Sweta Securities Private Limited,40,362.1,14484.0,2025-07-21 11:08:10.178002
2025-07-21,134109,2025072101001027,SANIMA,Sanima Securities Limited,Linch Stock Market Ltd.,50,362.2,18110.0,2025-07-21 11:08:12.857510
2025-07-21,134108,2025072101001028,SANIMA,Sanima Securities Limited,Nepal Investment And Securities Trading Private Limited,200,362.2,72440.0,2025-07-21 11:08:13.350473
2025-07-21,134041,2025072101001054,SANIMA,Sanima Securities Limited,Nepal Stock House (PVT) Ltd.,10,362.2,3622.0,2025-07-21 11:08:20.813543
2025-07-21,133298,2025072101001266,SANIMA,Sanima Securities Limited,Agrawal Securities (PVT) Ltd.,200,362.4,72480.0,2025-07-21 11:09:30.407138
2025-07-21,132669,2025072101001482,SANIMA,Secured Securities Ltd.,Online Securities Pvt. Ltd.,100,364.0,36400.0,2025-07-21 11:10:25.954953
2025-07-21,132228,2025072101001643,SANIMA,Sani Securities Company Ltd.,Ashutosh Brokerage & Securities (PVT) Ltd.,11,364.8,4012.8,2025-07-21 11:11:02.816046
2025-07-21,132052,2025072101001691,SANIMA,Sundhara Securities Limited,Kumari Securities Private Limited,50,364.0,18200.0,2025-07-21 11:11:16.744755
2025-07-21,131819,2025072101001739,SANIMA,Sundhara Securities Limited,Naasa Securities Co. Ltd.,16,364.0,5824.0,2025-07-21 11:11:31.274113
2025-07-21,131317,2025072101001825,SANIMA,Premier Securities Company Ltd.,Ashutosh Brokerage & Securities (PVT) Ltd.,100,364.8,36480.0,2025-07-21 11:12:04.745298
2025-07-21,131308,2025072101001826,SANIMA,Capital Hub P. Ltd,Ashutosh Brokerage & Securities (PVT) Ltd.,89,364.8,32467.2,2025-07-21 11:12:05.136507
2025-07-21,131307,2025072101001827,SANIMA,Capital Hub P. Ltd,Premier Securities Company Ltd.,500,364.8,182400.0,2025-07-21 11:12:05.136647
2025-07-21,131306,2025072101001828,SANIMA,Capital Hub P. Ltd,Dipshikha Dhitopatra Karobar Co. Pvt Ltd.,411,364.9,149973.9,2025-07-21 11:12:05.136708
2025-07-21,131085,2025072101001880,SANIMA,Sanima Securities Limited,Dipshikha Dhitopatra Karobar Co. Pvt Ltd.,89,364.9,32476.1,2025-07-21 11:12:21.344163
2025-07-21,131084,2025072101001881,SANIMA,Sanima Securities Limited,Midas Stock Broking Company Private Limited,20,365.0,7300.0,2025-07-21 11:12:21.344297
2025-07-21,131083,2025072101001882,SANIMA,Sanima Securities Limited,Naasa Securities Co. Ltd.,255,365.0,93075.0,2025-07-21 11:12:21.344360
2025-07-21,131082,2025072101001883,SANIMA,Sanima Securities Limited,Naasa Securities Co. Ltd.,100,365.0,36500.0,2025-07-21 11:12:21.344413
2025-07-21,130412,2025072101002033,SANIMA,Dipshikha Dhitopatra Karobar Co. Pvt Ltd.,Imperial Securities Company Pvt. Ltd.,39,366.0,14274.0,2025-07-21 11:13:02.884762
2025-07-21,130411,2025072101002034,SANIMA,Dipshikha Dhitopatra Karobar Co. Pvt Ltd.,Midas Stock Broking Company Private Limited,61,366.8,22374.8,2025-07-21 11:13:02.884815
2025-07-21,130282,2025072101002074,SANIMA,Dipshikha Dhitopatra Karobar Co. Pvt Ltd.,Midas Stock Broking Company Private Limited,50,366.8,18340.0,2025-07-21 11:13:10.998238
2025-07-21,130076,2025072101002108,SANIMA,Online Securities Pvt. Ltd.,Bhrikuti Stock Broking Co. Pvt. Ltd.,100,366.0,36600.0,2025-07-21 11:13:20.539146
2025-07-21,130005,2025072101002127,SANIMA,Sanima Securities Limited,SUN SECURITIES PVT LTD,76,365.0,27740.0,2025-07-21 11:13:25.381125
2025-07-21,130004,2025072101002128,SANIMA,South Asian Bulls Pvt. Ltd.,SUN SECURITIES PVT LTD,174,364.2,63370.8,2025-07-21 11:13:25.381249
2025-07-21,129799,2025072101002177,SANIMA,Linch Stock Market Ltd.,Online Securities Pvt. Ltd.,20,365.0,7300.0,2025-07-21 11:13:41.695688
2025-07-21,129660,2025072101002206,SANIMA,Linch Stock Market Ltd.,South Asian Bulls Pvt. Ltd.,50,365.0,18250.0,2025-07-21 11:13:48.496297
2025-07-21,128524,2025072101002491,SANIMA,Shree Krishna Securities Ltd.,Trishakti Securities Public Limited,100,366.0,36600.0,2025-07-21 11:15:03.861106
2025-07-21,128523,2025072101002492,SANIMA,Shree Krishna Securities Ltd.,Midas Stock Broking Company Private Limited,89,366.8,32645.2,2025-07-21 11:15:03.861148
2025-07-21,128522,2025072101002493,SANIMA,Shree Krishna Securities Ltd.,Cristal Kanchanjanga Securites Pvt. Ltd.,530,367.0,194510.0,2025-07-21 11:15:03.861174
2025-07-21,128521,2025072101002494,SANIMA,Shree Krishna Securities Ltd.,Malla & Malla Stock Broking Company Pvt. Limited,570,367.0,209190.0,2025-07-21 11:15:03.861198
2025-07-21,128520,2025072101002495,SANIMA,Shree Krishna Securities Ltd.,Nepal Stock House (PVT) Ltd.,469,368.0,172592.0,2025-07-21 11:15:03.861223
2025-07-21,128519,2025072101002496,SANIMA,Shree Krishna Securities Ltd.,Naasa Securities Co. Ltd.,500,368.0,184000.0,2025-07-21 11:15:03.861259
2025-07-21,128518,2025072101002497,SANIMA,Shree Krishna Securities Ltd.,Sani Securities Company Ltd.,100,368.0,36800.0,2025-07-21 11:15:03.861279
2025-07-21,128517,2025072101002498,SANIMA,Shree Krishna Securities Ltd.,Online Securities Pvt. Ltd.,242,368.0,89056.0,2025-07-21 11:15:03.861301
2025-07-21,128338,2025072101002557,SANIMA,Shree Krishna Securities Ltd.,Online Securities Pvt. Ltd.,58,368.0,21344.0,2025-07-21 11:15:17.961733
2025-07-21,128337,2025072101002558,SANIMA,Shree Krishna Securities Ltd.,Trishakti Securities Public Limited,100,368.2,36820.0,2025-07-21 11:15:17.961781
2025-07-21,128336,2025072101002559,SANIMA,Shree Krishna Securities Ltd.,Bhrikuti Stock Broking Co. Pvt. Ltd.,992,369.0,366048.0,2025-07-21 11:15:17.961806
2025-07-21,128135,2025072101002602,SANIMA,Asian Securities Private Ltd.,Opal Securities Investment (PVT) Ltd.,50,369.4,18470.0,2025-07-21 11:15:32.902677
2025-07-21,127683,2025072101002726,SANIMA,Midas Stock Broking Company Private Limited,Sipla Securities Private Limited,200,369.0,73800.0,2025-07-21 11:16:13.707583
2025-07-21,127540,2025072101002779,SANIMA,Sani Securities Company Ltd.,Dipshikha Dhitopatra Karobar Co. Pvt Ltd.,100,369.3,36930.0,2025-07-21 11:16:26.612693
2025-07-21,127140,2025072101002916,SANIMA,Midas Stock Broking Company Private Limited,Trisul Securities & Invt. Ltd.,50,369.0,18450.0,2025-07-21 11:17:01.693384
2025-07-21,127138,2025072101002917,SANIMA,Midas Stock Broking Company Private Limited,Kumari Securities Private Limited,50,369.0,18450.0,2025-07-21 11:17:01.780503
2025-07-21,127094,2025072101002939,SANIMA,Agrawal Securities (PVT) Ltd.,Kumari Securities Private Limited,50,369.0,18450.0,2025-07-21 11:17:04.818354
2025-07-21,127093,2025072101002940,SANIMA,Agrawal Securities (PVT) Ltd.,Dipshikha Dhitopatra Karobar Co. Pvt Ltd.,100,369.3,36930.0,2025-07-21 11:17:04.818492
2025-07-21,127092,2025072101002941,SANIMA,Agrawal Securities (PVT) Ltd.,Opal Securities Investment (PVT) Ltd.,50,369.4,18470.0,2025-07-21 11:17:04.818548
2025-07-21,127091,2025072101002942,SANIMA,Agrawal Securities (PVT) Ltd.,Sweta Securities Private Limited,100,369.4,36940.0,2025-07-21 11:17:04.818603
2025-07-21,126830,2025072101003017,SANIMA,Swarna Laxmi Securities Pvt. Ltd.,Imperial Securities Company Pvt. Ltd.,500,369.9,184950.0,2025-07-21 11:17:26.540406
2025-07-21,126829,2025072101003018,SANIMA,Swarna Laxmi Securities Pvt. Ltd.,Sani Securities Company Ltd.,65,370.0,24050.0,2025-07-21 11:17:26.540541
2025-07-21,126828,2025072101003019,SANIMA,Swarna Laxmi Securities Pvt. Ltd.,Himalayan Brokerage Company Limited,300,370.0,111000.0,2025-07-21 11:17:26.540597
2025-07-21,126827,2025072101003020,SANIMA,Swarna Laxmi Securities Pvt. Ltd.,Kalika Securities Pvt. Ltd.,50,370.0,18500.0,2025-07-21 11:17:26.540647
2025-07-21,126826,2025072101003021,SANIMA,Swarna Laxmi Securities Pvt. Ltd.,Oxford Securities Pvt. Ltd.,85,370.0,31450.0,2025-07-21 11:17:26.540698
2025-07-21,126800,2025072101003034,SANIMA,Deevyaa Securities & Stock House Pvt. Ltd,Oxford Securities Pvt. Ltd.,1000,370.0,370000.0,2025-07-21 11:17:29.961207
2025-07-21,126472,2025072101003150,SANIMA,ABC Securities Private Limited,Oxford Securities Pvt. Ltd.,114,370.0,42180.0,2025-07-21 11:17:52.633556
2025-07-21,126471,2025072101003151,SANIMA,ABC Securities Private Limited,Trishakti Securities Public Limited,86,370.0,31820.0,2025-07-21 11:17:52.633679
2025-07-21,126414,2025072101003164,SANIMA,Agrawal Securities (PVT) Ltd.,Trishakti Securities Public Limited,214,370.0,79180.0,2025-07-21 11:17:55.884490
2025-07-21,126413,2025072101003165,SANIMA,Agrawal Securities (PVT) Ltd.,Neev Securities Pvt. Ltd.,100,370.0,37000.0,2025-07-21 11:17:55.884791
2025-07-21,126412,2025072101003166,SANIMA,Agrawal Securities (PVT) Ltd.,Online Securities Pvt. Ltd.,100,370.0,37000.0,2025-07-21 11:17:55.884968
2025-07-21,126138,2025072101003231,SANIMA,Nepal Investment And Securities Trading Private Limited,Linch Stock Market Ltd.,306,370.9,113495.4,2025-07-21 11:18:18.331210
2025-07-21,126137,2025072101003232,SANIMA,Nepal Investment And Securities Trading Private Limited,Trisul Securities & Invt. Ltd.,50,371.0,18550.0,2025-07-21 11:18:18.331346
2025-07-21,126136,2025072101003233,SANIMA,Nepal Investment And Securities Trading Private Limited,Siprabi Securities Pvt. Ltd.,1000,371.0,371000.0,2025-07-21 11:18:18.331407
2025-07-21,126135,2025072101003234,SANIMA,Nepal Investment And Securities Trading Private Limited,Investment Management Nepal Pvt. Ltd.,1050,371.0,389550.0,2025-07-21 11:18:18.331472
2025-07-21,126126,2025072101003236,SANIMA,Nepal Investment And Securities Trading Private Limited,Neev Securities Pvt. Ltd.,94,371.0,34874.0,2025-07-21 11:18:18.693672
2025-07-21,126125,2025072101003237,SANIMA,Agrawal Securities (PVT) Ltd.,Neev Securities Pvt. Ltd.,106,370.0,39220.0,2025-07-21 11:18:18.693794
2025-07-21,125960,2025072101003287,SANIMA,Agrawal Securities (PVT) Ltd.,Sumeru Securities Pvt. Ltd.,140,370.0,51800.0,2025-07-21 11:18:36.468004
2025-07-21,125804,2025072101003326,SANIMA,Agrawal Securities (PVT) Ltd.,Kumari Securities Private Limited,40,370.0,14800.0,2025-07-21 11:18:51.252973
2025-07-21,125803,2025072101003327,SANIMA,Naasa Securities Co. Ltd.,Kumari Securities Private Limited,60,370.0,22200.0,2025-07-21 11:18:51.253152
2025-07-21,125359,2025072101003414,SANIMA,Naasa Securities Co. Ltd.,Capital Max Securities Ltd,130,370.0,48100.0,2025-07-21 11:19:29.838165
2025-07-21,125240,2025072101003435,SANIMA,Naasa Securities Co. Ltd.,Linch Stock Market Ltd.,80,370.0,29600.0,2025-07-21 11:19:38.418863
2025-07-21,125239,2025072101003436,SANIMA,Sundhara Securities Limited,Linch Stock Market Ltd.,34,370.0,12580.0,2025-07-21 11:19:38.419161
2025-07-21,124472,2025072101003623,SANIMA,Nepal Stock House (PVT) Ltd.,Imperial Securities Company Pvt. Ltd.,80,368.0,29440.0,2025-07-21 11:20:40.014986
2025-07-21,123901,2025072101003746,SANIMA,Nepal Stock House (PVT) Ltd.,Kumari Securities Private Limited,100,368.0,36800.0,2025-07-21 11:21:19.034846
2025-07-21,123595,2025072101003818,SANIMA,Nepal Stock House (PVT) Ltd.,Sani Securities Company Ltd.,20,368.0,7360.0,2025-07-21 11:21:42.836188
2025-07-21,123594,2025072101003819,SANIMA,Asian Securities Private Ltd.,Sani Securities Company Ltd.,480,367.0,176160.0,2025-07-21 11:21:42.836339
2025-07-21,123304,2025072101003907,SANIMA,Asian Securities Private Ltd.,Online Securities Pvt. Ltd.,20,367.0,7340.0,2025-07-21 11:22:03.207956
2025-07-21,123303,2025072101003908,SANIMA,Vision Securities Pvt. Ltd,Online Securities Pvt. Ltd.,130,367.0,47710.0,2025-07-21 11:22:03.208127
2025-07-21,123167,2025072101003945,SANIMA,Vision Securities Pvt. Ltd,Linch Stock Market Ltd.,65,367.0,23855.0,2025-07-21 11:22:13.475046
2025-07-21,123053,2025072101003969,SANIMA,Vision Securities Pvt. Ltd,Dipshikha Dhitopatra Karobar Co. Pvt Ltd.,305,367.0,111935.0,2025-07-21 11:22:22.266390
2025-07-21,123052,2025072101003970,SANIMA,Bhrikuti Stock Broking Co. Pvt. Ltd.,Dipshikha Dhitopatra Karobar Co. Pvt Ltd.,1695,366.7,621556.5,2025-07-21 11:22:22.266578
2025-07-21,123013,2025072101003986,SANIMA,Sundhara Securities Limited,K.B.L. Securities Limited ,150,367.0,55050.0,2025-07-21 11:22:25.027391
2025-07-21,122730,2025072101004050,SANIMA,Bhrikuti Stock Broking Co. Pvt. Ltd.,Dipshikha Dhitopatra Karobar Co. Pvt Ltd.,305,366.7,111843.5,2025-07-21 11:22:46.557901
2025-07-21,122729,2025072101004051,SANIMA,Vision Securities Pvt. Ltd,Dipshikha Dhitopatra Karobar Co. Pvt Ltd.,1000,366.7,366700.0,2025-07-21 11:22:46.558227
2025-07-21,122728,2025072101004052,SANIMA,Vision Securities Pvt. Ltd,Dipshikha Dhitopatra Karobar Co. Pvt Ltd.,760,366.2,278312.0,2025-07-21 11:22:46.558425
2025-07-21,122727,2025072101004053,SANIMA,Vision Securities Pvt. Ltd,Dipshikha Dhitopatra Karobar Co. Pvt Ltd.,935,366.0,342210.0,2025-07-21 11:22:46.558611
2025-07-21,122293,2025072101004178,SANIMA,Vision Securities Pvt. Ltd,Sani Securities Company Ltd.,65,366.0,23790.0,2025-07-21 11:23:28.991963
2025-07-21,122282,2025072101004183,SANIMA,Sani Securities Company Ltd.,Sani Securities Company Ltd.,435,366.0,159210.0,2025-07-21 11:23:31.012209
2025-07-21,122174,2025072101004219,SANIMA,Sani Securities Company Ltd.,Pragyan Securities (PVT) Ltd.,300,366.0,109800.0,2025-07-21 11:23:42.351315
2025-07-21,122140,2025072101004232,SANIMA,Sani Securities Company Ltd.,Trisul Securities & Invt. Ltd.,30,366.0,10980.0,2025-07-21 11:23:45.404243
2025-07-21,122119,2025072101004241,SANIMA,Sani Securities Company Ltd.,Linch Stock Market Ltd.,235,366.0,86010.0,2025-07-21 11:23:48.482276
2025-07-21,121609,2025072101004397,SANIMA,Citizens Share Broker Limited,K.B.L. Securities Limited ,100,366.5,36650.0,2025-07-21 11:24:29.353853
2025-07-21,121508,2025072101004416,SANIMA,Citizens Share Broker Limited,Thrive Brokerage House Pvt. Ltd,100,366.5,36650.0,2025-07-21 11:24:41.575863
2025-07-21,121305,2025072101004469,SANIMA,Imperial Securities Company Pvt. Ltd.,Linch Stock Market Ltd.,320,366.9,117408.0,2025-07-21 11:25:03.471434
2025-07-21,120813,2025072101004617,SANIMA,Citizens Share Broker Limited,Dipshikha Dhitopatra Karobar Co. Pvt Ltd.,300,366.5,109950.0,2025-07-21 11:25:51.116194
2025-07-21,120812,2025072101004618,SANIMA,Vision Securities Pvt. Ltd,K.B.L. Securities Limited ,250,367.0,91750.0,2025-07-21 11:25:51.449903
2025-07-21,120811,2025072101004619,SANIMA,Vision Securities Pvt. Ltd,Aryatara Investment & Securities,50,367.0,18350.0,2025-07-21 11:25:51.450085
2025-07-21,120810,2025072101004620,SANIMA,Vision Securities Pvt. Ltd,SUN SECURITIES PVT LTD,250,367.0,91750.0,2025-07-21 11:25:51.450169
2025-07-21,120809,2025072101004621,SANIMA,Vision Securities Pvt. Ltd,Kumari Securities Private Limited,200,367.0,73400.0,2025-07-21 11:25:51.450233
2025-07-21,120727,2025072101004648,SANIMA,South Asian Bulls Pvt. Ltd.,Bhrikuti Stock Broking Co. Pvt. Ltd.,500,368.0,184000.0,2025-07-21 11:26:03.976673
2025-07-21,120675,2025072101004664,SANIMA,Opal Securities Investment (PVT) Ltd.,Online Securities Pvt. Ltd.,120,369.0,44280.0,2025-07-21 11:26:11.473067
2025-07-21,120674,2025072101004665,SANIMA,Opal Securities Investment (PVT) Ltd.,Oxford Securities Pvt. Ltd.,80,369.0,29520.0,2025-07-21 11:26:11.473114
2025-07-21,120536,2025072101004700,SANIMA,South Asian Bulls Pvt. Ltd.,South Asian Bulls Pvt. Ltd.,500,368.0,184000.0,2025-07-21 11:26:26.066712
2025-07-21,119731,2025072101004955,SANIMA,Dakshinkali Investment & Securities Pvt. Ltd.,Linch Stock Market Ltd.,130,367.9,47827.0,2025-07-21 11:28:12.896756
2025-07-21,119730,2025072101004956,SANIMA,Dakshinkali Investment & Securities Pvt. Ltd.,South Asian Bulls Pvt. Ltd.,500,368.0,184000.0,2025-07-21 11:28:12.897115
2025-07-21,119729,2025072101004957,SANIMA,Dakshinkali Investment & Securities Pvt. Ltd.,Nepal Stock House (PVT) Ltd.,10,368.0,3680.0,2025-07-21 11:28:12.897325
2025-07-21,119728,2025072101004958,SANIMA,Dakshinkali Investment & Securities Pvt. Ltd.,Oxford Securities Pvt. Ltd.,20,369.0,7380.0,2025-07-21 11:28:12.897509
2025-07-21,119727,2025072101004959,SANIMA,Dakshinkali Investment & Securities Pvt. Ltd.,Dakshinkali Investment & Securities Pvt. Ltd.,100,369.0,36900.0,2025-07-21 11:28:12.897705
2025-07-21,119726,2025072101004960,SANIMA,Dakshinkali Investment & Securities Pvt. Ltd.,Agrawal Securities (PVT) Ltd.,240,369.0,88560.0,2025-07-21 11:28:12.897902
2025-07-21,119654,2025072101004978,SANIMA,Dakshinkali Investment & Securities Pvt. Ltd.,Agrawal Securities (PVT) Ltd.,311,369.0,114759.0,2025-07-21 11:28:20.953226
2025-07-21,119653,2025072101004979,SANIMA,Dakshinkali Investment & Securities Pvt. Ltd.,Deevyaa Securities & Stock House Pvt. Ltd,689,369.0,254241.0,2025-07-21 11:28:20.953448
2025-07-21,119244,2025072101005119,SANIMA,Vision Securities Pvt. Ltd,Imperial Securities Company Pvt. Ltd.,20,367.0,7340.0,2025-07-21 11:29:18.089999
2025-07-21,118799,2025072101005230,SANIMA,Vision Securities Pvt. Ltd,Swarna Laxmi Securities Pvt. Ltd.,100,367.0,36700.0,2025-07-21 11:30:19.599969
2025-07-21,118098,2025072101005414,SANIMA,Nepal Stock House (PVT) Ltd.,Aryatara Investment & Securities,200,368.0,73600.0,2025-07-21 11:31:46.197499
2025-07-21,117831,2025072101005479,SANIMA,Vision Securities Pvt. Ltd,ABC Securities Private Limited,11,367.0,4037.0,2025-07-21 11:32:10.077373
2025-07-21,117466,2025072101005581,SANIMA,Online Securities Pvt. Ltd.,Trishakti Securities Public Limited,120,367.1,44052.0,2025-07-21 11:32:50.521733
2025-07-21,115501,2025072101006033,SANIMA,Online Securities Pvt. Ltd.,Imperial Securities Company Pvt. Ltd.,501,367.1,183917.1,2025-07-21 11:36:10.380332
2025-07-21,115408,2025072101006061,SANIMA,Naasa Securities Co. Ltd.,Neev Securities Pvt. Ltd.,70,367.9,25753.0,2025-07-21 11:36:13.336111
2025-07-21,115268,2025072101006102,SANIMA,Cristal Kanchanjanga Securites Pvt. Ltd.,Neev Securities Pvt. Ltd.,40,367.9,14716.0,2025-07-21 11:36:25.125729
2025-07-21,114941,2025072101006187,SANIMA,Imperial Securities Company Pvt. Ltd.,Trishakti Securities Public Limited,300,368.0,110400.0,2025-07-21 11:36:58.233561
2025-07-21,114881,2025072101006203,SANIMA,Sumeru Securities Pvt. Ltd.,Cristal Kanchanjanga Securites Pvt. Ltd.,200,368.0,73600.0,2025-07-21 11:37:03.346062
2025-07-21,114880,2025072101006204,SANIMA,Nepal Stock House (PVT) Ltd.,Cristal Kanchanjanga Securites Pvt. Ltd.,79,368.0,29072.0,2025-07-21 11:37:03.346270
2025-07-21,114735,2025072101006226,SANIMA,Deevyaa Securities & Stock House Pvt. Ltd,Dynamic Money Managers Securities Pvt. Ltd.,100,368.5,36850.0,2025-07-21 11:37:16.697374
2025-07-21,114682,2025072101006237,SANIMA,Cristal Kanchanjanga Securites Pvt. Ltd.,Dynamic Money Managers Securities Pvt. Ltd.,200,368.5,73700.0,2025-07-21 11:37:21.509175
2025-07-21,114309,2025072101006336,SANIMA,Nepal Stock House (PVT) Ltd.,Opal Securities Investment (PVT) Ltd.,10,368.0,3680.0,2025-07-21 11:37:54.216985
2025-07-21,114104,2025072101006361,SANIMA,Secured Securities Ltd.,Dynamic Money Managers Securities Pvt. Ltd.,500,368.5,184250.0,2025-07-21 11:38:13.627674
2025-07-21,114099,2025072101006362,SANIMA,Nepal Stock House (PVT) Ltd.,K.B.L. Securities Limited ,11,368.0,4048.0,2025-07-21 11:38:14.296276
2025-07-21,114098,2025072101006363,SANIMA,Sani Securities Company Ltd.,K.B.L. Securities Limited ,489,368.0,179952.0,2025-07-21 11:38:14.296485
2025-07-21,114036,2025072101006391,SANIMA,Kumari Securities Private Limited,Dynamic Money Managers Securities Pvt. Ltd.,100,368.5,36850.0,2025-07-21 11:38:19.910919
2025-07-21,113897,2025072101006415,SANIMA,Online Securities Pvt. Ltd.,Dynamic Money Managers Securities Pvt. Ltd.,100,368.5,36850.0,2025-07-21 11:38:37.048120
2025-07-21,113896,2025072101006416,SANIMA,Online Securities Pvt. Ltd.,Sundhara Securities Limited,90,368.6,33174.0,2025-07-21 11:38:37.048377
2025-07-21,113895,2025072101006417,SANIMA,Online Securities Pvt. Ltd.,Linch Stock Market Ltd.,257,368.7,94755.9,2025-07-21 11:38:37.048466
2025-07-21,113894,2025072101006418,SANIMA,Online Securities Pvt. Ltd.,Dynamic Money Managers Securities Pvt. Ltd.,1000,368.7,368700.0,2025-07-21 11:38:37.048547
2025-07-21,113893,2025072101006419,SANIMA,Online Securities Pvt. Ltd.,Sumeru Securities Pvt. Ltd.,1000,368.7,368700.0,2025-07-21 11:38:37.048626
2025-07-21,113892,2025072101006420,SANIMA,Online Securities Pvt. Ltd.,Dynamic Money Managers Securities Pvt. Ltd.,1000,368.8,368800.0,2025-07-21 11:38:37.048702
2025-07-21,113891,2025072101006421,SANIMA,Online Securities Pvt. Ltd.,Online Securities Pvt. Ltd.,20,368.8,7376.0,2025-07-21 11:38:37.048780
2025-07-21,113890,2025072101006422,SANIMA,Online Securities Pvt. Ltd.,Ashutosh Brokerage & Securities (PVT) Ltd.,1533,368.9,565523.7,2025-07-21 11:38:37.048858
2025-07-21,113608,2025072101006474,SANIMA,Online Securities Pvt. Ltd.,Ashutosh Brokerage & Securities (PVT) Ltd.,1613,368.9,595035.7,2025-07-21 11:39:05.390204
2025-07-21,113607,2025072101006475,SANIMA,Online Securities Pvt. Ltd.,Deevyaa Securities & Stock House Pvt. Ltd,1311,369.0,483759.0,2025-07-21 11:39:05.390404
2025-07-21,113606,2025072101006476,SANIMA,Online Securities Pvt. Ltd.,Sani Securities Company Ltd.,104,369.0,38376.0,2025-07-21 11:39:05.390485
2025-07-21,113605,2025072101006477,SANIMA,Online Securities Pvt. Ltd.,Trisul Securities & Invt. Ltd.,1409,369.0,519921.0,2025-07-21 11:39:05.390567
2025-07-21,113604,2025072101006478,SANIMA,Online Securities Pvt. Ltd.,Trishakti Securities Public Limited,1000,369.8,369800.0,2025-07-21 11:39:05.390672
2025-07-21,113603,2025072101006479,SANIMA,Online Securities Pvt. Ltd.,Imperial Securities Company Pvt. Ltd.,55,369.9,20344.5,2025-07-21 11:39:05.390795
2025-07-21,113602,2025072101006480,SANIMA,Online Securities Pvt. Ltd.,Sundhara Securities Limited,1350,369.9,499365.0,2025-07-21 11:39:05.390905
2025-07-21,113601,2025072101006481,SANIMA,Online Securities Pvt. Ltd.,Linch Stock Market Ltd.,444,369.9,164235.6,2025-07-21 11:39:05.391007
2025-07-21,113600,2025072101006482,SANIMA,Online Securities Pvt. Ltd.,Dipshikha Dhitopatra Karobar Co. Pvt Ltd.,200,370.0,74000.0,2025-07-21 11:39:05.391133
2025-07-21,113599,2025072101006483,SANIMA,Online Securities Pvt. Ltd.,Ashutosh Brokerage & Securities (PVT) Ltd.,1200,370.0,444000.0,2025-07-21 11:39:05.391238
2025-07-21,113598,2025072101006484,SANIMA,Online Securities Pvt. Ltd.,Ashutosh Brokerage & Securities (PVT) Ltd.,1000,370.0,370000.0,2025-07-21 11:39:05.391349
2025-07-21,113597,2025072101006485,SANIMA,Online Securities Pvt. Ltd.,Aakashbhairab Securities Ltd.,3634,370.0,1344580.0,2025-07-21 11:39:05.391456
2025-07-21,113596,2025072101006486,SANIMA,Online Securities Pvt. Ltd.,Dipshikha Dhitopatra Karobar Co. Pvt Ltd.,50,370.0,18500.0,2025-07-21 11:39:05.391560
2025-07-21,113595,2025072101006487,SANIMA,Online Securities Pvt. Ltd.,Online Securities Pvt. Ltd.,700,370.0,259000.0,2025-07-21 11:39:05.391640
2025-07-21,113594,2025072101006488,SANIMA,Online Securities Pvt. Ltd.,Primo Securities (PVT) Ltd.,120,370.0,44400.0,2025-07-21 11:39:05.391713
2025-07-21,113593,2025072101006489,SANIMA,Online Securities Pvt. Ltd.,Imperial Securities Company Pvt. Ltd.,100,370.0,37000.0,2025-07-21 11:39:05.391792
2025-07-21,113592,2025072101006490,SANIMA,Online Securities Pvt. Ltd.,Oxford Securities Pvt. Ltd.,100,370.0,37000.0,2025-07-21 11:39:05.391894
2025-07-21,113591,2025072101006491,SANIMA,Online Securities Pvt. Ltd.,Dipshikha Dhitopatra Karobar Co. Pvt Ltd.,610,370.0,225700.0,2025-07-21 11:39:05.391995
2025-07-21,112853,2025072101006666,SANIMA,Trishakti Securities Public Limited,Dynamic Money Managers Securities Pvt. Ltd.,100,368.9,36890.0,2025-07-21 11:40:36.480982
2025-07-21,111650,2025072101006951,SANIMA,Trishakti Securities Public Limited,Dynamic Money Managers Securities Pvt. Ltd.,200,368.9,73780.0,2025-07-21 11:42:50.713170
2025-07-21,111328,2025072101007031,SANIMA,Online Securities Pvt. Ltd.,Sani Securities Company Ltd.,10,368.9,3689.0,2025-07-21 11:43:21.582922
2025-07-21,110900,2025072101007120,SANIMA,Neev Securities Pvt. Ltd.,Dipshikha Dhitopatra Karobar Co. Pvt Ltd.,390,370.0,144300.0,2025-07-21 11:44:02.481949
2025-07-21,110899,2025072101007121,SANIMA,Neev Securities Pvt. Ltd.,Cristal Kanchanjanga Securites Pvt. Ltd.,100,370.0,37000.0,2025-07-21 11:44:02.482082
2025-07-21,110898,2025072101007122,SANIMA,Neev Securities Pvt. Ltd.,Nabil Stock Dealer Ltd.,100,370.0,37000.0,2025-07-21 11:44:02.482157
2025-07-21,110897,2025072101007123,SANIMA,Neev Securities Pvt. Ltd.,Dakshinkali Investment & Securities Pvt. Ltd.,200,370.0,74000.0,2025-07-21 11:44:02.482231
2025-07-21,110896,2025072101007124,SANIMA,Neev Securities Pvt. Ltd.,Sweta Securities Private Limited,100,370.0,37000.0,2025-07-21 11:44:02.482306
2025-07-21,110895,2025072101007125,SANIMA,Neev Securities Pvt. Ltd.,Sweta Securities Private Limited,60,370.0,22200.0,2025-07-21 11:44:02.482394
2025-07-21,110894,2025072101007126,SANIMA,Neev Securities Pvt. Ltd.,South Asian Bulls Pvt. Ltd.,10,370.0,3700.0,2025-07-21 11:44:02.482468
2025-07-21,110893,2025072101007127,SANIMA,Neev Securities Pvt. Ltd.,Ashutosh Brokerage & Securities (PVT) Ltd.,40,370.0,14800.0,2025-07-21 11:44:02.482539
2025-07-21,110877,2025072101007136,SANIMA,Neev Securities Pvt. Ltd.,Ashutosh Brokerage & Securities (PVT) Ltd.,10,370.0,3700.0,2025-07-21 11:44:07.517382
2025-07-21,110876,2025072101007137,SANIMA,Neev Securities Pvt. Ltd.,Shree Krishna Securities Ltd.,990,370.0,366300.0,2025-07-21 11:44:07.517417
2025-07-21,110828,2025072101007148,SANIMA,Neev Securities Pvt. Ltd.,Shree Krishna Securities Ltd.,122,370.0,45140.0,2025-07-21 11:44:11.538967
2025-07-21,110827,2025072101007149,SANIMA,Neev Securities Pvt. Ltd.,Imperial Securities Company Pvt. Ltd.,310,370.8,114948.0,2025-07-21 11:44:11.539007
2025-07-21,110826,2025072101007150,SANIMA,Neev Securities Pvt. Ltd.,Dipshikha Dhitopatra Karobar Co. Pvt Ltd.,568,370.9,210671.2,2025-07-21 11:44:11.539052
2025-07-21,110786,2025072101007170,SANIMA,Neev Securities Pvt. Ltd.,Dipshikha Dhitopatra Karobar Co. Pvt Ltd.,432,370.9,160228.8,2025-07-21 11:44:15.556147
2025-07-21,110785,2025072101007171,SANIMA,Neev Securities Pvt. Ltd.,INDEX SECURITIES LIMITED,568,371.0,210728.0,2025-07-21 11:44:15.556190
2025-07-21,110417,2025072101007230,SANIMA,Neev Securities Pvt. Ltd.,Deevyaa Securities & Stock House Pvt. Ltd,1000,370.0,370000.0,2025-07-21 11:44:39.709314
2025-07-21,110180,2025072101007297,SANIMA,Nepal Stock House (PVT) Ltd.,Naasa Securities Co. Ltd.,200,370.0,74000.0,2025-07-21 11:45:02.487983
2025-07-21,109238,2025072101007520,SANIMA,Midas Stock Broking Company Private Limited,Imperial Securities Company Pvt. Ltd.,10,370.0,3700.0,2025-07-21 11:46:34.373735
2025-07-21,109034,2025072101007576,SANIMA,Midas Stock Broking Company Private Limited,Vision Securities Pvt. Ltd,40,370.0,14800.0,2025-07-21 11:46:53.274194
2025-07-21,109033,2025072101007577,SANIMA,Cristal Kanchanjanga Securites Pvt. Ltd.,Vision Securities Pvt. Ltd,10,370.0,3700.0,2025-07-21 11:46:53.274405
2025-07-21,108458,2025072101007722,SANIMA,Aryatara Investment & Securities,INDEX SECURITIES LIMITED,500,371.0,185500.0,2025-07-21 11:47:46.752681
2025-07-21,108232,2025072101007780,SANIMA,Cristal Kanchanjanga Securites Pvt. Ltd.,Dynamic Money Managers Securities Pvt. Ltd.,90,370.0,33300.0,2025-07-21 11:48:04.927713
2025-07-21,108231,2025072101007781,SANIMA,Bhrikuti Stock Broking Co. Pvt. Ltd.,Dynamic Money Managers Securities Pvt. Ltd.,50,370.0,18500.0,2025-07-21 11:48:04.927903
2025-07-21,108230,2025072101007782,SANIMA,Shree Krishna Securities Ltd.,Dynamic Money Managers Securities Pvt. Ltd.,50,370.0,18500.0,2025-07-21 11:48:04.927988
2025-07-21,108229,2025072101007783,SANIMA,Cristal Kanchanjanga Securites Pvt. Ltd.,Dynamic Money Managers Securities Pvt. Ltd.,100,370.0,37000.0,2025-07-21 11:48:04.928076
2025-07-21,107885,2025072101007865,SANIMA,Trishakti Securities Public Limited,Dynamic Money Managers Securities Pvt. Ltd.,300,370.9,111270.0,2025-07-21 11:48:28.590927
2025-07-21,107884,2025072101007866,SANIMA,Trishakti Securities Public Limited,INDEX SECURITIES LIMITED,932,371.0,345772.0,2025-07-21 11:48:28.590966
2025-07-21,107883,2025072101007867,SANIMA,Trishakti Securities Public Limited,Deevyaa Securities & Stock House Pvt. Ltd,200,371.0,74200.0,2025-07-21 11:48:28.590995
2025-07-21,107882,2025072101007868,SANIMA,Trishakti Securities Public Limited,Kalika Securities Pvt. Ltd.,68,371.0,25228.0,2025-07-21 11:48:28.591031
2025-07-21,107816,2025072101007878,SANIMA,Neev Securities Pvt. Ltd.,Kalika Securities Pvt. Ltd.,132,371.0,48972.0,2025-07-21 11:48:33.222269
2025-07-21,107815,2025072101007879,SANIMA,Neev Securities Pvt. Ltd.,Neev Securities Pvt. Ltd.,200,371.0,74200.0,2025-07-21 11:48:33.222310
2025-07-21,107814,2025072101007880,SANIMA,Neev Securities Pvt. Ltd.,Dynamic Money Managers Securities Pvt. Ltd.,119,371.0,44149.0,2025-07-21 11:48:33.222334
2025-07-21,107813,2025072101007881,SANIMA,Neev Securities Pvt. Ltd.,South Asian Bulls Pvt. Ltd.,10,371.0,3710.0,2025-07-21 11:48:33.222360
2025-07-21,107812,2025072101007882,SANIMA,Neev Securities Pvt. Ltd.,Dynamic Money Managers Securities Pvt. Ltd.,100,371.2,37120.0,2025-07-21 11:48:33.222385
2025-07-21,107811,2025072101007883,SANIMA,Neev Securities Pvt. Ltd.,INDEX SECURITIES LIMITED,439,371.2,162956.8,2025-07-21 11:48:33.222411
2025-07-21,107562,2025072101007993,SANIMA,Kalika Securities Pvt. Ltd.,Secured Securities Ltd.,385,370.0,142450.0,2025-07-21 11:48:53.463260
2025-07-21,107561,2025072101007994,SANIMA,Shree Krishna Securities Ltd.,Secured Securities Ltd.,50,370.0,18500.0,2025-07-21 11:48:53.463663
2025-07-21,106511,2025072101008277,SANIMA,Sani Securities Company Ltd.,Secured Securities Ltd.,83,370.0,30710.0,2025-07-21 11:50:27.837599
2025-07-21,106129,2025072101008411,SANIMA,Premier Securities Company Ltd.,Secured Securities Ltd.,50,370.0,18500.0,2025-07-21 11:50:58.393882
2025-07-21,104854,2025072101008693,SANIMA,Neev Securities Pvt. Ltd.,Secured Securities Ltd.,432,370.0,159840.0,2025-07-21 11:52:49.167070
2025-07-21,104853,2025072101008694,SANIMA,Neev Securities Pvt. Ltd.,Sani Securities Company Ltd.,27,370.0,9990.0,2025-07-21 11:52:49.167283
2025-07-21,104852,2025072101008695,SANIMA,Neev Securities Pvt. Ltd.,Naasa Securities Co. Ltd.,30,370.0,11100.0,2025-07-21 11:52:49.167367
2025-07-21,104851,2025072101008696,SANIMA,Neev Securities Pvt. Ltd.,Dipshikha Dhitopatra Karobar Co. Pvt Ltd.,200,370.0,74000.0,2025-07-21 11:52:49.167456
2025-07-21,103723,2025072101009030,SANIMA,Kumari Securities Private Limited,Dynamic Money Managers Securities Pvt. Ltd.,50,370.9,18545.0,2025-07-21 11:54:51.671675
2025-07-21,103490,2025072101009080,SANIMA,Nepal Investment And Securities Trading Private Limited,Secured Securities Ltd.,300,370.1,111030.0,2025-07-21 11:55:20.111252
2025-07-21,103397,2025072101009115,SANIMA,Elite Stock House Limited,Dynamic Money Managers Securities Pvt. Ltd.,950,370.9,352355.0,2025-07-21 11:55:28.932723
2025-07-21,103396,2025072101009116,SANIMA,Elite Stock House Limited,Aryatara Investment & Securities,300,370.9,111270.0,2025-07-21 11:55:28.932933
2025-07-21,103395,2025072101009117,SANIMA,Elite Stock House Limited,Ashutosh Brokerage & Securities (PVT) Ltd.,50,371.0,18550.0,2025-07-21 11:55:28.933042
2025-07-21,103313,2025072101009129,SANIMA,Neev Securities Pvt. Ltd.,Ashutosh Brokerage & Securities (PVT) Ltd.,311,371.0,115381.0,2025-07-21 11:55:38.298012
2025-07-21,103235,2025072101009148,SANIMA,Neev Securities Pvt. Ltd.,Ashutosh Brokerage & Securities (PVT) Ltd.,500,371.0,185500.0,2025-07-21 11:55:48.429936
2025-07-21,103157,2025072101009164,SANIMA,Neev Securities Pvt. Ltd.,Ashutosh Brokerage & Securities (PVT) Ltd.,139,371.0,51569.0,2025-07-21 11:55:56.479387
2025-07-21,103156,2025072101009165,SANIMA,Neev Securities Pvt. Ltd.,Deevyaa Securities & Stock House Pvt. Ltd,861,371.0,319431.0,2025-07-21 11:55:56.479605
2025-07-21,102999,2025072101009228,SANIMA,Neev Securities Pvt. Ltd.,Deevyaa Securities & Stock House Pvt. Ltd,139,371.0,51569.0,2025-07-21 11:56:09.607384
2025-07-21,102969,2025072101009232,SANIMA,Neev Securities Pvt. Ltd.,Neev Securities Pvt. Ltd.,500,371.0,185500.0,2025-07-21 11:56:11.620107
2025-07-21,102770,2025072101009291,SANIMA,Neev Securities Pvt. Ltd.,Kumari Securities Private Limited,70,371.0,25970.0,2025-07-21 11:56:35.926964
2025-07-21,102530,2025072101009373,SANIMA,Neev Securities Pvt. Ltd.,Shree Krishna Securities Ltd.,100,371.0,37100.0,2025-07-21 11:57:03.851488
2025-07-21,102472,2025072101009381,SANIMA,Dipshikha Dhitopatra Karobar Co. Pvt Ltd.,INDEX SECURITIES LIMITED,25,371.2,9280.0,2025-07-21 11:57:10.313729
2025-07-21,102416,2025072101009391,SANIMA,Neev Securities Pvt. Ltd.,Sharepro Securities Private Limited,19,371.0,7049.0,2025-07-21 11:57:15.774601
2025-07-21,101699,2025072101009538,SANIMA,Nepal Stock House (PVT) Ltd.,INDEX SECURITIES LIMITED,48,371.2,17817.6,2025-07-21 11:58:16.457644
2025-07-21,101529,2025072101009579,SANIMA,Neev Securities Pvt. Ltd.,ABC Securities Private Limited,100,371.0,37100.0,2025-07-21 11:58:34.071954
2025-07-21,100866,2025072101009748,SANIMA,Neev Securities Pvt. Ltd.,Sumeru Securities Pvt. Ltd.,72,371.0,26712.0,2025-07-21 11:59:33.890122
2025-07-21,100865,2025072101009749,SANIMA,Elite Stock House Limited,Sumeru Securities Pvt. Ltd.,928,371.0,344288.0,2025-07-21 11:59:33.890356
2025-07-21,100664,2025072101009802,SANIMA,Elite Stock House Limited,Kohinoor Investment & Securities Pvt. Ltd.,100,371.0,37100.0,2025-07-21 11:59:51.468951
2025-07-21,100357,2025072101009883,SANIMA,Elite Stock House Limited,Midas Stock Broking Company Private Limited,150,371.0,55650.0,2025-07-21 12:00:18.721199
2025-07-21,100194,2025072101009920,SANIMA,Midas Stock Broking Company Private Limited,Imperial Securities Company Pvt. Ltd.,1,367.0,367.0,2025-07-21 12:00:33.296909
2025-07-21,100113,2025072101009936,SANIMA,Elite Stock House Limited,Shree Krishna Securities Ltd.,22,371.0,8162.0,2025-07-21 12:00:40.588629
2025-07-21,100112,2025072101009937,SANIMA,Himalayan Securities Limited,Shree Krishna Securities Ltd.,130,371.0,48230.0,2025-07-21 12:00:40.588997
2025-07-21,99637,2025072101010049,SANIMA,Nepal Investment And Securities Trading Private Limited,Dipshikha Dhitopatra Karobar Co. Pvt Ltd.,700,370.1,259070.0,2025-07-21 12:01:21.996955
2025-07-21,99636,2025072101010050,SANIMA,Secured Securities Ltd.,Dipshikha Dhitopatra Karobar Co. Pvt Ltd.,800,370.0,296000.0,2025-07-21 12:01:21.997197
2025-07-21,99084,2025072101010192,SANIMA,Secured Securities Ltd.,Aryatara Investment & Securities,30,370.0,11100.0,2025-07-21 12:02:09.900911
2025-07-21,98939,2025072101010226,SANIMA,Secured Securities Ltd.,Cristal Kanchanjanga Securites Pvt. Ltd.,105,370.0,38850.0,2025-07-21 12:02:18.527786
2025-07-21,98621,2025072101010318,SANIMA,Secured Securities Ltd.,Dipshikha Dhitopatra Karobar Co. Pvt Ltd.,65,370.0,24050.0,2025-07-21 12:02:46.259693
2025-07-21,98620,2025072101010319,SANIMA,Trishakti Securities Public Limited,Dipshikha Dhitopatra Karobar Co. Pvt Ltd.,50,368.6,18430.0,2025-07-21 12:02:46.259962
2025-07-21,98619,2025072101010320,SANIMA,Primo Securities (PVT) Ltd.,Dipshikha Dhitopatra Karobar Co. Pvt Ltd.,25,368.6,9215.0,2025-07-21 12:02:46.260095
2025-07-21,98618,2025072101010321,SANIMA,Premier Securities Company Ltd.,Dipshikha Dhitopatra Karobar Co. Pvt Ltd.,300,368.6,110580.0,2025-07-21 12:02:46.260200
2025-07-21,98617,2025072101010322,SANIMA,Naasa Securities Co. Ltd.,Dipshikha Dhitopatra Karobar Co. Pvt Ltd.,1000,368.5,368500.0,2025-07-21 12:02:46.260326
2025-07-21,98616,2025072101010323,SANIMA,Imperial Securities Company Pvt. Ltd.,Dipshikha Dhitopatra Karobar Co. Pvt Ltd.,1800,368.4,663120.0,2025-07-21 12:02:46.260441
2025-07-21,98615,2025072101010324,SANIMA,Dipshikha Dhitopatra Karobar Co. Pvt Ltd.,Dipshikha Dhitopatra Karobar Co. Pvt Ltd.,760,368.3,279908.0,2025-07-21 12:02:46.260539
2025-07-21,97858,2025072101010527,SANIMA,Dipshikha Dhitopatra Karobar Co. Pvt Ltd.,Naasa Securities Co. Ltd.,300,368.3,110490.0,2025-07-21 12:04:07.467118
2025-07-21,97646,2025072101010579,SANIMA,Dipshikha Dhitopatra Karobar Co. Pvt Ltd.,Trishakti Securities Public Limited,1000,368.3,368300.0,2025-07-21 12:04:25.019570
2025-07-21,97388,2025072101010646,SANIMA,Vision Securities Pvt. Ltd,ABC Securities Private Limited,100,369.0,36900.0,2025-07-21 12:04:51.509908
2025-07-21,97387,2025072101010647,SANIMA,Vision Securities Pvt. Ltd,Asian Securities Private Ltd.,300,369.0,110700.0,2025-07-21 12:04:51.510168
2025-07-21,97204,2025072101010705,SANIMA,Vision Securities Pvt. Ltd,Kohinoor Investment & Securities Pvt. Ltd.,71,368.4,26156.4,2025-07-21 12:05:13.165962
2025-07-21,96582,2025072101010887,SANIMA,Vision Securities Pvt. Ltd,Secured Securities Ltd.,200,368.4,73680.0,2025-07-21 12:06:27.101506
2025-07-21,95358,2025072101011210,SANIMA,Neev Securities Pvt. Ltd.,Kumari Securities Private Limited,250,368.9,92225.0,2025-07-21 12:09:08.057134
2025-07-21,95357,2025072101011211,SANIMA,Neev Securities Pvt. Ltd.,Pragyan Securities (PVT) Ltd.,11,368.9,4057.9,2025-07-21 12:09:08.057422
2025-07-21,95356,2025072101011212,SANIMA,Neev Securities Pvt. Ltd.,Cristal Kanchanjanga Securites Pvt. Ltd.,10,369.0,3690.0,2025-07-21 12:09:08.057541
2025-07-21,95254,2025072101011230,SANIMA,Online Securities Pvt. Ltd.,Dynamic Money Managers Securities Pvt. Ltd.,1000,369.3,369300.0,2025-07-21 12:09:20.675838
2025-07-21,95253,2025072101011231,SANIMA,Online Securities Pvt. Ltd.,Dynamic Money Managers Securities Pvt. Ltd.,1000,369.4,369400.0,2025-07-21 12:09:20.676127
2025-07-21,95252,2025072101011232,SANIMA,Online Securities Pvt. Ltd.,Online Securities Pvt. Ltd.,5000,369.5,1847500.0,2025-07-21 12:09:20.676308
2025-07-21,94613,2025072101011394,SANIMA,Neev Securities Pvt. Ltd.,Trisul Securities & Invt. Ltd.,59,369.0,21771.0,2025-07-21 12:10:47.836181
2025-07-21,93078,2025072101011776,SANIMA,Neev Securities Pvt. Ltd.,Siprabi Securities Pvt. Ltd.,260,369.9,96174.0,2025-07-21 12:14:02.095123
2025-07-21,93077,2025072101011777,SANIMA,Neev Securities Pvt. Ltd.,Dynamic Money Managers Securities Pvt. Ltd.,740,369.9,273726.0,2025-07-21 12:14:02.095619
2025-07-21,92949,2025072101011816,SANIMA,Neev Securities Pvt. Ltd.,Dynamic Money Managers Securities Pvt. Ltd.,260,369.9,96174.0,2025-07-21 12:14:22.206929
2025-07-21,92948,2025072101011817,SANIMA,Neev Securities Pvt. Ltd.,Trishakti Securities Public Limited,410,370.0,151700.0,2025-07-21 12:14:22.207227
2025-07-21,91818,2025072101012090,SANIMA,Oxford Securities Pvt. Ltd.,Trishakti Securities Public Limited,26,370.0,9620.0,2025-07-21 12:16:47.161106
2025-07-21,91817,2025072101012091,SANIMA,Oxford Securities Pvt. Ltd.,Midas Stock Broking Company Private Limited,100,370.0,37000.0,2025-07-21 12:16:47.161599
2025-07-21,91816,2025072101012092,SANIMA,Oxford Securities Pvt. Ltd.,Asian Securities Private Ltd.,290,370.0,107300.0,2025-07-21 12:16:47.161915
2025-07-21,91815,2025072101012093,SANIMA,Oxford Securities Pvt. Ltd.,Imperial Securities Company Pvt. Ltd.,200,370.0,74000.0,2025-07-21 12:16:47.162237
2025-07-21,91814,2025072101012094,SANIMA,Oxford Securities Pvt. Ltd.,Naasa Securities Co. Ltd.,10,370.0,3700.0,2025-07-21 12:16:47.162557
2025-07-21,91813,2025072101012095,SANIMA,Oxford Securities Pvt. Ltd.,Sani Securities Company Ltd.,100,370.0,37000.0,2025-07-21 12:16:47.163002
2025-07-21,91812,2025072101012096,SANIMA,Oxford Securities Pvt. Ltd.,Sani Securities Company Ltd.,2274,370.0,841380.0,2025-07-21 12:16:47.163467
2025-07-21,91419,2025072101012208,SANIMA,Miyo Securities Pvt Ltd,Dynamic Money Managers Securities Pvt. Ltd.,10,369.9,3699.0,2025-07-21 12:17:32.904713
2025-07-21,91045,2025072101012304,SANIMA,Sweta Securities Private Limited,Dynamic Money Managers Securities Pvt. Ltd.,295,369.9,109120.5,2025-07-21 12:18:23.589617
2025-07-21,91044,2025072101012305,SANIMA,Sweta Securities Private Limited,Sani Securities Company Ltd.,205,370.0,75850.0,2025-07-21 12:18:23.589877
2025-07-21,90575,2025072101012406,SANIMA,Asian Securities Private Ltd.,Siprabi Securities Pvt. Ltd.,20,369.0,7380.0,2025-07-21 12:19:38.285139
2025-07-21,90284,2025072101012469,SANIMA,Aryatara Investment & Securities,Siprabi Securities Pvt. Ltd.,15,369.0,5535.0,2025-07-21 12:20:23.759859
2025-07-21,90004,2025072101012524,SANIMA,Neev Securities Pvt. Ltd.,Dynamic Money Managers Securities Pvt. Ltd.,990,369.9,366201.0,2025-07-21 12:21:06.048109
2025-07-21,89854,2025072101012559,SANIMA,Neev Securities Pvt. Ltd.,Siprabi Securities Pvt. Ltd.,10,369.9,3699.0,2025-07-21 12:21:31.732197
2025-07-21,89736,2025072101012589,SANIMA,Neev Securities Pvt. Ltd.,Online Securities Pvt. Ltd.,545,369.9,201595.5,2025-07-21 12:21:49.662562
2025-07-21,89676,2025072101012621,SANIMA,South Asian Bulls Pvt. Ltd.,Sani Securities Company Ltd.,500,370.0,185000.0,2025-07-21 12:21:58.483088
2025-07-21,89521,2025072101012654,SANIMA,Opal Securities Investment (PVT) Ltd.,Sani Securities Company Ltd.,21,370.0,7770.0,2025-07-21 12:22:25.312628
2025-07-21,89520,2025072101012655,SANIMA,Opal Securities Investment (PVT) Ltd.,Trishakti Securities Public Limited,50,370.0,18500.0,2025-07-21 12:22:25.312725
2025-07-21,89519,2025072101012656,SANIMA,Opal Securities Investment (PVT) Ltd.,Kumari Securities Private Limited,80,370.0,29600.0,2025-07-21 12:22:25.312799
2025-07-21,89518,2025072101012657,SANIMA,Opal Securities Investment (PVT) Ltd.,Kumari Securities Private Limited,300,370.1,111030.0,2025-07-21 12:22:25.312876
2025-07-21,89517,2025072101012658,SANIMA,Opal Securities Investment (PVT) Ltd.,Sumeru Securities Pvt. Ltd.,49,370.6,18159.4,2025-07-21 12:22:25.312950
2025-07-21,89340,2025072101012709,SANIMA,Neev Securities Pvt. Ltd.,Kohinoor Investment & Securities Pvt. Ltd.,10,369.9,3699.0,2025-07-21 12:22:56.519290
2025-07-21,88963,2025072101012803,SANIMA,Neev Securities Pvt. Ltd.,Sani Securities Company Ltd.,100,370.0,37000.0,2025-07-21 12:23:45.890710
2025-07-21,88699,2025072101012860,SANIMA,Sweta Securities Private Limited,Sani Securities Company Ltd.,57,370.6,21124.2,2025-07-21 12:24:25.607194
2025-07-21,88698,2025072101012861,SANIMA,Sweta Securities Private Limited,Sani Securities Company Ltd.,100,370.6,37060.0,2025-07-21 12:24:25.607462
2025-07-21,88697,2025072101012862,SANIMA,Sweta Securities Private Limited,SUN SECURITIES PVT LTD,343,370.7,127150.1,2025-07-21 12:24:25.607583
2025-07-21,88277,2025072101012963,SANIMA,Neev Securities Pvt. Ltd.,Shree Krishna Securities Ltd.,48,370.0,17760.0,2025-07-21 12:25:31.323992
2025-07-21,88217,2025072101012971,SANIMA,Dipshikha Dhitopatra Karobar Co. Pvt Ltd.,SUN SECURITIES PVT LTD,56,370.7,20759.2,2025-07-21 12:25:39.003182
2025-07-21,88150,2025072101012991,SANIMA,Dipshikha Dhitopatra Karobar Co. Pvt Ltd.,Trishakti Securities Public Limited,50,370.7,18535.0,2025-07-21 12:25:52.700260
2025-07-21,88029,2025072101013029,SANIMA,Dipshikha Dhitopatra Karobar Co. Pvt Ltd.,Sani Securities Company Ltd.,44,370.7,16310.8,2025-07-21 12:26:10.721206
2025-07-21,87000,2025072101013341,SANIMA,Neev Securities Pvt. Ltd.,Infinity Securities Limited,352,370.0,130240.0,2025-07-21 12:28:40.749488
2025-07-21,86999,2025072101013342,SANIMA,Dipshikha Dhitopatra Karobar Co. Pvt Ltd.,Infinity Securities Limited,148,370.0,54760.0,2025-07-21 12:28:40.750088
2025-07-21,86782,2025072101013412,SANIMA,Dipshikha Dhitopatra Karobar Co. Pvt Ltd.,J.F. Securites (PVT) Ltd.,200,370.0,74000.0,2025-07-21 12:29:15.654271
2025-07-21,86538,2025072101013472,SANIMA,Dipshikha Dhitopatra Karobar Co. Pvt Ltd.,Naasa Securities Co. Ltd.,10,370.0,3700.0,2025-07-21 12:29:45.110206
2025-07-21,86536,2025072101013473,SANIMA,Neev Securities Pvt. Ltd.,Nepal Stock House (PVT) Ltd.,1000,370.5,370500.0,2025-07-21 12:29:45.491642
2025-07-21,86504,2025072101013478,SANIMA,Dipshikha Dhitopatra Karobar Co. Pvt Ltd.,Sumeru Securities Pvt. Ltd.,100,370.0,37000.0,2025-07-21 12:29:50.784019
2025-07-21,85767,2025072101013674,SANIMA,Dipshikha Dhitopatra Karobar Co. Pvt Ltd.,Primo Securities (PVT) Ltd.,542,370.0,200540.0,2025-07-21 12:31:21.010222
2025-07-21,85766,2025072101013675,SANIMA,Dipshikha Dhitopatra Karobar Co. Pvt Ltd.,Primo Securities (PVT) Ltd.,150,370.0,55500.0,2025-07-21 12:31:21.010515
2025-07-21,85765,2025072101013676,SANIMA,Agrawal Securities (PVT) Ltd.,Primo Securities (PVT) Ltd.,10,370.0,3700.0,2025-07-21 12:31:21.010640
2025-07-21,85682,2025072101013700,SANIMA,Neev Securities Pvt. Ltd.,Primo Securities (PVT) Ltd.,307,370.0,113590.0,2025-07-21 12:31:32.231340
2025-07-21,85681,2025072101013701,SANIMA,Neev Securities Pvt. Ltd.,Oxford Securities Pvt. Ltd.,193,370.0,71410.0,2025-07-21 12:31:32.231626
2025-07-21,85421,2025072101013778,SANIMA,Neev Securities Pvt. Ltd.,Oxford Securities Pvt. Ltd.,397,370.0,146890.0,2025-07-21 12:31:59.365815
2025-07-21,85261,2025072101013820,SANIMA,Neev Securities Pvt. Ltd.,Swarna Laxmi Securities Pvt. Ltd.,50,370.0,18500.0,2025-07-21 12:32:19.643980
2025-07-21,85151,2025072101013845,SANIMA,Neev Securities Pvt. Ltd.,Aryatara Investment & Securities,53,370.0,19610.0,2025-07-21 12:32:33.659310
2025-07-21,85033,2025072101013882,SANIMA,Neev Securities Pvt. Ltd.,Aryatara Investment & Securities,947,370.0,350390.0,2025-07-21 12:32:50.689611
2025-07-21,85032,2025072101013883,SANIMA,Neev Securities Pvt. Ltd.,Naasa Securities Co. Ltd.,30,370.0,11100.0,2025-07-21 12:32:50.689960
2025-07-21,84789,2025072101013939,SANIMA,Neev Securities Pvt. Ltd.,Vision Securities Pvt. Ltd,23,370.0,8510.0,2025-07-21 12:33:16.669471
2025-07-21,84730,2025072101013962,SANIMA,Neev Securities Pvt. Ltd.,Vision Securities Pvt. Ltd,977,370.0,361490.0,2025-07-21 12:33:26.910629
2025-07-21,84729,2025072101013963,SANIMA,Neev Securities Pvt. Ltd.,Sundhara Securities Limited,23,370.0,8510.0,2025-07-21 12:33:26.910945
2025-07-21,84595,2025072101013990,SANIMA,Aryatara Investment & Securities,Sumeru Securities Pvt. Ltd.,710,369.0,261990.0,2025-07-21 12:33:43.167390
2025-07-21,84594,2025072101013991,SANIMA,Aryatara Investment & Securities,Sumeru Securities Pvt. Ltd.,50,369.0,18450.0,2025-07-21 12:33:43.167679
2025-07-21,84050,2025072101014130,SANIMA,Sharepro Securities Private Limited,Sumeru Securities Pvt. Ltd.,240,369.0,88560.0,2025-07-21 12:34:54.468978
2025-07-21,84049,2025072101014131,SANIMA,Sharepro Securities Private Limited,Imperial Securities Company Pvt. Ltd.,100,369.8,36980.0,2025-07-21 12:34:54.469053
2025-07-21,84048,2025072101014132,SANIMA,Sharepro Securities Private Limited,Sundhara Securities Limited,31,370.0,11470.0,2025-07-21 12:34:54.469081
2025-07-21,84047,2025072101014133,SANIMA,Sharepro Securities Private Limited,Sani Securities Company Ltd.,2929,370.0,1083730.0,2025-07-21 12:34:54.469107
2025-07-21,83233,2025072101014369,SANIMA,Imperial Securities Company Pvt. Ltd.,Vision Securities Pvt. Ltd,40,368.5,14740.0,2025-07-21 12:36:18.467197
2025-07-21,83232,2025072101014370,SANIMA,Agrawal Securities (PVT) Ltd.,Vision Securities Pvt. Ltd,1460,368.5,538010.0,2025-07-21 12:36:18.467242
2025-07-21,82754,2025072101014510,SANIMA,Agrawal Securities (PVT) Ltd.,Thrive Brokerage House Pvt. Ltd,500,368.5,184250.0,2025-07-21 12:37:14.562526
2025-07-21,82536,2025072101014570,SANIMA,Agrawal Securities (PVT) Ltd.,Premier Securities Company Ltd.,120,368.5,44220.0,2025-07-21 12:37:38.975732
2025-07-21,82294,2025072101014615,SANIMA,Agrawal Securities (PVT) Ltd.,Naasa Securities Co. Ltd.,110,368.5,40535.0,2025-07-21 12:38:04.333772
2025-07-21,82140,2025072101014673,SANIMA,Agrawal Securities (PVT) Ltd.,Linch Stock Market Ltd.,810,368.5,298485.0,2025-07-21 12:38:19.690470
2025-07-21,82139,2025072101014674,SANIMA,Vision Securities Pvt. Ltd,Linch Stock Market Ltd.,80,368.4,29472.0,2025-07-21 12:38:19.690856
2025-07-21,81777,2025072101014772,SANIMA,Vision Securities Pvt. Ltd,Nepal Stock House (PVT) Ltd.,200,368.4,73680.0,2025-07-21 12:38:59.633855
2025-07-21,81732,2025072101014784,SANIMA,Vision Securities Pvt. Ltd,Linch Stock Market Ltd.,10,368.4,3684.0,2025-07-21 12:39:04.103632
2025-07-21,81433,2025072101014838,SANIMA,Vision Securities Pvt. Ltd,Thrive Brokerage House Pvt. Ltd,39,368.4,14367.6,2025-07-21 12:39:31.284401
2025-07-21,81432,2025072101014839,SANIMA,Premier Securities Company Ltd.,Thrive Brokerage House Pvt. Ltd,200,368.4,73680.0,2025-07-21 12:39:31.284507
2025-07-21,81431,2025072101014840,SANIMA,Nabil Stock Dealer Ltd.,Thrive Brokerage House Pvt. Ltd,10,368.4,3684.0,2025-07-21 12:39:31.284585
2025-07-21,81430,2025072101014841,SANIMA,Dipshikha Dhitopatra Karobar Co. Pvt Ltd.,Thrive Brokerage House Pvt. Ltd,51,368.3,18783.3,2025-07-21 12:39:31.284666
2025-07-21,81144,2025072101014918,SANIMA,N.M.B. SECURITIES LIMITED,Naasa Securities Co. Ltd.,30,368.9,11067.0,2025-07-21 12:40:02.709085
2025-07-21,80340,2025072101015123,SANIMA,Dipshikha Dhitopatra Karobar Co. Pvt Ltd.,South Asian Bulls Pvt. Ltd.,1000,368.3,368300.0,2025-07-21 12:41:16.447950
2025-07-21,79948,2025072101015221,SANIMA,Naasa Securities Co. Ltd.,Naasa Securities Co. Ltd.,70,368.9,25823.0,2025-07-21 12:41:49.214948
2025-07-21,79714,2025072101015278,SANIMA,Dipshikha Dhitopatra Karobar Co. Pvt Ltd.,Blue Chip Securities Ltd,1889,368.3,695718.7,2025-07-21 12:42:10.935811
2025-07-21,79713,2025072101015279,SANIMA,Sani Securities Company Ltd.,Blue Chip Securities Ltd,4511,368.0,1660048.0,2025-07-21 12:42:10.936152
2025-07-21,79712,2025072101015280,SANIMA,Cristal Kanchanjanga Securites Pvt. Ltd.,Blue Chip Securities Ltd,100,368.0,36800.0,2025-07-21 12:42:10.936285
2025-07-21,79711,2025072101015281,SANIMA,Secured Securities Ltd.,Blue Chip Securities Ltd,200,368.0,73600.0,2025-07-21 12:42:10.936419
2025-07-21,79710,2025072101015282,SANIMA,Nepal Stock House (PVT) Ltd.,Blue Chip Securities Ltd,300,368.0,110400.0,2025-07-21 12:42:10.936546
2025-07-21,79709,2025072101015283,SANIMA,ABC Securities Private Limited,Blue Chip Securities Ltd,200,368.0,73600.0,2025-07-21 12:42:10.936680
2025-07-21,79708,2025072101015284,SANIMA,Kohinoor Investment & Securities Pvt. Ltd.,Blue Chip Securities Ltd,100,368.0,36800.0,2025-07-21 12:42:10.936806
2025-07-21,79707,2025072101015285,SANIMA,Online Securities Pvt. Ltd.,Blue Chip Securities Ltd,200,368.0,73600.0,2025-07-21 12:42:10.936931
2025-07-21,79628,2025072101015309,SANIMA,Online Securities Pvt. Ltd.,Investment Management Nepal Pvt. Ltd.,100,368.0,36800.0,2025-07-21 12:42:17.560897
2025-07-21,78930,2025072101015494,SANIMA,Online Securities Pvt. Ltd.,BHOLE GANESH SECURITIES LTD,25,369.0,9225.0,2025-07-21 12:43:25.293508
2025-07-21,78895,2025072101015508,SANIMA,Dipshikha Dhitopatra Karobar Co. Pvt Ltd.,Blue Chip Securities Ltd,1500,367.4,551100.0,2025-07-21 12:43:29.155096
2025-07-21,78894,2025072101015509,SANIMA,Dipshikha Dhitopatra Karobar Co. Pvt Ltd.,Blue Chip Securities Ltd,1000,367.4,367400.0,2025-07-21 12:43:29.155641
2025-07-21,78893,2025072101015510,SANIMA,Deevyaa Securities & Stock House Pvt. Ltd,Blue Chip Securities Ltd,1200,367.3,440760.0,2025-07-21 12:43:29.156002
2025-07-21,78892,2025072101015511,SANIMA,Online Securities Pvt. Ltd.,Blue Chip Securities Ltd,379,367.1,139130.9,2025-07-21 12:43:29.156394
2025-07-21,78891,2025072101015512,SANIMA,Vision Securities Pvt. Ltd,Blue Chip Securities Ltd,119,367.0,43673.0,2025-07-21 12:43:29.156784
2025-07-21,78890,2025072101015513,SANIMA,Nepal Stock House (PVT) Ltd.,Blue Chip Securities Ltd,100,367.0,36700.0,2025-07-21 12:43:29.157179
2025-07-21,78889,2025072101015514,SANIMA,Vision Securities Pvt. Ltd,Blue Chip Securities Ltd,702,367.0,257634.0,2025-07-21 12:43:29.157542
2025-07-21,77785,2025072101015826,SANIMA,Elite Stock House Limited,Oxford Securities Pvt. Ltd.,26,367.5,9555.0,2025-07-21 12:45:22.441651
2025-07-21,77784,2025072101015827,SANIMA,Vision Securities Pvt. Ltd,Oxford Securities Pvt. Ltd.,220,367.0,80740.0,2025-07-21 12:45:22.441970
2025-07-21,77584,2025072101015880,SANIMA,Vision Securities Pvt. Ltd,Sumeru Securities Pvt. Ltd.,18,367.0,6606.0,2025-07-21 12:45:41.690925
2025-07-21,77552,2025072101015890,SANIMA,Vision Securities Pvt. Ltd,Blue Chip Securities Ltd,60,367.0,22020.0,2025-07-21 12:45:45.552845
2025-07-21,77551,2025072101015891,SANIMA,Naasa Securities Co. Ltd.,Blue Chip Securities Ltd,100,367.0,36700.0,2025-07-21 12:45:45.553370
2025-07-21,77550,2025072101015892,SANIMA,Sewa Securities Pvt. Ltd.,Blue Chip Securities Ltd,100,367.0,36700.0,2025-07-21 12:45:45.553752
2025-07-21,77549,2025072101015893,SANIMA,Sumeru Securities Pvt. Ltd.,Blue Chip Securities Ltd,300,366.6,109980.0,2025-07-21 12:45:45.554130
2025-07-21,77548,2025072101015894,SANIMA,Dipshikha Dhitopatra Karobar Co. Pvt Ltd.,Blue Chip Securities Ltd,1500,366.6,549900.0,2025-07-21 12:45:45.554490
2025-07-21,77547,2025072101015895,SANIMA,Dipshikha Dhitopatra Karobar Co. Pvt Ltd.,Blue Chip Securities Ltd,1000,366.6,366600.0,2025-07-21 12:45:45.554846
2025-07-21,77546,2025072101015896,SANIMA,Citizens Share Broker Limited,Blue Chip Securities Ltd,500,366.5,183250.0,2025-07-21 12:45:45.555229
2025-07-21,77545,2025072101015897,SANIMA,Citizens Share Broker Limited,Blue Chip Securities Ltd,500,366.5,183250.0,2025-07-21 12:45:45.555589
2025-07-21,77544,2025072101015898,SANIMA,Dipshikha Dhitopatra Karobar Co. Pvt Ltd.,Blue Chip Securities Ltd,940,366.5,344510.0,2025-07-21 12:45:45.555943
2025-07-21,76912,2025072101016030,SANIMA,Dipshikha Dhitopatra Karobar Co. Pvt Ltd.,Citizens Share Broker Limited,200,366.5,73300.0,2025-07-21 12:46:37.257182
2025-07-21,76158,2025072101016238,SANIMA,Opal Securities Investment (PVT) Ltd.,Naasa Securities Co. Ltd.,10,367.0,3670.0,2025-07-21 12:47:58.483644
2025-07-21,75849,2025072101016353,SANIMA,Linch Stock Market Ltd.,Capital Max Securities Ltd,400,366.1,146440.0,2025-07-21 12:48:28.328589
2025-07-21,75345,2025072101016502,SANIMA,Linch Stock Market Ltd.,Imperial Securities Company Pvt. Ltd.,1100,366.1,402710.0,2025-07-21 12:49:21.524478
2025-07-21,75251,2025072101016520,SANIMA,Dynamic Money Managers Securities Pvt. Ltd.,Kohinoor Investment & Securities Pvt. Ltd.,1000,366.0,366000.0,2025-07-21 12:49:30.107245
2025-07-21,75250,2025072101016521,SANIMA,Dynamic Money Managers Securities Pvt. Ltd.,Kohinoor Investment & Securities Pvt. Ltd.,1000,366.0,366000.0,2025-07-21 12:49:30.107298
2025-07-21,75249,2025072101016522,SANIMA,Dynamic Money Managers Securities Pvt. Ltd.,Kohinoor Investment & Securities Pvt. Ltd.,1000,366.0,366000.0,2025-07-21 12:49:30.107323
2025-07-21,75248,2025072101016523,SANIMA,Dynamic Money Managers Securities Pvt. Ltd.,Kohinoor Investment & Securities Pvt. Ltd.,1000,366.0,366000.0,2025-07-21 12:49:30.107358
2025-07-21,75154,2025072101016553,SANIMA,Dynamic Money Managers Securities Pvt. Ltd.,Nepal Stock House (PVT) Ltd.,555,366.0,203130.0,2025-07-21 12:49:36.801107
2025-07-21,74934,2025072101016638,SANIMA,Imperial Securities Company Pvt. Ltd.,Imperial Securities Company Pvt. Ltd.,130,366.1,47593.0,2025-07-21 12:49:59.402778
2025-07-21,74882,2025072101016675,SANIMA,Dynamic Money Managers Securities Pvt. Ltd.,Linch Stock Market Ltd.,200,366.0,73200.0,2025-07-21 12:50:02.787892
2025-07-21,74881,2025072101016676,SANIMA,Dynamic Money Managers Securities Pvt. Ltd.,Kumari Securities Private Limited,50,366.0,18300.0,2025-07-21 12:50:02.910448
2025-07-21,74634,2025072101016742,SANIMA,Dynamic Money Managers Securities Pvt. Ltd.,Sweta Securities Private Limited,195,366.0,71370.0,2025-07-21 12:50:21.860728
2025-07-21,74633,2025072101016743,SANIMA,Capital Max Securities Ltd,Sweta Securities Private Limited,365,366.0,133590.0,2025-07-21 12:50:21.861039
2025-07-21,74186,2025072101016818,SANIMA,Capital Max Securities Ltd,Trisul Securities & Invt. Ltd.,63,366.0,23058.0,2025-07-21 12:50:56.864616
2025-07-21,73729,2025072101016918,SANIMA,Capital Max Securities Ltd,Primo Securities (PVT) Ltd.,72,366.0,26352.0,2025-07-21 12:51:44.995088
2025-07-21,73728,2025072101016919,SANIMA,Kalika Securities Pvt. Ltd.,Primo Securities (PVT) Ltd.,1000,366.0,366000.0,2025-07-21 12:51:44.995393
2025-07-21,73727,2025072101016920,SANIMA,Dynamic Money Managers Securities Pvt. Ltd.,Primo Securities (PVT) Ltd.,331,366.0,121146.0,2025-07-21 12:51:44.995519
2025-07-21,73468,2025072101016989,SANIMA,Naasa Securities Co. Ltd.,Sundhara Securities Limited,50,367.0,18350.0,2025-07-21 12:52:11.965528
2025-07-21,73340,2025072101017011,SANIMA,Naasa Securities Co. Ltd.,Sundhara Securities Limited,50,367.0,18350.0,2025-07-21 12:52:28.089713
2025-07-21,73001,2025072101017119,SANIMA,Dynamic Money Managers Securities Pvt. Ltd.,South Asian Bulls Pvt. Ltd.,1000,366.0,366000.0,2025-07-21 12:53:14.865241
2025-07-21,72610,2025072101017208,SANIMA,Dipshikha Dhitopatra Karobar Co. Pvt Ltd.,Midas Stock Broking Company Private Limited,11,366.1,4027.1,2025-07-21 12:54:17.211900
2025-07-21,72609,2025072101017209,SANIMA,Naasa Securities Co. Ltd.,Imperial Securities Company Pvt. Ltd.,100,366.5,36650.0,2025-07-21 12:54:17.414808
2025-07-21,72608,2025072101017210,SANIMA,Dipshikha Dhitopatra Karobar Co. Pvt Ltd.,Trisul Securities & Invt. Ltd.,200,366.1,73220.0,2025-07-21 12:54:17.887998
2025-07-21,71064,2025072101017562,SANIMA,Naasa Securities Co. Ltd.,Imperial Securities Company Pvt. Ltd.,137,366.5,50210.5,2025-07-21 12:57:32.649877
2025-07-21,70969,2025072101017592,SANIMA,Naasa Securities Co. Ltd.,Dipshikha Dhitopatra Karobar Co. Pvt Ltd.,23,366.5,8429.5,2025-07-21 12:57:41.941409
2025-07-21,70968,2025072101017593,SANIMA,South Asian Bulls Pvt. Ltd.,Dipshikha Dhitopatra Karobar Co. Pvt Ltd.,86,366.2,31493.2,2025-07-21 12:57:41.941454
2025-07-21,70892,2025072101017617,SANIMA,South Asian Bulls Pvt. Ltd.,Dipshikha Dhitopatra Karobar Co. Pvt Ltd.,10,366.2,3662.0,2025-07-21 12:57:57.086883
2025-07-21,70866,2025072101017625,SANIMA,Vision Securities Pvt. Ltd,Dipshikha Dhitopatra Karobar Co. Pvt Ltd.,1000,366.9,366900.0,2025-07-21 12:58:01.044904
2025-07-21,70589,2025072101017695,SANIMA,Sanima Securities Limited,Malla & Malla Stock Broking Company Pvt. Limited,20,367.0,7340.0,2025-07-21 12:58:46.969181
2025-07-21,70588,2025072101017696,SANIMA,Sanima Securities Limited,Sundhara Securities Limited,100,367.0,36700.0,2025-07-21 12:58:46.969505
2025-07-21,70587,2025072101017697,SANIMA,Sanima Securities Limited,Creative Securities Pvt Ltd,25,368.0,9200.0,2025-07-21 12:58:46.969635
2025-07-21,70586,2025072101017698,SANIMA,Sanima Securities Limited,Premier Securities Company Ltd.,160,368.0,58880.0,2025-07-21 12:58:46.969764
2025-07-21,70585,2025072101017699,SANIMA,Sanima Securities Limited,Sri Hari Securities Pvt. Ltd.,65,368.0,23920.0,2025-07-21 12:58:46.969888
2025-07-21,70558,2025072101017706,SANIMA,Sanima Securities Limited,Online Securities Pvt. Ltd.,28,368.0,10304.0,2025-07-21 12:58:52.482871
2025-07-21,70518,2025072101017712,SANIMA,Sanima Securities Limited,Creative Securities Pvt Ltd,102,368.0,37536.0,2025-07-21 12:58:59.885748
2025-07-21,70468,2025072101017727,SANIMA,Kumari Securities Private Limited,Aryatara Investment & Securities,300,366.8,110040.0,2025-07-21 12:59:05.954559
2025-07-21,70093,2025072101017797,SANIMA,Trishakti Securities Public Limited,Creative Securities Pvt Ltd,98,367.0,35966.0,2025-07-21 12:59:53.100207
2025-07-21,69031,2025072101018076,SANIMA,Magnet Securities and Investment Company Private Limited,Kalika Securities Pvt. Ltd.,200,368.8,73760.0,2025-07-21 13:02:53.370379
2025-07-21,69030,2025072101018077,SANIMA,Magnet Securities and Investment Company Private Limited,Dipshikha Dhitopatra Karobar Co. Pvt Ltd.,800,368.8,295040.0,2025-07-21 13:02:53.370694
2025-07-21,68446,2025072101018202,SANIMA,Investment Management Nepal Pvt. Ltd.,Sumeru Securities Pvt. Ltd.,100,368.0,36800.0,2025-07-21 13:04:27.335895
2025-07-21,67821,2025072101018372,SANIMA,Imperial Securities Company Pvt. Ltd.,Oxford Securities Pvt. Ltd.,100,368.0,36800.0,2025-07-21 13:06:31.098859
2025-07-21,67820,2025072101018373,SANIMA,Naasa Securities Co. Ltd.,Oxford Securities Pvt. Ltd.,68,368.0,25024.0,2025-07-21 13:06:31.099211
2025-07-21,67723,2025072101018403,SANIMA,Sumeru Securities Pvt. Ltd.,Dipshikha Dhitopatra Karobar Co. Pvt Ltd.,200,368.8,73760.0,2025-07-21 13:06:47.982544
2025-07-21,67722,2025072101018404,SANIMA,Sumeru Securities Pvt. Ltd.,Nepal Stock House (PVT) Ltd.,140,368.8,51632.0,2025-07-21 13:06:47.982876
2025-07-21,67721,2025072101018405,SANIMA,Sumeru Securities Pvt. Ltd.,Pragyan Securities (PVT) Ltd.,100,368.8,36880.0,2025-07-21 13:06:47.983011
2025-07-21,67720,2025072101018406,SANIMA,Sumeru Securities Pvt. Ltd.,Aryatara Investment & Securities,60,368.8,22128.0,2025-07-21 13:06:47.983157
2025-07-21,67654,2025072101018414,SANIMA,Trisul Securities & Invt. Ltd.,Aryatara Investment & Securities,80,368.8,29504.0,2025-07-21 13:06:53.301390
2025-07-21,67545,2025072101018444,SANIMA,Trisul Securities & Invt. Ltd.,Sundhara Securities Limited,170,368.8,62696.0,2025-07-21 13:07:09.014404
2025-07-21,66295,2025072101018757,SANIMA,Sundhara Securities Limited,Dynamic Money Managers Securities Pvt. Ltd.,50,368.6,18430.0,2025-07-21 13:10:20.331337
2025-07-21,65985,2025072101018822,SANIMA,Trisul Securities & Invt. Ltd.,Sagarmatha Securities Private Limited,200,368.0,73600.0,2025-07-21 13:11:05.005343
2025-07-21,65984,2025072101018823,SANIMA,Naasa Securities Co. Ltd.,Sagarmatha Securities Private Limited,72,368.0,26496.0,2025-07-21 13:11:05.005666
2025-07-21,65983,2025072101018824,SANIMA,ABC Securities Private Limited,Sagarmatha Securities Private Limited,28,368.0,10304.0,2025-07-21 13:11:05.005812
2025-07-21,65606,2025072101018920,SANIMA,ABC Securities Private Limited,ABC Securities Private Limited,100,368.0,36800.0,2025-07-21 13:12:05.662288
2025-07-21,65110,2025072101019064,SANIMA,Nepal Stock House (PVT) Ltd.,Dynamic Money Managers Securities Pvt. Ltd.,205,368.6,75563.0,2025-07-21 13:13:25.357729
2025-07-21,64773,2025072101019131,SANIMA,J.F. Securites (PVT) Ltd.,SUN SECURITIES PVT LTD,1350,368.5,497475.0,2025-07-21 13:14:17.672140
2025-07-21,64649,2025072101019162,SANIMA,ABC Securities Private Limited,Sumeru Securities Pvt. Ltd.,122,368.0,44896.0,2025-07-21 13:14:40.550398
2025-07-21,64648,2025072101019163,SANIMA,Naasa Securities Co. Ltd.,Sumeru Securities Pvt. Ltd.,120,368.0,44160.0,2025-07-21 13:14:40.551079
2025-07-21,64428,2025072101019239,SANIMA,Trishakti Securities Public Limited,Online Securities Pvt. Ltd.,204,367.0,74868.0,2025-07-21 13:15:14.712163
2025-07-21,64310,2025072101019266,SANIMA,Trishakti Securities Public Limited,Siprabi Securities Pvt. Ltd.,198,367.0,72666.0,2025-07-21 13:15:42.548769
2025-07-21,64309,2025072101019267,SANIMA,Sewa Securities Pvt. Ltd.,Siprabi Securities Pvt. Ltd.,347,367.0,127349.0,2025-07-21 13:15:42.549128
2025-07-21,64290,2025072101019270,SANIMA,Sewa Securities Pvt. Ltd.,Sri Hari Securities Pvt. Ltd.,95,367.0,34865.0,2025-07-21 13:15:45.206483
2025-07-21,63818,2025072101019389,SANIMA,Sewa Securities Pvt. Ltd.,Sweta Securities Private Limited,58,367.0,21286.0,2025-07-21 13:17:02.315213
2025-07-21,63817,2025072101019390,SANIMA,Imperial Securities Company Pvt. Ltd.,Sweta Securities Private Limited,50,367.0,18350.0,2025-07-21 13:17:02.315567
2025-07-21,63816,2025072101019391,SANIMA,J.F. Securites (PVT) Ltd.,Sweta Securities Private Limited,350,367.0,128450.0,2025-07-21 13:17:02.315716
2025-07-21,63815,2025072101019392,SANIMA,Dipshikha Dhitopatra Karobar Co. Pvt Ltd.,Sweta Securities Private Limited,542,367.0,198914.0,2025-07-21 13:17:02.315864
2025-07-21,63689,2025072101019427,SANIMA,Dipshikha Dhitopatra Karobar Co. Pvt Ltd.,Dipshikha Dhitopatra Karobar Co. Pvt Ltd.,747,367.0,274149.0,2025-07-21 13:17:24.976376
2025-07-21,63688,2025072101019428,SANIMA,Dipshikha Dhitopatra Karobar Co. Pvt Ltd.,Dipshikha Dhitopatra Karobar Co. Pvt Ltd.,1000,367.0,367000.0,2025-07-21 13:17:24.976696
2025-07-21,63682,2025072101019430,SANIMA,Naasa Securities Co. Ltd.,Dipshikha Dhitopatra Karobar Co. Pvt Ltd.,10,367.0,3670.0,2025-07-21 13:17:25.771643
2025-07-21,62020,2025072101019867,SANIMA,Sagarmatha Securities Private Limited,Neev Securities Pvt. Ltd.,500,367.7,183850.0,2025-07-21 13:21:58.284601
2025-07-21,61645,2025072101019971,SANIMA,Kumari Securities Private Limited,Prabhu Stock Market Limited,100,366.6,36660.0,2025-07-21 13:22:39.601341
2025-07-21,61644,2025072101019972,SANIMA,Naasa Securities Co. Ltd.,Prabhu Stock Market Limited,200,366.5,73300.0,2025-07-21 13:22:39.601697
2025-07-21,61643,2025072101019973,SANIMA,Sanima Securities Limited,Prabhu Stock Market Limited,500,366.3,183150.0,2025-07-21 13:22:39.601968
2025-07-21,61642,2025072101019974,SANIMA,Primo Securities (PVT) Ltd.,Prabhu Stock Market Limited,550,366.3,201465.0,2025-07-21 13:22:39.602208
2025-07-21,61641,2025072101019975,SANIMA,Kumari Securities Private Limited,Prabhu Stock Market Limited,200,366.1,73220.0,2025-07-21 13:22:39.602371
2025-07-21,61640,2025072101019976,SANIMA,Capital Max Securities Ltd,Prabhu Stock Market Limited,450,366.1,164745.0,2025-07-21 13:22:39.602524
2025-07-21,61206,2025072101020079,SANIMA,Dipshikha Dhitopatra Karobar Co. Pvt Ltd.,Sewa Securities Pvt. Ltd.,100,366.2,36620.0,2025-07-21 13:23:47.545237
2025-07-21,60706,2025072101020185,SANIMA,Dipshikha Dhitopatra Karobar Co. Pvt Ltd.,Neev Securities Pvt. Ltd.,500,366.2,183100.0,2025-07-21 13:25:07.797408
2025-07-21,60631,2025072101020205,SANIMA,Online Securities Pvt. Ltd.,J.F. Securites (PVT) Ltd.,70,366.6,25662.0,2025-07-21 13:25:20.065374
2025-07-21,60233,2025072101020351,SANIMA,Dipshikha Dhitopatra Karobar Co. Pvt Ltd.,Malla & Malla Stock Broking Company Pvt. Limited,250,366.2,91550.0,2025-07-21 13:26:13.326445
2025-07-21,60134,2025072101020373,SANIMA,Dipshikha Dhitopatra Karobar Co. Pvt Ltd.,Pragyan Securities (PVT) Ltd.,187,366.2,68479.4,2025-07-21 13:26:29.472637
2025-07-21,59612,2025072101020552,SANIMA,Linch Stock Market Ltd.,Imperial Securities Company Pvt. Ltd.,100,367.0,36700.0,2025-07-21 13:28:01.312221
2025-07-21,59275,2025072101020663,SANIMA,Linch Stock Market Ltd.,Online Securities Pvt. Ltd.,56,367.0,20552.0,2025-07-21 13:28:52.667638
2025-07-21,59031,2025072101020744,SANIMA,Trisul Securities & Invt. Ltd.,Dynamic Money Managers Securities Pvt. Ltd.,60,367.8,22068.0,2025-07-21 13:29:28.623647
2025-07-21,59030,2025072101020745,SANIMA,Linch Stock Market Ltd.,Sweta Securities Private Limited,334,367.0,122578.0,2025-07-21 13:29:28.866670
2025-07-21,59029,2025072101020746,SANIMA,Sewa Securities Pvt. Ltd.,Sweta Securities Private Limited,100,367.0,36700.0,2025-07-21 13:29:28.867044
2025-07-21,58839,2025072101020797,SANIMA,Opal Securities Investment (PVT) Ltd.,Sweta Securities Private Limited,50,367.0,18350.0,2025-07-21 13:29:59.387835
2025-07-21,57893,2025072101021093,SANIMA,Dipshikha Dhitopatra Karobar Co. Pvt Ltd.,Linch Stock Market Ltd.,500,366.2,183100.0,2025-07-21 13:32:17.984581
2025-07-21,57839,2025072101021106,SANIMA,Dipshikha Dhitopatra Karobar Co. Pvt Ltd.,Online Securities Pvt. Ltd.,963,366.2,352650.6,2025-07-21 13:32:25.356106
2025-07-21,57838,2025072101021107,SANIMA,Dipshikha Dhitopatra Karobar Co. Pvt Ltd.,Online Securities Pvt. Ltd.,37,366.2,13549.4,2025-07-21 13:32:25.356478
2025-07-21,57568,2025072101021180,SANIMA,Dipshikha Dhitopatra Karobar Co. Pvt Ltd.,Trishakti Securities Public Limited,300,366.2,109860.0,2025-07-21 13:33:02.964144
2025-07-21,57538,2025072101021197,SANIMA,Dipshikha Dhitopatra Karobar Co. Pvt Ltd.,Dakshinkali Investment & Securities Pvt. Ltd.,10,366.2,3662.0,2025-07-21 13:33:09.517806
2025-07-21,57296,2025072101021286,SANIMA,Dipshikha Dhitopatra Karobar Co. Pvt Ltd.,Sumeru Securities Pvt. Ltd.,19,366.2,6957.8,2025-07-21 13:33:48.053862
2025-07-21,57011,2025072101021347,SANIMA,Dipshikha Dhitopatra Karobar Co. Pvt Ltd.,Sewa Securities Pvt. Ltd.,100,366.2,36620.0,2025-07-21 13:34:33.811264
2025-07-21,56860,2025072101021399,SANIMA,Dipshikha Dhitopatra Karobar Co. Pvt Ltd.,Neev Securities Pvt. Ltd.,34,366.2,12450.8,2025-07-21 13:35:03.562420
2025-07-21,56859,2025072101021400,SANIMA,Dipshikha Dhitopatra Karobar Co. Pvt Ltd.,Neev Securities Pvt. Ltd.,166,366.2,60789.2,2025-07-21 13:35:03.563119
2025-07-21,56767,2025072101021415,SANIMA,Dipshikha Dhitopatra Karobar Co. Pvt Ltd.,Dipshikha Dhitopatra Karobar Co. Pvt Ltd.,334,366.2,122310.8,2025-07-21 13:35:17.612829
2025-07-21,56766,2025072101021416,SANIMA,Market Securities & Exchange (PVT) Ltd.,Dipshikha Dhitopatra Karobar Co. Pvt Ltd.,200,366.1,73220.0,2025-07-21 13:35:17.613590
2025-07-21,56765,2025072101021417,SANIMA,Dynamic Money Managers Securities Pvt. Ltd.,Dipshikha Dhitopatra Karobar Co. Pvt Ltd.,709,366.0,259494.0,2025-07-21 13:35:17.614110
2025-07-21,56499,2025072101021466,SANIMA,Dynamic Money Managers Securities Pvt. Ltd.,Naasa Securities Co. Ltd.,57,366.0,20862.0,2025-07-21 13:35:56.893720
2025-07-21,56251,2025072101021504,SANIMA,Sharepro Securities Private Limited,ABC Securities Private Limited,200,366.5,73300.0,2025-07-21 13:36:18.621043
2025-07-21,56250,2025072101021505,SANIMA,Sharepro Securities Private Limited,Online Securities Pvt. Ltd.,131,367.0,48077.0,2025-07-21 13:36:18.621086
2025-07-21,56249,2025072101021506,SANIMA,Sharepro Securities Private Limited,MILKY WAY SHARE BROKER COMPANY LTD ,354,367.0,129918.0,2025-07-21 13:36:18.621114
2025-07-21,56248,2025072101021507,SANIMA,Sharepro Securities Private Limited,Dynamic Money Managers Securities Pvt. Ltd.,685,367.8,251943.0,2025-07-21 13:36:18.621139
2025-07-21,56247,2025072101021508,SANIMA,Sharepro Securities Private Limited,Vision Securities Pvt. Ltd,300,367.9,110370.0,2025-07-21 13:36:18.621166
2025-07-21,56246,2025072101021509,SANIMA,Sharepro Securities Private Limited,Sweta Securities Private Limited,1000,368.0,368000.0,2025-07-21 13:36:18.621197
2025-07-21,56245,2025072101021510,SANIMA,Sharepro Securities Private Limited,Nepal Investment And Securities Trading Private Limited,119,368.0,43792.0,2025-07-21 13:36:18.621231
2025-07-21,56244,2025072101021511,SANIMA,Sharepro Securities Private Limited,Bhrikuti Stock Broking Co. Pvt. Ltd.,100,368.0,36800.0,2025-07-21 13:36:18.621255
2025-07-21,56243,2025072101021512,SANIMA,Sharepro Securities Private Limited,Opal Securities Investment (PVT) Ltd.,20,368.0,7360.0,2025-07-21 13:36:18.621281
2025-07-21,56242,2025072101021513,SANIMA,Sharepro Securities Private Limited,Premier Securities Company Ltd.,160,368.0,58880.0,2025-07-21 13:36:18.621305
2025-07-21,56241,2025072101021514,SANIMA,Sharepro Securities Private Limited,Aryatara Investment & Securities,931,368.0,342608.0,2025-07-21 13:36:18.621331
2025-07-21,54965,2025072101021890,SANIMA,Sani Securities Company Ltd.,Dynamic Money Managers Securities Pvt. Ltd.,10,367.0,3670.0,2025-07-21 13:39:35.865863
2025-07-21,54743,2025072101021973,SANIMA,Sani Securities Company Ltd.,Kohinoor Investment & Securities Pvt. Ltd.,233,367.0,85511.0,2025-07-21 13:39:58.223592
2025-07-21,54569,2025072101022011,SANIMA,Nepal Stock House (PVT) Ltd.,Cristal Kanchanjanga Securites Pvt. Ltd.,50,366.2,18310.0,2025-07-21 13:40:27.795203
2025-07-21,54293,2025072101022100,SANIMA,Aryatara Investment & Securities,Kohinoor Investment & Securities Pvt. Ltd.,10,367.0,3670.0,2025-07-21 13:41:07.297341
2025-07-21,53688,2025072101022246,SANIMA,Linch Stock Market Ltd.,Kohinoor Investment & Securities Pvt. Ltd.,54,367.0,19818.0,2025-07-21 13:42:26.292399
2025-07-21,52947,2025072101022397,SANIMA,Nepal Stock House (PVT) Ltd.,Sumeru Securities Pvt. Ltd.,450,366.2,164790.0,2025-07-21 13:44:01.470067
2025-07-21,52946,2025072101022398,SANIMA,Sani Securities Company Ltd.,Sumeru Securities Pvt. Ltd.,550,366.2,201410.0,2025-07-21 13:44:01.470789
2025-07-21,52465,2025072101022502,SANIMA,Cristal Kanchanjanga Securites Pvt. Ltd.,ABC Securities Private Limited,140,366.3,51282.0,2025-07-21 13:44:56.832010
2025-07-21,52464,2025072101022503,SANIMA,Cristal Kanchanjanga Securites Pvt. Ltd.,Online Securities Pvt. Ltd.,170,366.3,62271.0,2025-07-21 13:44:56.983409
2025-07-21,52458,2025072101022504,SANIMA,Nagarik Stock Dealer ,Kohinoor Investment & Securities Pvt. Ltd.,100,367.0,36700.0,2025-07-21 13:44:57.681131
2025-07-21,52353,2025072101022519,SANIMA,Cristal Kanchanjanga Securites Pvt. Ltd.,Sumeru Securities Pvt. Ltd.,10,366.3,3663.0,2025-07-21 13:45:06.071989
2025-07-21,52060,2025072101022575,SANIMA,Sani Securities Company Ltd.,Kohinoor Investment & Securities Pvt. Ltd.,270,367.0,99090.0,2025-07-21 13:45:39.059937
2025-07-21,51269,2025072101022779,SANIMA,Naasa Securities Co. Ltd.,Kohinoor Investment & Securities Pvt. Ltd.,333,367.0,122211.0,2025-07-21 13:47:33.357887
2025-07-21,51268,2025072101022780,SANIMA,Naasa Securities Co. Ltd.,Sani Securities Company Ltd.,167,367.0,61289.0,2025-07-21 13:47:33.358066
2025-07-21,50630,2025072101022916,SANIMA,Sundhara Securities Limited,Sani Securities Company Ltd.,32,367.0,11744.0,2025-07-21 13:48:49.493597
2025-07-21,50629,2025072101022917,SANIMA,Sundhara Securities Limited,J.F. Securites (PVT) Ltd.,17,367.0,6239.0,2025-07-21 13:48:49.493967
2025-07-21,50628,2025072101022918,SANIMA,Sundhara Securities Limited,Imperial Securities Company Pvt. Ltd.,51,367.0,18717.0,2025-07-21 13:48:49.494138
2025-07-21,50248,2025072101022964,SANIMA,Capital Max Securities Ltd,Sani Securities Company Ltd.,10,366.4,3664.0,2025-07-21 13:49:24.900520
2025-07-21,49917,2025072101023014,SANIMA,Capital Max Securities Ltd,Aryatara Investment & Securities,500,366.4,183200.0,2025-07-21 13:49:52.462577
2025-07-21,49430,2025072101023127,SANIMA,Nepal Stock House (PVT) Ltd.,Imperial Securities Company Pvt. Ltd.,20,367.0,7340.0,2025-07-21 13:50:36.749838
2025-07-21,49012,2025072101023218,SANIMA,K.B.L. Securities Limited ,Online Securities Pvt. Ltd.,10,366.5,3665.0,2025-07-21 13:51:14.457545
2025-07-21,49011,2025072101023219,SANIMA,K.B.L. Securities Limited ,Imperial Securities Company Pvt. Ltd.,29,367.0,10643.0,2025-07-21 13:51:14.458527
2025-07-21,49010,2025072101023220,SANIMA,K.B.L. Securities Limited ,Aryatara Investment & Securities,500,367.0,183500.0,2025-07-21 13:51:14.459270
2025-07-21,47799,2025072101023484,SANIMA,K.B.L. Securities Limited ,Imperial Securities Company Pvt. Ltd.,11,367.0,4037.0,2025-07-21 13:52:58.860908
2025-07-21,47798,2025072101023485,SANIMA,Thrive Brokerage House Pvt. Ltd,Imperial Securities Company Pvt. Ltd.,129,367.0,47343.0,2025-07-21 13:52:58.861672
2025-07-21,47751,2025072101023493,SANIMA,South Asian Bulls Pvt. Ltd.,Sani Securities Company Ltd.,150,368.0,55200.0,2025-07-21 13:53:07.747314
2025-07-21,47750,2025072101023494,SANIMA,South Asian Bulls Pvt. Ltd.,Sweta Securities Private Limited,1000,368.0,368000.0,2025-07-21 13:53:07.748111
2025-07-21,47749,2025072101023495,SANIMA,South Asian Bulls Pvt. Ltd.,SUN SECURITIES PVT LTD,150,368.5,55275.0,2025-07-21 13:53:07.748627
2025-07-21,47748,2025072101023496,SANIMA,South Asian Bulls Pvt. Ltd.,Aryatara Investment & Securities,700,368.5,257950.0,2025-07-21 13:53:07.749128
2025-07-21,47353,2025072101023610,SANIMA,Sharepro Securities Private Limited,Aryatara Investment & Securities,369,368.5,135976.5,2025-07-21 13:53:51.511436
2025-07-21,47352,2025072101023611,SANIMA,Sharepro Securities Private Limited,Sundhara Securities Limited,128,368.7,47193.6,2025-07-21 13:53:51.511484
2025-07-21,47351,2025072101023612,SANIMA,Sharepro Securities Private Limited,BHOLE GANESH SECURITIES LTD,475,369.0,175275.0,2025-07-21 13:53:51.511518
2025-07-21,47350,2025072101023613,SANIMA,Sharepro Securities Private Limited,Linch Stock Market Ltd.,140,369.0,51660.0,2025-07-21 13:53:51.511546
2025-07-21,47349,2025072101023614,SANIMA,Sharepro Securities Private Limited,Pragyan Securities (PVT) Ltd.,109,369.0,40221.0,2025-07-21 13:53:51.511588
2025-07-21,47348,2025072101023615,SANIMA,Sharepro Securities Private Limited,Sundhara Securities Limited,100,369.0,36900.0,2025-07-21 13:53:51.511622
2025-07-21,47347,2025072101023616,SANIMA,Sharepro Securities Private Limited,ABC Securities Private Limited,100,369.0,36900.0,2025-07-21 13:53:51.511648
2025-07-21,47346,2025072101023617,SANIMA,Sharepro Securities Private Limited,Sundhara Securities Limited,100,369.0,36900.0,2025-07-21 13:53:51.511672
2025-07-21,47345,2025072101023618,SANIMA,Sharepro Securities Private Limited,Opal Securities Investment (PVT) Ltd.,140,369.0,51660.0,2025-07-21 13:53:51.511700
2025-07-21,47344,2025072101023619,SANIMA,Sharepro Securities Private Limited,Deevyaa Securities & Stock House Pvt. Ltd,50,369.0,18450.0,2025-07-21 13:53:51.511724
2025-07-21,47343,2025072101023620,SANIMA,Sharepro Securities Private Limited,ABC Securities Private Limited,10,369.0,3690.0,2025-07-21 13:53:51.511750
2025-07-21,47342,2025072101023621,SANIMA,Sharepro Securities Private Limited,Agrawal Securities (PVT) Ltd.,745,369.0,274905.0,2025-07-21 13:53:51.511777
2025-07-21,47341,2025072101023622,SANIMA,Sharepro Securities Private Limited,Sani Securities Company Ltd.,34,369.5,12563.0,2025-07-21 13:53:51.511805
2025-07-21,45960,2025072101023927,SANIMA,Neev Securities Pvt. Ltd.,Sani Securities Company Ltd.,240,369.5,88680.0,2025-07-21 13:56:44.336565
2025-07-21,45905,2025072101023941,SANIMA,Capital Max Securities Ltd,Sani Securities Company Ltd.,40,369.5,14780.0,2025-07-21 13:56:54.157087
2025-07-21,44607,2025072101024200,SANIMA,Sani Securities Company Ltd.,Linch Stock Market Ltd.,141,368.0,51888.0,2025-07-21 13:58:51.096474
2025-07-21,44606,2025072101024201,SANIMA,Sanima Securities Limited,Linch Stock Market Ltd.,89,368.0,32752.0,2025-07-21 13:58:51.097227
2025-07-21,43942,2025072101024331,SANIMA,Dipshikha Dhitopatra Karobar Co. Pvt Ltd.,Sani Securities Company Ltd.,250,369.5,92375.0,2025-07-21 13:59:54.948313
2025-07-21,43939,2025072101024332,SANIMA,Sanima Securities Limited,Naasa Securities Co. Ltd.,100,369.0,36900.0,2025-07-21 13:59:55.261899
2025-07-21,43390,2025072101024414,SANIMA,Bhrikuti Stock Broking Co. Pvt. Ltd.,Sani Securities Company Ltd.,36,369.5,13302.0,2025-07-21 14:00:36.710265
2025-07-21,43389,2025072101024415,SANIMA,Bhrikuti Stock Broking Co. Pvt. Ltd.,Sani Securities Company Ltd.,54,369.5,19953.0,2025-07-21 14:00:36.711038
2025-07-21,43057,2025072101024485,SANIMA,J.F. Securites (PVT) Ltd.,Sani Securities Company Ltd.,10,369.5,3695.0,2025-07-21 14:01:20.902147
2025-07-21,42910,2025072101024514,SANIMA,South Asian Bulls Pvt. Ltd.,Sani Securities Company Ltd.,685,369.5,253107.5,2025-07-21 14:01:33.216507
2025-07-21,42909,2025072101024515,SANIMA,South Asian Bulls Pvt. Ltd.,Online Securities Pvt. Ltd.,15,369.5,5542.5,2025-07-21 14:01:33.216896
2025-07-21,42796,2025072101024552,SANIMA,Sanima Securities Limited,Kohinoor Investment & Securities Pvt. Ltd.,400,369.0,147600.0,2025-07-21 14:01:46.642307
2025-07-21,42703,2025072101024575,SANIMA,Sanima Securities Limited,Siprabi Securities Pvt. Ltd.,58,369.0,21402.0,2025-07-21 14:01:55.140280
2025-07-21,42607,2025072101024601,SANIMA,Sweta Securities Private Limited,Online Securities Pvt. Ltd.,81,369.5,29929.5,2025-07-21 14:02:04.398055
2025-07-21,42606,2025072101024602,SANIMA,Neev Securities Pvt. Ltd.,Naasa Securities Co. Ltd.,100,369.8,36980.0,2025-07-21 14:02:04.636450
2025-07-21,42605,2025072101024603,SANIMA,Neev Securities Pvt. Ltd.,Oxford Securities Pvt. Ltd.,60,369.9,22194.0,2025-07-21 14:02:04.636818
2025-07-21,40783,2025072101025002,SANIMA,Sanima Securities Limited,Sumeru Securities Pvt. Ltd.,353,369.0,130257.0,2025-07-21 14:05:08.708509
2025-07-21,40782,2025072101025003,SANIMA,K.B.L. Securities Limited ,Sumeru Securities Pvt. Ltd.,647,369.0,238743.0,2025-07-21 14:05:08.708891
2025-07-21,40756,2025072101025015,SANIMA,Neev Securities Pvt. Ltd.,Oxford Securities Pvt. Ltd.,40,369.9,14796.0,2025-07-21 14:05:11.303166
2025-07-21,40755,2025072101025016,SANIMA,Neev Securities Pvt. Ltd.,Sumeru Securities Pvt. Ltd.,50,369.9,18495.0,2025-07-21 14:05:11.303561
2025-07-21,40754,2025072101025017,SANIMA,Neev Securities Pvt. Ltd.,Sweta Securities Private Limited,100,369.9,36990.0,2025-07-21 14:05:11.303784
2025-07-21,40650,2025072101025041,SANIMA,K.B.L. Securities Limited ,Kohinoor Investment & Securities Pvt. Ltd.,353,369.0,130257.0,2025-07-21 14:05:22.353634
2025-07-21,40649,2025072101025042,SANIMA,Sweta Securities Private Limited,Kohinoor Investment & Securities Pvt. Ltd.,1000,369.0,369000.0,2025-07-21 14:05:22.353682
2025-07-21,40648,2025072101025043,SANIMA,Thrive Brokerage House Pvt. Ltd,Kohinoor Investment & Securities Pvt. Ltd.,657,368.0,241776.0,2025-07-21 14:05:22.353710
2025-07-21,40490,2025072101025070,SANIMA,Sharepro Securities Private Limited,Sani Securities Company Ltd.,100,369.5,36950.0,2025-07-21 14:05:42.654210
2025-07-21,40489,2025072101025071,SANIMA,Sharepro Securities Private Limited,Sweta Securities Private Limited,15,369.9,5548.5,2025-07-21 14:05:42.654270
2025-07-21,40488,2025072101025072,SANIMA,Sharepro Securities Private Limited,Secured Securities Ltd.,1500,369.9,554850.0,2025-07-21 14:05:42.654301
2025-07-21,40487,2025072101025073,SANIMA,Sharepro Securities Private Limited,Nepal Stock House (PVT) Ltd.,1900,369.9,702810.0,2025-07-21 14:05:42.654330
2025-07-21,38707,2025072101025400,SANIMA,Thrive Brokerage House Pvt. Ltd,Neev Securities Pvt. Ltd.,200,368.0,73600.0,2025-07-21 14:08:50.950074
2025-07-21,38463,2025072101025456,SANIMA,Thrive Brokerage House Pvt. Ltd,Siprabi Securities Pvt. Ltd.,114,368.0,41952.0,2025-07-21 14:09:22.180898
2025-07-21,38462,2025072101025457,SANIMA,Capital Max Securities Ltd,Siprabi Securities Pvt. Ltd.,301,368.0,110768.0,2025-07-21 14:09:22.181276
2025-07-21,38151,2025072101025553,SANIMA,Capital Max Securities Ltd,Sani Securities Company Ltd.,99,368.0,36432.0,2025-07-21 14:09:56.934852
2025-07-21,38150,2025072101025554,SANIMA,Siprabi Securities Pvt. Ltd.,Sani Securities Company Ltd.,25,368.0,9200.0,2025-07-21 14:09:56.935297
2025-07-21,37573,2025072101025661,SANIMA,Sani Securities Company Ltd.,Sumeru Securities Pvt. Ltd.,59,366.7,21635.3,2025-07-21 14:11:16.041978
2025-07-21,35470,2025072101026115,SANIMA,Sani Securities Company Ltd.,Linch Stock Market Ltd.,110,366.7,40337.0,2025-07-21 14:14:52.994624
2025-07-21,35297,2025072101026141,SANIMA,Sani Securities Company Ltd.,Nabil Stock Dealer Ltd.,247,366.7,90574.9,2025-07-21 14:15:16.914672
2025-07-21,35296,2025072101026142,SANIMA,Dipshikha Dhitopatra Karobar Co. Pvt Ltd.,Nabil Stock Dealer Ltd.,753,366.7,276125.1,2025-07-21 14:15:16.915561
2025-07-21,35249,2025072101026152,SANIMA,Dipshikha Dhitopatra Karobar Co. Pvt Ltd.,Sundhara Securities Limited,196,366.7,71873.2,2025-07-21 14:15:19.691406
2025-07-21,35245,2025072101026153,SANIMA,Dipshikha Dhitopatra Karobar Co. Pvt Ltd.,ABC Securities Private Limited,500,366.7,183350.0,2025-07-21 14:15:20.409794
2025-07-21,35131,2025072101026181,SANIMA,Vision Securities Pvt. Ltd,Bhrikuti Stock Broking Co. Pvt. Ltd.,5,366.0,1830.0,2025-07-21 14:15:34.698815
2025-07-21,35128,2025072101026182,SANIMA,K.B.L. Securities Limited ,Dipshikha Dhitopatra Karobar Co. Pvt Ltd.,196,367.0,71932.0,2025-07-21 14:15:35.510520
2025-07-21,35074,2025072101026210,SANIMA,Dipshikha Dhitopatra Karobar Co. Pvt Ltd.,Nabil Stock Dealer Ltd.,500,366.7,183350.0,2025-07-21 14:15:42.008704
2025-07-21,34749,2025072101026282,SANIMA,Aryatara Investment & Securities,Dipshikha Dhitopatra Karobar Co. Pvt Ltd.,10,367.0,3670.0,2025-07-21 14:16:17.441559
2025-07-21,34743,2025072101026284,SANIMA,K.B.L. Securities Limited ,Dipshikha Dhitopatra Karobar Co. Pvt Ltd.,794,367.0,291398.0,2025-07-21 14:16:18.673802
2025-07-21,34534,2025072101026331,SANIMA,K.B.L. Securities Limited ,Sri Hari Securities Pvt. Ltd.,20,367.0,7340.0,2025-07-21 14:16:45.700988
2025-07-21,34481,2025072101026342,SANIMA,K.B.L. Securities Limited ,Online Securities Pvt. Ltd.,186,367.0,68262.0,2025-07-21 14:16:53.197565
2025-07-21,34379,2025072101026378,SANIMA,Dipshikha Dhitopatra Karobar Co. Pvt Ltd.,Online Securities Pvt. Ltd.,4800,367.0,1761600.0,2025-07-21 14:17:03.778204
2025-07-21,34355,2025072101026386,SANIMA,Dipshikha Dhitopatra Karobar Co. Pvt Ltd.,S.P.S.A. Securities Limited,200,366.7,73340.0,2025-07-21 14:17:06.883404
2025-07-21,33918,2025072101026482,SANIMA,Dipshikha Dhitopatra Karobar Co. Pvt Ltd.,Capital Hub P. Ltd,150,366.7,55005.0,2025-07-21 14:17:50.046132
2025-07-21,33406,2025072101026597,SANIMA,Capital Max Securities Ltd,Online Securities Pvt. Ltd.,1872,367.0,687024.0,2025-07-21 14:18:52.473785
2025-07-21,32882,2025072101026759,SANIMA,Capital Max Securities Ltd,Opal Securities Investment (PVT) Ltd.,31,367.0,11377.0,2025-07-21 14:19:46.099837
2025-07-21,32294,2025072101026901,SANIMA,Capital Max Securities Ltd,Trishakti Securities Public Limited,97,367.0,35599.0,2025-07-21 14:20:55.144229
2025-07-21,32132,2025072101026926,SANIMA,Oxford Securities Pvt. Ltd.,Trishakti Securities Public Limited,10,367.0,3670.0,2025-07-21 14:21:05.184618
2025-07-21,32006,2025072101026952,SANIMA,Dipshikha Dhitopatra Karobar Co. Pvt Ltd.,Cristal Kanchanjanga Securites Pvt. Ltd.,201,366.7,73706.7,2025-07-21 14:21:16.462577
2025-07-21,32005,2025072101026953,SANIMA,Dipshikha Dhitopatra Karobar Co. Pvt Ltd.,Cristal Kanchanjanga Securites Pvt. Ltd.,299,366.7,109643.3,2025-07-21 14:21:16.463334
2025-07-21,31498,2025072101027117,SANIMA,Dipshikha Dhitopatra Karobar Co. Pvt Ltd.,Vision Securities Pvt. Ltd,100,366.7,36670.0,2025-07-21 14:22:07.713189
2025-07-21,30833,2025072101027314,SANIMA,Dipshikha Dhitopatra Karobar Co. Pvt Ltd.,Malla & Malla Stock Broking Company Pvt. Limited,601,366.7,220386.7,2025-07-21 14:23:14.923004
2025-07-21,30832,2025072101027315,SANIMA,Dipshikha Dhitopatra Karobar Co. Pvt Ltd.,Malla & Malla Stock Broking Company Pvt. Limited,79,366.7,28969.3,2025-07-21 14:23:14.923989
2025-07-21,30735,2025072101027352,SANIMA,Dipshikha Dhitopatra Karobar Co. Pvt Ltd.,Trishakti Securities Public Limited,393,366.7,144113.1,2025-07-21 14:23:23.862601
2025-07-21,30146,2025072101027550,SANIMA,Dipshikha Dhitopatra Karobar Co. Pvt Ltd.,Sani Securities Company Ltd.,50,366.7,18335.0,2025-07-21 14:24:21.121652
2025-07-21,28439,2025072101027932,SANIMA,Nepal Investment And Securities Trading Private Limited,Dipshikha Dhitopatra Karobar Co. Pvt Ltd.,104,367.0,38168.0,2025-07-21 14:27:19.176902
2025-07-21,27593,2025072101028134,SANIMA,Vision Securities Pvt. Ltd,Dipshikha Dhitopatra Karobar Co. Pvt Ltd.,146,367.0,53582.0,2025-07-21 14:28:51.201046
2025-07-21,27592,2025072101028135,SANIMA,Vision Securities Pvt. Ltd,Cristal Kanchanjanga Securites Pvt. Ltd.,1000,367.0,367000.0,2025-07-21 14:28:51.201099
2025-07-21,27591,2025072101028136,SANIMA,Vision Securities Pvt. Ltd,Sundhara Securities Limited,500,367.0,183500.0,2025-07-21 14:28:51.201140
2025-07-21,27590,2025072101028137,SANIMA,Vision Securities Pvt. Ltd,Trisul Securities & Invt. Ltd.,500,367.0,183500.0,2025-07-21 14:28:51.201169
2025-07-21,27589,2025072101028138,SANIMA,Vision Securities Pvt. Ltd,Pragyan Securities (PVT) Ltd.,210,367.0,77070.0,2025-07-21 14:28:51.201202
2025-07-21,27588,2025072101028139,SANIMA,Vision Securities Pvt. Ltd,Imperial Securities Company Pvt. Ltd.,200,367.0,73400.0,2025-07-21 14:28:51.201285
2025-07-21,27587,2025072101028140,SANIMA,Vision Securities Pvt. Ltd,Aryatara Investment & Securities,158,367.5,58065.0,2025-07-21 14:28:51.201318
2025-07-21,27586,2025072101028141,SANIMA,Vision Securities Pvt. Ltd,Neev Securities Pvt. Ltd.,1286,367.8,472990.8,2025-07-21 14:28:51.201345
2025-07-21,26755,2025072101028352,SANIMA,Online Securities Pvt. Ltd.,Linch Stock Market Ltd.,24,366.6,8798.4,2025-07-21 14:30:35.859089
2025-07-21,26754,2025072101028353,SANIMA,Sani Securities Company Ltd.,Linch Stock Market Ltd.,10,366.5,3665.0,2025-07-21 14:30:35.859515
2025-07-21,26753,2025072101028354,SANIMA,Oxford Securities Pvt. Ltd.,Linch Stock Market Ltd.,80,366.5,29320.0,2025-07-21 14:30:35.859707
2025-07-21,26752,2025072101028355,SANIMA,Vision Securities Pvt. Ltd,Linch Stock Market Ltd.,86,366.5,31519.0,2025-07-21 14:30:35.859889
2025-07-21,26013,2025072101028584,SANIMA,ABC Securities Private Limited,Linch Stock Market Ltd.,200,366.6,73320.0,2025-07-21 14:31:55.740865
2025-07-21,26012,2025072101028585,SANIMA,Kumari Securities Private Limited,Linch Stock Market Ltd.,70,366.6,25662.0,2025-07-21 14:31:55.741310
2025-07-21,26011,2025072101028586,SANIMA,Vision Securities Pvt. Ltd,Linch Stock Market Ltd.,400,366.5,146600.0,2025-07-21 14:31:55.741487
2025-07-21,25610,2025072101028678,SANIMA,Vision Securities Pvt. Ltd,Sani Securities Company Ltd.,284,366.5,104086.0,2025-07-21 14:32:35.796434
2025-07-21,25498,2025072101028695,SANIMA,Vision Securities Pvt. Ltd,Sani Securities Company Ltd.,50,366.5,18325.0,2025-07-21 14:32:47.157365
2025-07-21,25451,2025072101028710,SANIMA,Vision Securities Pvt. Ltd,South Asian Bulls Pvt. Ltd.,100,366.5,36650.0,2025-07-21 14:32:54.105370
2025-07-21,25381,2025072101028725,SANIMA,Vision Securities Pvt. Ltd,Malla & Malla Stock Broking Company Pvt. Limited,892,366.5,326918.0,2025-07-21 14:33:00.671220
2025-07-21,24560,2025072101028947,SANIMA,Dipshikha Dhitopatra Karobar Co. Pvt Ltd.,Online Securities Pvt. Ltd.,10,366.6,3666.0,2025-07-21 14:34:34.622915
2025-07-21,24022,2025072101029140,SANIMA,Vision Securities Pvt. Ltd,Naasa Securities Co. Ltd.,14,366.9,5136.6,2025-07-21 14:35:49.485767
2025-07-21,24021,2025072101029141,SANIMA,Vision Securities Pvt. Ltd,Dakshinkali Investment & Securities Pvt. Ltd.,4991,367.0,1831697.0,2025-07-21 14:35:49.485818
2025-07-21,24020,2025072101029142,SANIMA,Vision Securities Pvt. Ltd,Aryatara Investment & Securities,1946,367.0,714182.0,2025-07-21 14:35:49.485849
2025-07-21,23454,2025072101029314,SANIMA,Dipshikha Dhitopatra Karobar Co. Pvt Ltd.,Sani Securities Company Ltd.,468,366.6,171568.8,2025-07-21 14:37:00.259317
2025-07-21,23453,2025072101029315,SANIMA,Dipshikha Dhitopatra Karobar Co. Pvt Ltd.,Sani Securities Company Ltd.,1032,366.6,378331.2,2025-07-21 14:37:00.260147
2025-07-21,23019,2025072101029453,SANIMA,Imperial Securities Company Pvt. Ltd.,Aryatara Investment & Securities,54,367.0,19818.0,2025-07-21 14:37:49.881505
2025-07-21,23018,2025072101029454,SANIMA,Imperial Securities Company Pvt. Ltd.,Asian Securities Private Ltd.,23,367.0,8441.0,2025-07-21 14:37:49.881952
2025-07-21,22021,2025072101029766,SANIMA,J.F. Securites (PVT) Ltd.,SUN SECURITIES PVT LTD,100,366.7,36670.0,2025-07-21 14:39:30.515328
2025-07-21,22020,2025072101029767,SANIMA,Pragyan Securities (PVT) Ltd.,SUN SECURITIES PVT LTD,510,366.7,187017.0,2025-07-21 14:39:30.516199
2025-07-21,22019,2025072101029768,SANIMA,Dipshikha Dhitopatra Karobar Co. Pvt Ltd.,SUN SECURITIES PVT LTD,320,366.6,117312.0,2025-07-21 14:39:30.516946
2025-07-21,21624,2025072101029847,SANIMA,Nabil Stock Dealer Ltd.,Naasa Securities Co. Ltd.,70,367.0,25690.0,2025-07-21 14:40:19.841963
2025-07-21,21160,2025072101029952,SANIMA,Nabil Stock Dealer Ltd.,Neev Securities Pvt. Ltd.,92,367.0,33764.0,2025-07-21 14:41:05.400947
2025-07-21,20501,2025072101030114,SANIMA,Nabil Stock Dealer Ltd.,Nepal Investment And Securities Trading Private Limited,59,367.0,21653.0,2025-07-21 14:42:04.640401
2025-07-21,20285,2025072101030170,SANIMA,ABC Securities Private Limited,Neev Securities Pvt. Ltd.,80,367.8,29424.0,2025-07-21 14:42:22.720870
2025-07-21,19780,2025072101030330,SANIMA,Sani Securities Company Ltd.,Sweta Securities Private Limited,500,367.2,183600.0,2025-07-21 14:43:13.491112
2025-07-21,19779,2025072101030331,SANIMA,J.F. Securites (PVT) Ltd.,Sweta Securities Private Limited,100,367.1,36710.0,2025-07-21 14:43:13.491561
2025-07-21,19778,2025072101030332,SANIMA,Neev Securities Pvt. Ltd.,Sweta Securities Private Limited,500,367.1,183550.0,2025-07-21 14:43:13.491762
2025-07-21,19777,2025072101030333,SANIMA,Nabil Stock Dealer Ltd.,Sweta Securities Private Limited,2900,367.0,1064300.0,2025-07-21 14:43:13.491963
2025-07-21,19757,2025072101030340,SANIMA,J.F. Securites (PVT) Ltd.,Neev Securities Pvt. Ltd.,34,367.8,12505.2,2025-07-21 14:43:15.462092
2025-07-21,19756,2025072101030341,SANIMA,J.F. Securites (PVT) Ltd.,ABC Securities Private Limited,16,367.8,5884.8,2025-07-21 14:43:15.462566
2025-07-21,19079,2025072101030501,SANIMA,Malla & Malla Stock Broking Company Pvt. Limited,ABC Securities Private Limited,200,367.8,73560.0,2025-07-21 14:44:09.754302
2025-07-21,18724,2025072101030627,SANIMA,Nabil Stock Dealer Ltd.,Online Securities Pvt. Ltd.,120,367.0,44040.0,2025-07-21 14:44:39.427355
2025-07-21,18059,2025072101030844,SANIMA,Nabil Stock Dealer Ltd.,Kumari Securities Private Limited,100,367.0,36700.0,2025-07-21 14:45:03.987426
2025-07-21,18033,2025072101030851,SANIMA,Dakshinkali Investment & Securities Pvt. Ltd.,ABC Securities Private Limited,30,367.8,11034.0,2025-07-21 14:45:06.807902
2025-07-21,18015,2025072101030857,SANIMA,Nabil Stock Dealer Ltd.,Dipshikha Dhitopatra Karobar Co. Pvt Ltd.,98,367.0,35966.0,2025-07-21 14:45:09.045579
2025-07-21,17853,2025072101030887,SANIMA,Kalika Securities Pvt. Ltd.,ABC Securities Private Limited,30,367.8,11034.0,2025-07-21 14:45:19.311907
2025-07-21,17434,2025072101031004,SANIMA,Sani Securities Company Ltd.,Investment Management Nepal Pvt. Ltd.,50,367.7,18385.0,2025-07-21 14:45:58.480021
2025-07-21,17433,2025072101031005,SANIMA,Sani Securities Company Ltd.,ABC Securities Private Limited,150,367.8,55170.0,2025-07-21 14:45:58.480474
2025-07-21,16982,2025072101031132,SANIMA,Online Securities Pvt. Ltd.,Kalika Securities Pvt. Ltd.,210,367.2,77112.0,2025-07-21 14:46:33.371499
2025-07-21,16471,2025072101031253,SANIMA,Online Securities Pvt. Ltd.,Sewa Securities Pvt. Ltd.,12,367.2,4406.4,2025-07-21 14:47:14.685818
2025-07-21,16042,2025072101031384,SANIMA,Vision Securities Pvt. Ltd,ABC Securities Private Limited,188,367.8,69146.4,2025-07-21 14:47:43.757817
2025-07-21,15388,2025072101031549,SANIMA,Linch Stock Market Ltd.,ABC Securities Private Limited,92,367.8,33837.6,2025-07-21 14:48:30.817706
2025-07-21,15387,2025072101031550,SANIMA,Linch Stock Market Ltd.,Sani Securities Company Ltd.,76,368.0,27968.0,2025-07-21 14:48:30.818524
2025-07-21,15386,2025072101031551,SANIMA,Linch Stock Market Ltd.,Sweta Securities Private Limited,20,368.0,7360.0,2025-07-21 14:48:30.819062
2025-07-21,15385,2025072101031552,SANIMA,Linch Stock Market Ltd.,Investment Management Nepal Pvt. Ltd.,118,368.0,43424.0,2025-07-21 14:48:30.819580
2025-07-21,15384,2025072101031553,SANIMA,Linch Stock Market Ltd.,Naasa Securities Co. Ltd.,500,368.0,184000.0,2025-07-21 14:48:30.820129
2025-07-21,15383,2025072101031554,SANIMA,Linch Stock Market Ltd.,Kohinoor Investment & Securities Pvt. Ltd.,110,368.0,40480.0,2025-07-21 14:48:30.820622
2025-07-21,15382,2025072101031555,SANIMA,Linch Stock Market Ltd.,Nepal Investment And Securities Trading Private Limited,1000,368.0,368000.0,2025-07-21 14:48:30.821201
2025-07-21,15381,2025072101031556,SANIMA,Linch Stock Market Ltd.,Dynamic Money Managers Securities Pvt. Ltd.,50,368.0,18400.0,2025-07-21 14:48:30.821743
2025-07-21,15380,2025072101031557,SANIMA,Linch Stock Market Ltd.,Sundhara Securities Limited,500,368.0,184000.0,2025-07-21 14:48:30.822263
2025-07-21,15379,2025072101031558,SANIMA,Linch Stock Market Ltd.,Aryatara Investment & Securities,2000,368.0,736000.0,2025-07-21 14:48:30.822795
2025-07-21,15378,2025072101031559,SANIMA,Linch Stock Market Ltd.,Nepal Investment And Securities Trading Private Limited,34,368.0,12512.0,2025-07-21 14:48:30.823339
2025-07-21,15133,2025072101031598,SANIMA,Premier Securities Company Ltd.,Nepal Investment And Securities Trading Private Limited,15,368.0,5520.0,2025-07-21 14:48:49.108719
2025-07-21,14170,2025072101031786,SANIMA,Naasa Securities Co. Ltd.,Nepal Investment And Securities Trading Private Limited,101,368.0,37168.0,2025-07-21 14:50:01.971038
2025-07-21,14169,2025072101031787,SANIMA,Naasa Securities Co. Ltd.,Online Securities Pvt. Ltd.,100,368.0,36800.0,2025-07-21 14:50:01.971465
2025-07-21,14068,2025072101031807,SANIMA,Naasa Securities Co. Ltd.,Dakshinkali Investment & Securities Pvt. Ltd.,299,368.0,110032.0,2025-07-21 14:50:15.122414
2025-07-21,13393,2025072101032003,SANIMA,Sewa Securities Pvt. Ltd.,Dakshinkali Investment & Securities Pvt. Ltd.,100,368.0,36800.0,2025-07-21 14:51:04.201278
2025-07-21,13357,2025072101032010,SANIMA,Opal Securities Investment (PVT) Ltd.,Dakshinkali Investment & Securities Pvt. Ltd.,50,368.0,18400.0,2025-07-21 14:51:07.098892
2025-07-21,13073,2025072101032084,SANIMA,Siprabi Securities Pvt. Ltd.,Naasa Securities Co. Ltd.,50,367.6,18380.0,2025-07-21 14:51:23.087909
2025-07-21,13052,2025072101032086,SANIMA,South Asian Bulls Pvt. Ltd.,Dakshinkali Investment & Securities Pvt. Ltd.,1000,368.0,368000.0,2025-07-21 14:51:25.207046
2025-07-21,12777,2025072101032175,SANIMA,Siprabi Securities Pvt. Ltd.,Vision Securities Pvt. Ltd,300,367.6,110280.0,2025-07-21 14:51:41.934616
2025-07-21,12123,2025072101032353,SANIMA,Sani Securities Company Ltd.,Naasa Securities Co. Ltd.,50,367.9,18395.0,2025-07-21 14:52:20.243178
2025-07-21,12080,2025072101032356,SANIMA,Siprabi Securities Pvt. Ltd.,South Asian Bulls Pvt. Ltd.,150,367.6,55140.0,2025-07-21 14:52:22.086691
2025-07-21,12079,2025072101032357,SANIMA,Online Securities Pvt. Ltd.,South Asian Bulls Pvt. Ltd.,178,367.2,65361.6,2025-07-21 14:52:22.087094
2025-07-21,12078,2025072101032358,SANIMA,Dynamic Money Managers Securities Pvt. Ltd.,South Asian Bulls Pvt. Ltd.,172,367.2,63158.4,2025-07-21 14:52:22.087269
2025-07-21,10671,2025072101032728,SANIMA,Trishakti Securities Public Limited,Cristal Kanchanjanga Securites Pvt. Ltd.,100,367.8,36780.0,2025-07-21 14:53:50.546269
2025-07-21,10670,2025072101032729,SANIMA,Trishakti Securities Public Limited,Dakshinkali Investment & Securities Pvt. Ltd.,400,368.0,147200.0,2025-07-21 14:53:50.546674
2025-07-21,10555,2025072101032777,SANIMA,Sundhara Securities Limited,Bhrikuti Stock Broking Co. Pvt. Ltd.,20,367.5,7350.0,2025-07-21 14:53:55.892471
2025-07-21,10430,2025072101032799,SANIMA,Sundhara Securities Limited,S.P.S.A. Securities Limited,300,367.5,110250.0,2025-07-21 14:54:06.622585
2025-07-21,10423,2025072101032801,SANIMA,Vision Securities Pvt. Ltd,Dakshinkali Investment & Securities Pvt. Ltd.,1181,368.0,434608.0,2025-07-21 14:54:07.411904
2025-07-21,10422,2025072101032802,SANIMA,Vision Securities Pvt. Ltd,Trisul Securities & Invt. Ltd.,230,368.0,84640.0,2025-07-21 14:54:07.412667
2025-07-21,10421,2025072101032803,SANIMA,Vision Securities Pvt. Ltd,Kumari Securities Private Limited,100,368.0,36800.0,2025-07-21 14:54:07.413204
2025-07-21,10136,2025072101032904,SANIMA,Vision Securities Pvt. Ltd,Aakashbhairab Securities Ltd.,1000,368.0,368000.0,2025-07-21 14:54:25.906063
2025-07-21,9984,2025072101032955,SANIMA,Trishakti Securities Public Limited,Online Securities Pvt. Ltd.,500,368.1,184050.0,2025-07-21 14:54:30.217400
2025-07-21,9893,2025072101032973,SANIMA,Vision Securities Pvt. Ltd,Aryatara Investment & Securities,2489,368.0,915952.0,2025-07-21 14:54:37.689861
2025-07-21,9892,2025072101032974,SANIMA,Sundhara Securities Limited,Aryatara Investment & Securities,480,368.0,176640.0,2025-07-21 14:54:37.690275
2025-07-21,9740,2025072101032995,SANIMA,Aakashbhairab Securities Ltd.,Aryatara Investment & Securities,31,368.0,11408.0,2025-07-21 14:54:42.967745
2025-07-21,9739,2025072101032996,SANIMA,Aakashbhairab Securities Ltd.,Imperial Securities Company Pvt. Ltd.,300,368.0,110400.0,2025-07-21 14:54:42.968151
2025-07-21,9250,2025072101033090,SANIMA,Imperial Securities Company Pvt. Ltd.,Online Securities Pvt. Ltd.,300,368.1,110430.0,2025-07-21 14:55:09.280755
