Date,S.N.,Contract ID,Symbol,Buyer Broker,Seller Broker,volume,rate,amount,transaction_time
2025-07-21,138051,2025072104000373,SHPC,ABC Securities Private Limited,Beni Securities Pvt.Ltd.,100,621.0,62100.0,2025-07-21 11:01:44.235929
2025-07-21,138050,2025072104000374,SHPC,Vision Securities Pvt. Ltd,Beni Securities Pvt.Ltd.,900,620.0,558000.0,2025-07-21 11:01:44.236045
2025-07-21,137777,2025072104000495,SHPC,Sagarmatha Securities Private Limited,Beni Securities Pvt.Ltd.,200,622.0,124400.0,2025-07-21 11:02:16.298222
2025-07-21,137776,2025072104000496,SHPC,Creative Securities Pvt Ltd,Beni Securities Pvt.Ltd.,300,621.0,186300.0,2025-07-21 11:02:16.298338
2025-07-21,137538,2025072104000589,SHPC,Sri Hari Securities Pvt. Ltd.,Beni Securities Pvt.Ltd.,500,625.0,312500.0,2025-07-21 11:02:44.349021
2025-07-21,137193,2025072104000733,SHPC,Opal Securities Investment (PVT) Ltd.,Naasa Securities Co. Ltd.,70,625.0,43750.0,2025-07-21 11:03:24.651722
2025-07-21,137191,2025072104000734,SHPC,Sri Hari Securities Pvt. Ltd.,J.F. Securites (PVT) Ltd.,500,624.0,312000.0,2025-07-21 11:03:24.743410
2025-07-21,137190,2025072104000735,SHPC,Sri Hari Securities Pvt. Ltd.,J.F. Securites (PVT) Ltd.,500,624.0,312000.0,2025-07-21 11:03:24.743524
2025-07-21,137155,2025072104000748,SHPC,Aryatara Investment & Securities,J.F. Securites (PVT) Ltd.,100,624.0,62400.0,2025-07-21 11:03:29.653678
2025-07-21,136812,2025072104000898,SHPC,Oxford Securities Pvt. Ltd.,Sundhara Securities Limited,244,624.0,152256.0,2025-07-21 11:04:08.634475
2025-07-21,136671,2025072104000954,SHPC,Vision Securities Pvt. Ltd,Sundhara Securities Limited,276,622.1,171699.6,2025-07-21 11:04:21.617169
2025-07-21,136556,2025072104000998,SHPC,Aryatara Investment & Securities,Vision Securities Pvt. Ltd,50,622.2,31110.0,2025-07-21 11:04:37.684363
2025-07-21,136555,2025072104000999,SHPC,Vision Securities Pvt. Ltd,Vision Securities Pvt. Ltd,50,622.1,31105.0,2025-07-21 11:04:37.684498
2025-07-21,136554,2025072104001000,SHPC,Vision Securities Pvt. Ltd,Secured Securities Ltd.,174,622.1,108245.4,2025-07-21 11:04:37.940391
2025-07-21,136553,2025072104001001,SHPC,Sri Hari Securities Pvt. Ltd.,Secured Securities Ltd.,500,622.0,311000.0,2025-07-21 11:04:37.940505
2025-07-21,136552,2025072104001002,SHPC,Sri Hari Securities Pvt. Ltd.,Secured Securities Ltd.,176,622.0,109472.0,2025-07-21 11:04:37.940557
2025-07-21,136528,2025072104001010,SHPC,Kumari Securities Private Limited,Sweta Securities Private Limited,100,624.0,62400.0,2025-07-21 11:04:39.101582
2025-07-21,136474,2025072104001032,SHPC,Bhrikuti Stock Broking Co. Pvt. Ltd.,Capital Max Securities Ltd,73,625.0,45625.0,2025-07-21 11:04:44.178929
2025-07-21,136473,2025072104001033,SHPC,Sumeru Securities Pvt. Ltd.,Capital Max Securities Ltd,100,622.1,62210.0,2025-07-21 11:04:44.179004
2025-07-21,136472,2025072104001034,SHPC,Vision Securities Pvt. Ltd,Capital Max Securities Ltd,327,622.1,203426.7,2025-07-21 11:04:44.179029
2025-07-21,136166,2025072104001159,SHPC,Vision Securities Pvt. Ltd,J.F. Securites (PVT) Ltd.,100,622.3,62230.0,2025-07-21 11:05:15.332767
2025-07-21,136165,2025072104001160,SHPC,Vision Securities Pvt. Ltd,J.F. Securites (PVT) Ltd.,173,622.1,107623.3,2025-07-21 11:05:15.332883
2025-07-21,136164,2025072104001161,SHPC,Sri Hari Securities Pvt. Ltd.,J.F. Securites (PVT) Ltd.,424,622.0,263728.0,2025-07-21 11:05:15.332932
2025-07-21,136163,2025072104001162,SHPC,Creative Securities Pvt Ltd,J.F. Securites (PVT) Ltd.,203,621.0,126063.0,2025-07-21 11:05:15.332983
2025-07-21,136018,2025072104001192,SHPC,Creative Securities Pvt Ltd,Aryatara Investment & Securities,97,621.0,60237.0,2025-07-21 11:05:29.379285
2025-07-21,136017,2025072104001193,SHPC,Himalayan Securities Limited,Aryatara Investment & Securities,15,621.0,9315.0,2025-07-21 11:05:29.379425
2025-07-21,136016,2025072104001194,SHPC,Trisul Securities & Invt. Ltd.,Aryatara Investment & Securities,97,621.0,60237.0,2025-07-21 11:05:29.379490
2025-07-21,135743,2025072104001288,SHPC,Premier Securities Company Ltd.,Himalayan Brokerage Company Limited,100,621.0,62100.0,2025-07-21 11:05:55.709968
2025-07-21,135737,2025072104001290,SHPC,Sumeru Securities Pvt. Ltd.,Sundhara Securities Limited,20,620.2,12404.0,2025-07-21 11:05:56.023898
2025-07-21,135736,2025072104001291,SHPC,South Asian Bulls Pvt. Ltd.,Sundhara Securities Limited,150,620.2,93030.0,2025-07-21 11:05:56.024023
2025-07-21,135735,2025072104001292,SHPC,Vision Securities Pvt. Ltd,Sundhara Securities Limited,305,620.1,189130.5,2025-07-21 11:05:56.024082
2025-07-21,135734,2025072104001293,SHPC,Vision Securities Pvt. Ltd,Sundhara Securities Limited,500,620.1,310050.0,2025-07-21 11:05:56.024129
2025-07-21,135733,2025072104001294,SHPC,Vision Securities Pvt. Ltd,Sundhara Securities Limited,25,620.1,15502.5,2025-07-21 11:05:56.024177
2025-07-21,135504,2025072104001371,SHPC,Vision Securities Pvt. Ltd,Magnet Securities and Investment Company Private Limited,200,620.1,124020.0,2025-07-21 11:06:16.763112
2025-07-21,135001,2025072104001553,SHPC,Imperial Securities Company Pvt. Ltd.,Online Securities Pvt. Ltd.,50,620.2,31010.0,2025-07-21 11:07:02.783616
2025-07-21,135000,2025072104001554,SHPC,Vision Securities Pvt. Ltd,Online Securities Pvt. Ltd.,30,620.1,18603.0,2025-07-21 11:07:02.783785
2025-07-21,134862,2025072104001612,SHPC,Kalika Securities Pvt. Ltd.,Asian Securities Private Ltd.,47,620.3,29154.1,2025-07-21 11:07:13.596933
2025-07-21,134365,2025072104001795,SHPC,Premier Securities Company Ltd.,Asian Securities Private Ltd.,100,620.4,62040.0,2025-07-21 11:07:53.063613
2025-07-21,134364,2025072104001796,SHPC,Kalika Securities Pvt. Ltd.,Asian Securities Private Ltd.,153,620.3,94905.9,2025-07-21 11:07:53.063778
2025-07-21,134363,2025072104001797,SHPC,Vision Securities Pvt. Ltd,Asian Securities Private Ltd.,147,620.1,91154.7,2025-07-21 11:07:53.063845
2025-07-21,134112,2025072104001870,SHPC,Vision Securities Pvt. Ltd,Oxford Securities Pvt. Ltd.,98,620.1,60769.8,2025-07-21 11:08:12.667429
2025-07-21,134111,2025072104001871,SHPC,Property Wiard Limited,Oxford Securities Pvt. Ltd.,42,620.1,26044.2,2025-07-21 11:08:12.667575
2025-07-21,133920,2025072104001920,SHPC,Property Wiard Limited,Premier Securities Company Ltd.,50,620.1,31005.0,2025-07-21 11:08:30.965097
2025-07-21,133879,2025072104001937,SHPC,Cristal Kanchanjanga Securites Pvt. Ltd.,Naasa Securities Co. Ltd.,10,620.2,6202.0,2025-07-21 11:08:35.301918
2025-07-21,133878,2025072104001938,SHPC,Property Wiard Limited,Naasa Securities Co. Ltd.,408,620.1,253000.8,2025-07-21 11:08:35.302073
2025-07-21,133877,2025072104001939,SHPC,SHUBHAKAMANA SECURITIES PVT. LTD,Naasa Securities Co. Ltd.,200,620.1,124020.0,2025-07-21 11:08:35.302136
2025-07-21,133876,2025072104001940,SHPC,Aryatara Investment & Securities,Naasa Securities Co. Ltd.,382,620.1,236878.2,2025-07-21 11:08:35.302194
2025-07-21,133606,2025072104002026,SHPC,Aryatara Investment & Securities,Thrive Brokerage House Pvt. Ltd,100,620.1,62010.0,2025-07-21 11:09:03.514197
2025-07-21,133550,2025072104002048,SHPC,Aryatara Investment & Securities,Asian Securities Private Ltd.,18,620.1,11161.8,2025-07-21 11:09:08.079746
2025-07-21,133549,2025072104002049,SHPC,Kumari Securities Private Limited,Asian Securities Private Ltd.,52,620.1,32245.2,2025-07-21 11:09:08.079900
2025-07-21,133239,2025072104002149,SHPC,Sewa Securities Pvt. Ltd.,Dipshikha Dhitopatra Karobar Co. Pvt Ltd.,200,622.0,124400.0,2025-07-21 11:09:34.467631
2025-07-21,133101,2025072104002187,SHPC,Kumari Securities Private Limited,Dynamic Money Managers Securities Pvt. Ltd.,148,620.1,91774.8,2025-07-21 11:09:44.924093
2025-07-21,133100,2025072104002188,SHPC,Imperial Securities Company Pvt. Ltd.,Dynamic Money Managers Securities Pvt. Ltd.,200,620.1,124020.0,2025-07-21 11:09:44.924249
2025-07-21,132931,2025072104002226,SHPC,Linch Stock Market Ltd.,Naasa Securities Co. Ltd.,40,620.0,24800.0,2025-07-21 11:10:00.122394
2025-07-21,132930,2025072104002227,SHPC,Asian Securities Private Ltd.,Naasa Securities Co. Ltd.,260,620.0,161200.0,2025-07-21 11:10:00.122593
2025-07-21,132896,2025072104002243,SHPC,Kumari Securities Private Limited,Dynamic Money Managers Securities Pvt. Ltd.,100,620.1,62010.0,2025-07-21 11:10:03.896583
2025-07-21,132745,2025072104002280,SHPC,Cristal Kanchanjanga Securites Pvt. Ltd.,Dynamic Money Managers Securities Pvt. Ltd.,52,620.1,32245.2,2025-07-21 11:10:17.799810
2025-07-21,132709,2025072104002285,SHPC,Cristal Kanchanjanga Securites Pvt. Ltd.,Trishakti Securities Public Limited,50,620.4,31020.0,2025-07-21 11:10:21.471120
2025-07-21,132694,2025072104002294,SHPC,Cristal Kanchanjanga Securites Pvt. Ltd.,BHOLE GANESH SECURITIES LTD,200,620.4,124080.0,2025-07-21 11:10:22.977265
2025-07-21,132678,2025072104002296,SHPC,Cristal Kanchanjanga Securites Pvt. Ltd.,Blue Chip Securities Ltd,198,620.4,122839.2,2025-07-21 11:10:24.970367
2025-07-21,132677,2025072104002297,SHPC,Naasa Securities Co. Ltd.,Blue Chip Securities Ltd,932,620.1,577933.2,2025-07-21 11:10:24.970517
2025-07-21,132670,2025072104002300,SHPC,Naasa Securities Co. Ltd.,Premier Securities Company Ltd.,51,620.1,31625.1,2025-07-21 11:10:25.919884
2025-07-21,132533,2025072104002343,SHPC,Naasa Securities Co. Ltd.,Property Wiard Limited,17,620.1,10541.7,2025-07-21 11:10:37.271948
2025-07-21,132532,2025072104002344,SHPC,Cristal Kanchanjanga Securites Pvt. Ltd.,Property Wiard Limited,83,620.1,51468.3,2025-07-21 11:10:37.272109
2025-07-21,132073,2025072104002470,SHPC,Asian Securities Private Ltd.,Sharepro Securities Private Limited,30,620.2,18606.0,2025-07-21 11:11:14.083714
2025-07-21,131997,2025072104002497,SHPC,Cristal Kanchanjanga Securites Pvt. Ltd.,Vision Securities Pvt. Ltd,417,620.3,258665.1,2025-07-21 11:11:20.287281
2025-07-21,131996,2025072104002498,SHPC,Asian Securities Private Ltd.,Vision Securities Pvt. Ltd,470,620.2,291494.0,2025-07-21 11:11:20.287434
2025-07-21,131995,2025072104002499,SHPC,Imperial Securities Company Pvt. Ltd.,Vision Securities Pvt. Ltd,213,620.2,132102.6,2025-07-21 11:11:20.287500
2025-07-21,131897,2025072104002547,SHPC,Aryatara Investment & Securities,Siprabi Securities Pvt. Ltd.,40,620.3,24812.0,2025-07-21 11:11:24.700502
2025-07-21,131697,2025072104002586,SHPC,Aryatara Investment & Securities,Imperial Securities Company Pvt. Ltd.,60,620.4,37224.0,2025-07-21 11:11:40.733278
2025-07-21,131696,2025072104002587,SHPC,Imperial Securities Company Pvt. Ltd.,Imperial Securities Company Pvt. Ltd.,40,620.2,24808.0,2025-07-21 11:11:40.733471
2025-07-21,131160,2025072104002732,SHPC,Kumari Securities Private Limited,Neev Securities Pvt. Ltd.,50,621.9,31095.0,2025-07-21 11:12:15.976743
2025-07-21,131159,2025072104002733,SHPC,Kumari Securities Private Limited,Dipshikha Dhitopatra Karobar Co. Pvt Ltd.,300,622.0,186600.0,2025-07-21 11:12:15.976897
2025-07-21,131158,2025072104002734,SHPC,Kumari Securities Private Limited,J.F. Securites (PVT) Ltd.,81,622.0,50382.0,2025-07-21 11:12:15.976969
2025-07-21,130925,2025072104002791,SHPC,Trishakti Securities Public Limited,Kalika Securities Pvt. Ltd.,15,622.9,9343.5,2025-07-21 11:12:28.549138
2025-07-21,130803,2025072104002827,SHPC,APPLE SECURITIES PRIVATE LIMITED,Naasa Securities Co. Ltd.,114,623.0,71022.0,2025-07-21 11:12:37.658443
2025-07-21,130802,2025072104002828,SHPC,APPLE SECURITIES PRIVATE LIMITED,Premier Securities Company Ltd.,400,623.0,249200.0,2025-07-21 11:12:37.658623
2025-07-21,130801,2025072104002829,SHPC,APPLE SECURITIES PRIVATE LIMITED,Sani Securities Company Ltd.,210,623.0,130830.0,2025-07-21 11:12:37.658700
2025-07-21,130740,2025072104002842,SHPC,Ashutosh Brokerage & Securities (PVT) Ltd.,Magnet Securities and Investment Company Private Limited,500,623.9,311950.0,2025-07-21 11:12:40.044272
2025-07-21,130739,2025072104002843,SHPC,Ashutosh Brokerage & Securities (PVT) Ltd.,Kohinoor Investment & Securities Pvt. Ltd.,100,624.0,62400.0,2025-07-21 11:12:40.044321
2025-07-21,130738,2025072104002844,SHPC,Ashutosh Brokerage & Securities (PVT) Ltd.,Himalayan Brokerage Company Limited,100,624.0,62400.0,2025-07-21 11:12:40.044350
2025-07-21,130727,2025072104002846,SHPC,APPLE SECURITIES PRIVATE LIMITED,Online Securities Pvt. Ltd.,160,623.0,99680.0,2025-07-21 11:12:40.824078
2025-07-21,130667,2025072104002864,SHPC,Dakshinkali Investment & Securities Pvt. Ltd.,Himalayan Brokerage Company Limited,200,624.0,124800.0,2025-07-21 11:12:44.722713
2025-07-21,130629,2025072104002871,SHPC,Ashutosh Brokerage & Securities (PVT) Ltd.,Sanima Securities Limited,500,624.9,312450.0,2025-07-21 11:12:48.068468
2025-07-21,130628,2025072104002872,SHPC,Ashutosh Brokerage & Securities (PVT) Ltd.,Imperial Securities Company Pvt. Ltd.,84,625.0,52500.0,2025-07-21 11:12:48.068513
2025-07-21,130627,2025072104002873,SHPC,Ashutosh Brokerage & Securities (PVT) Ltd.,Premier Securities Company Ltd.,50,625.0,31250.0,2025-07-21 11:12:48.068544
2025-07-21,130626,2025072104002874,SHPC,Ashutosh Brokerage & Securities (PVT) Ltd.,Online Securities Pvt. Ltd.,66,625.0,41250.0,2025-07-21 11:12:48.068567
2025-07-21,130531,2025072104002906,SHPC,Trishakti Securities Public Limited,Sani Securities Company Ltd.,50,627.0,31350.0,2025-07-21 11:12:56.774488
2025-07-21,130199,2025072104002974,SHPC,Naasa Securities Co. Ltd.,Siprabi Securities Pvt. Ltd.,90,626.0,56340.0,2025-07-21 11:13:16.135121
2025-07-21,130133,2025072104002993,SHPC,Kumari Securities Private Limited,Siprabi Securities Pvt. Ltd.,10,626.0,6260.0,2025-07-21 11:13:18.736116
2025-07-21,129925,2025072104003047,SHPC,Ashutosh Brokerage & Securities (PVT) Ltd.,Capital Max Securities Ltd,100,628.0,62800.0,2025-07-21 11:13:32.486563
2025-07-21,129924,2025072104003048,SHPC,Ashutosh Brokerage & Securities (PVT) Ltd.,Property Wiard Limited,300,628.9,188670.0,2025-07-21 11:13:32.486664
2025-07-21,129923,2025072104003049,SHPC,Ashutosh Brokerage & Securities (PVT) Ltd.,Dakshinkali Investment & Securities Pvt. Ltd.,20,629.0,12580.0,2025-07-21 11:13:32.486691
2025-07-21,129922,2025072104003050,SHPC,Ashutosh Brokerage & Securities (PVT) Ltd.,Premier Securities Company Ltd.,180,629.0,113220.0,2025-07-21 11:13:32.486715
2025-07-21,129801,2025072104003097,SHPC,SHUBHAKAMANA SECURITIES PVT. LTD,Premier Securities Company Ltd.,200,629.0,125800.0,2025-07-21 11:13:41.437062
2025-07-21,129786,2025072104003099,SHPC,Kumari Securities Private Limited,Premier Securities Company Ltd.,25,629.0,15725.0,2025-07-21 11:13:43.077262
2025-07-21,129637,2025072104003137,SHPC,J.F. Securites (PVT) Ltd.,Thrive Brokerage House Pvt. Ltd,20,630.0,12600.0,2025-07-21 11:13:49.924532
2025-07-21,129593,2025072104003150,SHPC,Kumari Securities Private Limited,Thrive Brokerage House Pvt. Ltd,280,630.0,176400.0,2025-07-21 11:13:53.209381
2025-07-21,129592,2025072104003151,SHPC,Kumari Securities Private Limited,Hatemalo Financial Services Private Limited,10,630.0,6300.0,2025-07-21 11:13:53.209743
2025-07-21,129477,2025072104003177,SHPC,Kumari Securities Private Limited,Infinity Securities Limited,275,629.0,172975.0,2025-07-21 11:14:01.476579
2025-07-21,129067,2025072104003286,SHPC,Dakshinkali Investment & Securities Pvt. Ltd.,Infinity Securities Limited,725,629.0,456025.0,2025-07-21 11:14:25.810539
2025-07-21,129066,2025072104003287,SHPC,Dakshinkali Investment & Securities Pvt. Ltd.,Nepal Stock House (PVT) Ltd.,150,629.0,94350.0,2025-07-21 11:14:25.810684
2025-07-21,129029,2025072104003300,SHPC,Dakshinkali Investment & Securities Pvt. Ltd.,Dipshikha Dhitopatra Karobar Co. Pvt Ltd.,125,629.0,78625.0,2025-07-21 11:14:28.007838
2025-07-21,129028,2025072104003301,SHPC,SHUBHAKAMANA SECURITIES PVT. LTD,Dipshikha Dhitopatra Karobar Co. Pvt Ltd.,75,628.0,47100.0,2025-07-21 11:14:28.008012
2025-07-21,128364,2025072104003483,SHPC,Dakshinkali Investment & Securities Pvt. Ltd.,Sri Hari Securities Pvt. Ltd.,300,629.0,188700.0,2025-07-21 11:15:15.045929
2025-07-21,128307,2025072104003500,SHPC,Trisul Securities & Invt. Ltd.,Machhapuchchhre Securities Limited,3,620.2,1860.6,2025-07-21 11:15:20.622594
2025-07-21,128186,2025072104003541,SHPC,Dynamic Money Managers Securities Pvt. Ltd.,J.F. Securites (PVT) Ltd.,150,629.0,94350.0,2025-07-21 11:15:30.338542
2025-07-21,128185,2025072104003542,SHPC,Dynamic Money Managers Securities Pvt. Ltd.,Sumeru Securities Pvt. Ltd.,50,629.8,31490.0,2025-07-21 11:15:30.338731
2025-07-21,128016,2025072104003590,SHPC,Nepal Stock House (PVT) Ltd.,Sumeru Securities Pvt. Ltd.,100,629.8,62980.0,2025-07-21 11:15:44.814915
2025-07-21,127959,2025072104003601,SHPC,Dipshikha Dhitopatra Karobar Co. Pvt Ltd.,Sumeru Securities Pvt. Ltd.,250,629.8,157450.0,2025-07-21 11:15:51.239617
2025-07-21,127622,2025072104003712,SHPC,Dipshikha Dhitopatra Karobar Co. Pvt Ltd.,Neev Securities Pvt. Ltd.,250,629.8,157450.0,2025-07-21 11:16:21.578343
2025-07-21,127551,2025072104003727,SHPC,Nagarik Stock Dealer ,Sri Hari Securities Pvt. Ltd.,100,629.9,62990.0,2025-07-21 11:16:26.307471
2025-07-21,127550,2025072104003728,SHPC,Nagarik Stock Dealer ,Sundhara Securities Limited,200,629.9,125980.0,2025-07-21 11:16:26.307641
2025-07-21,127512,2025072104003732,SHPC,SHUBHAKAMANA SECURITIES PVT. LTD,Sani Securities Company Ltd.,17,628.0,10676.0,2025-07-21 11:16:28.649962
2025-07-21,127313,2025072104003789,SHPC,Sundhara Securities Limited,Sani Securities Company Ltd.,10,629.0,6290.0,2025-07-21 11:16:49.398501
2025-07-21,127312,2025072104003790,SHPC,Sundhara Securities Limited,Infinity Securities Limited,290,629.0,182410.0,2025-07-21 11:16:49.398851
2025-07-21,127297,2025072104003797,SHPC,Bhrikuti Stock Broking Co. Pvt. Ltd.,Infinity Securities Limited,100,629.0,62900.0,2025-07-21 11:16:51.187888
2025-07-21,127227,2025072104003816,SHPC,Aryatara Investment & Securities,Infinity Securities Limited,30,629.0,18870.0,2025-07-21 11:16:55.939495
2025-07-21,126989,2025072104003867,SHPC,Secured Securities Ltd.,Infinity Securities Limited,500,629.0,314500.0,2025-07-21 11:17:12.349796
2025-07-21,126976,2025072104003871,SHPC,Naasa Securities Co. Ltd.,Naasa Securities Co. Ltd.,50,628.5,31425.0,2025-07-21 11:17:14.164390
2025-07-21,126975,2025072104003872,SHPC,SHUBHAKAMANA SECURITIES PVT. LTD,Naasa Securities Co. Ltd.,108,628.0,67824.0,2025-07-21 11:17:14.164621
2025-07-21,126974,2025072104003873,SHPC,Imperial Securities Company Pvt. Ltd.,Naasa Securities Co. Ltd.,100,628.0,62800.0,2025-07-21 11:17:14.164720
2025-07-21,126973,2025072104003874,SHPC,J.F. Securites (PVT) Ltd.,Naasa Securities Co. Ltd.,142,628.0,89176.0,2025-07-21 11:17:14.164801
2025-07-21,126778,2025072104003931,SHPC,Primo Securities (PVT) Ltd.,Infinity Securities Limited,80,629.0,50320.0,2025-07-21 11:17:32.180135
2025-07-21,126777,2025072104003932,SHPC,Primo Securities (PVT) Ltd.,Hatemalo Financial Services Private Limited,630,630.0,396900.0,2025-07-21 11:17:32.180517
2025-07-21,126776,2025072104003933,SHPC,Primo Securities (PVT) Ltd.,Secured Securities Ltd.,280,630.0,176400.0,2025-07-21 11:17:32.180789
2025-07-21,126775,2025072104003934,SHPC,Primo Securities (PVT) Ltd.,Oxford Securities Pvt. Ltd.,10,630.0,6300.0,2025-07-21 11:17:32.181076
2025-07-21,126654,2025072104003983,SHPC,Kohinoor Investment & Securities Pvt. Ltd.,Sri Hari Securities Pvt. Ltd.,100,628.1,62810.0,2025-07-21 11:17:41.259942
2025-07-21,126653,2025072104003984,SHPC,Nagarik Stock Dealer ,Sri Hari Securities Pvt. Ltd.,162,628.1,101752.2,2025-07-21 11:17:41.260143
2025-07-21,126652,2025072104003985,SHPC,J.F. Securites (PVT) Ltd.,Sri Hari Securities Pvt. Ltd.,738,628.0,463464.0,2025-07-21 11:17:41.260229
2025-07-21,126218,2025072104004122,SHPC,Oxford Securities Pvt. Ltd.,Oxford Securities Pvt. Ltd.,65,630.0,40950.0,2025-07-21 11:18:11.926913
2025-07-21,126191,2025072104004129,SHPC,Vision Securities Pvt. Ltd,Imperial Securities Company Pvt. Ltd.,30000,629.0,18870000.0,2025-07-21 11:18:14.119090
2025-07-21,126029,2025072104004169,SHPC,Trishakti Securities Public Limited,South Asian Bulls Pvt. Ltd.,500,629.1,314550.0,2025-07-21 11:18:28.392173
2025-07-21,126008,2025072104004174,SHPC,Asian Securities Private Ltd.,Oxford Securities Pvt. Ltd.,425,630.0,267750.0,2025-07-21 11:18:31.852413
2025-07-21,126007,2025072104004175,SHPC,Asian Securities Private Ltd.,Sani Securities Company Ltd.,30,630.0,18900.0,2025-07-21 11:18:31.852655
2025-07-21,126006,2025072104004176,SHPC,Asian Securities Private Ltd.,Online Securities Pvt. Ltd.,20,630.0,12600.0,2025-07-21 11:18:31.852776
2025-07-21,126005,2025072104004177,SHPC,Asian Securities Private Ltd.,Sundhara Securities Limited,27,630.0,17010.0,2025-07-21 11:18:31.852922
2025-07-21,125918,2025072104004196,SHPC,Kalika Securities Pvt. Ltd.,ABC Securities Private Limited,100,630.0,63000.0,2025-07-21 11:18:39.779993
2025-07-21,125871,2025072104004213,SHPC,Premier Securities Company Ltd.,ABC Securities Private Limited,50,630.0,31500.0,2025-07-21 11:18:45.683088
2025-07-21,125743,2025072104004272,SHPC,Sani Securities Company Ltd.,ABC Securities Private Limited,155,630.0,97650.0,2025-07-21 11:18:55.279056
2025-07-21,125641,2025072104004305,SHPC,Sani Securities Company Ltd.,ABC Securities Private Limited,195,630.0,122850.0,2025-07-21 11:19:05.404808
2025-07-21,125592,2025072104004328,SHPC,Trishakti Securities Public Limited,Imperial Securities Company Pvt. Ltd.,2000,629.1,1258200.0,2025-07-21 11:19:10.083415
2025-07-21,125466,2025072104004368,SHPC,Capital Max Securities Ltd,Sri Hari Securities Pvt. Ltd.,500,630.0,315000.0,2025-07-21 11:19:19.812249
2025-07-21,125441,2025072104004372,SHPC,Trishakti Securities Public Limited,NIMB Stock Markets Limited,500,629.1,314550.0,2025-07-21 11:19:22.223144
2025-07-21,125440,2025072104004373,SHPC,Kalika Securities Pvt. Ltd.,NIMB Stock Markets Limited,100,629.0,62900.0,2025-07-21 11:19:22.223526
2025-07-21,125196,2025072104004465,SHPC,Sani Securities Company Ltd.,NIMB Stock Markets Limited,105,629.0,66045.0,2025-07-21 11:19:42.054213
2025-07-21,125103,2025072104004514,SHPC,J.F. Securites (PVT) Ltd.,Sri Hari Securities Pvt. Ltd.,120,628.0,75360.0,2025-07-21 11:19:46.815201
2025-07-21,125102,2025072104004515,SHPC,Sani Securities Company Ltd.,Sri Hari Securities Pvt. Ltd.,200,628.0,125600.0,2025-07-21 11:19:46.815396
2025-07-21,125101,2025072104004516,SHPC,Himalayan Brokerage Company Limited,Sri Hari Securities Pvt. Ltd.,383,628.0,240524.0,2025-07-21 11:19:46.815491
2025-07-21,125094,2025072104004521,SHPC,Himalayan Brokerage Company Limited,Online Securities Pvt. Ltd.,300,628.0,188400.0,2025-07-21 11:19:47.361180
2025-07-21,125008,2025072104004545,SHPC,Himalayan Brokerage Company Limited,Kohinoor Investment & Securities Pvt. Ltd.,276,628.0,173328.0,2025-07-21 11:19:52.806135
2025-07-21,124993,2025072104004547,SHPC,Himalayan Brokerage Company Limited,SHUBHAKAMANA SECURITIES PVT. LTD,1041,628.0,653748.0,2025-07-21 11:19:54.296236
2025-07-21,124981,2025072104004552,SHPC,Citizens Share Broker Limited,Hatemalo Financial Services Private Limited,250,626.0,156500.0,2025-07-21 11:19:55.534407
2025-07-21,124980,2025072104004553,SHPC,Aryatara Investment & Securities,Hatemalo Financial Services Private Limited,120,626.0,75120.0,2025-07-21 11:19:55.534482
2025-07-21,124691,2025072104004636,SHPC,Online Securities Pvt. Ltd.,NIMB Stock Markets Limited,50,626.1,31305.0,2025-07-21 11:20:21.151872
2025-07-21,124690,2025072104004637,SHPC,Aryatara Investment & Securities,NIMB Stock Markets Limited,80,626.0,50080.0,2025-07-21 11:20:21.152250
2025-07-21,124689,2025072104004638,SHPC,Dipshikha Dhitopatra Karobar Co. Pvt Ltd.,NIMB Stock Markets Limited,200,625.0,125000.0,2025-07-21 11:20:21.152529
2025-07-21,124688,2025072104004639,SHPC,Sani Securities Company Ltd.,NIMB Stock Markets Limited,25,625.0,15625.0,2025-07-21 11:20:21.152791
2025-07-21,124687,2025072104004640,SHPC,Himalayan Brokerage Company Limited,NIMB Stock Markets Limited,300,625.0,187500.0,2025-07-21 11:20:21.153042
2025-07-21,124664,2025072104004647,SHPC,Imperial Securities Company Pvt. Ltd.,NIMB Stock Markets Limited,300,625.0,187500.0,2025-07-21 11:20:23.693532
2025-07-21,124524,2025072104004683,SHPC,Dynamic Money Managers Securities Pvt. Ltd.,NIMB Stock Markets Limited,45,623.4,28053.0,2025-07-21 11:20:35.223403
2025-07-21,123618,2025072104004954,SHPC,SHUBHAKAMANA SECURITIES PVT. LTD,Sundhara Securities Limited,500,625.0,312500.0,2025-07-21 11:21:40.542792
2025-07-21,123565,2025072104004978,SHPC,Online Securities Pvt. Ltd.,Nagarik Stock Dealer ,80,624.0,49920.0,2025-07-21 11:21:45.333590
2025-07-21,123564,2025072104004979,SHPC,Dynamic Money Managers Securities Pvt. Ltd.,Nagarik Stock Dealer ,455,623.4,283647.0,2025-07-21 11:21:45.333786
2025-07-21,123563,2025072104004980,SHPC,Imperial Securities Company Pvt. Ltd.,Nagarik Stock Dealer ,300,623.4,187020.0,2025-07-21 11:21:45.333931
2025-07-21,123562,2025072104004981,SHPC,Kohinoor Investment & Securities Pvt. Ltd.,Nagarik Stock Dealer ,165,623.1,102811.5,2025-07-21 11:21:45.334065
2025-07-21,123443,2025072104005008,SHPC,Kohinoor Investment & Securities Pvt. Ltd.,J.F. Securites (PVT) Ltd.,40,623.1,24924.0,2025-07-21 11:21:54.600360
2025-07-21,123440,2025072104005009,SHPC,Kohinoor Investment & Securities Pvt. Ltd.,Aryatara Investment & Securities,295,623.1,183814.5,2025-07-21 11:21:54.671579
2025-07-21,123439,2025072104005010,SHPC,Dipshikha Dhitopatra Karobar Co. Pvt Ltd.,Aryatara Investment & Securities,90,623.0,56070.0,2025-07-21 11:21:54.671785
2025-07-21,123438,2025072104005011,SHPC,Cristal Kanchanjanga Securites Pvt. Ltd.,Aryatara Investment & Securities,25,623.0,15575.0,2025-07-21 11:21:54.671870
2025-07-21,123437,2025072104005012,SHPC,Property Wiard Limited,Aryatara Investment & Securities,20,623.0,12460.0,2025-07-21 11:21:54.671957
2025-07-21,123436,2025072104005013,SHPC,Kumari Securities Private Limited,Aryatara Investment & Securities,570,623.0,355110.0,2025-07-21 11:21:54.672043
2025-07-21,122964,2025072104005141,SHPC,Vision Securities Pvt. Ltd,Imperial Securities Company Pvt. Ltd.,2000,627.0,1254000.0,2025-07-21 11:22:30.309037
2025-07-21,122963,2025072104005142,SHPC,Vision Securities Pvt. Ltd,Sumeru Securities Pvt. Ltd.,50,627.4,31370.0,2025-07-21 11:22:30.309091
2025-07-21,122962,2025072104005143,SHPC,Vision Securities Pvt. Ltd,Aryatara Investment & Securities,310,627.5,194525.0,2025-07-21 11:22:30.309118
2025-07-21,122961,2025072104005144,SHPC,Vision Securities Pvt. Ltd,Imperial Securities Company Pvt. Ltd.,3000,627.5,1882500.0,2025-07-21 11:22:30.309145
2025-07-21,122960,2025072104005145,SHPC,Vision Securities Pvt. Ltd,Imperial Securities Company Pvt. Ltd.,1640,627.6,1029264.0,2025-07-21 11:22:30.309174
2025-07-21,122415,2025072104005322,SHPC,Opal Securities Investment (PVT) Ltd.,Swarna Laxmi Securities Pvt. Ltd.,100,624.0,62400.0,2025-07-21 11:23:18.836972
2025-07-21,121964,2025072104005406,SHPC,Opal Securities Investment (PVT) Ltd.,S.P.S.A. Securities Limited,50,623.5,31175.0,2025-07-21 11:23:59.056525
2025-07-21,121963,2025072104005407,SHPC,Vision Securities Pvt. Ltd,S.P.S.A. Securities Limited,500,623.4,311700.0,2025-07-21 11:23:59.056775
2025-07-21,121833,2025072104005453,SHPC,Vision Securities Pvt. Ltd,Premier Securities Company Ltd.,108,623.3,67316.4,2025-07-21 11:24:10.075294
2025-07-21,121809,2025072104005465,SHPC,Sundhara Securities Limited,S.P.S.A. Securities Limited,10,623.4,6234.0,2025-07-21 11:24:11.517590
2025-07-21,121794,2025072104005471,SHPC,Imperial Securities Company Pvt. Ltd.,S.P.S.A. Securities Limited,200,623.4,124680.0,2025-07-21 11:24:12.754892
2025-07-21,121761,2025072104005486,SHPC,Vision Securities Pvt. Ltd,NIMB Stock Markets Limited,392,623.3,244333.6,2025-07-21 11:24:14.719032
2025-07-21,121760,2025072104005487,SHPC,Creative Securities Pvt Ltd,NIMB Stock Markets Limited,100,623.2,62320.0,2025-07-21 11:24:14.719521
2025-07-21,121759,2025072104005488,SHPC,Asian Securities Private Ltd.,NIMB Stock Markets Limited,100,623.2,62320.0,2025-07-21 11:24:14.719935
2025-07-21,121758,2025072104005489,SHPC,Vision Securities Pvt. Ltd,NIMB Stock Markets Limited,408,623.1,254224.8,2025-07-21 11:24:14.720362
2025-07-21,121737,2025072104005494,SHPC,Vision Securities Pvt. Ltd,Kohinoor Investment & Securities Pvt. Ltd.,92,623.1,57325.2,2025-07-21 11:24:17.409645
2025-07-21,121736,2025072104005495,SHPC,Kumari Securities Private Limited,Kohinoor Investment & Securities Pvt. Ltd.,208,623.0,129584.0,2025-07-21 11:24:17.409878
2025-07-21,121618,2025072104005528,SHPC,Kumari Securities Private Limited,J.F. Securites (PVT) Ltd.,40,623.0,24920.0,2025-07-21 11:24:28.502660
2025-07-21,121281,2025072104005610,SHPC,Dipshikha Dhitopatra Karobar Co. Pvt Ltd.,Aryatara Investment & Securities,200,623.1,124620.0,2025-07-21 11:25:05.452367
2025-07-21,121042,2025072104005660,SHPC,Aryatara Investment & Securities,Aryatara Investment & Securities,180,623.1,112158.0,2025-07-21 11:25:25.838166
2025-07-21,120963,2025072104005674,SHPC,Kumari Securities Private Limited,S.P.S.A. Securities Limited,40,623.0,24920.0,2025-07-21 11:25:35.219191
2025-07-21,120760,2025072104005716,SHPC,Kumari Securities Private Limited,Nepal Stock House (PVT) Ltd.,50,623.0,31150.0,2025-07-21 11:26:00.363059
2025-07-21,120507,2025072104005755,SHPC,Kumari Securities Private Limited,Naasa Securities Co. Ltd.,92,623.0,57316.0,2025-07-21 11:26:29.791718
2025-07-21,120506,2025072104005756,SHPC,Sundhara Securities Limited,Naasa Securities Co. Ltd.,23,623.0,14329.0,2025-07-21 11:26:29.791955
2025-07-21,120455,2025072104005772,SHPC,Property Wiard Limited,Aryatara Investment & Securities,20,623.1,12462.0,2025-07-21 11:26:39.470607
2025-07-21,120091,2025072104005849,SHPC,Naasa Securities Co. Ltd.,Sweta Securities Private Limited,37,625.9,23158.3,2025-07-21 11:27:24.101180
2025-07-21,119704,2025072104005944,SHPC,Dipshikha Dhitopatra Karobar Co. Pvt Ltd.,Dipshikha Dhitopatra Karobar Co. Pvt Ltd.,200,625.0,125000.0,2025-07-21 11:28:15.797487
2025-07-21,119505,2025072104006004,SHPC,Cristal Kanchanjanga Securites Pvt. Ltd.,Sweta Securities Private Limited,780,624.5,487110.0,2025-07-21 11:28:42.132474
2025-07-21,118890,2025072104006157,SHPC,Prabhu Stock Market Limited,Online Securities Pvt. Ltd.,1,617.4,617.4,2025-07-21 11:30:06.666263
2025-07-21,118753,2025072104006197,SHPC,Prabhu Stock Market Limited,Asian Securities Private Ltd.,3,620.0,1860.0,2025-07-21 11:30:24.725934
2025-07-21,118676,2025072104006210,SHPC,Asian Securities Private Ltd.,Naasa Securities Co. Ltd.,100,625.0,62500.0,2025-07-21 11:30:35.662160
2025-07-21,118634,2025072104006216,SHPC,Agrawal Securities (PVT) Ltd.,Sweta Securities Private Limited,300,624.1,187230.0,2025-07-21 11:30:39.371158
2025-07-21,118430,2025072104006251,SHPC,Naasa Securities Co. Ltd.,Naasa Securities Co. Ltd.,20,625.0,12500.0,2025-07-21 11:31:05.864073
2025-07-21,118337,2025072104006275,SHPC,Market Securities & Exchange (PVT) Ltd.,Naasa Securities Co. Ltd.,200,625.0,125000.0,2025-07-21 11:31:15.063124
2025-07-21,118238,2025072104006312,SHPC,Kumari Securities Private Limited,Naasa Securities Co. Ltd.,10,625.0,6250.0,2025-07-21 11:31:25.868490
2025-07-21,118237,2025072104006313,SHPC,Kumari Securities Private Limited,Ashutosh Brokerage & Securities (PVT) Ltd.,100,625.0,62500.0,2025-07-21 11:31:25.868768
2025-07-21,118186,2025072104006336,SHPC,Kumari Securities Private Limited,Primo Securities (PVT) Ltd.,44,625.0,27500.0,2025-07-21 11:31:32.566394
2025-07-21,118127,2025072104006354,SHPC,Kumari Securities Private Limited,Sharepro Securities Private Limited,110,625.0,68750.0,2025-07-21 11:31:41.342712
2025-07-21,117462,2025072104006512,SHPC,SHUBHAKAMANA SECURITIES PVT. LTD,Opal Securities Investment (PVT) Ltd.,20,626.5,12530.0,2025-07-21 11:32:51.209190
2025-07-21,117461,2025072104006513,SHPC,SHUBHAKAMANA SECURITIES PVT. LTD,Sri Hari Securities Pvt. Ltd.,500,626.9,313450.0,2025-07-21 11:32:51.209227
2025-07-21,117460,2025072104006514,SHPC,SHUBHAKAMANA SECURITIES PVT. LTD,Bhrikuti Stock Broking Co. Pvt. Ltd.,480,627.0,300960.0,2025-07-21 11:32:51.209260
2025-07-21,117192,2025072104006563,SHPC,Sajilo Broker Limited,Bhrikuti Stock Broking Co. Pvt. Ltd.,20,627.0,12540.0,2025-07-21 11:33:21.589788
2025-07-21,116538,2025072104006752,SHPC,Nepal Investment And Securities Trading Private Limited,Naasa Securities Co. Ltd.,100,627.0,62700.0,2025-07-21 11:34:27.259218
2025-07-21,116537,2025072104006753,SHPC,Kalika Securities Pvt. Ltd.,Naasa Securities Co. Ltd.,600,627.0,376200.0,2025-07-21 11:34:27.259538
2025-07-21,116509,2025072104006757,SHPC,Imperial Securities Company Pvt. Ltd.,Imperial Securities Company Pvt. Ltd.,360,627.6,225936.0,2025-07-21 11:34:31.706797
2025-07-21,116508,2025072104006758,SHPC,Imperial Securities Company Pvt. Ltd.,Naasa Securities Co. Ltd.,640,627.8,401792.0,2025-07-21 11:34:31.707130
2025-07-21,115926,2025072104006853,SHPC,Vision Securities Pvt. Ltd,Nepal Stock House (PVT) Ltd.,111,627.5,69652.5,2025-07-21 11:35:26.631159
2025-07-21,115925,2025072104006854,SHPC,Himalayan Securities Limited,Nepal Stock House (PVT) Ltd.,889,627.5,557847.5,2025-07-21 11:35:26.664994
2025-07-21,115924,2025072104006855,SHPC,Himalayan Securities Limited,Naasa Securities Co. Ltd.,360,627.8,226008.0,2025-07-21 11:35:26.665294
2025-07-21,115923,2025072104006856,SHPC,Himalayan Securities Limited,Stoxkarts Securities Limited,395,627.9,248020.5,2025-07-21 11:35:26.665441
2025-07-21,115922,2025072104006857,SHPC,Himalayan Securities Limited,Oxford Securities Pvt. Ltd.,1750,628.0,1099000.0,2025-07-21 11:35:26.665554
2025-07-21,115921,2025072104006858,SHPC,Himalayan Securities Limited,Online Securities Pvt. Ltd.,20,628.0,12560.0,2025-07-21 11:35:26.665666
2025-07-21,115920,2025072104006859,SHPC,Himalayan Securities Limited,Sundhara Securities Limited,242,628.9,152193.8,2025-07-21 11:35:26.665796
2025-07-21,115919,2025072104006860,SHPC,Himalayan Securities Limited,NIMB Stock Markets Limited,1295,629.0,814555.0,2025-07-21 11:35:26.665941
2025-07-21,115918,2025072104006861,SHPC,Himalayan Securities Limited,Kumari Securities Private Limited,49,630.0,30870.0,2025-07-21 11:35:26.666092
2025-07-21,115814,2025072104006882,SHPC,Himalayan Securities Limited,Nepal Stock House (PVT) Ltd.,1000,627.6,627600.0,2025-07-21 11:35:36.688384
2025-07-21,115813,2025072104006883,SHPC,Himalayan Securities Limited,Kumari Securities Private Limited,13,630.0,8190.0,2025-07-21 11:35:36.688649
2025-07-21,115812,2025072104006884,SHPC,Himalayan Securities Limited,Investment Management Nepal Pvt. Ltd.,220,630.0,138600.0,2025-07-21 11:35:36.688775
2025-07-21,115811,2025072104006885,SHPC,Himalayan Securities Limited,Aryatara Investment & Securities,50,630.0,31500.0,2025-07-21 11:35:36.688886
2025-07-21,115810,2025072104006886,SHPC,Himalayan Securities Limited,Kohinoor Investment & Securities Pvt. Ltd.,270,630.0,170100.0,2025-07-21 11:35:36.688997
2025-07-21,115809,2025072104006887,SHPC,Himalayan Securities Limited,J.F. Securites (PVT) Ltd.,35,630.0,22050.0,2025-07-21 11:35:36.689113
2025-07-21,115808,2025072104006888,SHPC,Himalayan Securities Limited,Siprabi Securities Pvt. Ltd.,400,630.0,252000.0,2025-07-21 11:35:36.689222
2025-07-21,115807,2025072104006889,SHPC,Himalayan Securities Limited,Cristal Kanchanjanga Securites Pvt. Ltd.,500,630.0,315000.0,2025-07-21 11:35:36.689352
2025-07-21,115806,2025072104006890,SHPC,Himalayan Securities Limited,Dipshikha Dhitopatra Karobar Co. Pvt Ltd.,500,630.0,315000.0,2025-07-21 11:35:36.689462
2025-07-21,115805,2025072104006891,SHPC,Himalayan Securities Limited,Sri Hari Securities Pvt. Ltd.,590,630.0,371700.0,2025-07-21 11:35:36.689570
2025-07-21,115804,2025072104006892,SHPC,Himalayan Securities Limited,Sri Hari Securities Pvt. Ltd.,1422,630.0,895860.0,2025-07-21 11:35:36.689676
2025-07-21,114888,2025072104007058,SHPC,Asian Securities Private Ltd.,Oxford Securities Pvt. Ltd.,100,627.5,62750.0,2025-07-21 11:37:01.452050
2025-07-21,114361,2025072104007193,SHPC,Asian Securities Private Ltd.,Naasa Securities Co. Ltd.,150,627.5,94125.0,2025-07-21 11:37:49.871107
2025-07-21,114356,2025072104007195,SHPC,Imperial Securities Company Pvt. Ltd.,Kalika Securities Pvt. Ltd.,30,627.2,18816.0,2025-07-21 11:37:50.912375
2025-07-21,114294,2025072104007212,SHPC,Citizens Share Broker Limited,Naasa Securities Co. Ltd.,500,627.5,313750.0,2025-07-21 11:37:55.630829
2025-07-21,114218,2025072104007226,SHPC,Vision Securities Pvt. Ltd,Naasa Securities Co. Ltd.,11,627.5,6902.5,2025-07-21 11:38:02.412596
2025-07-21,114115,2025072104007263,SHPC,Cristal Kanchanjanga Securites Pvt. Ltd.,Oxford Securities Pvt. Ltd.,87,627.3,54575.1,2025-07-21 11:38:12.057522
2025-07-21,113459,2025072104007388,SHPC,Siprabi Securities Pvt. Ltd.,Naasa Securities Co. Ltd.,339,627.5,212722.5,2025-07-21 11:39:18.319136
2025-07-21,113458,2025072104007389,SHPC,Dipshikha Dhitopatra Karobar Co. Pvt Ltd.,Naasa Securities Co. Ltd.,50,627.5,31375.0,2025-07-21 11:39:18.319639
2025-07-21,113457,2025072104007390,SHPC,Prabhu Stock Market Limited,Naasa Securities Co. Ltd.,480,627.5,301200.0,2025-07-21 11:39:18.319991
2025-07-21,113163,2025072104007465,SHPC,Cristal Kanchanjanga Securites Pvt. Ltd.,Kumari Securities Private Limited,93,627.3,58338.9,2025-07-21 11:39:56.940771
2025-07-21,112848,2025072104007532,SHPC,Oxford Securities Pvt. Ltd.,Sri Hari Securities Pvt. Ltd.,63,627.4,39526.2,2025-07-21 11:40:37.248348
2025-07-21,111806,2025072104007713,SHPC,Oxford Securities Pvt. Ltd.,Dipshikha Dhitopatra Karobar Co. Pvt Ltd.,10,627.6,6276.0,2025-07-21 11:42:33.196453
2025-07-21,111805,2025072104007714,SHPC,Prabhu Stock Market Limited,Asian Securities Private Ltd.,3,625.0,1875.0,2025-07-21 11:42:33.595820
2025-07-21,111202,2025072104007810,SHPC,Kohinoor Investment & Securities Pvt. Ltd.,Capital Max Securities Ltd,200,628.0,125600.0,2025-07-21 11:43:36.761963
2025-07-21,111120,2025072104007824,SHPC,Kohinoor Investment & Securities Pvt. Ltd.,Online Securities Pvt. Ltd.,10,628.0,6280.0,2025-07-21 11:43:42.873243
2025-07-21,110943,2025072104007867,SHPC,Prabhu Stock Market Limited,Sani Securities Company Ltd.,2,627.0,1254.0,2025-07-21 11:43:58.470207
2025-07-21,110839,2025072104007880,SHPC,Swarna Laxmi Securities Pvt. Ltd.,Magnet Securities and Investment Company Private Limited,13,628.8,8174.4,2025-07-21 11:44:10.359972
2025-07-21,110838,2025072104007881,SHPC,Swarna Laxmi Securities Pvt. Ltd.,Naasa Securities Co. Ltd.,212,628.9,133326.8,2025-07-21 11:44:10.360627
2025-07-21,110837,2025072104007882,SHPC,Swarna Laxmi Securities Pvt. Ltd.,Sweta Securities Private Limited,200,629.0,125800.0,2025-07-21 11:44:10.361046
2025-07-21,110836,2025072104007883,SHPC,Swarna Laxmi Securities Pvt. Ltd.,Malla & Malla Stock Broking Company Pvt. Limited,50,629.0,31450.0,2025-07-21 11:44:10.361480
2025-07-21,110835,2025072104007884,SHPC,Swarna Laxmi Securities Pvt. Ltd.,Sri Hari Securities Pvt. Ltd.,525,629.0,330225.0,2025-07-21 11:44:10.361897
2025-07-21,110724,2025072104007903,SHPC,Imperial Securities Company Pvt. Ltd.,Secured Securities Ltd.,100,628.8,62880.0,2025-07-21 11:44:19.524381
2025-07-21,110626,2025072104007919,SHPC,Kohinoor Investment & Securities Pvt. Ltd.,Capital Max Securities Ltd,14,628.0,8792.0,2025-07-21 11:44:26.989229
2025-07-21,110437,2025072104007934,SHPC,Himalayan Securities Limited,Secured Securities Ltd.,500,628.8,314400.0,2025-07-21 11:44:37.144208
2025-07-21,110436,2025072104007935,SHPC,Himalayan Securities Limited,Sri Hari Securities Pvt. Ltd.,475,629.0,298775.0,2025-07-21 11:44:37.144717
2025-07-21,110435,2025072104007936,SHPC,Himalayan Securities Limited,Dipshikha Dhitopatra Karobar Co. Pvt Ltd.,40,629.0,25160.0,2025-07-21 11:44:37.144848
2025-07-21,110434,2025072104007937,SHPC,Himalayan Securities Limited,J.F. Securites (PVT) Ltd.,500,629.3,314650.0,2025-07-21 11:44:37.144971
2025-07-21,110433,2025072104007938,SHPC,Himalayan Securities Limited,J.F. Securites (PVT) Ltd.,1050,629.4,660870.0,2025-07-21 11:44:37.145104
2025-07-21,110432,2025072104007939,SHPC,Himalayan Securities Limited,Nepal Stock House (PVT) Ltd.,1000,629.4,629400.0,2025-07-21 11:44:37.145228
2025-07-21,110431,2025072104007940,SHPC,Himalayan Securities Limited,Nepal Stock House (PVT) Ltd.,1435,629.5,903332.5,2025-07-21 11:44:37.145349
2025-07-21,110164,2025072104007992,SHPC,Opal Securities Investment (PVT) Ltd.,Nepal Stock House (PVT) Ltd.,100,629.5,62950.0,2025-07-21 11:45:05.721990
2025-07-21,110093,2025072104008008,SHPC,Thrive Brokerage House Pvt. Ltd,Nepal Stock House (PVT) Ltd.,465,629.5,292717.5,2025-07-21 11:45:11.066651
2025-07-21,110092,2025072104008009,SHPC,Thrive Brokerage House Pvt. Ltd,Online Securities Pvt. Ltd.,35,629.5,22032.5,2025-07-21 11:45:11.066933
2025-07-21,110068,2025072104008019,SHPC,Dynamic Money Managers Securities Pvt. Ltd.,Online Securities Pvt. Ltd.,165,629.5,103867.5,2025-07-21 11:45:12.286384
2025-07-21,110067,2025072104008020,SHPC,Dynamic Money Managers Securities Pvt. Ltd.,Sani Securities Company Ltd.,114,629.7,71785.8,2025-07-21 11:45:12.286669
2025-07-21,110066,2025072104008021,SHPC,Dynamic Money Managers Securities Pvt. Ltd.,Nepal Stock House (PVT) Ltd.,1000,629.8,629800.0,2025-07-21 11:45:12.286793
2025-07-21,110065,2025072104008022,SHPC,Dynamic Money Managers Securities Pvt. Ltd.,Trisul Securities & Invt. Ltd.,600,629.8,377880.0,2025-07-21 11:45:12.286916
2025-07-21,110064,2025072104008023,SHPC,Dynamic Money Managers Securities Pvt. Ltd.,Sri Hari Securities Pvt. Ltd.,1000,629.9,629900.0,2025-07-21 11:45:12.287038
2025-07-21,110063,2025072104008024,SHPC,Dynamic Money Managers Securities Pvt. Ltd.,Trisul Securities & Invt. Ltd.,660,629.9,415734.0,2025-07-21 11:45:12.287164
2025-07-21,110062,2025072104008025,SHPC,Dynamic Money Managers Securities Pvt. Ltd.,Sri Hari Securities Pvt. Ltd.,578,630.0,364140.0,2025-07-21 11:45:12.287289
2025-07-21,110061,2025072104008026,SHPC,Dynamic Money Managers Securities Pvt. Ltd.,Creative Securities Pvt Ltd,850,630.0,535500.0,2025-07-21 11:45:12.287416
2025-07-21,110060,2025072104008027,SHPC,Dynamic Money Managers Securities Pvt. Ltd.,Dynamic Money Managers Securities Pvt. Ltd.,33,630.0,20790.0,2025-07-21 11:45:12.287539
2025-07-21,109950,2025072104008054,SHPC,Imperial Securities Company Pvt. Ltd.,Dynamic Money Managers Securities Pvt. Ltd.,42,630.0,26460.0,2025-07-21 11:45:25.716346
2025-07-21,109949,2025072104008055,SHPC,Imperial Securities Company Pvt. Ltd.,Sajilo Broker Limited,10,630.0,6300.0,2025-07-21 11:45:25.716652
2025-07-21,109917,2025072104008058,SHPC,Imperial Securities Company Pvt. Ltd.,Sani Securities Company Ltd.,48,630.0,30240.0,2025-07-21 11:45:28.190169
2025-07-21,109753,2025072104008094,SHPC,Himalayan Securities Limited,Sani Securities Company Ltd.,332,630.0,209160.0,2025-07-21 11:45:42.556211
2025-07-21,109518,2025072104008142,SHPC,Oxford Securities Pvt. Ltd.,Trishakti Securities Public Limited,200,631.5,126300.0,2025-07-21 11:46:07.313321
2025-07-21,109517,2025072104008143,SHPC,Oxford Securities Pvt. Ltd.,Property Wiard Limited,100,631.9,63190.0,2025-07-21 11:46:07.313602
2025-07-21,109516,2025072104008144,SHPC,Oxford Securities Pvt. Ltd.,Opal Securities Investment (PVT) Ltd.,266,632.0,168112.0,2025-07-21 11:46:07.313735
2025-07-21,109515,2025072104008145,SHPC,Oxford Securities Pvt. Ltd.,Oxford Securities Pvt. Ltd.,361,632.0,228152.0,2025-07-21 11:46:07.313866
2025-07-21,109409,2025072104008163,SHPC,Online Securities Pvt. Ltd.,Oxford Securities Pvt. Ltd.,139,632.0,87848.0,2025-07-21 11:46:17.196849
2025-07-21,109408,2025072104008164,SHPC,Online Securities Pvt. Ltd.,Naasa Securities Co. Ltd.,22,632.0,13904.0,2025-07-21 11:46:17.197152
2025-07-21,109339,2025072104008170,SHPC,Property Wiard Limited,Midas Stock Broking Company Private Limited,59,632.2,37299.8,2025-07-21 11:46:24.814575
2025-07-21,109338,2025072104008171,SHPC,Property Wiard Limited,Sundhara Securities Limited,300,632.5,189750.0,2025-07-21 11:46:24.814843
2025-07-21,109337,2025072104008172,SHPC,Property Wiard Limited,Opal Securities Investment (PVT) Ltd.,400,633.0,253200.0,2025-07-21 11:46:24.814972
2025-07-21,109336,2025072104008173,SHPC,Property Wiard Limited,Sri Hari Securities Pvt. Ltd.,300,635.0,190500.0,2025-07-21 11:46:24.815096
2025-07-21,109335,2025072104008174,SHPC,Property Wiard Limited,Trademow Securities Private Limited,300,635.0,190500.0,2025-07-21 11:46:24.815239
2025-07-21,109334,2025072104008175,SHPC,Property Wiard Limited,Naasa Securities Co. Ltd.,300,635.0,190500.0,2025-07-21 11:46:24.815379
2025-07-21,109333,2025072104008176,SHPC,Property Wiard Limited,Opal Securities Investment (PVT) Ltd.,420,635.0,266700.0,2025-07-21 11:46:24.815539
2025-07-21,109332,2025072104008177,SHPC,Property Wiard Limited,INDEX SECURITIES LIMITED,2901,635.0,1842135.0,2025-07-21 11:46:24.815689
2025-07-21,109280,2025072104008187,SHPC,Dynamic Money Managers Securities Pvt. Ltd.,Ashutosh Brokerage & Securities (PVT) Ltd.,10,632.2,6322.0,2025-07-21 11:46:31.365939
2025-07-21,109279,2025072104008188,SHPC,Online Securities Pvt. Ltd.,Ashutosh Brokerage & Securities (PVT) Ltd.,39,632.0,24648.0,2025-07-21 11:46:31.366190
2025-07-21,109278,2025072104008189,SHPC,Sani Securities Company Ltd.,Ashutosh Brokerage & Securities (PVT) Ltd.,116,630.5,73138.0,2025-07-21 11:46:31.366325
2025-07-21,109011,2025072104008254,SHPC,Citizens Share Broker Limited,Himalayan Brokerage Company Limited,150,630.6,94590.0,2025-07-21 11:46:55.281629
2025-07-21,108862,2025072104008313,SHPC,Citizens Share Broker Limited,Naasa Securities Co. Ltd.,150,630.6,94590.0,2025-07-21 11:47:09.571507
2025-07-21,108861,2025072104008314,SHPC,Sani Securities Company Ltd.,Naasa Securities Co. Ltd.,34,630.5,21437.0,2025-07-21 11:47:09.571777
2025-07-21,108860,2025072104008315,SHPC,Himalayan Securities Limited,Naasa Securities Co. Ltd.,168,630.0,105840.0,2025-07-21 11:47:09.571902
2025-07-21,108859,2025072104008316,SHPC,Imperial Securities Company Pvt. Ltd.,Naasa Securities Co. Ltd.,100,630.0,63000.0,2025-07-21 11:47:09.572026
2025-07-21,108858,2025072104008317,SHPC,Cristal Kanchanjanga Securites Pvt. Ltd.,Naasa Securities Co. Ltd.,370,630.0,233100.0,2025-07-21 11:47:09.572147
2025-07-21,108792,2025072104008336,SHPC,Dynamic Money Managers Securities Pvt. Ltd.,Naasa Securities Co. Ltd.,178,630.0,112140.0,2025-07-21 11:47:16.241641
2025-07-21,108791,2025072104008337,SHPC,Dynamic Money Managers Securities Pvt. Ltd.,Dynamic Money Managers Securities Pvt. Ltd.,9822,631.0,6197682.0,2025-07-21 11:47:16.241982
2025-07-21,108522,2025072104008391,SHPC,Imperial Securities Company Pvt. Ltd.,Dynamic Money Managers Securities Pvt. Ltd.,120,631.0,75720.0,2025-07-21 11:47:41.661007
2025-07-21,108476,2025072104008400,SHPC,Midas Stock Broking Company Private Limited,Naasa Securities Co. Ltd.,100,630.5,63050.0,2025-07-21 11:47:45.445136
2025-07-21,108243,2025072104008468,SHPC,Midas Stock Broking Company Private Limited,Imperial Securities Company Pvt. Ltd.,500,630.0,315000.0,2025-07-21 11:48:04.397368
2025-07-21,108242,2025072104008469,SHPC,Midas Stock Broking Company Private Limited,Imperial Securities Company Pvt. Ltd.,500,630.0,315000.0,2025-07-21 11:48:04.397653
2025-07-21,107845,2025072104008562,SHPC,Secured Securities Ltd.,Imperial Securities Company Pvt. Ltd.,200,629.5,125900.0,2025-07-21 11:48:29.862756
2025-07-21,107844,2025072104008563,SHPC,Cristal Kanchanjanga Securites Pvt. Ltd.,Imperial Securities Company Pvt. Ltd.,500,629.2,314600.0,2025-07-21 11:48:29.863081
2025-07-21,107843,2025072104008564,SHPC,Aakashbhairab Securities Ltd.,Imperial Securities Company Pvt. Ltd.,1000,629.2,629200.0,2025-07-21 11:48:29.863256
2025-07-21,107842,2025072104008565,SHPC,Himalayan Securities Limited,Imperial Securities Company Pvt. Ltd.,300,629.1,188730.0,2025-07-21 11:48:29.863436
2025-07-21,107797,2025072104008574,SHPC,Himalayan Securities Limited,Trishakti Securities Public Limited,700,629.1,440370.0,2025-07-21 11:48:34.702579
2025-07-21,107796,2025072104008575,SHPC,APPLE SECURITIES PRIVATE LIMITED,Trishakti Securities Public Limited,500,629.0,314500.0,2025-07-21 11:48:34.702873
2025-07-21,107795,2025072104008576,SHPC,Dynamic Money Managers Securities Pvt. Ltd.,Trishakti Securities Public Limited,1800,629.0,1132200.0,2025-07-21 11:48:34.703002
2025-07-21,107353,2025072104008661,SHPC,Secured Securities Ltd.,Ashutosh Brokerage & Securities (PVT) Ltd.,100,629.5,62950.0,2025-07-21 11:49:12.522773
2025-07-21,106806,2025072104008749,SHPC,Trishakti Securities Public Limited,Premier Securities Company Ltd.,200,629.1,125820.0,2025-07-21 11:50:01.790391
2025-07-21,106670,2025072104008773,SHPC,Imperial Securities Company Pvt. Ltd.,Siprabi Securities Pvt. Ltd.,10,630.5,6305.0,2025-07-21 11:50:14.320836
2025-07-21,106625,2025072104008796,SHPC,Secured Securities Ltd.,Capital Hub P. Ltd,500,630.0,315000.0,2025-07-21 11:50:19.290870
2025-07-21,106624,2025072104008797,SHPC,Secured Securities Ltd.,Siprabi Securities Pvt. Ltd.,40,630.5,25220.0,2025-07-21 11:50:19.291171
2025-07-21,106623,2025072104008798,SHPC,Secured Securities Ltd.,Dynamic Money Managers Securities Pvt. Ltd.,58,631.0,36598.0,2025-07-21 11:50:19.291300
2025-07-21,106622,2025072104008799,SHPC,Secured Securities Ltd.,Bhrikuti Stock Broking Co. Pvt. Ltd.,200,632.0,126400.0,2025-07-21 11:50:19.291502
2025-07-21,106621,2025072104008800,SHPC,Secured Securities Ltd.,Aryatara Investment & Securities,202,632.0,127664.0,2025-07-21 11:50:19.291671
2025-07-21,106126,2025072104008886,SHPC,Dakshinkali Investment & Securities Pvt. Ltd.,Dynamic Money Managers Securities Pvt. Ltd.,500,629.3,314650.0,2025-07-21 11:50:59.447177
2025-07-21,106125,2025072104008887,SHPC,Dakshinkali Investment & Securities Pvt. Ltd.,Dynamic Money Managers Securities Pvt. Ltd.,500,629.3,314650.0,2025-07-21 11:50:59.447518
2025-07-21,106124,2025072104008888,SHPC,Sri Hari Securities Pvt. Ltd.,Dynamic Money Managers Securities Pvt. Ltd.,500,629.2,314600.0,2025-07-21 11:50:59.447665
2025-07-21,106123,2025072104008889,SHPC,Trishakti Securities Public Limited,Dynamic Money Managers Securities Pvt. Ltd.,500,629.1,314550.0,2025-07-21 11:50:59.447800
2025-07-21,105623,2025072104009063,SHPC,Vision Securities Pvt. Ltd,Aryatara Investment & Securities,50,632.0,31600.0,2025-07-21 11:51:38.508514
2025-07-21,105277,2025072104009129,SHPC,Oxford Securities Pvt. Ltd.,Aryatara Investment & Securities,30,632.0,18960.0,2025-07-21 11:52:05.990654
2025-07-21,105121,2025072104009163,SHPC,Sumeru Securities Pvt. Ltd.,Aryatara Investment & Securities,200,632.0,126400.0,2025-07-21 11:52:21.827712
2025-07-21,105001,2025072104009197,SHPC,Sani Securities Company Ltd.,Aryatara Investment & Securities,18,632.0,11376.0,2025-07-21 11:52:33.163187
2025-07-21,104838,2025072104009233,SHPC,Machhapuchchhre Securities Limited,Online Securities Pvt. Ltd.,10,630.1,6301.0,2025-07-21 11:52:50.624697
2025-07-21,104589,2025072104009312,SHPC,Vision Securities Pvt. Ltd,S.P.S.A. Securities Limited,104,631.0,65624.0,2025-07-21 11:53:17.007638
2025-07-21,104416,2025072104009361,SHPC,Vision Securities Pvt. Ltd,South Asian Bulls Pvt. Ltd.,11,632.9,6961.9,2025-07-21 11:53:37.173359
2025-07-21,104237,2025072104009418,SHPC,Swarna Laxmi Securities Pvt. Ltd.,Naasa Securities Co. Ltd.,300,632.0,189600.0,2025-07-21 11:53:53.084133
2025-07-21,104128,2025072104009456,SHPC,Vision Securities Pvt. Ltd,Dynamic Money Managers Securities Pvt. Ltd.,46,631.0,29026.0,2025-07-21 11:54:05.159896
2025-07-21,104127,2025072104009457,SHPC,Nepal Investment And Securities Trading Private Limited,Dynamic Money Managers Securities Pvt. Ltd.,100,631.0,63100.0,2025-07-21 11:54:05.160206
2025-07-21,104051,2025072104009470,SHPC,Vision Securities Pvt. Ltd,Premier Securities Company Ltd.,11,631.9,6950.9,2025-07-21 11:54:16.924538
2025-07-21,103884,2025072104009516,SHPC,Sewa Securities Pvt. Ltd.,Cristal Kanchanjanga Securites Pvt. Ltd.,50,631.0,31550.0,2025-07-21 11:54:35.902641
2025-07-21,103760,2025072104009538,SHPC,Sewa Securities Pvt. Ltd.,Siprabi Securities Pvt. Ltd.,450,631.0,283950.0,2025-07-21 11:54:48.647046
2025-07-21,103759,2025072104009539,SHPC,Dynamic Money Managers Securities Pvt. Ltd.,Siprabi Securities Pvt. Ltd.,1550,631.0,978050.0,2025-07-21 11:54:48.647722
2025-07-21,103695,2025072104009550,SHPC,Cristal Kanchanjanga Securites Pvt. Ltd.,South Asian Bulls Pvt. Ltd.,100,631.1,63110.0,2025-07-21 11:54:55.717773
2025-07-21,103694,2025072104009551,SHPC,Dynamic Money Managers Securities Pvt. Ltd.,South Asian Bulls Pvt. Ltd.,889,631.0,560959.0,2025-07-21 11:54:55.718087
2025-07-21,103675,2025072104009555,SHPC,Dynamic Money Managers Securities Pvt. Ltd.,Market Securities & Exchange (PVT) Ltd.,200,631.0,126200.0,2025-07-21 11:54:59.688930
2025-07-21,103525,2025072104009620,SHPC,Asian Securities Private Ltd.,Premier Securities Company Ltd.,500,631.9,315950.0,2025-07-21 11:55:16.310400
2025-07-21,103524,2025072104009621,SHPC,Agrawal Securities (PVT) Ltd.,Premier Securities Company Ltd.,489,631.9,308999.1,2025-07-21 11:55:16.464970
2025-07-21,103415,2025072104009651,SHPC,Agrawal Securities (PVT) Ltd.,Naasa Securities Co. Ltd.,500,632.9,316450.0,2025-07-21 11:55:27.573623
2025-07-21,103384,2025072104009656,SHPC,Agrawal Securities (PVT) Ltd.,Online Securities Pvt. Ltd.,11,632.0,6952.0,2025-07-21 11:55:30.313771
2025-07-21,103383,2025072104009657,SHPC,APPLE SECURITIES PRIVATE LIMITED,Online Securities Pvt. Ltd.,20,631.9,12638.0,2025-07-21 11:55:30.314119
2025-07-21,103022,2025072104009750,SHPC,Premier Securities Company Ltd.,Naasa Securities Co. Ltd.,400,632.0,252800.0,2025-07-21 11:56:07.223174
2025-07-21,103021,2025072104009751,SHPC,APPLE SECURITIES PRIVATE LIMITED,Naasa Securities Co. Ltd.,980,631.9,619262.0,2025-07-21 11:56:07.223520
2025-07-21,103020,2025072104009752,SHPC,Imperial Securities Company Pvt. Ltd.,Naasa Securities Co. Ltd.,200,631.1,126220.0,2025-07-21 11:56:07.223661
2025-07-21,103019,2025072104009753,SHPC,Dynamic Money Managers Securities Pvt. Ltd.,Naasa Securities Co. Ltd.,7361,631.0,4644791.0,2025-07-21 11:56:07.223797
2025-07-21,103018,2025072104009754,SHPC,Sewa Securities Pvt. Ltd.,Naasa Securities Co. Ltd.,500,631.0,315500.0,2025-07-21 11:56:07.223932
2025-07-21,103017,2025072104009755,SHPC,Sewa Securities Pvt. Ltd.,Naasa Securities Co. Ltd.,500,631.0,315500.0,2025-07-21 11:56:07.224064
2025-07-21,102895,2025072104009800,SHPC,Secured Securities Ltd.,Dipshikha Dhitopatra Karobar Co. Pvt Ltd.,100,630.2,63020.0,2025-07-21 11:56:20.790361
2025-07-21,102722,2025072104009837,SHPC,Imperial Securities Company Pvt. Ltd.,Dynamic Money Managers Securities Pvt. Ltd.,470,632.0,297040.0,2025-07-21 11:56:42.137310
2025-07-21,102701,2025072104009839,SHPC,Dynamic Money Managers Securities Pvt. Ltd.,Dynamic Money Managers Securities Pvt. Ltd.,9530,632.0,6022960.0,2025-07-21 11:56:43.886077
2025-07-21,102526,2025072104009874,SHPC,Dipshikha Dhitopatra Karobar Co. Pvt Ltd.,Naasa Securities Co. Ltd.,50,632.9,31645.0,2025-07-21 11:57:04.244834
2025-07-21,102521,2025072104009876,SHPC,Dynamic Money Managers Securities Pvt. Ltd.,Nagarik Stock Dealer ,20,632.0,12640.0,2025-07-21 11:57:04.955867
2025-07-21,102505,2025072104009877,SHPC,Dynamic Money Managers Securities Pvt. Ltd.,Swarna Laxmi Securities Pvt. Ltd.,290,632.0,183280.0,2025-07-21 11:57:06.688501
2025-07-21,102504,2025072104009878,SHPC,Opal Securities Investment (PVT) Ltd.,Naasa Securities Co. Ltd.,150,632.9,94935.0,2025-07-21 11:57:06.911445
2025-07-21,102503,2025072104009879,SHPC,Opal Securities Investment (PVT) Ltd.,Imperial Securities Company Pvt. Ltd.,350,633.0,221550.0,2025-07-21 11:57:06.911816
2025-07-21,102402,2025072104009924,SHPC,Dynamic Money Managers Securities Pvt. Ltd.,Sundhara Securities Limited,160,632.0,101120.0,2025-07-21 11:57:16.689492
2025-07-21,101876,2025072104010063,SHPC,Nepal Stock House (PVT) Ltd.,Aryatara Investment & Securities,300,630.2,189060.0,2025-07-21 11:58:04.580138
2025-07-21,101386,2025072104010208,SHPC,Nepal Stock House (PVT) Ltd.,Imperial Securities Company Pvt. Ltd.,40,630.2,25208.0,2025-07-21 11:58:46.435046
2025-07-21,101385,2025072104010209,SHPC,Arun Securities (PVT) Ltd.,Imperial Securities Company Pvt. Ltd.,690,630.2,434838.0,2025-07-21 11:58:46.435405
2025-07-21,101384,2025072104010210,SHPC,Aryatara Investment & Securities,Imperial Securities Company Pvt. Ltd.,750,630.2,472650.0,2025-07-21 11:58:46.435600
2025-07-21,101383,2025072104010211,SHPC,Machhapuchchhre Securities Limited,Imperial Securities Company Pvt. Ltd.,90,630.1,56709.0,2025-07-21 11:58:46.435744
2025-07-21,101382,2025072104010212,SHPC,Himalayan Brokerage Company Limited,Imperial Securities Company Pvt. Ltd.,100,630.1,63010.0,2025-07-21 11:58:46.435937
2025-07-21,101381,2025072104010213,SHPC,Asian Securities Private Ltd.,Imperial Securities Company Pvt. Ltd.,50,630.1,31505.0,2025-07-21 11:58:46.436098
2025-07-21,101380,2025072104010214,SHPC,Aakashbhairab Securities Ltd.,Imperial Securities Company Pvt. Ltd.,3280,630.0,2066400.0,2025-07-21 11:58:46.436276
2025-07-21,101296,2025072104010241,SHPC,Aakashbhairab Securities Ltd.,Investment Management Nepal Pvt. Ltd.,500,630.0,315000.0,2025-07-21 11:58:56.840926
2025-07-21,101253,2025072104010250,SHPC,Aakashbhairab Securities Ltd.,Sundhara Securities Limited,1220,630.0,768600.0,2025-07-21 11:59:01.211132
2025-07-21,101252,2025072104010251,SHPC,Capital Max Securities Ltd,Sundhara Securities Limited,100,630.0,63000.0,2025-07-21 11:59:01.211464
2025-07-21,101251,2025072104010252,SHPC,Sumeru Securities Pvt. Ltd.,Sundhara Securities Limited,180,630.0,113400.0,2025-07-21 11:59:01.211607
2025-07-21,101246,2025072104010255,SHPC,Sumeru Securities Pvt. Ltd.,Neev Securities Pvt. Ltd.,100,630.0,63000.0,2025-07-21 11:59:01.930969
2025-07-21,101178,2025072104010271,SHPC,Sumeru Securities Pvt. Ltd.,Imperial Securities Company Pvt. Ltd.,420,630.0,264600.0,2025-07-21 11:59:09.345978
2025-07-21,101177,2025072104010272,SHPC,Sumeru Securities Pvt. Ltd.,Imperial Securities Company Pvt. Ltd.,700,630.0,441000.0,2025-07-21 11:59:09.346292
2025-07-21,101148,2025072104010281,SHPC,Sumeru Securities Pvt. Ltd.,Imperial Securities Company Pvt. Ltd.,50,630.0,31500.0,2025-07-21 11:59:10.744883
2025-07-21,101077,2025072104010301,SHPC,South Asian Bulls Pvt. Ltd.,Linch Stock Market Ltd.,70,629.4,44058.0,2025-07-21 11:59:15.564096
2025-07-21,101037,2025072104010316,SHPC,Secured Securities Ltd.,Imperial Securities Company Pvt. Ltd.,60,630.0,37800.0,2025-07-21 11:59:19.362248
2025-07-21,100925,2025072104010334,SHPC,South Asian Bulls Pvt. Ltd.,Agrawal Securities (PVT) Ltd.,30,629.4,18882.0,2025-07-21 11:59:28.435806
2025-07-21,100921,2025072104010335,SHPC,Miyo Securities Pvt Ltd,Imperial Securities Company Pvt. Ltd.,200,629.3,125860.0,2025-07-21 11:59:28.863411
2025-07-21,100920,2025072104010336,SHPC,Trishakti Securities Public Limited,Imperial Securities Company Pvt. Ltd.,300,629.1,188730.0,2025-07-21 11:59:28.864119
2025-07-21,100919,2025072104010337,SHPC,Premier Securities Company Ltd.,Imperial Securities Company Pvt. Ltd.,400,629.1,251640.0,2025-07-21 11:59:28.864613
2025-07-21,100918,2025072104010338,SHPC,Dynamic Money Managers Securities Pvt. Ltd.,Imperial Securities Company Pvt. Ltd.,6100,629.0,3836900.0,2025-07-21 11:59:28.865108
2025-07-21,100915,2025072104010339,SHPC,Dynamic Money Managers Securities Pvt. Ltd.,Neev Securities Pvt. Ltd.,450,629.0,283050.0,2025-07-21 11:59:29.285236
2025-07-21,100873,2025072104010363,SHPC,Dynamic Money Managers Securities Pvt. Ltd.,BHOLE GANESH SECURITIES LTD,1000,629.0,629000.0,2025-07-21 11:59:33.114281
2025-07-21,100801,2025072104010385,SHPC,Dynamic Money Managers Securities Pvt. Ltd.,Agrawal Securities (PVT) Ltd.,200,629.0,125800.0,2025-07-21 11:59:39.572941
2025-07-21,100742,2025072104010397,SHPC,Dynamic Money Managers Securities Pvt. Ltd.,Cristal Kanchanjanga Securites Pvt. Ltd.,200,629.0,125800.0,2025-07-21 11:59:45.378376
2025-07-21,100584,2025072104010461,SHPC,Vision Securities Pvt. Ltd,Imperial Securities Company Pvt. Ltd.,50,630.0,31500.0,2025-07-21 12:00:00.235051
2025-07-21,100456,2025072104010496,SHPC,Dynamic Money Managers Securities Pvt. Ltd.,Cristal Kanchanjanga Securites Pvt. Ltd.,250,629.0,157250.0,2025-07-21 12:00:10.560980
2025-07-21,100455,2025072104010497,SHPC,Thrive Brokerage House Pvt. Ltd,Cristal Kanchanjanga Securites Pvt. Ltd.,70,629.0,44030.0,2025-07-21 12:00:10.561362
2025-07-21,100454,2025072104010498,SHPC,Kohinoor Investment & Securities Pvt. Ltd.,Cristal Kanchanjanga Securites Pvt. Ltd.,130,628.0,81640.0,2025-07-21 12:00:10.561513
2025-07-21,99997,2025072104010656,SHPC,Kohinoor Investment & Securities Pvt. Ltd.,Sanima Securities Limited,146,628.0,91688.0,2025-07-21 12:00:50.617742
2025-07-21,99996,2025072104010657,SHPC,APPLE SECURITIES PRIVATE LIMITED,Sanima Securities Limited,500,628.0,314000.0,2025-07-21 12:00:50.618381
2025-07-21,99995,2025072104010658,SHPC,Primo Securities (PVT) Ltd.,Sanima Securities Limited,1000,628.0,628000.0,2025-07-21 12:00:50.618803
2025-07-21,99818,2025072104010724,SHPC,Garima Securities Limited,Investment Management Nepal Pvt. Ltd.,500,627.5,313750.0,2025-07-21 12:01:05.362361
2025-07-21,99796,2025072104010730,SHPC,Dynamic Money Managers Securities Pvt. Ltd.,Sanima Securities Limited,354,628.0,222312.0,2025-07-21 12:01:08.031912
2025-07-21,99543,2025072104010814,SHPC,Dynamic Money Managers Securities Pvt. Ltd.,Sundhara Securities Limited,500,628.0,314000.0,2025-07-21 12:01:28.275845
2025-07-21,99515,2025072104010820,SHPC,Dynamic Money Managers Securities Pvt. Ltd.,Online Securities Pvt. Ltd.,31,628.0,19468.0,2025-07-21 12:01:30.188416
2025-07-21,99508,2025072104010822,SHPC,Dynamic Money Managers Securities Pvt. Ltd.,Midas Stock Broking Company Private Limited,27,628.0,16956.0,2025-07-21 12:01:31.152468
2025-07-21,99507,2025072104010823,SHPC,Dynamic Money Managers Securities Pvt. Ltd.,Sajilo Broker Limited,50,628.0,31400.0,2025-07-21 12:01:31.170891
2025-07-21,99419,2025072104010854,SHPC,Naasa Securities Co. Ltd.,Sewa Securities Pvt. Ltd.,50,628.1,31405.0,2025-07-21 12:01:38.040275
2025-07-21,99097,2025072104010935,SHPC,Naasa Securities Co. Ltd.,Aryatara Investment & Securities,250,628.1,157025.0,2025-07-21 12:02:08.865785
2025-07-21,99096,2025072104010936,SHPC,Asian Securities Private Ltd.,Aryatara Investment & Securities,250,628.1,157025.0,2025-07-21 12:02:08.866168
2025-07-21,98946,2025072104011005,SHPC,Asian Securities Private Ltd.,Imperial Securities Company Pvt. Ltd.,250,628.1,157025.0,2025-07-21 12:02:18.093552
2025-07-21,98945,2025072104011006,SHPC,Dynamic Money Managers Securities Pvt. Ltd.,Imperial Securities Company Pvt. Ltd.,5750,628.0,3611000.0,2025-07-21 12:02:18.093606
2025-07-21,98728,2025072104011058,SHPC,Dynamic Money Managers Securities Pvt. Ltd.,Aryatara Investment & Securities,100,628.0,62800.0,2025-07-21 12:02:39.524014
2025-07-21,98562,2025072104011086,SHPC,Dynamic Money Managers Securities Pvt. Ltd.,Sri Hari Securities Pvt. Ltd.,20,628.0,12560.0,2025-07-21 12:02:50.218174
2025-07-21,98507,2025072104011098,SHPC,Dynamic Money Managers Securities Pvt. Ltd.,Sri Hari Securities Pvt. Ltd.,500,628.0,314000.0,2025-07-21 12:02:57.266110
2025-07-21,98438,2025072104011117,SHPC,Dynamic Money Managers Securities Pvt. Ltd.,Himalayan Securities Limited,2200,628.0,1381600.0,2025-07-21 12:03:04.985515
2025-07-21,98372,2025072104011132,SHPC,Dynamic Money Managers Securities Pvt. Ltd.,Sundhara Securities Limited,468,628.0,293904.0,2025-07-21 12:03:12.035401
2025-07-21,98221,2025072104011155,SHPC,Naasa Securities Co. Ltd.,Sundhara Securities Limited,32,627.3,20073.6,2025-07-21 12:03:27.113187
2025-07-21,97737,2025072104011271,SHPC,Naasa Securities Co. Ltd.,Sani Securities Company Ltd.,268,627.3,168116.4,2025-07-21 12:04:19.685743
2025-07-21,97736,2025072104011272,SHPC,Premier Securities Company Ltd.,Sani Securities Company Ltd.,50,627.2,31360.0,2025-07-21 12:04:19.686088
2025-07-21,97735,2025072104011273,SHPC,Citizens Share Broker Limited,Sani Securities Company Ltd.,102,627.1,63964.2,2025-07-21 12:04:19.686240
2025-07-21,97617,2025072104011318,SHPC,Citizens Share Broker Limited,Online Securities Pvt. Ltd.,148,627.1,92810.8,2025-07-21 12:04:29.078399
2025-07-21,97409,2025072104011386,SHPC,Citizens Share Broker Limited,Naasa Securities Co. Ltd.,200,627.1,125420.0,2025-07-21 12:04:50.009168
2025-07-21,97101,2025072104011462,SHPC,Citizens Share Broker Limited,Opal Securities Investment (PVT) Ltd.,50,627.1,31355.0,2025-07-21 12:05:24.691470
2025-07-21,97100,2025072104011463,SHPC,KALASH STOCK MARKET PVT. LTD.,Opal Securities Investment (PVT) Ltd.,30,627.1,18813.0,2025-07-21 12:05:24.691816
2025-07-21,97099,2025072104011464,SHPC,Aakashbhairab Securities Ltd.,Opal Securities Investment (PVT) Ltd.,220,627.0,137940.0,2025-07-21 12:05:24.691970
2025-07-21,97010,2025072104011486,SHPC,Kohinoor Investment & Securities Pvt. Ltd.,Premier Securities Company Ltd.,400,627.3,250920.0,2025-07-21 12:05:37.114147
2025-07-21,96902,2025072104011507,SHPC,Sumeru Securities Pvt. Ltd.,Cristal Kanchanjanga Securites Pvt. Ltd.,110,628.0,69080.0,2025-07-21 12:05:49.553336
2025-07-21,96901,2025072104011508,SHPC,Sumeru Securities Pvt. Ltd.,Nepal Stock House (PVT) Ltd.,90,628.0,56520.0,2025-07-21 12:05:49.553715
2025-07-21,96851,2025072104011517,SHPC,Vision Securities Pvt. Ltd,Nepal Stock House (PVT) Ltd.,10,628.0,6280.0,2025-07-21 12:05:57.525966
2025-07-21,96481,2025072104011646,SHPC,Dynamic Money Managers Securities Pvt. Ltd.,Naasa Securities Co. Ltd.,100,628.0,62800.0,2025-07-21 12:06:38.671809
2025-07-21,96322,2025072104011682,SHPC,Dynamic Money Managers Securities Pvt. Ltd.,Naasa Securities Co. Ltd.,19,628.0,11932.0,2025-07-21 12:07:01.079253
2025-07-21,96279,2025072104011689,SHPC,Dynamic Money Managers Securities Pvt. Ltd.,Premier Securities Company Ltd.,1000,628.0,628000.0,2025-07-21 12:07:07.867473
2025-07-21,96246,2025072104011691,SHPC,Naasa Securities Co. Ltd.,Aryatara Investment & Securities,250,629.0,157250.0,2025-07-21 12:07:10.829525
2025-07-21,96190,2025072104011708,SHPC,Naasa Securities Co. Ltd.,Dakshinkali Investment & Securities Pvt. Ltd.,450,629.0,283050.0,2025-07-21 12:07:14.260342
2025-07-21,96189,2025072104011709,SHPC,Dynamic Money Managers Securities Pvt. Ltd.,Dakshinkali Investment & Securities Pvt. Ltd.,50,628.0,31400.0,2025-07-21 12:07:14.260729
2025-07-21,96103,2025072104011731,SHPC,Dynamic Money Managers Securities Pvt. Ltd.,Nepal Stock House (PVT) Ltd.,2000,628.0,1256000.0,2025-07-21 12:07:23.047557
2025-07-21,96097,2025072104011732,SHPC,Opal Securities Investment (PVT) Ltd.,Sweta Securities Private Limited,300,629.7,188910.0,2025-07-21 12:07:23.339650
2025-07-21,96053,2025072104011748,SHPC,Dynamic Money Managers Securities Pvt. Ltd.,Sani Securities Company Ltd.,5000,628.0,3140000.0,2025-07-21 12:07:28.760330
2025-07-21,95855,2025072104011809,SHPC,Dynamic Money Managers Securities Pvt. Ltd.,Arun Securities (PVT) Ltd.,110,628.0,69080.0,2025-07-21 12:07:56.096454
2025-07-21,95845,2025072104011810,SHPC,Secured Securities Ltd.,Dipshikha Dhitopatra Karobar Co. Pvt Ltd.,400,629.0,251600.0,2025-07-21 12:07:56.940972
2025-07-21,95757,2025072104011836,SHPC,Secured Securities Ltd.,Oxford Securities Pvt. Ltd.,55,629.0,34595.0,2025-07-21 12:08:07.923337
2025-07-21,95694,2025072104011856,SHPC,Secured Securities Ltd.,Dipshikha Dhitopatra Karobar Co. Pvt Ltd.,680,629.0,427720.0,2025-07-21 12:08:15.075041
2025-07-21,95661,2025072104011867,SHPC,Secured Securities Ltd.,Nepal Stock House (PVT) Ltd.,865,629.0,544085.0,2025-07-21 12:08:19.904716
2025-07-21,95660,2025072104011868,SHPC,Dipshikha Dhitopatra Karobar Co. Pvt Ltd.,Nepal Stock House (PVT) Ltd.,135,629.0,84915.0,2025-07-21 12:08:19.905052
2025-07-21,95563,2025072104011885,SHPC,Dipshikha Dhitopatra Karobar Co. Pvt Ltd.,Imperial Securities Company Pvt. Ltd.,365,629.0,229585.0,2025-07-21 12:08:34.837267
2025-07-21,95476,2025072104011910,SHPC,Aryatara Investment & Securities,SHUBHAKAMANA SECURITIES PVT. LTD,200,629.0,125800.0,2025-07-21 12:08:50.746283
2025-07-21,95475,2025072104011911,SHPC,Dynamic Money Managers Securities Pvt. Ltd.,SHUBHAKAMANA SECURITIES PVT. LTD,800,628.0,502400.0,2025-07-21 12:08:50.747046
2025-07-21,95425,2025072104011924,SHPC,Dynamic Money Managers Securities Pvt. Ltd.,South Asian Bulls Pvt. Ltd.,300,628.0,188400.0,2025-07-21 12:08:58.617865
2025-07-21,95258,2025072104011955,SHPC,Trishakti Securities Public Limited,Imperial Securities Company Pvt. Ltd.,35,628.1,21983.5,2025-07-21 12:09:20.166738
2025-07-21,95257,2025072104011956,SHPC,Dynamic Money Managers Securities Pvt. Ltd.,Imperial Securities Company Pvt. Ltd.,621,628.0,389988.0,2025-07-21 12:09:20.167182
2025-07-21,95256,2025072104011957,SHPC,Secured Securities Ltd.,Imperial Securities Company Pvt. Ltd.,350,628.0,219800.0,2025-07-21 12:09:20.167416
2025-07-21,95255,2025072104011958,SHPC,Dipshikha Dhitopatra Karobar Co. Pvt Ltd.,Imperial Securities Company Pvt. Ltd.,214,628.0,134392.0,2025-07-21 12:09:20.167681
2025-07-21,95158,2025072104011991,SHPC,Machhapuchchhre Securities Limited,Imperial Securities Company Pvt. Ltd.,10,629.8,6298.0,2025-07-21 12:09:31.855956
2025-07-21,95138,2025072104011994,SHPC,Dipshikha Dhitopatra Karobar Co. Pvt Ltd.,Imperial Securities Company Pvt. Ltd.,286,628.0,179608.0,2025-07-21 12:09:34.478669
2025-07-21,95137,2025072104011995,SHPC,Global IME Securities Limited,Imperial Securities Company Pvt. Ltd.,108,628.0,67824.0,2025-07-21 12:09:34.479066
2025-07-21,95136,2025072104011996,SHPC,Kohinoor Investment & Securities Pvt. Ltd.,Imperial Securities Company Pvt. Ltd.,100,627.3,62730.0,2025-07-21 12:09:34.479226
2025-07-21,95135,2025072104011997,SHPC,Aakashbhairab Securities Ltd.,Imperial Securities Company Pvt. Ltd.,156,627.0,97812.0,2025-07-21 12:09:34.479385
2025-07-21,95005,2025072104012029,SHPC,Machhapuchchhre Securities Limited,Imperial Securities Company Pvt. Ltd.,10,629.8,6298.0,2025-07-21 12:09:56.915496
2025-07-21,94997,2025072104012032,SHPC,Sani Securities Company Ltd.,Imperial Securities Company Pvt. Ltd.,158,629.8,99508.4,2025-07-21 12:09:58.507096
2025-07-21,94790,2025072104012079,SHPC,Premier Securities Company Ltd.,Imperial Securities Company Pvt. Ltd.,20,628.0,12560.0,2025-07-21 12:10:21.332271
2025-07-21,94789,2025072104012080,SHPC,Kumari Securities Private Limited,Imperial Securities Company Pvt. Ltd.,100,627.1,62710.0,2025-07-21 12:10:21.332674
2025-07-21,94788,2025072104012081,SHPC,Aakashbhairab Securities Ltd.,Imperial Securities Company Pvt. Ltd.,4624,627.0,2899248.0,2025-07-21 12:10:21.332834
2025-07-21,94787,2025072104012082,SHPC,Infinity Securities Limited,Imperial Securities Company Pvt. Ltd.,50,627.0,31350.0,2025-07-21 12:10:21.332990
2025-07-21,94786,2025072104012083,SHPC,Trishakti Securities Public Limited,Imperial Securities Company Pvt. Ltd.,50,627.0,31350.0,2025-07-21 12:10:21.333146
2025-07-21,94785,2025072104012084,SHPC,Trishakti Securities Public Limited,Imperial Securities Company Pvt. Ltd.,100,627.0,62700.0,2025-07-21 12:10:21.333295
2025-07-21,94784,2025072104012085,SHPC,Online Securities Pvt. Ltd.,Imperial Securities Company Pvt. Ltd.,56,627.0,35112.0,2025-07-21 12:10:21.333454
2025-07-21,93973,2025072104012231,SHPC,J.F. Securites (PVT) Ltd.,Sani Securities Company Ltd.,100,629.0,62900.0,2025-07-21 12:12:01.711904
2025-07-21,93874,2025072104012245,SHPC,Vision Securities Pvt. Ltd,Sani Securities Company Ltd.,500,629.0,314500.0,2025-07-21 12:12:16.904689
2025-07-21,93796,2025072104012256,SHPC,Dakshinkali Investment & Securities Pvt. Ltd.,Nepal Stock House (PVT) Ltd.,500,628.0,314000.0,2025-07-21 12:12:25.924383
2025-07-21,93738,2025072104012273,SHPC,Opal Securities Investment (PVT) Ltd.,Magnet Securities and Investment Company Private Limited,500,629.7,314850.0,2025-07-21 12:12:32.244991
2025-07-21,92771,2025072104012514,SHPC,Aryatara Investment & Securities,Magnet Securities and Investment Company Private Limited,500,629.7,314850.0,2025-07-21 12:14:45.299284
2025-07-21,92700,2025072104012530,SHPC,Neev Securities Pvt. Ltd.,Imperial Securities Company Pvt. Ltd.,450,629.8,283410.0,2025-07-21 12:14:55.417243
2025-07-21,92478,2025072104012585,SHPC,Premier Securities Company Ltd.,Imperial Securities Company Pvt. Ltd.,100,629.8,62980.0,2025-07-21 12:15:21.929405
2025-07-21,92445,2025072104012593,SHPC,Aryatara Investment & Securities,Imperial Securities Company Pvt. Ltd.,500,629.8,314900.0,2025-07-21 12:15:27.210817
2025-07-21,92371,2025072104012611,SHPC,Sumeru Securities Pvt. Ltd.,Imperial Securities Company Pvt. Ltd.,155,629.8,97619.0,2025-07-21 12:15:33.863856
2025-07-21,91583,2025072104012830,SHPC,Nabil Stock Dealer Ltd.,Imperial Securities Company Pvt. Ltd.,500,629.8,314900.0,2025-07-21 12:17:13.170448
2025-07-21,91488,2025072104012851,SHPC,Nabil Stock Dealer Ltd.,Imperial Securities Company Pvt. Ltd.,267,629.8,168156.6,2025-07-21 12:17:23.200174
2025-07-21,91391,2025072104012892,SHPC,Vision Securities Pvt. Ltd,Trishakti Securities Public Limited,200,630.0,126000.0,2025-07-21 12:17:35.001991
2025-07-21,91390,2025072104012893,SHPC,Vision Securities Pvt. Ltd,Himalayan Brokerage Company Limited,500,630.0,315000.0,2025-07-21 12:17:35.002389
2025-07-21,91389,2025072104012894,SHPC,Vision Securities Pvt. Ltd,Dipshikha Dhitopatra Karobar Co. Pvt Ltd.,500,630.0,315000.0,2025-07-21 12:17:35.002566
2025-07-21,91388,2025072104012895,SHPC,Vision Securities Pvt. Ltd,Siprabi Securities Pvt. Ltd.,100,630.0,63000.0,2025-07-21 12:17:35.002733
2025-07-21,91387,2025072104012896,SHPC,Vision Securities Pvt. Ltd,Kohinoor Investment & Securities Pvt. Ltd.,500,630.0,315000.0,2025-07-21 12:17:35.002903
2025-07-21,91386,2025072104012897,SHPC,Vision Securities Pvt. Ltd,Himalayan Brokerage Company Limited,200,630.0,126000.0,2025-07-21 12:17:35.003088
2025-07-21,91380,2025072104012900,SHPC,Nabil Stock Dealer Ltd.,Dipshikha Dhitopatra Karobar Co. Pvt Ltd.,233,629.8,146743.4,2025-07-21 12:17:35.834184
2025-07-21,91379,2025072104012901,SHPC,Aryatara Investment & Securities,Dipshikha Dhitopatra Karobar Co. Pvt Ltd.,100,628.4,62840.0,2025-07-21 12:17:35.834587
2025-07-21,91378,2025072104012902,SHPC,Vision Securities Pvt. Ltd,Dipshikha Dhitopatra Karobar Co. Pvt Ltd.,90,628.3,56547.0,2025-07-21 12:17:35.834756
2025-07-21,91377,2025072104012903,SHPC,Vision Securities Pvt. Ltd,Dipshikha Dhitopatra Karobar Co. Pvt Ltd.,177,628.3,111209.1,2025-07-21 12:17:35.834914
2025-07-21,91233,2025072104012949,SHPC,Vision Securities Pvt. Ltd,Naasa Securities Co. Ltd.,115,628.3,72254.5,2025-07-21 12:17:58.268737
2025-07-21,90988,2025072104013029,SHPC,South Asian Bulls Pvt. Ltd.,Sri Hari Securities Pvt. Ltd.,36,629.0,22644.0,2025-07-21 12:18:28.355689
2025-07-21,90897,2025072104013056,SHPC,South Asian Bulls Pvt. Ltd.,Dipshikha Dhitopatra Karobar Co. Pvt Ltd.,564,629.0,354756.0,2025-07-21 12:18:40.509861
2025-07-21,90883,2025072104013062,SHPC,Vision Securities Pvt. Ltd,Malla & Malla Stock Broking Company Pvt. Limited,100,628.3,62830.0,2025-07-21 12:18:41.901689
2025-07-21,90727,2025072104013104,SHPC,Kalika Securities Pvt. Ltd.,Dipshikha Dhitopatra Karobar Co. Pvt Ltd.,36,629.0,22644.0,2025-07-21 12:19:12.728015
2025-07-21,90005,2025072104013255,SHPC,Machhapuchchhre Securities Limited,Himalayan Brokerage Company Limited,10,630.0,6300.0,2025-07-21 12:21:05.573770
2025-07-21,89803,2025072104013328,SHPC,Vision Securities Pvt. Ltd,Himalayan Brokerage Company Limited,40,630.0,25200.0,2025-07-21 12:21:39.422989
2025-07-21,89802,2025072104013329,SHPC,Vision Securities Pvt. Ltd,Neev Securities Pvt. Ltd.,100,630.0,63000.0,2025-07-21 12:21:39.423396
2025-07-21,89801,2025072104013330,SHPC,Vision Securities Pvt. Ltd,Capital Max Securities Ltd,111,630.0,69930.0,2025-07-21 12:21:39.423617
2025-07-21,89637,2025072104013357,SHPC,Vision Securities Pvt. Ltd,Dipshikha Dhitopatra Karobar Co. Pvt Ltd.,49,630.0,30870.0,2025-07-21 12:22:05.663729
2025-07-21,89636,2025072104013358,SHPC,S.P.S.A. Securities Limited,Dipshikha Dhitopatra Karobar Co. Pvt Ltd.,100,630.0,63000.0,2025-07-21 12:22:05.664557
2025-07-21,89433,2025072104013396,SHPC,Sani Securities Company Ltd.,Dipshikha Dhitopatra Karobar Co. Pvt Ltd.,351,630.0,221130.0,2025-07-21 12:22:39.398590
2025-07-21,89403,2025072104013402,SHPC,Sani Securities Company Ltd.,Sweta Securities Private Limited,293,630.0,184590.0,2025-07-21 12:22:43.628733
2025-07-21,89154,2025072104013444,SHPC,Kalika Securities Pvt. Ltd.,Siprabi Securities Pvt. Ltd.,64,629.0,40256.0,2025-07-21 12:23:19.422192
2025-07-21,89153,2025072104013445,SHPC,Kalika Securities Pvt. Ltd.,Siprabi Securities Pvt. Ltd.,436,629.0,274244.0,2025-07-21 12:23:19.422679
2025-07-21,88860,2025072104013517,SHPC,Trishakti Securities Public Limited,Sumeru Securities Pvt. Ltd.,500,630.0,315000.0,2025-07-21 12:24:03.859031
2025-07-21,88859,2025072104013518,SHPC,Trishakti Securities Public Limited,Imperial Securities Company Pvt. Ltd.,900,631.0,567900.0,2025-07-21 12:24:03.859456
2025-07-21,88858,2025072104013519,SHPC,Trishakti Securities Public Limited,Dipshikha Dhitopatra Karobar Co. Pvt Ltd.,500,631.9,315950.0,2025-07-21 12:24:03.859641
2025-07-21,88857,2025072104013520,SHPC,Trishakti Securities Public Limited,Sundhara Securities Limited,100,632.0,63200.0,2025-07-21 12:24:03.859840
2025-07-21,88694,2025072104013576,SHPC,Trishakti Securities Public Limited,Sundhara Securities Limited,240,632.0,151680.0,2025-07-21 12:24:27.033028
2025-07-21,88693,2025072104013577,SHPC,Trishakti Securities Public Limited,SHUBHAKAMANA SECURITIES PVT. LTD,500,632.0,316000.0,2025-07-21 12:24:27.033817
2025-07-21,88692,2025072104013578,SHPC,Trishakti Securities Public Limited,Oxford Securities Pvt. Ltd.,260,632.0,164320.0,2025-07-21 12:24:27.034370
2025-07-21,87552,2025072104013926,SHPC,Kohinoor Investment & Securities Pvt. Ltd.,Deevyaa Securities & Stock House Pvt. Ltd,50,630.0,31500.0,2025-07-21 12:27:25.216623
2025-07-21,87551,2025072104013927,SHPC,Premier Securities Company Ltd.,Deevyaa Securities & Stock House Pvt. Ltd,50,630.0,31500.0,2025-07-21 12:27:25.217492
2025-07-21,87459,2025072104013960,SHPC,Premier Securities Company Ltd.,Online Securities Pvt. Ltd.,50,630.0,31500.0,2025-07-21 12:27:39.735098
2025-07-21,87380,2025072104013975,SHPC,Sani Securities Company Ltd.,Online Securities Pvt. Ltd.,1000,629.2,629200.0,2025-07-21 12:27:51.931823
2025-07-21,86853,2025072104014146,SHPC,Aryatara Investment & Securities,Sipla Securities Private Limited,100,630.0,63000.0,2025-07-21 12:29:04.370215
2025-07-21,86537,2025072104014257,SHPC,Aryatara Investment & Securities,Online Securities Pvt. Ltd.,20,630.0,12600.0,2025-07-21 12:29:45.441163
2025-07-21,86358,2025072104014309,SHPC,Vision Securities Pvt. Ltd,SHUBHAKAMANA SECURITIES PVT. LTD,500,629.2,314600.0,2025-07-21 12:30:09.157716
2025-07-21,86357,2025072104014310,SHPC,Kalika Securities Pvt. Ltd.,SHUBHAKAMANA SECURITIES PVT. LTD,264,629.0,166056.0,2025-07-21 12:30:09.158186
2025-07-21,86356,2025072104014311,SHPC,Kalika Securities Pvt. Ltd.,SHUBHAKAMANA SECURITIES PVT. LTD,100,629.0,62900.0,2025-07-21 12:30:09.158378
2025-07-21,86355,2025072104014312,SHPC,Linch Stock Market Ltd.,SHUBHAKAMANA SECURITIES PVT. LTD,300,629.0,188700.0,2025-07-21 12:30:09.158593
2025-07-21,86182,2025072104014346,SHPC,Kalika Securities Pvt. Ltd.,Dipshikha Dhitopatra Karobar Co. Pvt Ltd.,500,628.5,314250.0,2025-07-21 12:30:28.484979
2025-07-21,86058,2025072104014380,SHPC,Kalika Securities Pvt. Ltd.,Vision Securities Pvt. Ltd,200,628.5,125700.0,2025-07-21 12:30:45.646671
2025-07-21,86057,2025072104014381,SHPC,Investment Management Nepal Pvt. Ltd.,Vision Securities Pvt. Ltd,200,628.2,125640.0,2025-07-21 12:30:45.647155
2025-07-21,86056,2025072104014382,SHPC,Imperial Securities Company Pvt. Ltd.,Vision Securities Pvt. Ltd,250,628.1,157025.0,2025-07-21 12:30:45.647350
2025-07-21,86055,2025072104014383,SHPC,K.B.L. Securities Limited ,Vision Securities Pvt. Ltd,500,628.0,314000.0,2025-07-21 12:30:45.647545
2025-07-21,86054,2025072104014384,SHPC,Oxford Securities Pvt. Ltd.,Vision Securities Pvt. Ltd,100,628.0,62800.0,2025-07-21 12:30:45.647744
2025-07-21,86053,2025072104014385,SHPC,Dakshinkali Investment & Securities Pvt. Ltd.,Vision Securities Pvt. Ltd,300,628.0,188400.0,2025-07-21 12:30:45.647931
2025-07-21,86052,2025072104014386,SHPC,J.F. Securites (PVT) Ltd.,Vision Securities Pvt. Ltd,50,628.0,31400.0,2025-07-21 12:30:45.648116
2025-07-21,85950,2025072104014405,SHPC,Miyo Securities Pvt Ltd,Nabil Stock Dealer Ltd.,160,629.0,100640.0,2025-07-21 12:31:00.620241
2025-07-21,85789,2025072104014446,SHPC,Capital Max Securities Ltd,Online Securities Pvt. Ltd.,200,628.5,125700.0,2025-07-21 12:31:18.857191
2025-07-21,85788,2025072104014447,SHPC,J.F. Securites (PVT) Ltd.,Online Securities Pvt. Ltd.,100,628.0,62800.0,2025-07-21 12:31:18.857651
2025-07-21,85787,2025072104014448,SHPC,Nepal Stock House (PVT) Ltd.,Online Securities Pvt. Ltd.,30,628.0,18840.0,2025-07-21 12:31:18.857851
2025-07-21,85786,2025072104014449,SHPC,Premier Securities Company Ltd.,Online Securities Pvt. Ltd.,100,628.0,62800.0,2025-07-21 12:31:18.858037
2025-07-21,85574,2025072104014488,SHPC,Siprabi Securities Pvt. Ltd.,Online Securities Pvt. Ltd.,161,628.0,101108.0,2025-07-21 12:31:43.059938
2025-07-21,85246,2025072104014598,SHPC,Trishakti Securities Public Limited,Deevyaa Securities & Stock House Pvt. Ltd,200,627.2,125440.0,2025-07-21 12:32:22.058286
2025-07-21,85195,2025072104014612,SHPC,Trishakti Securities Public Limited,Secured Securities Ltd.,130,627.2,81536.0,2025-07-21 12:32:26.511685
2025-07-21,85154,2025072104014634,SHPC,Vision Securities Pvt. Ltd,South Asian Bulls Pvt. Ltd.,50,627.9,31395.0,2025-07-21 12:32:33.076245
2025-07-21,85042,2025072104014663,SHPC,Trishakti Securities Public Limited,Dipshikha Dhitopatra Karobar Co. Pvt Ltd.,670,627.2,420224.0,2025-07-21 12:32:48.133130
2025-07-21,85041,2025072104014664,SHPC,South Asian Bulls Pvt. Ltd.,Dipshikha Dhitopatra Karobar Co. Pvt Ltd.,330,627.2,206976.0,2025-07-21 12:32:48.133620
2025-07-21,84989,2025072104014689,SHPC,South Asian Bulls Pvt. Ltd.,Siprabi Securities Pvt. Ltd.,21,627.2,13171.2,2025-07-21 12:32:55.823198
2025-07-21,84892,2025072104014732,SHPC,South Asian Bulls Pvt. Ltd.,Nabil Stock Dealer Ltd.,149,627.2,93452.8,2025-07-21 12:33:05.096420
2025-07-21,84891,2025072104014733,SHPC,Sri Hari Securities Pvt. Ltd.,Nabil Stock Dealer Ltd.,191,627.1,119776.1,2025-07-21 12:33:05.096840
2025-07-21,84821,2025072104014763,SHPC,Online Securities Pvt. Ltd.,Vision Securities Pvt. Ltd,144,627.0,90288.0,2025-07-21 12:33:11.584155
2025-07-21,84820,2025072104014764,SHPC,Kohinoor Investment & Securities Pvt. Ltd.,Vision Securities Pvt. Ltd,116,627.0,72732.0,2025-07-21 12:33:11.584214
2025-07-21,84819,2025072104014765,SHPC,Sani Securities Company Ltd.,Vision Securities Pvt. Ltd,503,627.0,315381.0,2025-07-21 12:33:11.584237
2025-07-21,84814,2025072104014766,SHPC,Sani Securities Company Ltd.,Bhrikuti Stock Broking Co. Pvt. Ltd.,97,627.0,60819.0,2025-07-21 12:33:12.912149
2025-07-21,84749,2025072104014777,SHPC,Sani Securities Company Ltd.,Bhrikuti Stock Broking Co. Pvt. Ltd.,797,627.0,499719.0,2025-07-21 12:33:23.929135
2025-07-21,84617,2025072104014836,SHPC,Dynamic Money Managers Securities Pvt. Ltd.,Kalika Securities Pvt. Ltd.,500,626.1,313050.0,2025-07-21 12:33:41.091062
2025-07-21,84417,2025072104014906,SHPC,Bhrikuti Stock Broking Co. Pvt. Ltd.,Naasa Securities Co. Ltd.,575,626.0,359950.0,2025-07-21 12:34:09.087295
2025-07-21,84353,2025072104014931,SHPC,Bhrikuti Stock Broking Co. Pvt. Ltd.,Miyo Securities Pvt Ltd,80,626.0,50080.0,2025-07-21 12:34:17.240535
2025-07-21,84298,2025072104014941,SHPC,Bhrikuti Stock Broking Co. Pvt. Ltd.,Aryatara Investment & Securities,320,626.0,200320.0,2025-07-21 12:34:23.303151
2025-07-21,84246,2025072104014963,SHPC,Bhrikuti Stock Broking Co. Pvt. Ltd.,Imperial Securities Company Pvt. Ltd.,25,626.0,15650.0,2025-07-21 12:34:29.353657
2025-07-21,84245,2025072104014964,SHPC,Kumari Securities Private Limited,Imperial Securities Company Pvt. Ltd.,375,626.0,234750.0,2025-07-21 12:34:29.354093
2025-07-21,84203,2025072104014984,SHPC,Kumari Securities Private Limited,Vision Securities Pvt. Ltd,125,626.0,78250.0,2025-07-21 12:34:35.482123
2025-07-21,84184,2025072104014993,SHPC,Shree Krishna Securities Ltd.,Vision Securities Pvt. Ltd,50,626.0,31300.0,2025-07-21 12:34:37.563593
2025-07-21,84152,2025072104015001,SHPC,Thrive Brokerage House Pvt. Ltd,Trisul Securities & Invt. Ltd.,500,625.1,312550.0,2025-07-21 12:34:41.368560
2025-07-21,84151,2025072104015002,SHPC,Kumari Securities Private Limited,Trisul Securities & Invt. Ltd.,736,625.0,460000.0,2025-07-21 12:34:41.369518
2025-07-21,84150,2025072104015003,SHPC,Dakshinkali Investment & Securities Pvt. Ltd.,Trisul Securities & Invt. Ltd.,99,625.0,61875.0,2025-07-21 12:34:41.370266
2025-07-21,84021,2025072104015045,SHPC,Dakshinkali Investment & Securities Pvt. Ltd.,Sani Securities Company Ltd.,201,625.0,125625.0,2025-07-21 12:34:58.580867
2025-07-21,84020,2025072104015046,SHPC,Property Wiard Limited,Sani Securities Company Ltd.,150,625.0,93750.0,2025-07-21 12:34:58.581281
2025-07-21,84019,2025072104015047,SHPC,Linch Stock Market Ltd.,Sani Securities Company Ltd.,50,625.0,31250.0,2025-07-21 12:34:58.581473
2025-07-21,84018,2025072104015048,SHPC,Dynamic Money Managers Securities Pvt. Ltd.,Sani Securities Company Ltd.,10,625.0,6250.0,2025-07-21 12:34:58.581649
2025-07-21,84017,2025072104015049,SHPC,Premier Securities Company Ltd.,Sani Securities Company Ltd.,20,625.0,12500.0,2025-07-21 12:34:58.581822
2025-07-21,84016,2025072104015050,SHPC,SUN SECURITIES PVT LTD,Sani Securities Company Ltd.,100,625.0,62500.0,2025-07-21 12:34:58.581998
2025-07-21,84015,2025072104015051,SHPC,Investment Management Nepal Pvt. Ltd.,Sani Securities Company Ltd.,269,625.0,168125.0,2025-07-21 12:34:58.582177
2025-07-21,83936,2025072104015085,SHPC,Property Wiard Limited,Vision Securities Pvt. Ltd,325,626.0,203450.0,2025-07-21 12:35:02.783088
2025-07-21,83922,2025072104015088,SHPC,Investment Management Nepal Pvt. Ltd.,Bhrikuti Stock Broking Co. Pvt. Ltd.,106,625.0,66250.0,2025-07-21 12:35:04.119104
2025-07-21,83853,2025072104015103,SHPC,Investment Management Nepal Pvt. Ltd.,Sani Securities Company Ltd.,25,625.0,15625.0,2025-07-21 12:35:11.790798
2025-07-21,83852,2025072104015104,SHPC,Asian Securities Private Ltd.,Sani Securities Company Ltd.,100,625.0,62500.0,2025-07-21 12:35:11.791213
2025-07-21,83851,2025072104015105,SHPC,Sagarmatha Securities Private Limited,Sani Securities Company Ltd.,500,625.0,312500.0,2025-07-21 12:35:11.791399
2025-07-21,83850,2025072104015106,SHPC,Naasa Securities Co. Ltd.,Sani Securities Company Ltd.,175,625.0,109375.0,2025-07-21 12:35:11.791578
2025-07-21,83771,2025072104015138,SHPC,Naasa Securities Co. Ltd.,Naasa Securities Co. Ltd.,25,625.0,15625.0,2025-07-21 12:35:18.218060
2025-07-21,83770,2025072104015139,SHPC,Sri Hari Securities Pvt. Ltd.,Naasa Securities Co. Ltd.,100,625.0,62500.0,2025-07-21 12:35:18.218767
2025-07-21,83769,2025072104015140,SHPC,Kohinoor Investment & Securities Pvt. Ltd.,Naasa Securities Co. Ltd.,50,625.0,31250.0,2025-07-21 12:35:18.219297
2025-07-21,83768,2025072104015141,SHPC,Investment Management Nepal Pvt. Ltd.,Naasa Securities Co. Ltd.,325,625.0,203125.0,2025-07-21 12:35:18.219848
2025-07-21,83716,2025072104015156,SHPC,Machhapuchchhre Securities Limited,Aryatara Investment & Securities,10,627.3,6273.0,2025-07-21 12:35:23.930448
2025-07-21,83497,2025072104015209,SHPC,Investment Management Nepal Pvt. Ltd.,Online Securities Pvt. Ltd.,75,625.0,46875.0,2025-07-21 12:35:49.565000
2025-07-21,83496,2025072104015210,SHPC,Midas Stock Broking Company Private Limited,Online Securities Pvt. Ltd.,335,625.0,209375.0,2025-07-21 12:35:49.565410
2025-07-21,83320,2025072104015263,SHPC,Sri Hari Securities Pvt. Ltd.,Nepal Investment And Securities Trading Private Limited,50,625.1,31255.0,2025-07-21 12:36:08.709652
2025-07-21,83197,2025072104015311,SHPC,Trisul Securities & Invt. Ltd.,Sani Securities Company Ltd.,100,625.1,62510.0,2025-07-21 12:36:23.594706
2025-07-21,83196,2025072104015312,SHPC,Midas Stock Broking Company Private Limited,Sani Securities Company Ltd.,165,625.0,103125.0,2025-07-21 12:36:23.595499
2025-07-21,83195,2025072104015313,SHPC,Sagarmatha Securities Private Limited,Sani Securities Company Ltd.,235,625.0,146875.0,2025-07-21 12:36:23.596033
2025-07-21,82956,2025072104015372,SHPC,Sagarmatha Securities Private Limited,Agrawal Securities (PVT) Ltd.,17,625.0,10625.0,2025-07-21 12:36:50.666072
2025-07-21,82597,2025072104015482,SHPC,Naasa Securities Co. Ltd.,Dipshikha Dhitopatra Karobar Co. Pvt Ltd.,20,626.0,12520.0,2025-07-21 12:37:31.806577
2025-07-21,82567,2025072104015490,SHPC,Sri Hari Securities Pvt. Ltd.,Investment Management Nepal Pvt. Ltd.,19,625.1,11876.9,2025-07-21 12:37:35.541771
2025-07-21,82566,2025072104015491,SHPC,Sagarmatha Securities Private Limited,Investment Management Nepal Pvt. Ltd.,798,625.0,498750.0,2025-07-21 12:37:35.541871
2025-07-21,82565,2025072104015492,SHPC,Bhrikuti Stock Broking Co. Pvt. Ltd.,Investment Management Nepal Pvt. Ltd.,100,625.0,62500.0,2025-07-21 12:37:35.541946
2025-07-21,82564,2025072104015493,SHPC,Bhrikuti Stock Broking Co. Pvt. Ltd.,Investment Management Nepal Pvt. Ltd.,83,625.0,51875.0,2025-07-21 12:37:35.542017
2025-07-21,82519,2025072104015509,SHPC,Bhrikuti Stock Broking Co. Pvt. Ltd.,Naasa Securities Co. Ltd.,100,625.0,62500.0,2025-07-21 12:37:42.290123
2025-07-21,81816,2025072104015703,SHPC,Bhrikuti Stock Broking Co. Pvt. Ltd.,Himalayan Securities Limited,317,625.0,198125.0,2025-07-21 12:38:55.346170
2025-07-21,81815,2025072104015704,SHPC,Shree Krishna Securities Ltd.,Himalayan Securities Limited,183,625.0,114375.0,2025-07-21 12:38:55.346628
2025-07-21,81278,2025072104015844,SHPC,Shree Krishna Securities Ltd.,Linch Stock Market Ltd.,100,625.0,62500.0,2025-07-21 12:39:48.491870
2025-07-21,81188,2025072104015870,SHPC,Naasa Securities Co. Ltd.,Online Securities Pvt. Ltd.,20,625.1,12502.0,2025-07-21 12:39:59.239226
2025-07-21,81116,2025072104015911,SHPC,Sri Hari Securities Pvt. Ltd.,Online Securities Pvt. Ltd.,69,625.1,43131.9,2025-07-21 12:40:06.019288
2025-07-21,80921,2025072104016012,SHPC,Sri Hari Securities Pvt. Ltd.,Miyo Securities Pvt Ltd,100,625.1,62510.0,2025-07-21 12:40:23.389099
2025-07-21,80798,2025072104016052,SHPC,Sri Hari Securities Pvt. Ltd.,Nepal Stock House (PVT) Ltd.,11,625.1,6876.1,2025-07-21 12:40:34.093895
2025-07-21,80797,2025072104016053,SHPC,Shree Krishna Securities Ltd.,Nepal Stock House (PVT) Ltd.,217,625.0,135625.0,2025-07-21 12:40:34.094291
2025-07-21,80796,2025072104016054,SHPC,Sundhara Securities Limited,Nepal Stock House (PVT) Ltd.,22,625.0,13750.0,2025-07-21 12:40:34.094491
2025-07-21,80440,2025072104016151,SHPC,Sundhara Securities Limited,Aryatara Investment & Securities,23,625.0,14375.0,2025-07-21 12:41:08.183101
2025-07-21,80439,2025072104016152,SHPC,Asian Securities Private Ltd.,Aryatara Investment & Securities,14,625.0,8750.0,2025-07-21 12:41:08.183979
2025-07-21,80438,2025072104016153,SHPC,Bhrikuti Stock Broking Co. Pvt. Ltd.,Aryatara Investment & Securities,53,625.0,33125.0,2025-07-21 12:41:08.184663
2025-07-21,79736,2025072104016389,SHPC,Bhrikuti Stock Broking Co. Pvt. Ltd.,Primo Securities (PVT) Ltd.,47,625.0,29375.0,2025-07-21 12:42:09.927558
2025-07-21,79735,2025072104016390,SHPC,Vision Securities Pvt. Ltd,Primo Securities (PVT) Ltd.,53,625.0,33125.0,2025-07-21 12:42:09.928046
2025-07-21,79379,2025072104016456,SHPC,Vision Securities Pvt. Ltd,Midas Stock Broking Company Private Limited,447,625.0,279375.0,2025-07-21 12:42:38.767388
2025-07-21,79378,2025072104016457,SHPC,Sundhara Securities Limited,Midas Stock Broking Company Private Limited,50,624.7,31235.0,2025-07-21 12:42:38.767852
2025-07-21,79377,2025072104016458,SHPC,Imperial Securities Company Pvt. Ltd.,Midas Stock Broking Company Private Limited,300,624.6,187380.0,2025-07-21 12:42:38.768050
2025-07-21,79376,2025072104016459,SHPC,Ashutosh Brokerage & Securities (PVT) Ltd.,Midas Stock Broking Company Private Limited,203,624.5,126773.5,2025-07-21 12:42:38.768325
2025-07-21,79354,2025072104016462,SHPC,Ashutosh Brokerage & Securities (PVT) Ltd.,Trishakti Securities Public Limited,797,624.5,497726.5,2025-07-21 12:42:40.967484
2025-07-21,79117,2025072104016518,SHPC,Sundhara Securities Limited,Sumeru Securities Pvt. Ltd.,50,624.1,31205.0,2025-07-21 12:43:05.725590
2025-07-21,79116,2025072104016519,SHPC,Hatemalo Financial Services Private Limited,Sumeru Securities Pvt. Ltd.,150,624.1,93615.0,2025-07-21 12:43:05.725635
2025-07-21,79115,2025072104016520,SHPC,Cristal Kanchanjanga Securites Pvt. Ltd.,Sumeru Securities Pvt. Ltd.,800,624.1,499280.0,2025-07-21 12:43:05.725661
2025-07-21,79057,2025072104016542,SHPC,Cristal Kanchanjanga Securites Pvt. Ltd.,Imperial Securities Company Pvt. Ltd.,200,624.1,124820.0,2025-07-21 12:43:10.499630
2025-07-21,79056,2025072104016543,SHPC,Cristal Kanchanjanga Securites Pvt. Ltd.,Imperial Securities Company Pvt. Ltd.,100,624.0,62400.0,2025-07-21 12:43:10.500092
2025-07-21,79055,2025072104016544,SHPC,Sanima Securities Limited,Imperial Securities Company Pvt. Ltd.,2000,624.0,1248000.0,2025-07-21 12:43:10.500328
2025-07-21,79054,2025072104016545,SHPC,Nabil Stock Dealer Ltd.,Imperial Securities Company Pvt. Ltd.,500,624.0,312000.0,2025-07-21 12:43:10.500535
2025-07-21,79053,2025072104016546,SHPC,Sri Hari Securities Pvt. Ltd.,Imperial Securities Company Pvt. Ltd.,100,624.0,62400.0,2025-07-21 12:43:10.500737
2025-07-21,79051,2025072104016547,SHPC,Sri Hari Securities Pvt. Ltd.,Midas Stock Broking Company Private Limited,900,624.0,561600.0,2025-07-21 12:43:10.953669
2025-07-21,78766,2025072104016604,SHPC,Vision Securities Pvt. Ltd,Vision Securities Pvt. Ltd,140,623.2,87248.0,2025-07-21 12:43:43.177751
2025-07-21,78765,2025072104016605,SHPC,Property Wiard Limited,Vision Securities Pvt. Ltd,360,623.1,224316.0,2025-07-21 12:43:43.177813
2025-07-21,78735,2025072104016613,SHPC,Naasa Securities Co. Ltd.,Primo Securities (PVT) Ltd.,20,623.9,12478.0,2025-07-21 12:43:46.242700
2025-07-21,78433,2025072104016688,SHPC,Property Wiard Limited,Dynamic Money Managers Securities Pvt. Ltd.,640,623.1,398784.0,2025-07-21 12:44:21.995939
2025-07-21,78432,2025072104016689,SHPC,Deevyaa Securities & Stock House Pvt. Ltd,Dynamic Money Managers Securities Pvt. Ltd.,50,623.0,31150.0,2025-07-21 12:44:21.996387
2025-07-21,78431,2025072104016690,SHPC,Secured Securities Ltd.,Dynamic Money Managers Securities Pvt. Ltd.,2922,623.0,1820406.0,2025-07-21 12:44:21.996594
2025-07-21,78325,2025072104016728,SHPC,Property Wiard Limited,Primo Securities (PVT) Ltd.,80,623.9,49912.0,2025-07-21 12:44:30.759770
2025-07-21,78324,2025072104016729,SHPC,Property Wiard Limited,Midas Stock Broking Company Private Limited,1900,624.0,1185600.0,2025-07-21 12:44:30.760619
2025-07-21,78323,2025072104016730,SHPC,Property Wiard Limited,Infinity Securities Limited,821,624.0,512304.0,2025-07-21 12:44:30.761183
2025-07-21,78322,2025072104016731,SHPC,Property Wiard Limited,Aryatara Investment & Securities,199,624.0,124176.0,2025-07-21 12:44:30.761744
2025-07-21,78033,2025072104016817,SHPC,Naasa Securities Co. Ltd.,Aryatara Investment & Securities,20,624.0,12480.0,2025-07-21 12:45:02.138243
2025-07-21,77925,2025072104016846,SHPC,Kumari Securities Private Limited,Aryatara Investment & Securities,151,624.0,94224.0,2025-07-21 12:45:09.674849
2025-07-21,77924,2025072104016847,SHPC,Kumari Securities Private Limited,Nepal Stock House (PVT) Ltd.,20,624.0,12480.0,2025-07-21 12:45:09.675334
2025-07-21,77834,2025072104016868,SHPC,Bhrikuti Stock Broking Co. Pvt. Ltd.,Dipshikha Dhitopatra Karobar Co. Pvt Ltd.,100,623.1,62310.0,2025-07-21 12:45:18.269446
2025-07-21,77833,2025072104016869,SHPC,Secured Securities Ltd.,Dipshikha Dhitopatra Karobar Co. Pvt Ltd.,400,623.0,249200.0,2025-07-21 12:45:18.269858
2025-07-21,77583,2025072104016935,SHPC,Secured Securities Ltd.,Trishakti Securities Public Limited,203,623.0,126469.0,2025-07-21 12:45:41.772422
2025-07-21,77568,2025072104016937,SHPC,Naasa Securities Co. Ltd.,Nepal Stock House (PVT) Ltd.,20,624.0,12480.0,2025-07-21 12:45:43.627419
2025-07-21,77304,2025072104017028,SHPC,Swarna Laxmi Securities Pvt. Ltd.,Nepal Stock House (PVT) Ltd.,100,623.1,62310.0,2025-07-21 12:46:00.660105
2025-07-21,77303,2025072104017029,SHPC,Secured Securities Ltd.,Nepal Stock House (PVT) Ltd.,150,623.0,93450.0,2025-07-21 12:46:00.660548
2025-07-21,77212,2025072104017041,SHPC,Vision Securities Pvt. Ltd,Nepal Stock House (PVT) Ltd.,60,624.0,37440.0,2025-07-21 12:46:09.279383
2025-07-21,77211,2025072104017042,SHPC,Vision Securities Pvt. Ltd,Bhrikuti Stock Broking Co. Pvt. Ltd.,40,624.0,24960.0,2025-07-21 12:46:09.280295
2025-07-21,77112,2025072104017062,SHPC,Vision Securities Pvt. Ltd,Bhrikuti Stock Broking Co. Pvt. Ltd.,10,624.0,6240.0,2025-07-21 12:46:17.368502
2025-07-21,76949,2025072104017125,SHPC,Naasa Securities Co. Ltd.,Bhrikuti Stock Broking Co. Pvt. Ltd.,100,624.0,62400.0,2025-07-21 12:46:33.180909
2025-07-21,76948,2025072104017126,SHPC,Naasa Securities Co. Ltd.,Sani Securities Company Ltd.,185,625.0,115625.0,2025-07-21 12:46:33.181432
2025-07-21,76947,2025072104017127,SHPC,Naasa Securities Co. Ltd.,KALASH STOCK MARKET PVT. LTD.,100,625.0,62500.0,2025-07-21 12:46:33.181637
2025-07-21,76946,2025072104017128,SHPC,Naasa Securities Co. Ltd.,Dipshikha Dhitopatra Karobar Co. Pvt Ltd.,382,626.0,239132.0,2025-07-21 12:46:33.181848
2025-07-21,76945,2025072104017129,SHPC,Naasa Securities Co. Ltd.,Nepal Stock House (PVT) Ltd.,50,626.0,31300.0,2025-07-21 12:46:33.182046
2025-07-21,76944,2025072104017130,SHPC,Naasa Securities Co. Ltd.,Miyo Securities Pvt Ltd,183,626.0,114558.0,2025-07-21 12:46:33.182253
2025-07-21,76563,2025072104017229,SHPC,Kohinoor Investment & Securities Pvt. Ltd.,Miyo Securities Pvt Ltd,150,626.0,93900.0,2025-07-21 12:47:07.366679
2025-07-21,75555,2025072104017521,SHPC,Nagarik Stock Dealer ,Imperial Securities Company Pvt. Ltd.,138,624.1,86125.8,2025-07-21 12:48:53.954188
2025-07-21,75554,2025072104017522,SHPC,Premier Securities Company Ltd.,Imperial Securities Company Pvt. Ltd.,100,624.1,62410.0,2025-07-21 12:48:53.954638
2025-07-21,75553,2025072104017523,SHPC,Vision Securities Pvt. Ltd,Imperial Securities Company Pvt. Ltd.,500,624.0,312000.0,2025-07-21 12:48:53.954851
2025-07-21,75552,2025072104017524,SHPC,Nabil Stock Dealer Ltd.,Imperial Securities Company Pvt. Ltd.,4262,624.0,2659488.0,2025-07-21 12:48:53.955047
2025-07-21,75286,2025072104017584,SHPC,Vision Securities Pvt. Ltd,Sharepro Securities Private Limited,50,624.5,31225.0,2025-07-21 12:49:27.300797
2025-07-21,75016,2025072104017657,SHPC,Vision Securities Pvt. Ltd,Imperial Securities Company Pvt. Ltd.,450,624.5,281025.0,2025-07-21 12:49:51.238934
2025-07-21,75015,2025072104017658,SHPC,Midas Stock Broking Company Private Limited,Imperial Securities Company Pvt. Ltd.,400,624.1,249640.0,2025-07-21 12:49:51.239405
2025-07-21,75014,2025072104017659,SHPC,Nabil Stock Dealer Ltd.,Imperial Securities Company Pvt. Ltd.,150,624.0,93600.0,2025-07-21 12:49:51.239625
2025-07-21,74154,2025072104017969,SHPC,Linch Stock Market Ltd.,Naasa Securities Co. Ltd.,100,625.0,62500.0,2025-07-21 12:51:00.224300
2025-07-21,74153,2025072104017970,SHPC,Linch Stock Market Ltd.,INDEX SECURITIES LIMITED,600,625.0,375000.0,2025-07-21 12:51:00.224721
2025-07-21,73888,2025072104018058,SHPC,Vision Securities Pvt. Ltd,Miyo Securities Pvt Ltd,50,624.2,31210.0,2025-07-21 12:51:29.637755
2025-07-21,73887,2025072104018059,SHPC,Sani Securities Company Ltd.,Miyo Securities Pvt Ltd,30,624.1,18723.0,2025-07-21 12:51:29.638199
2025-07-21,73886,2025072104018060,SHPC,Nabil Stock Dealer Ltd.,Miyo Securities Pvt Ltd,170,624.0,106080.0,2025-07-21 12:51:29.638404
2025-07-21,73758,2025072104018089,SHPC,Nabil Stock Dealer Ltd.,J.F. Securites (PVT) Ltd.,242,624.0,151008.0,2025-07-21 12:51:41.239518
2025-07-21,73561,2025072104018123,SHPC,Vision Securities Pvt. Ltd,Hatemalo Financial Services Private Limited,200,624.5,124900.0,2025-07-21 12:52:01.103725
2025-07-21,73372,2025072104018164,SHPC,Aryatara Investment & Securities,INDEX SECURITIES LIMITED,10,625.0,6250.0,2025-07-21 12:52:24.178975
2025-07-21,73371,2025072104018165,SHPC,Aryatara Investment & Securities,Aakashbhairab Securities Ltd.,10,625.0,6250.0,2025-07-21 12:52:24.179444
2025-07-21,73104,2025072104018234,SHPC,Vision Securities Pvt. Ltd,Online Securities Pvt. Ltd.,11,624.9,6873.9,2025-07-21 12:53:01.501469
2025-07-21,73008,2025072104018261,SHPC,Ashutosh Brokerage & Securities (PVT) Ltd.,Online Securities Pvt. Ltd.,24,624.9,14997.6,2025-07-21 12:53:14.755257
2025-07-21,73007,2025072104018262,SHPC,Ashutosh Brokerage & Securities (PVT) Ltd.,Aakashbhairab Securities Ltd.,176,625.0,110000.0,2025-07-21 12:53:14.755718
