Date,S.N.,Contract ID,Symbol,Buyer Broker,Seller Broker,quantity,rate,amount,transaction_time
2025-08-04,147698,2025080401001044,ADBL,Trisul Securities & Invt. Ltd.,Naasa Securities Co. Ltd.,11,322.0,3542.0,2025-08-04 11:01:58.177056
2025-08-04,144909,2025080401003160,ADBL,Swarna Laxmi Securities Pvt. Ltd.,Sani Securities Company Ltd.,33,323.1,10662.3,2025-08-04 11:04:27.615067
2025-08-04,138037,2025080401008228,ADBL,KALASH STOCK MARKET PVT. LTD.,Kumari Securities Private Limited,60,325.2,19512.0,2025-08-04 11:10:08.408413
2025-08-04,131662,2025080401012565,ADBL,Sewa Securities Pvt. Ltd.,Ashutosh Brokerage & Securities (PVT) Ltd.,50,325.4,16270.0,2025-08-04 11:14:59.855061
2025-08-04,131661,2025080401012566,ADBL,Swarna Laxmi Securities Pvt. Ltd.,Ashutosh Brokerage & Securities (PVT) Ltd.,525,325.4,170835.0,2025-08-04 11:14:59.855267
2025-08-04,131660,2025080401012567,ADBL,Kumari Securities Private Limited,Ashutosh Brokerage & Securities (PVT) Ltd.,425,325.3,138252.5,2025-08-04 11:14:59.855402
2025-08-04,131120,2025080401012990,ADBL,Kumari Securities Private Limited,Kumari Securities Private Limited,75,325.3,24397.5,2025-08-04 11:15:25.709458
2025-08-04,129967,2025080401013878,ADBL,KALASH STOCK MARKET PVT. LTD.,Sani Securities Company Ltd.,40,325.2,13008.0,2025-08-04 11:16:22.721068
2025-08-04,129966,2025080401013879,ADBL,Online Securities Pvt. Ltd.,Sani Securities Company Ltd.,45,325.2,14634.0,2025-08-04 11:16:22.721147
2025-08-04,129965,2025080401013880,ADBL,Aryatara Investment & Securities,Sani Securities Company Ltd.,18,325.0,5850.0,2025-08-04 11:16:22.721191
2025-08-04,128669,2025080401014844,ADBL,Online Securities Pvt. Ltd.,Agrawal Securities (PVT) Ltd.,84,325.3,27325.2,2025-08-04 11:17:29.538166
2025-08-04,127217,2025080401015960,ADBL,Online Securities Pvt. Ltd.,Premier Securities Company Ltd.,16,325.5,5208.0,2025-08-04 11:18:41.059938
2025-08-04,126303,2025080401016615,ADBL,Aryatara Investment & Securities,Dipshikha Dhitopatra Karobar Co. Pvt Ltd.,82,325.3,26674.6,2025-08-04 11:19:35.000966
2025-08-04,126302,2025080401016616,ADBL,South Asian Bulls Pvt. Ltd.,Dipshikha Dhitopatra Karobar Co. Pvt Ltd.,18,325.3,5855.4,2025-08-04 11:19:35.001157
2025-08-04,126257,2025080401016661,ADBL,Aryatara Investment & Securities,Premier Securities Company Ltd.,20,325.4,6508.0,2025-08-04 11:19:35.573528
2025-08-04,125073,2025080401017527,ADBL,Investment Management Nepal Pvt. Ltd.,Premier Securities Company Ltd.,30,325.4,9762.0,2025-08-04 11:20:47.857856
2025-08-04,124908,2025080401017666,ADBL,Naasa Securities Co. Ltd.,Premier Securities Company Ltd.,62,325.4,20174.8,2025-08-04 11:20:58.736239
2025-08-04,124854,2025080401017707,ADBL,Naasa Securities Co. Ltd.,Imperial Securities Company Pvt. Ltd.,10,325.4,3254.0,2025-08-04 11:21:02.513130
2025-08-04,123957,2025080401018393,ADBL,South Asian Bulls Pvt. Ltd.,Imperial Securities Company Pvt. Ltd.,76,325.3,24722.8,2025-08-04 11:21:53.676597
2025-08-04,123617,2025080401018629,ADBL,Imperial Securities Company Pvt. Ltd.,Aryatara Investment & Securities,150,325.0,48750.0,2025-08-04 11:22:11.637361
2025-08-04,123616,2025080401018630,ADBL,Linch Stock Market Ltd.,Aryatara Investment & Securities,26,325.0,8450.0,2025-08-04 11:22:11.637442
2025-08-04,123328,2025080401018880,ADBL,Linch Stock Market Ltd.,Imperial Securities Company Pvt. Ltd.,10,325.0,3250.0,2025-08-04 11:22:20.236296
2025-08-04,123111,2025080401019048,ADBL,K.B.L. Securities Limited ,Neev Securities Pvt. Ltd.,176,326.0,57376.0,2025-08-04 11:22:34.919964
2025-08-04,123110,2025080401019049,ADBL,K.B.L. Securities Limited ,Dakshinkali Investment & Securities Pvt. Ltd.,126,326.0,41076.0,2025-08-04 11:22:34.920161
2025-08-04,122250,2025080401019688,ADBL,Trishakti Securities Public Limited,Dakshinkali Investment & Securities Pvt. Ltd.,74,326.0,24124.0,2025-08-04 11:23:25.607070
2025-08-04,121862,2025080401019954,ADBL,Naasa Securities Co. Ltd.,Oxford Securities Pvt. Ltd.,89,325.1,28933.9,2025-08-04 11:23:49.046087
2025-08-04,120933,2025080401020621,ADBL,Trishakti Securities Public Limited,Aryatara Investment & Securities,10,329.0,3290.0,2025-08-04 11:24:45.492934
2025-08-04,119043,2025080401022074,ADBL,Linch Stock Market Ltd.,Dipshikha Dhitopatra Karobar Co. Pvt Ltd.,14,325.0,4550.0,2025-08-04 11:26:36.048287
2025-08-04,119042,2025080401022075,ADBL,Online Securities Pvt. Ltd.,Dipshikha Dhitopatra Karobar Co. Pvt Ltd.,30,325.0,9750.0,2025-08-04 11:26:36.048318
2025-08-04,113158,2025080401026287,ADBL,Trisul Securities & Invt. Ltd.,Imperial Securities Company Pvt. Ltd.,130,326.0,42380.0,2025-08-04 11:32:39.376722
2025-08-04,113157,2025080401026288,ADBL,Trisul Securities & Invt. Ltd.,Aryatara Investment & Securities,210,328.0,68880.0,2025-08-04 11:32:39.376941
2025-08-04,111796,2025080401027338,ADBL,Midas Stock Broking Company Private Limited,ABC Securities Private Limited,60,327.0,19620.0,2025-08-04 11:33:49.047527
2025-08-04,111795,2025080401027339,ADBL,Midas Stock Broking Company Private Limited,Aryatara Investment & Securities,140,328.0,45920.0,2025-08-04 11:33:49.047772
2025-08-04,107235,2025080401030833,ADBL,Premier Securities Company Ltd.,Aryatara Investment & Securities,14,328.0,4592.0,2025-08-04 11:38:00.063980
2025-08-04,105113,2025080401032426,ADBL,Sagarmatha Securities Private Limited,Aryatara Investment & Securities,10,328.0,3280.0,2025-08-04 11:39:34.720223
2025-08-04,104316,2025080401032978,ADBL,Sweta Securities Private Limited,Aryatara Investment & Securities,150,328.0,49200.0,2025-08-04 11:40:33.966998
2025-08-04,103706,2025080401033332,ADBL,Secured Securities Ltd.,Aryatara Investment & Securities,20,328.0,6560.0,2025-08-04 11:41:26.124172
2025-08-04,102523,2025080401033993,ADBL,Dipshikha Dhitopatra Karobar Co. Pvt Ltd.,Dakshinkali Investment & Securities Pvt. Ltd.,16,328.0,5248.0,2025-08-04 11:43:20.755081
2025-08-04,102522,2025080401033994,ADBL,Dipshikha Dhitopatra Karobar Co. Pvt Ltd.,Kumari Securities Private Limited,84,328.0,27552.0,2025-08-04 11:43:20.755188
2025-08-04,101994,2025080401034276,ADBL,Primo Securities (PVT) Ltd.,Nepal Investment And Securities Trading Private Limited,29,327.0,9483.0,2025-08-04 11:44:14.210110
2025-08-04,100818,2025080401034953,ADBL,Vision Securities Pvt. Ltd,Naasa Securities Co. Ltd.,407,326.0,132682.0,2025-08-04 11:46:03.607894
2025-08-04,99591,2025080401035628,ADBL,Vision Securities Pvt. Ltd,Aryatara Investment & Securities,372,326.0,121272.0,2025-08-04 11:47:39.163095
2025-08-04,97968,2025080401036432,ADBL,Vision Securities Pvt. Ltd,Vision Securities Pvt. Ltd,221,326.0,72046.0,2025-08-04 11:50:27.013664
2025-08-04,97967,2025080401036433,ADBL,Online Securities Pvt. Ltd.,Vision Securities Pvt. Ltd,20,326.0,6520.0,2025-08-04 11:50:27.013775
2025-08-04,97731,2025080401036545,ADBL,Dipshikha Dhitopatra Karobar Co. Pvt Ltd.,Deevyaa Securities & Stock House Pvt. Ltd,100,325.3,32530.0,2025-08-04 11:50:43.899920
2025-08-04,97730,2025080401036546,ADBL,Aryatara Investment & Securities,Deevyaa Securities & Stock House Pvt. Ltd,28,325.3,9108.4,2025-08-04 11:50:43.899956
2025-08-04,97692,2025080401036562,ADBL,Naasa Securities Co. Ltd.,Vision Securities Pvt. Ltd,200,326.0,65200.0,2025-08-04 11:50:48.834001
2025-08-04,97411,2025080401036720,ADBL,Aryatara Investment & Securities,Vision Securities Pvt. Ltd,99,325.3,32204.7,2025-08-04 11:51:15.669227
2025-08-04,97333,2025080401036745,ADBL,Aryatara Investment & Securities,Imperial Securities Company Pvt. Ltd.,10,325.3,3253.0,2025-08-04 11:51:25.391152
2025-08-04,97173,2025080401036812,ADBL,Aryatara Investment & Securities,Miyo Securities Pvt Ltd,100,325.3,32530.0,2025-08-04 11:51:41.794713
2025-08-04,95691,2025080401037605,ADBL,Capital Hub P. Ltd,Linch Stock Market Ltd.,355,327.0,116085.0,2025-08-04 11:54:29.161173
2025-08-04,95690,2025080401037606,ADBL,Capital Hub P. Ltd,Neev Securities Pvt. Ltd.,300,327.9,98370.0,2025-08-04 11:54:29.161294
2025-08-04,95689,2025080401037607,ADBL,Capital Hub P. Ltd,Kumari Securities Private Limited,66,328.0,21648.0,2025-08-04 11:54:29.161347
2025-08-04,95688,2025080401037608,ADBL,Capital Hub P. Ltd,Global IME Securities Limited,50,328.0,16400.0,2025-08-04 11:54:29.161402
2025-08-04,95687,2025080401037609,ADBL,Capital Hub P. Ltd,Midas Stock Broking Company Private Limited,25,328.0,8200.0,2025-08-04 11:54:29.161454
2025-08-04,95581,2025080401037662,ADBL,Capital Hub P. Ltd,SHUBHAKAMANA SECURITIES PVT. LTD,51,326.1,16631.1,2025-08-04 11:54:42.189734
2025-08-04,94436,2025080401038247,ADBL,Capital Hub P. Ltd,Asian Securities Private Ltd.,500,326.1,163050.0,2025-08-04 11:57:13.824851
2025-08-04,94067,2025080401038433,ADBL,Naasa Securities Co. Ltd.,Deevyaa Securities & Stock House Pvt. Ltd,200,327.0,65400.0,2025-08-04 11:57:58.641325
2025-08-04,93626,2025080401038618,ADBL,Capital Hub P. Ltd,Sharepro Securities Private Limited,96,326.1,31305.6,2025-08-04 11:59:00.243460
2025-08-04,93240,2025080401038850,ADBL,Cristal Kanchanjanga Securites Pvt. Ltd.,Deevyaa Securities & Stock House Pvt. Ltd,1200,327.0,392400.0,2025-08-04 11:59:37.668976
2025-08-04,93239,2025080401038851,ADBL,Cristal Kanchanjanga Securites Pvt. Ltd.,Sani Securities Company Ltd.,50,327.0,16350.0,2025-08-04 11:59:37.669107
2025-08-04,92129,2025080401039303,ADBL,Sani Securities Company Ltd.,Midas Stock Broking Company Private Limited,10,327.0,3270.0,2025-08-04 12:01:43.754052
2025-08-04,91904,2025080401039415,ADBL,Sani Securities Company Ltd.,ABC Securities Private Limited,234,327.0,76518.0,2025-08-04 12:02:02.601892
2025-08-04,91770,2025080401039508,ADBL,Sani Securities Company Ltd.,Kumari Securities Private Limited,162,327.0,52974.0,2025-08-04 12:02:11.037327
2025-08-04,91179,2025080401039812,ADBL,Sani Securities Company Ltd.,Sweta Securities Private Limited,165,327.0,53955.0,2025-08-04 12:03:20.680470
2025-08-04,91032,2025080401039855,ADBL,Sani Securities Company Ltd.,Elite Stock House Limited,54,327.0,17658.0,2025-08-04 12:03:36.865860
2025-08-04,90970,2025080401039871,ADBL,Sani Securities Company Ltd.,Primo Securities (PVT) Ltd.,45,327.0,14715.0,2025-08-04 12:03:43.430237
2025-08-04,90738,2025080401039961,ADBL,Sani Securities Company Ltd.,Hatemalo Financial Services Private Limited,150,327.0,49050.0,2025-08-04 12:04:15.975765
2025-08-04,88606,2025080401040857,ADBL,Sani Securities Company Ltd.,Aryatara Investment & Securities,62,327.0,20274.0,2025-08-04 12:07:30.055222
2025-08-04,88574,2025080401040873,ADBL,Sani Securities Company Ltd.,Swarna Laxmi Securities Pvt. Ltd.,118,327.0,38586.0,2025-08-04 12:07:32.190577
2025-08-04,88573,2025080401040874,ADBL,Online Securities Pvt. Ltd.,Swarna Laxmi Securities Pvt. Ltd.,1882,327.0,615414.0,2025-08-04 12:07:32.190735
2025-08-04,88536,2025080401040892,ADBL,Online Securities Pvt. Ltd.,Global IME Securities Limited,118,327.0,38586.0,2025-08-04 12:07:36.921744
2025-08-04,85910,2025080401041900,ADBL,Imperial Securities Company Pvt. Ltd.,Cristal Kanchanjanga Securites Pvt. Ltd.,530,326.3,172939.0,2025-08-04 12:11:30.636854
2025-08-04,85825,2025080401041932,ADBL,Imperial Securities Company Pvt. Ltd.,Global IME Securities Limited,382,326.3,124646.6,2025-08-04 12:11:43.691664
2025-08-04,85226,2025080401042198,ADBL,Imperial Securities Company Pvt. Ltd.,Investment Management Nepal Pvt. Ltd.,88,326.3,28714.4,2025-08-04 12:12:28.630097
2025-08-04,85225,2025080401042199,ADBL,Cristal Kanchanjanga Securites Pvt. Ltd.,Investment Management Nepal Pvt. Ltd.,332,326.2,108298.4,2025-08-04 12:12:28.630399
2025-08-04,84714,2025080401042415,ADBL,Cristal Kanchanjanga Securites Pvt. Ltd.,Trishakti Securities Public Limited,100,326.2,32620.0,2025-08-04 12:13:13.670187
2025-08-04,84319,2025080401042560,ADBL,Cristal Kanchanjanga Securites Pvt. Ltd.,Online Securities Pvt. Ltd.,500,326.2,163100.0,2025-08-04 12:13:46.195297
2025-08-04,84150,2025080401042613,ADBL,Cristal Kanchanjanga Securites Pvt. Ltd.,Primo Securities (PVT) Ltd.,315,326.2,102753.0,2025-08-04 12:14:02.156201
2025-08-04,84062,2025080401042632,ADBL,Vision Securities Pvt. Ltd,Aryatara Investment & Securities,20,326.9,6538.0,2025-08-04 12:14:10.778365
2025-08-04,83011,2025080401042996,ADBL,Primo Securities (PVT) Ltd.,Aryatara Investment & Securities,120,326.9,39228.0,2025-08-04 12:15:47.097997
2025-08-04,81853,2025080401043468,ADBL,Primo Securities (PVT) Ltd.,Asian Securities Private Ltd.,40,326.3,13052.0,2025-08-04 12:17:28.170328
2025-08-04,80432,2025080401044047,ADBL,Primo Securities (PVT) Ltd.,Swarna Laxmi Securities Pvt. Ltd.,120,326.3,39156.0,2025-08-04 12:19:48.079627
2025-08-04,80431,2025080401044048,ADBL,Cristal Kanchanjanga Securites Pvt. Ltd.,Swarna Laxmi Securities Pvt. Ltd.,880,326.2,287056.0,2025-08-04 12:19:48.079746
2025-08-04,79951,2025080401044366,ADBL,Cristal Kanchanjanga Securites Pvt. Ltd.,KALASH STOCK MARKET PVT. LTD.,110,326.2,35882.0,2025-08-04 12:20:17.668358
2025-08-04,79718,2025080401044477,ADBL,Cristal Kanchanjanga Securites Pvt. Ltd.,Agrawal Securities (PVT) Ltd.,87,326.2,28379.4,2025-08-04 12:20:42.183777
2025-08-04,79370,2025080401044576,ADBL,Cristal Kanchanjanga Securites Pvt. Ltd.,Ashutosh Brokerage & Securities (PVT) Ltd.,1300,326.2,424060.0,2025-08-04 12:21:25.604726
2025-08-04,78815,2025080401044803,ADBL,Cristal Kanchanjanga Securites Pvt. Ltd.,Sundhara Securities Limited,60,326.2,19572.0,2025-08-04 12:22:32.129929
2025-08-04,78336,2025080401045010,ADBL,Siprabi Securities Pvt. Ltd.,Naasa Securities Co. Ltd.,50,326.3,16315.0,2025-08-04 12:23:31.459083
2025-08-04,77821,2025080401045210,ADBL,Cristal Kanchanjanga Securites Pvt. Ltd.,ABC Securities Private Limited,12,326.2,3914.4,2025-08-04 12:24:17.438767
2025-08-04,77654,2025080401045278,ADBL,Cristal Kanchanjanga Securites Pvt. Ltd.,Naasa Securities Co. Ltd.,50,326.2,16310.0,2025-08-04 12:24:35.199210
2025-08-04,77372,2025080401045386,ADBL,Imperial Securities Company Pvt. Ltd.,Market Securities & Exchange (PVT) Ltd.,100,326.2,32620.0,2025-08-04 12:25:03.881936
2025-08-04,76559,2025080401045729,ADBL,Cristal Kanchanjanga Securites Pvt. Ltd.,Sri Hari Securities Pvt. Ltd.,14,326.5,4571.0,2025-08-04 12:26:35.469871
2025-08-04,76482,2025080401045768,ADBL,Oxford Securities Pvt. Ltd.,Swarna Laxmi Securities Pvt. Ltd.,2000,326.3,652600.0,2025-08-04 12:26:50.144337
2025-08-04,76295,2025080401045831,ADBL,Property Wiard Limited,Thrive Brokerage House Pvt. Ltd,489,326.3,159560.7,2025-08-04 12:27:11.238741
2025-08-04,76260,2025080401045865,ADBL,Property Wiard Limited,Primo Securities (PVT) Ltd.,511,326.3,166739.3,2025-08-04 12:27:12.701478
2025-08-04,76259,2025080401045866,ADBL,Imperial Securities Company Pvt. Ltd.,Primo Securities (PVT) Ltd.,6900,326.2,2250780.0,2025-08-04 12:27:12.701635
2025-08-04,76258,2025080401045867,ADBL,Capital Hub P. Ltd,Primo Securities (PVT) Ltd.,1353,326.1,441213.3,2025-08-04 12:27:12.701701
2025-08-04,76257,2025080401045868,ADBL,Dynamic Money Managers Securities Pvt. Ltd.,Primo Securities (PVT) Ltd.,11292,326.1,3682321.2,2025-08-04 12:27:12.701764
2025-08-04,75841,2025080401046029,ADBL,Dynamic Money Managers Securities Pvt. Ltd.,ABC Securities Private Limited,500,326.1,163050.0,2025-08-04 12:27:51.921019
2025-08-04,75457,2025080401046187,ADBL,Kohinoor Investment & Securities Pvt. Ltd.,Kalika Securities Pvt. Ltd.,111,326.3,36219.3,2025-08-04 12:28:28.475865
2025-08-04,75357,2025080401046227,ADBL,Dynamic Money Managers Securities Pvt. Ltd.,Nepal Stock House (PVT) Ltd.,100,326.1,32610.0,2025-08-04 12:28:38.864190
2025-08-04,75264,2025080401046257,ADBL,Dynamic Money Managers Securities Pvt. Ltd.,Online Securities Pvt. Ltd.,70,326.1,22827.0,2025-08-04 12:28:48.214128
2025-08-04,75174,2025080401046301,ADBL,Dynamic Money Managers Securities Pvt. Ltd.,Global IME Securities Limited,500,326.1,163050.0,2025-08-04 12:28:56.707787
2025-08-04,74974,2025080401046372,ADBL,Dynamic Money Managers Securities Pvt. Ltd.,Sani Securities Company Ltd.,10,326.1,3261.0,2025-08-04 12:29:14.278418
2025-08-04,73256,2025080401047194,ADBL,Oxford Securities Pvt. Ltd.,Midas Stock Broking Company Private Limited,165,326.2,53823.0,2025-08-04 12:31:41.508288
2025-08-04,73218,2025080401047212,ADBL,Trishakti Securities Public Limited,Sri Hari Securities Pvt. Ltd.,16,326.5,5224.0,2025-08-04 12:31:45.540327
2025-08-04,73217,2025080401047213,ADBL,Trishakti Securities Public Limited,Sweta Securities Private Limited,200,326.5,65300.0,2025-08-04 12:31:45.540370
2025-08-04,71866,2025080401047827,ADBL,Dynamic Money Managers Securities Pvt. Ltd.,Capital Hub P. Ltd,10,326.1,3261.0,2025-08-04 12:34:10.734285
2025-08-04,71667,2025080401047923,ADBL,Dynamic Money Managers Securities Pvt. Ltd.,Linch Stock Market Ltd.,200,326.1,65220.0,2025-08-04 12:34:30.380263
2025-08-04,71250,2025080401048129,ADBL,Dynamic Money Managers Securities Pvt. Ltd.,Naasa Securities Co. Ltd.,10,326.1,3261.0,2025-08-04 12:35:09.737147
2025-08-04,71128,2025080401048168,ADBL,Dynamic Money Managers Securities Pvt. Ltd.,Imperial Securities Company Pvt. Ltd.,171,326.1,55763.1,2025-08-04 12:35:20.329420
2025-08-04,69513,2025080401048903,ADBL,Dynamic Money Managers Securities Pvt. Ltd.,Sundhara Securities Limited,10,326.1,3261.0,2025-08-04 12:38:12.326863
2025-08-04,69369,2025080401048961,ADBL,Dynamic Money Managers Securities Pvt. Ltd.,Sumeru Securities Pvt. Ltd.,263,326.1,85764.3,2025-08-04 12:38:27.448709
2025-08-04,69362,2025080401048964,ADBL,Capital Hub P. Ltd,Nepal Stock House (PVT) Ltd.,69,326.9,22556.1,2025-08-04 12:38:28.471647
2025-08-04,69361,2025080401048965,ADBL,Capital Hub P. Ltd,Vision Securities Pvt. Ltd,30,327.0,9810.0,2025-08-04 12:38:28.471807
2025-08-04,69360,2025080401048966,ADBL,Capital Hub P. Ltd,Vision Securities Pvt. Ltd,86,327.0,28122.0,2025-08-04 12:38:28.471875
2025-08-04,69359,2025080401048967,ADBL,Capital Hub P. Ltd,Online Securities Pvt. Ltd.,51,327.0,16677.0,2025-08-04 12:38:28.471934
2025-08-04,69358,2025080401048968,ADBL,Capital Hub P. Ltd,Sani Securities Company Ltd.,103,327.0,33681.0,2025-08-04 12:38:28.471991
2025-08-04,69357,2025080401048969,ADBL,Capital Hub P. Ltd,Trishakti Securities Public Limited,150,327.0,49050.0,2025-08-04 12:38:28.472054
2025-08-04,69356,2025080401048970,ADBL,Capital Hub P. Ltd,Dipshikha Dhitopatra Karobar Co. Pvt Ltd.,11,328.0,3608.0,2025-08-04 12:38:28.472114
2025-08-04,67605,2025080401049748,ADBL,Vision Securities Pvt. Ltd,Midas Stock Broking Company Private Limited,10,327.9,3279.0,2025-08-04 12:42:19.912176
2025-08-04,65842,2025080401050496,ADBL,Dynamic Money Managers Securities Pvt. Ltd.,Property Wiard Limited,1098,326.1,358057.8,2025-08-04 12:46:28.050498
2025-08-04,65701,2025080401050538,ADBL,Dynamic Money Managers Securities Pvt. Ltd.,Thrive Brokerage House Pvt. Ltd,500,326.1,163050.0,2025-08-04 12:46:51.286967
2025-08-04,64953,2025080401050812,ADBL,Dynamic Money Managers Securities Pvt. Ltd.,South Asian Bulls Pvt. Ltd.,63,326.1,20544.3,2025-08-04 12:48:51.600324
2025-08-04,64433,2025080401051022,ADBL,Naasa Securities Co. Ltd.,Ashutosh Brokerage & Securities (PVT) Ltd.,25,327.0,8175.0,2025-08-04 12:50:27.292842
2025-08-04,64432,2025080401051023,ADBL,Dynamic Money Managers Securities Pvt. Ltd.,Ashutosh Brokerage & Securities (PVT) Ltd.,75,326.1,24457.5,2025-08-04 12:50:27.292981
2025-08-04,64119,2025080401051143,ADBL,Dynamic Money Managers Securities Pvt. Ltd.,Naasa Securities Co. Ltd.,31,326.1,10109.1,2025-08-04 12:51:22.575191
2025-08-04,63960,2025080401051215,ADBL,Dynamic Money Managers Securities Pvt. Ltd.,Naasa Securities Co. Ltd.,31,326.1,10109.1,2025-08-04 12:51:55.124271
2025-08-04,63339,2025080401051494,ADBL,Dynamic Money Managers Securities Pvt. Ltd.,Oxford Securities Pvt. Ltd.,600,326.1,195660.0,2025-08-04 12:53:44.264376
2025-08-04,62826,2025080401051715,ADBL,Dynamic Money Managers Securities Pvt. Ltd.,Sundhara Securities Limited,256,326.1,83481.6,2025-08-04 12:55:02.325614
2025-08-04,62119,2025080401051941,ADBL,Dynamic Money Managers Securities Pvt. Ltd.,Sri Hari Securities Pvt. Ltd.,102,326.1,33262.2,2025-08-04 12:56:29.514498
2025-08-04,61080,2025080401052350,ADBL,Primo Securities (PVT) Ltd.,Creative Securities Pvt Ltd,40,327.0,13080.0,2025-08-04 12:58:34.958864
2025-08-04,60558,2025080401052499,ADBL,Primo Securities (PVT) Ltd.,Dipshikha Dhitopatra Karobar Co. Pvt Ltd.,16,327.0,5232.0,2025-08-04 12:59:38.791248
2025-08-04,58864,2025080401053069,ADBL,Dynamic Money Managers Securities Pvt. Ltd.,Creative Securities Pvt Ltd,630,326.1,205443.0,2025-08-04 13:03:07.439194
2025-08-04,56844,2025080401053799,ADBL,Naasa Securities Co. Ltd.,Shree Krishna Securities Ltd.,10,326.0,3260.0,2025-08-04 13:07:14.993236
2025-08-04,56829,2025080401053806,ADBL,Sundhara Securities Limited,Deevyaa Securities & Stock House Pvt. Ltd,30,326.0,9780.0,2025-08-04 13:07:16.781454
2025-08-04,56566,2025080401053875,ADBL,Sundhara Securities Limited,Kalika Securities Pvt. Ltd.,44,326.0,14344.0,2025-08-04 13:07:34.891695
2025-08-04,56565,2025080401053876,ADBL,Online Securities Pvt. Ltd.,Kalika Securities Pvt. Ltd.,63,326.0,20538.0,2025-08-04 13:07:34.891887
2025-08-04,55233,2025080401054377,ADBL,Market Securities & Exchange (PVT) Ltd.,Sundhara Securities Limited,96,326.5,31344.0,2025-08-04 13:10:06.308304
2025-08-04,55049,2025080401054428,ADBL,Market Securities & Exchange (PVT) Ltd.,Online Securities Pvt. Ltd.,25,326.5,8162.5,2025-08-04 13:10:27.089755
2025-08-04,53828,2025080401054811,ADBL,Market Securities & Exchange (PVT) Ltd.,Nepal Stock House (PVT) Ltd.,79,326.5,25793.5,2025-08-04 13:12:45.041652
2025-08-04,53445,2025080401054942,ADBL,Online Securities Pvt. Ltd.,Cristal Kanchanjanga Securites Pvt. Ltd.,626,326.0,204076.0,2025-08-04 13:13:41.001675
2025-08-04,52174,2025080401055355,ADBL,Online Securities Pvt. Ltd.,Aryatara Investment & Securities,10,326.0,3260.0,2025-08-04 13:16:26.739946
2025-08-04,52173,2025080401055356,ADBL,Online Securities Pvt. Ltd.,Online Securities Pvt. Ltd.,1,326.0,326.0,2025-08-04 13:16:26.740125
2025-08-04,51969,2025080401055419,ADBL,Imperial Securities Company Pvt. Ltd.,Aryatara Investment & Securities,50,326.0,16300.0,2025-08-04 13:16:50.114106
2025-08-04,51968,2025080401055420,ADBL,Aryatara Investment & Securities,Aryatara Investment & Securities,170,325.3,55301.0,2025-08-04 13:16:50.114461
2025-08-04,51431,2025080401055604,ADBL,Aryatara Investment & Securities,Sani Securities Company Ltd.,143,325.3,46517.9,2025-08-04 13:17:55.487863
2025-08-04,51430,2025080401055605,ADBL,Sani Securities Company Ltd.,Sani Securities Company Ltd.,100,325.3,32530.0,2025-08-04 13:17:55.488044
2025-08-04,51356,2025080401055629,ADBL,Imperial Securities Company Pvt. Ltd.,Sani Securities Company Ltd.,1000,325.2,325200.0,2025-08-04 13:18:08.703154
2025-08-04,51047,2025080401055741,ADBL,Sani Securities Company Ltd.,Sani Securities Company Ltd.,20,325.0,6500.0,2025-08-04 13:18:50.522167
2025-08-04,51046,2025080401055742,ADBL,Online Securities Pvt. Ltd.,Sani Securities Company Ltd.,50,325.0,16250.0,2025-08-04 13:18:50.522383
2025-08-04,51045,2025080401055743,ADBL,Naasa Securities Co. Ltd.,Sani Securities Company Ltd.,100,325.0,32500.0,2025-08-04 13:18:50.522449
2025-08-04,51044,2025080401055744,ADBL,Secured Securities Ltd.,Sani Securities Company Ltd.,37,325.0,12025.0,2025-08-04 13:18:50.522515
2025-08-04,50545,2025080401055953,ADBL,Secured Securities Ltd.,Imperial Securities Company Pvt. Ltd.,38,325.0,12350.0,2025-08-04 13:19:54.519773
2025-08-04,50544,2025080401055954,ADBL,Midas Stock Broking Company Private Limited,Imperial Securities Company Pvt. Ltd.,212,325.0,68900.0,2025-08-04 13:19:54.519998
2025-08-04,49536,2025080401056413,ADBL,Beni Securities Pvt.Ltd.,Online Securities Pvt. Ltd.,10,325.5,3255.0,2025-08-04 13:21:59.399193
2025-08-04,49435,2025080401056438,ADBL,Midas Stock Broking Company Private Limited,Agrawal Securities (PVT) Ltd.,89,325.0,28925.0,2025-08-04 13:22:14.912213
2025-08-04,48659,2025080401056766,ADBL,ABC Securities Private Limited,Online Securities Pvt. Ltd.,30,325.5,9765.0,2025-08-04 13:24:03.429088
2025-08-04,48248,2025080401056969,ADBL,ABC Securities Private Limited,Sani Securities Company Ltd.,70,325.5,22785.0,2025-08-04 13:24:44.297502
2025-08-04,48247,2025080401056970,ADBL,Midas Stock Broking Company Private Limited,Sani Securities Company Ltd.,199,325.0,64675.0,2025-08-04 13:24:44.297699
2025-08-04,48246,2025080401056971,ADBL,Malla & Malla Stock Broking Company Pvt. Limited,Sani Securities Company Ltd.,95,325.0,30875.0,2025-08-04 13:24:44.297774
2025-08-04,48245,2025080401056972,ADBL,Aryatara Investment & Securities,Sani Securities Company Ltd.,136,325.0,44200.0,2025-08-04 13:24:44.297844
2025-08-04,48048,2025080401057044,ADBL,Aryatara Investment & Securities,Aryatara Investment & Securities,14,325.0,4550.0,2025-08-04 13:25:11.200267
2025-08-04,48047,2025080401057045,ADBL,Naasa Securities Co. Ltd.,Aryatara Investment & Securities,36,325.0,11700.0,2025-08-04 13:25:11.200505
2025-08-04,47436,2025080401057220,ADBL,Sani Securities Company Ltd.,Sani Securities Company Ltd.,150,325.1,48765.0,2025-08-04 13:27:05.401790
2025-08-04,47435,2025080401057221,ADBL,Naasa Securities Co. Ltd.,Sani Securities Company Ltd.,64,325.0,20800.0,2025-08-04 13:27:05.401921
2025-08-04,47356,2025080401057273,ADBL,Nepal Investment And Securities Trading Private Limited,Sani Securities Company Ltd.,286,325.0,92950.0,2025-08-04 13:27:10.409047
2025-08-04,46864,2025080401057478,ADBL,Beni Securities Pvt.Ltd.,Sani Securities Company Ltd.,10,326.0,3260.0,2025-08-04 13:28:42.082901
2025-08-04,46797,2025080401057541,ADBL,Beni Securities Pvt.Ltd.,Sani Securities Company Ltd.,10,326.0,3260.0,2025-08-04 13:28:43.126961
2025-08-04,45608,2025080401057945,ADBL,Dipshikha Dhitopatra Karobar Co. Pvt Ltd.,Aryatara Investment & Securities,35,326.0,11410.0,2025-08-04 13:31:22.496377
2025-08-04,43551,2025080401058714,ADBL,Nepal Investment And Securities Trading Private Limited,Aryatara Investment & Securities,18,324.2,5835.6,2025-08-04 13:37:14.136706
2025-08-04,43361,2025080401058819,ADBL,Nepal Investment And Securities Trading Private Limited,Sani Securities Company Ltd.,136,324.2,44091.2,2025-08-04 13:37:37.504417
2025-08-04,43360,2025080401058820,ADBL,Online Securities Pvt. Ltd.,Sani Securities Company Ltd.,10,324.1,3241.0,2025-08-04 13:37:37.504754
2025-08-04,43359,2025080401058821,ADBL,ABC Securities Private Limited,Sani Securities Company Ltd.,50,324.1,16205.0,2025-08-04 13:37:37.504969
2025-08-04,43358,2025080401058822,ADBL,Dakshinkali Investment & Securities Pvt. Ltd.,Sani Securities Company Ltd.,125,324.0,40500.0,2025-08-04 13:37:37.505190
2025-08-04,43357,2025080401058823,ADBL,Vision Securities Pvt. Ltd,Sani Securities Company Ltd.,30,324.0,9720.0,2025-08-04 13:37:37.505402
2025-08-04,43356,2025080401058824,ADBL,Dynamic Money Managers Securities Pvt. Ltd.,Sani Securities Company Ltd.,243,324.0,78732.0,2025-08-04 13:37:37.505630
2025-08-04,43173,2025080401058889,ADBL,Dynamic Money Managers Securities Pvt. Ltd.,Aryatara Investment & Securities,50,324.0,16200.0,2025-08-04 13:38:07.926195
2025-08-04,42959,2025080401058947,ADBL,Capital Hub P. Ltd,Malla & Malla Stock Broking Company Pvt. Limited,4,329.0,1316.0,2025-08-04 13:38:48.774661
2025-08-04,41901,2025080401059341,ADBL,Cristal Kanchanjanga Securites Pvt. Ltd.,Neev Securities Pvt. Ltd.,12,324.3,3891.6,2025-08-04 13:42:05.571285
2025-08-04,40852,2025080401059988,ADBL,Cristal Kanchanjanga Securites Pvt. Ltd.,Sani Securities Company Ltd.,55,324.3,17836.5,2025-08-04 13:44:11.438180
2025-08-04,40388,2025080401060222,ADBL,Cristal Kanchanjanga Securites Pvt. Ltd.,Aryatara Investment & Securities,33,324.3,10701.9,2025-08-04 13:45:12.166936
2025-08-04,40387,2025080401060223,ADBL,Elite Stock House Limited,Aryatara Investment & Securities,130,324.2,42146.0,2025-08-04 13:45:12.167144
2025-08-04,40386,2025080401060224,ADBL,Dynamic Money Managers Securities Pvt. Ltd.,Aryatara Investment & Securities,837,324.0,271188.0,2025-08-04 13:45:12.167222
2025-08-04,39897,2025080401060480,ADBL,Dynamic Money Managers Securities Pvt. Ltd.,Shree Krishna Securities Ltd.,171,324.0,55404.0,2025-08-04 13:46:18.939795
2025-08-04,39754,2025080401060559,ADBL,Asian Securities Private Ltd.,Trishakti Securities Public Limited,500,325.0,162500.0,2025-08-04 13:46:40.241400
2025-08-04,39063,2025080401060870,ADBL,Dynamic Money Managers Securities Pvt. Ltd.,Kalika Securities Pvt. Ltd.,630,324.0,204120.0,2025-08-04 13:48:21.126898
2025-08-04,39048,2025080401060882,ADBL,K.B.L. Securities Limited ,Dipshikha Dhitopatra Karobar Co. Pvt Ltd.,103,324.2,33392.6,2025-08-04 13:48:23.155927
2025-08-04,38883,2025080401060962,ADBL,Aryatara Investment & Securities,Trishakti Securities Public Limited,15,325.0,4875.0,2025-08-04 13:48:51.299185
2025-08-04,38882,2025080401060963,ADBL,Aryatara Investment & Securities,Trishakti Securities Public Limited,91,325.0,29575.0,2025-08-04 13:48:51.299515
2025-08-04,38729,2025080401061025,ADBL,Vision Securities Pvt. Ltd,Trishakti Securities Public Limited,15,325.0,4875.0,2025-08-04 13:49:25.313281
2025-08-04,38130,2025080401061219,ADBL,Vision Securities Pvt. Ltd,Trishakti Securities Public Limited,15,325.0,4875.0,2025-08-04 13:51:32.530949
2025-08-04,37908,2025080401061297,ADBL,Sani Securities Company Ltd.,Aryatara Investment & Securities,100,324.1,32410.0,2025-08-04 13:52:09.275828
2025-08-04,37907,2025080401061298,ADBL,Primo Securities (PVT) Ltd.,Aryatara Investment & Securities,100,324.1,32410.0,2025-08-04 13:52:09.276003
2025-08-04,36835,2025080401061662,ADBL,Primo Securities (PVT) Ltd.,Midas Stock Broking Company Private Limited,85,324.1,27548.5,2025-08-04 13:56:07.919303
2025-08-04,36603,2025080401061745,ADBL,Primo Securities (PVT) Ltd.,Naasa Securities Co. Ltd.,15,324.1,4861.5,2025-08-04 13:57:01.765965
2025-08-04,36193,2025080401061900,ADBL,Sri Hari Securities Pvt. Ltd.,Naasa Securities Co. Ltd.,69,324.1,22362.9,2025-08-04 13:58:48.360492
2025-08-04,35613,2025080401062144,ADBL,Sri Hari Securities Pvt. Ltd.,Shree Krishna Securities Ltd.,131,324.1,42457.1,2025-08-04 14:00:15.689089
2025-08-04,35435,2025080401062211,ADBL,K.B.L. Securities Limited ,Linch Stock Market Ltd.,300,324.5,97350.0,2025-08-04 14:00:48.682590
2025-08-04,35023,2025080401062363,ADBL,Creative Securities Pvt Ltd,Trishakti Securities Public Limited,10,325.0,3250.0,2025-08-04 14:01:58.076127
2025-08-04,34914,2025080401062403,ADBL,Naasa Securities Co. Ltd.,Trishakti Securities Public Limited,25,325.0,8125.0,2025-08-04 14:02:16.575101
2025-08-04,34550,2025080401062523,ADBL,Investment Management Nepal Pvt. Ltd.,Trishakti Securities Public Limited,344,325.0,111800.0,2025-08-04 14:03:10.374456
2025-08-04,34549,2025080401062524,ADBL,Investment Management Nepal Pvt. Ltd.,Market Securities & Exchange (PVT) Ltd.,500,325.0,162500.0,2025-08-04 14:03:10.374688
2025-08-04,34416,2025080401062590,ADBL,Naasa Securities Co. Ltd.,Sani Securities Company Ltd.,200,326.0,65200.0,2025-08-04 14:03:33.286631
2025-08-04,31248,2025080401063575,ADBL,Kohinoor Investment & Securities Pvt. Ltd.,Sani Securities Company Ltd.,20,326.0,6520.0,2025-08-04 14:10:06.393012
2025-08-04,31247,2025080401063576,ADBL,Kohinoor Investment & Securities Pvt. Ltd.,Imperial Securities Company Pvt. Ltd.,10,326.0,3260.0,2025-08-04 14:10:06.393136
2025-08-04,31246,2025080401063577,ADBL,Kohinoor Investment & Securities Pvt. Ltd.,Thrive Brokerage House Pvt. Ltd,50,326.8,16340.0,2025-08-04 14:10:06.393206
2025-08-04,31245,2025080401063578,ADBL,Kohinoor Investment & Securities Pvt. Ltd.,Naasa Securities Co. Ltd.,220,326.9,71918.0,2025-08-04 14:10:06.393274
2025-08-04,30942,2025080401063679,ADBL,Sumeru Securities Pvt. Ltd.,Naasa Securities Co. Ltd.,200,326.9,65380.0,2025-08-04 14:10:49.023664
2025-08-04,26859,2025080401065072,ADBL,Cristal Kanchanjanga Securites Pvt. Ltd.,Aryatara Investment & Securities,179,326.0,58354.0,2025-08-04 14:18:34.232311
2025-08-04,25644,2025080401065543,ADBL,Cristal Kanchanjanga Securites Pvt. Ltd.,Vision Securities Pvt. Ltd,25,326.0,8150.0,2025-08-04 14:20:41.240071
2025-08-04,24819,2025080401065836,ADBL,Aryatara Investment & Securities,Kalika Securities Pvt. Ltd.,10,326.8,3268.0,2025-08-04 14:22:21.609594
2025-08-04,24818,2025080401065837,ADBL,Aryatara Investment & Securities,Naasa Securities Co. Ltd.,580,326.9,189602.0,2025-08-04 14:22:21.609752
2025-08-04,24817,2025080401065838,ADBL,Aryatara Investment & Securities,Sani Securities Company Ltd.,60,326.9,19614.0,2025-08-04 14:22:21.609842
2025-08-04,24816,2025080401065839,ADBL,Aryatara Investment & Securities,Sri Hari Securities Pvt. Ltd.,16,327.0,5232.0,2025-08-04 14:22:21.609922
2025-08-04,24815,2025080401065840,ADBL,Aryatara Investment & Securities,Vision Securities Pvt. Ltd,500,327.0,163500.0,2025-08-04 14:22:21.610014
2025-08-04,24814,2025080401065841,ADBL,Aryatara Investment & Securities,Sweta Securities Private Limited,451,327.0,147477.0,2025-08-04 14:22:21.610121
2025-08-04,24813,2025080401065842,ADBL,Aryatara Investment & Securities,Primo Securities (PVT) Ltd.,35,327.0,11445.0,2025-08-04 14:22:21.610235
2025-08-04,24296,2025080401066142,ADBL,Opal Securities Investment (PVT) Ltd.,Neev Securities Pvt. Ltd.,100,327.5,32750.0,2025-08-04 14:23:00.929054
2025-08-04,24295,2025080401066143,ADBL,Opal Securities Investment (PVT) Ltd.,Nepal Stock House (PVT) Ltd.,400,327.5,131000.0,2025-08-04 14:23:00.929087
2025-08-04,22408,2025080401066908,ADBL,Imperial Securities Company Pvt. Ltd.,Nepal Stock House (PVT) Ltd.,400,327.5,131000.0,2025-08-04 14:26:12.916710
2025-08-04,21622,2025080401067267,ADBL,Vision Securities Pvt. Ltd,Nepal Stock House (PVT) Ltd.,200,327.5,65500.0,2025-08-04 14:27:34.140015
2025-08-04,20748,2025080401067592,ADBL,Sani Securities Company Ltd.,Midas Stock Broking Company Private Limited,784,327.9,257073.6,2025-08-04 14:28:52.354286
2025-08-04,20537,2025080401067643,ADBL,Vision Securities Pvt. Ltd,Nepal Stock House (PVT) Ltd.,1800,327.5,589500.0,2025-08-04 14:29:12.032163
2025-08-04,20484,2025080401067665,ADBL,Capital Max Securities Ltd,Nepal Stock House (PVT) Ltd.,10,327.5,3275.0,2025-08-04 14:29:16.210599
2025-08-04,18857,2025080401068257,ADBL,Naasa Securities Co. Ltd.,Nepal Investment And Securities Trading Private Limited,10,327.2,3272.0,2025-08-04 14:31:54.212082
2025-08-04,18735,2025080401068340,ADBL,Siprabi Securities Pvt. Ltd.,Nepal Stock House (PVT) Ltd.,190,327.5,62225.0,2025-08-04 14:32:02.175664
2025-08-04,18734,2025080401068341,ADBL,Siprabi Securities Pvt. Ltd.,Midas Stock Broking Company Private Limited,1201,327.9,393807.9,2025-08-04 14:32:02.175872
2025-08-04,18733,2025080401068342,ADBL,Siprabi Securities Pvt. Ltd.,Malla & Malla Stock Broking Company Pvt. Limited,50,328.0,16400.0,2025-08-04 14:32:02.175957
2025-08-04,18732,2025080401068343,ADBL,Siprabi Securities Pvt. Ltd.,Malla & Malla Stock Broking Company Pvt. Limited,37,328.0,12136.0,2025-08-04 14:32:02.176039
2025-08-04,18731,2025080401068344,ADBL,Siprabi Securities Pvt. Ltd.,Naasa Securities Co. Ltd.,22,328.0,7216.0,2025-08-04 14:32:02.176126
2025-08-04,18530,2025080401068425,ADBL,Siprabi Securities Pvt. Ltd.,Naasa Securities Co. Ltd.,78,328.0,25584.0,2025-08-04 14:32:23.435733
2025-08-04,18529,2025080401068426,ADBL,Siprabi Securities Pvt. Ltd.,Neev Securities Pvt. Ltd.,400,328.0,131200.0,2025-08-04 14:32:23.436075
2025-08-04,18528,2025080401068427,ADBL,Siprabi Securities Pvt. Ltd.,Kumari Securities Private Limited,350,328.0,114800.0,2025-08-04 14:32:23.436359
2025-08-04,18527,2025080401068428,ADBL,Siprabi Securities Pvt. Ltd.,Trishakti Securities Public Limited,672,328.0,220416.0,2025-08-04 14:32:23.436707
2025-08-04,18505,2025080401068440,ADBL,Imperial Securities Company Pvt. Ltd.,Trishakti Securities Public Limited,48,328.0,15744.0,2025-08-04 14:32:26.121853
2025-08-04,18504,2025080401068441,ADBL,Imperial Securities Company Pvt. Ltd.,Naasa Securities Co. Ltd.,101,328.0,33128.0,2025-08-04 14:32:26.122232
2025-08-04,18440,2025080401068470,ADBL,Naasa Securities Co. Ltd.,Online Securities Pvt. Ltd.,10,328.5,3285.0,2025-08-04 14:32:32.191394
2025-08-04,18076,2025080401068625,ADBL,Imperial Securities Company Pvt. Ltd.,Online Securities Pvt. Ltd.,20,328.5,6570.0,2025-08-04 14:33:19.904229
2025-08-04,17755,2025080401068734,ADBL,South Asian Bulls Pvt. Ltd.,Online Securities Pvt. Ltd.,22,328.5,7227.0,2025-08-04 14:33:59.842090
2025-08-04,15816,2025080401069452,ADBL,South Asian Bulls Pvt. Ltd.,Nepal Investment And Securities Trading Private Limited,28,328.5,9198.0,2025-08-04 14:36:42.457193
2025-08-04,15815,2025080401069453,ADBL,Imperial Securities Company Pvt. Ltd.,Nepal Investment And Securities Trading Private Limited,51,328.0,16728.0,2025-08-04 14:36:42.457345
2025-08-04,15814,2025080401069454,ADBL,K.B.L. Securities Limited ,Nepal Investment And Securities Trading Private Limited,421,327.3,137793.3,2025-08-04 14:36:42.457420
2025-08-04,15001,2025080401069710,ADBL,Online Securities Pvt. Ltd.,Creative Securities Pvt Ltd,10,328.0,3280.0,2025-08-04 14:37:31.633830
2025-08-04,13410,2025080401069953,ADBL,Online Securities Pvt. Ltd.,Deevyaa Securities & Stock House Pvt. Ltd,290,328.0,95120.0,2025-08-04 14:39:57.423211
2025-08-04,13109,2025080401070204,ADBL,K.B.L. Securities Limited ,Kohinoor Investment & Securities Pvt. Ltd.,579,327.3,189506.7,2025-08-04 14:40:03.397597
2025-08-04,13108,2025080401070205,ADBL,Naasa Securities Co. Ltd.,Kohinoor Investment & Securities Pvt. Ltd.,15,327.2,4908.0,2025-08-04 14:40:03.397632
2025-08-04,13107,2025080401070206,ADBL,Property Wiard Limited,Kohinoor Investment & Securities Pvt. Ltd.,200,327.1,65420.0,2025-08-04 14:40:03.397658
2025-08-04,12857,2025080401070348,ADBL,Capital Max Securities Ltd,Vision Securities Pvt. Ltd,3600,327.0,1177200.0,2025-08-04 14:40:27.732167
2025-08-04,12319,2025080401070551,ADBL,Capital Hub P. Ltd,Aryatara Investment & Securities,300,327.1,98130.0,2025-08-04 14:41:19.463138
2025-08-04,12288,2025080401070573,ADBL,Swarna Laxmi Securities Pvt. Ltd.,ABC Securities Private Limited,200,327.3,65460.0,2025-08-04 14:41:21.183804
2025-08-04,12175,2025080401070608,ADBL,Swarna Laxmi Securities Pvt. Ltd.,Primo Securities (PVT) Ltd.,100,327.3,32730.0,2025-08-04 14:41:29.968592
2025-08-04,12160,2025080401070621,ADBL,Capital Hub P. Ltd,Kohinoor Investment & Securities Pvt. Ltd.,12,327.2,3926.4,2025-08-04 14:41:31.243738
2025-08-04,11719,2025080401070747,ADBL,Sani Securities Company Ltd.,Primo Securities (PVT) Ltd.,15,327.3,4909.5,2025-08-04 14:42:12.830908
2025-08-04,11524,2025080401070800,ADBL,Capital Hub P. Ltd,Sani Securities Company Ltd.,988,327.2,323273.6,2025-08-04 14:42:31.368476
2025-08-04,11456,2025080401070827,ADBL,Swarna Laxmi Securities Pvt. Ltd.,Primo Securities (PVT) Ltd.,65,327.3,21274.5,2025-08-04 14:42:39.675798
2025-08-04,10532,2025080401071163,ADBL,Capital Hub P. Ltd,Kumari Securities Private Limited,647,327.1,211633.7,2025-08-04 14:44:16.402308
2025-08-04,9405,2025080401071524,ADBL,Sani Securities Company Ltd.,Kohinoor Investment & Securities Pvt. Ltd.,94,327.2,30756.8,2025-08-04 14:45:55.144296
2025-08-04,7849,2025080401072060,ADBL,Neev Securities Pvt. Ltd.,Kohinoor Investment & Securities Pvt. Ltd.,119,327.2,38936.8,2025-08-04 14:48:49.308852
2025-08-04,7369,2025080401072270,ADBL,Capital Hub P. Ltd,Kumari Securities Private Limited,20,327.1,6542.0,2025-08-04 14:49:43.306566
2025-08-04,7160,2025080401072310,ADBL,Capital Hub P. Ltd,Kumari Securities Private Limited,33,327.1,10794.3,2025-08-04 14:50:14.698382
2025-08-04,7159,2025080401072311,ADBL,Capital Max Securities Ltd,Kumari Securities Private Limited,33,327.0,10791.0,2025-08-04 14:50:14.698538
2025-08-04,7125,2025080401072345,ADBL,Midas Stock Broking Company Private Limited,Deevyaa Securities & Stock House Pvt. Ltd,710,328.0,232880.0,2025-08-04 14:50:14.738222
2025-08-04,7124,2025080401072346,ADBL,Midas Stock Broking Company Private Limited,Vision Securities Pvt. Ltd,290,328.0,95120.0,2025-08-04 14:50:14.738396
2025-08-04,5212,2025080401073153,ADBL,Sani Securities Company Ltd.,Dynamic Money Managers Securities Pvt. Ltd.,50,328.0,16400.0,2025-08-04 14:53:30.054206
2025-08-04,5211,2025080401073154,ADBL,Sani Securities Company Ltd.,Aryatara Investment & Securities,20,328.0,6560.0,2025-08-04 14:53:30.054409
2025-08-04,5210,2025080401073155,ADBL,Sani Securities Company Ltd.,Naasa Securities Co. Ltd.,51,328.0,16728.0,2025-08-04 14:53:30.054490
2025-08-04,5209,2025080401073156,ADBL,Sani Securities Company Ltd.,Midas Stock Broking Company Private Limited,85,328.0,27880.0,2025-08-04 14:53:30.054564
2025-08-04,5208,2025080401073157,ADBL,Sani Securities Company Ltd.,Premier Securities Company Ltd.,126,328.0,41328.0,2025-08-04 14:53:30.054643
2025-08-04,5207,2025080401073158,ADBL,Sani Securities Company Ltd.,Dakshinkali Investment & Securities Pvt. Ltd.,300,328.0,98400.0,2025-08-04 14:53:30.054715
2025-08-04,5206,2025080401073159,ADBL,Sani Securities Company Ltd.,Imperial Securities Company Pvt. Ltd.,11,328.0,3608.0,2025-08-04 14:53:30.054799
2025-08-04,5205,2025080401073160,ADBL,Sani Securities Company Ltd.,Naasa Securities Co. Ltd.,57,328.0,18696.0,2025-08-04 14:53:30.054872
2025-08-04,195,2025080401073528,ADBL,Vision Securities Pvt. Ltd,Naasa Securities Co. Ltd.,43,328.0,14104.0,2025-08-04 14:59:56.612919
2025-08-04,194,2025080401073529,ADBL,Vision Securities Pvt. Ltd,Sani Securities Company Ltd.,722,328.0,236816.0,2025-08-04 14:59:56.613082
2025-08-04,193,2025080401073530,ADBL,Vision Securities Pvt. Ltd,Linch Stock Market Ltd.,141,328.0,46248.0,2025-08-04 14:59:56.613167
