Date,S.N.,Contract ID,Symbol,Buyer Broker,Seller Broker,quantity,rate,amount,transaction_time
2025-08-04,144645,2025080403000212,GBBL,Sweta Securities Private Limited,Secured Securities Ltd.,100,445.0,44500.0,2025-08-04 11:04:41.502658
2025-08-04,144644,2025080403000213,GBBL,Kumari Securities Private Limited,Secured Securities Ltd.,100,445.0,44500.0,2025-08-04 11:04:41.502712
2025-08-04,144643,2025080403000214,GBBL,Nepal Stock House (PVT) Ltd.,Secured Securities Ltd.,400,445.0,178000.0,2025-08-04 11:04:41.502756
2025-08-04,144642,2025080403000215,GBBL,Dipshikha Dhitopatra Karobar Co. Pvt Ltd.,Secured Securities Ltd.,264,444.0,117216.0,2025-08-04 11:04:41.502795
2025-08-04,143822,2025080403000258,GBBL,Agrawal Securities (PVT) Ltd.,Kohinoor Investment & Securities Pvt. Ltd.,30,447.5,13425.0,2025-08-04 11:05:18.889829
2025-08-04,142841,2025080403000319,GBBL,Vision Securities Pvt. Ltd,Magnet Securities and Investment Company Private Limited,100,448.0,44800.0,2025-08-04 11:06:07.035208
2025-08-04,142635,2025080403000332,GBBL,Sri Hari Securities Pvt. Ltd.,Siprabi Securities Pvt. Ltd.,25,450.0,11250.0,2025-08-04 11:06:18.363939
2025-08-04,142634,2025080403000333,GBBL,Sri Hari Securities Pvt. Ltd.,J.F. Securites (PVT) Ltd.,152,450.0,68400.0,2025-08-04 11:06:18.363995
2025-08-04,142633,2025080403000334,GBBL,Sri Hari Securities Pvt. Ltd.,Dynamic Money Managers Securities Pvt. Ltd.,200,450.8,90160.0,2025-08-04 11:06:18.364036
2025-08-04,142632,2025080403000335,GBBL,Sri Hari Securities Pvt. Ltd.,Siprabi Securities Pvt. Ltd.,50,451.0,22550.0,2025-08-04 11:06:18.364068
2025-08-04,142631,2025080403000336,GBBL,Sri Hari Securities Pvt. Ltd.,Premier Securities Company Ltd.,700,451.0,315700.0,2025-08-04 11:06:18.364095
2025-08-04,142630,2025080403000337,GBBL,Sri Hari Securities Pvt. Ltd.,Creative Securities Pvt Ltd,70,451.0,31570.0,2025-08-04 11:06:18.364119
2025-08-04,141953,2025080403000386,GBBL,Sewa Securities Pvt. Ltd.,Bhrikuti Stock Broking Co. Pvt. Ltd.,70,453.0,31710.0,2025-08-04 11:06:50.307988
2025-08-04,141952,2025080403000387,GBBL,Sewa Securities Pvt. Ltd.,Nepal Stock House (PVT) Ltd.,50,456.0,22800.0,2025-08-04 11:06:50.308039
2025-08-04,140345,2025080403000476,GBBL,Midas Stock Broking Company Private Limited,Dipshikha Dhitopatra Karobar Co. Pvt Ltd.,50,456.1,22805.0,2025-08-04 11:08:05.266006
2025-08-04,140265,2025080403000479,GBBL,Neev Securities Pvt. Ltd.,Dipshikha Dhitopatra Karobar Co. Pvt Ltd.,50,459.0,22950.0,2025-08-04 11:08:08.380491
2025-08-04,140264,2025080403000480,GBBL,Neev Securities Pvt. Ltd.,Online Securities Pvt. Ltd.,70,459.0,32130.0,2025-08-04 11:08:08.380633
2025-08-04,140204,2025080403000484,GBBL,Midas Stock Broking Company Private Limited,Primo Securities (PVT) Ltd.,200,456.1,91220.0,2025-08-04 11:08:12.452074
2025-08-04,140083,2025080403000494,GBBL,Midas Stock Broking Company Private Limited,South Asian Bulls Pvt. Ltd.,40,456.1,18244.0,2025-08-04 11:08:19.265607
2025-08-04,139773,2025080403000529,GBBL,Nepal Stock House (PVT) Ltd.,Shree Krishna Securities Ltd.,100,458.9,45890.0,2025-08-04 11:08:42.745128
2025-08-04,139542,2025080403000537,GBBL,Neev Securities Pvt. Ltd.,Shree Krishna Securities Ltd.,125,458.9,57362.5,2025-08-04 11:08:50.644500
2025-08-04,139124,2025080403000576,GBBL,Midas Stock Broking Company Private Limited,Sani Securities Company Ltd.,78,456.1,35575.8,2025-08-04 11:09:13.258354
2025-08-04,139011,2025080403000581,GBBL,Midas Stock Broking Company Private Limited,SUN SECURITIES PVT LTD,132,456.1,60205.2,2025-08-04 11:09:19.668153
2025-08-04,139010,2025080403000582,GBBL,Sewa Securities Pvt. Ltd.,SUN SECURITIES PVT LTD,380,456.0,173280.0,2025-08-04 11:09:19.668223
2025-08-04,139009,2025080403000583,GBBL,Pragyan Securities (PVT) Ltd.,SUN SECURITIES PVT LTD,30,456.0,13680.0,2025-08-04 11:09:19.668258
2025-08-04,138754,2025080403000608,GBBL,Sharepro Securities Private Limited,SUN SECURITIES PVT LTD,458,456.0,208848.0,2025-08-04 11:09:32.201824
2025-08-04,138753,2025080403000609,GBBL,Sharepro Securities Private Limited,Online Securities Pvt. Ltd.,30,456.0,13680.0,2025-08-04 11:09:32.201891
2025-08-04,138752,2025080403000610,GBBL,Sharepro Securities Private Limited,Thrive Brokerage House Pvt. Ltd,100,457.8,45780.0,2025-08-04 11:09:32.201937
2025-08-04,138751,2025080403000611,GBBL,Sharepro Securities Private Limited,Neev Securities Pvt. Ltd.,54,457.8,24721.2,2025-08-04 11:09:32.201956
2025-08-04,138750,2025080403000612,GBBL,Sharepro Securities Private Limited,Vision Securities Pvt. Ltd,1358,457.9,621828.2,2025-08-04 11:09:32.201976
2025-08-04,138703,2025080403000613,GBBL,Nagarik Stock Dealer ,Swarna Laxmi Securities Pvt. Ltd.,270,452.0,122040.0,2025-08-04 11:09:34.405268
2025-08-04,138394,2025080403000636,GBBL,Nagarik Stock Dealer ,Property Wiard Limited,300,452.0,135600.0,2025-08-04 11:09:50.180985
2025-08-04,138189,2025080403000663,GBBL,Nagarik Stock Dealer ,Cristal Kanchanjanga Securites Pvt. Ltd.,2430,452.0,1098360.0,2025-08-04 11:10:02.476515
2025-08-04,138188,2025080403000664,GBBL,Naasa Securities Co. Ltd.,Cristal Kanchanjanga Securites Pvt. Ltd.,200,452.0,90400.0,2025-08-04 11:10:02.476595
2025-08-04,138051,2025080403000679,GBBL,Premier Securities Company Ltd.,Cristal Kanchanjanga Securites Pvt. Ltd.,270,452.0,122040.0,2025-08-04 11:10:07.396657
2025-08-04,138050,2025080403000680,GBBL,Premier Securities Company Ltd.,Dakshinkali Investment & Securities Pvt. Ltd.,100,454.9,45490.0,2025-08-04 11:10:07.396728
2025-08-04,138049,2025080403000681,GBBL,Premier Securities Company Ltd.,Naasa Securities Co. Ltd.,63,455.0,28665.0,2025-08-04 11:10:07.396763
2025-08-04,137255,2025080403000770,GBBL,Sri Hari Securities Pvt. Ltd.,Cristal Kanchanjanga Securites Pvt. Ltd.,303,451.0,136653.0,2025-08-04 11:10:52.870993
2025-08-04,136954,2025080403000795,GBBL,Naasa Securities Co. Ltd.,Investment Management Nepal Pvt. Ltd.,100,450.0,45000.0,2025-08-04 11:11:09.164096
2025-08-04,135337,2025080403000935,GBBL,Swarna Laxmi Securities Pvt. Ltd.,Cristal Kanchanjanga Securites Pvt. Ltd.,500,450.0,225000.0,2025-08-04 11:12:28.429597
2025-08-04,135107,2025080403000951,GBBL,ABC Securities Private Limited,Cristal Kanchanjanga Securites Pvt. Ltd.,50,450.0,22500.0,2025-08-04 11:12:38.587096
2025-08-04,133724,2025080403001033,GBBL,Deevyaa Securities & Stock House Pvt. Ltd,Dipshikha Dhitopatra Karobar Co. Pvt Ltd.,10,448.0,4480.0,2025-08-04 11:13:36.345207
2025-08-04,133723,2025080403001034,GBBL,Premier Securities Company Ltd.,Dipshikha Dhitopatra Karobar Co. Pvt Ltd.,30,447.5,13425.0,2025-08-04 11:13:36.345370
2025-08-04,133722,2025080403001035,GBBL,Vision Securities Pvt. Ltd,Dipshikha Dhitopatra Karobar Co. Pvt Ltd.,304,447.0,135888.0,2025-08-04 11:13:36.345491
2025-08-04,133318,2025080403001071,GBBL,Vision Securities Pvt. Ltd,Vision Securities Pvt. Ltd,1696,447.0,758112.0,2025-08-04 11:13:53.658334
2025-08-04,133317,2025080403001072,GBBL,Linch Stock Market Ltd.,Vision Securities Pvt. Ltd,58,447.0,25926.0,2025-08-04 11:13:53.658528
2025-08-04,133316,2025080403001073,GBBL,Trishakti Securities Public Limited,Vision Securities Pvt. Ltd,20,446.0,8920.0,2025-08-04 11:13:53.658644
2025-08-04,133315,2025080403001074,GBBL,Sweta Securities Private Limited,Vision Securities Pvt. Ltd,500,445.0,222500.0,2025-08-04 11:13:53.658756
2025-08-04,133314,2025080403001075,GBBL,Agrawal Securities (PVT) Ltd.,Vision Securities Pvt. Ltd,200,445.0,89000.0,2025-08-04 11:13:53.658868
2025-08-04,133313,2025080403001076,GBBL,Arun Securities (PVT) Ltd.,Vision Securities Pvt. Ltd,200,445.0,89000.0,2025-08-04 11:13:53.658972
2025-08-04,133312,2025080403001077,GBBL,ABC Securities Private Limited,Vision Securities Pvt. Ltd,100,445.0,44500.0,2025-08-04 11:13:53.659094
2025-08-04,133311,2025080403001078,GBBL,Sweta Securities Private Limited,Vision Securities Pvt. Ltd,1226,445.0,545570.0,2025-08-04 11:13:53.659190
2025-08-04,132163,2025080403001155,GBBL,Deevyaa Securities & Stock House Pvt. Ltd,Asian Securities Private Ltd.,100,447.0,44700.0,2025-08-04 11:14:37.279929
2025-08-04,131804,2025080403001175,GBBL,Sweta Securities Private Limited,Miyo Securities Pvt Ltd,774,445.0,344430.0,2025-08-04 11:14:52.838933
2025-08-04,131803,2025080403001176,GBBL,Global IME Securities Limited,Miyo Securities Pvt Ltd,20,445.0,8900.0,2025-08-04 11:14:52.839032
2025-08-04,131802,2025080403001177,GBBL,Dipshikha Dhitopatra Karobar Co. Pvt Ltd.,Miyo Securities Pvt Ltd,36,444.0,15984.0,2025-08-04 11:14:52.839095
2025-08-04,131801,2025080403001178,GBBL,Sweta Securities Private Limited,Miyo Securities Pvt Ltd,1670,444.0,741480.0,2025-08-04 11:14:52.839140
2025-08-04,131161,2025080403001207,GBBL,Vision Securities Pvt. Ltd,Malla & Malla Stock Broking Company Pvt. Limited,200,445.0,89000.0,2025-08-04 11:15:23.184323
2025-08-04,130437,2025080403001265,GBBL,Bhrikuti Stock Broking Co. Pvt. Ltd.,South Asian Bulls Pvt. Ltd.,50,445.1,22255.0,2025-08-04 11:16:00.628855
2025-08-04,129261,2025080403001353,GBBL,Bhrikuti Stock Broking Co. Pvt. Ltd.,Asian Securities Private Ltd.,900,447.0,402300.0,2025-08-04 11:16:55.010665
2025-08-04,128812,2025080403001388,GBBL,Bhrikuti Stock Broking Co. Pvt. Ltd.,Investment Management Nepal Pvt. Ltd.,50,447.0,22350.0,2025-08-04 11:17:19.241003
2025-08-04,128659,2025080403001394,GBBL,Dipshikha Dhitopatra Karobar Co. Pvt Ltd.,Midas Stock Broking Company Private Limited,11,445.2,4897.2,2025-08-04 11:17:30.249239
2025-08-04,128478,2025080403001407,GBBL,Sweta Securities Private Limited,Aryatara Investment & Securities,100,446.0,44600.0,2025-08-04 11:17:39.473941
2025-08-04,127454,2025080403001488,GBBL,Sweta Securities Private Limited,Investment Management Nepal Pvt. Ltd.,50,446.0,22300.0,2025-08-04 11:18:27.821551
2025-08-04,127039,2025080403001510,GBBL,Opal Securities Investment (PVT) Ltd.,Investment Management Nepal Pvt. Ltd.,100,447.0,44700.0,2025-08-04 11:18:51.054371
2025-08-04,124790,2025080403001661,GBBL,Primo Securities (PVT) Ltd.,Investment Management Nepal Pvt. Ltd.,100,448.0,44800.0,2025-08-04 11:21:06.011108
2025-08-04,124652,2025080403001683,GBBL,Naasa Securities Co. Ltd.,Imperial Securities Company Pvt. Ltd.,50,448.0,22400.0,2025-08-04 11:21:13.787111
2025-08-04,123717,2025080403001748,GBBL,Aryatara Investment & Securities,Investment Management Nepal Pvt. Ltd.,50,448.1,22405.0,2025-08-04 11:22:07.380545
2025-08-04,123716,2025080403001749,GBBL,Naasa Securities Co. Ltd.,Investment Management Nepal Pvt. Ltd.,150,448.0,67200.0,2025-08-04 11:22:07.380723
2025-08-04,123272,2025080403001758,GBBL,Vision Securities Pvt. Ltd,Investment Management Nepal Pvt. Ltd.,500,449.0,224500.0,2025-08-04 11:22:23.698541
2025-08-04,123072,2025080403001781,GBBL,Online Securities Pvt. Ltd.,Imperial Securities Company Pvt. Ltd.,50,449.8,22490.0,2025-08-04 11:22:38.103398
2025-08-04,123071,2025080403001782,GBBL,Online Securities Pvt. Ltd.,Malla & Malla Stock Broking Company Pvt. Limited,200,449.9,89980.0,2025-08-04 11:22:38.103493
2025-08-04,123070,2025080403001783,GBBL,Online Securities Pvt. Ltd.,Investment Management Nepal Pvt. Ltd.,200,450.0,90000.0,2025-08-04 11:22:38.103540
2025-08-04,123069,2025080403001784,GBBL,Online Securities Pvt. Ltd.,Vision Securities Pvt. Ltd,540,450.0,243000.0,2025-08-04 11:22:38.103579
2025-08-04,121717,2025080403001899,GBBL,Nagarik Stock Dealer ,Vision Securities Pvt. Ltd,960,450.0,432000.0,2025-08-04 11:23:56.963235
2025-08-04,121716,2025080403001900,GBBL,Nagarik Stock Dealer ,Aryatara Investment & Securities,443,450.0,199350.0,2025-08-04 11:23:56.963275
2025-08-04,121715,2025080403001901,GBBL,Nagarik Stock Dealer ,Aryatara Investment & Securities,50,450.0,22500.0,2025-08-04 11:23:56.963300
2025-08-04,121714,2025080403001902,GBBL,Nagarik Stock Dealer ,Investment Management Nepal Pvt. Ltd.,547,450.0,246150.0,2025-08-04 11:23:56.963324
2025-08-04,121027,2025080403001957,GBBL,Sundhara Securities Limited,Investment Management Nepal Pvt. Ltd.,453,450.0,203850.0,2025-08-04 11:24:39.633872
2025-08-04,120292,2025080403002019,GBBL,Sundhara Securities Limited,Premier Securities Company Ltd.,300,452.0,135600.0,2025-08-04 11:25:20.892898
2025-08-04,118316,2025080403002099,GBBL,Sundhara Securities Limited,Sumeru Securities Pvt. Ltd.,100,451.0,45100.0,2025-08-04 11:27:11.780520
2025-08-04,117164,2025080403002192,GBBL,Naasa Securities Co. Ltd.,Machhapuchchhre Securities Limited,50,448.5,22425.0,2025-08-04 11:28:23.603238
2025-08-04,116891,2025080403002202,GBBL,Online Securities Pvt. Ltd.,J.F. Securites (PVT) Ltd.,400,450.0,180000.0,2025-08-04 11:28:38.873509
2025-08-04,116766,2025080403002214,GBBL,Global IME Securities Limited,Naasa Securities Co. Ltd.,500,448.1,224050.0,2025-08-04 11:28:48.608896
2025-08-04,116765,2025080403002215,GBBL,Primo Securities (PVT) Ltd.,Naasa Securities Co. Ltd.,100,448.0,44800.0,2025-08-04 11:28:48.609001
2025-08-04,116226,2025080403002268,GBBL,Opal Securities Investment (PVT) Ltd.,Cristal Kanchanjanga Securites Pvt. Ltd.,50,447.0,22350.0,2025-08-04 11:29:23.984446
2025-08-04,116225,2025080403002269,GBBL,Primo Securities (PVT) Ltd.,Cristal Kanchanjanga Securites Pvt. Ltd.,1000,447.0,447000.0,2025-08-04 11:29:23.984588
2025-08-04,116224,2025080403002270,GBBL,Sweta Securities Private Limited,Cristal Kanchanjanga Securites Pvt. Ltd.,1850,446.0,825100.0,2025-08-04 11:29:23.984640
2025-08-04,113181,2025080403002519,GBBL,Sumeru Securities Pvt. Ltd.,Sumeru Securities Pvt. Ltd.,1,440.1,440.1,2025-08-04 11:32:37.936442
2025-08-04,112615,2025080403002558,GBBL,Sweta Securities Private Limited,Naasa Securities Co. Ltd.,900,448.0,403200.0,2025-08-04 11:33:11.522165
2025-08-04,112614,2025080403002559,GBBL,Sweta Securities Private Limited,Investment Management Nepal Pvt. Ltd.,2000,448.0,896000.0,2025-08-04 11:33:11.522278
2025-08-04,110910,2025080403002653,GBBL,Sundhara Securities Limited,Shree Krishna Securities Ltd.,147,449.0,66003.0,2025-08-04 11:34:31.014690
2025-08-04,109858,2025080403002716,GBBL,Sweta Securities Private Limited,Shree Krishna Securities Ltd.,100,449.0,44900.0,2025-08-04 11:35:32.477334
2025-08-04,109857,2025080403002717,GBBL,Sweta Securities Private Limited,Sani Securities Company Ltd.,130,449.0,58370.0,2025-08-04 11:35:32.477455
2025-08-04,108129,2025080403002824,GBBL,Sweta Securities Private Limited,J.F. Securites (PVT) Ltd.,100,450.0,45000.0,2025-08-04 11:37:02.545987
2025-08-04,108128,2025080403002825,GBBL,Sweta Securities Private Limited,Vision Securities Pvt. Ltd,1000,450.0,450000.0,2025-08-04 11:37:02.546244
2025-08-04,108127,2025080403002826,GBBL,Sweta Securities Private Limited,Linch Stock Market Ltd.,50,450.0,22500.0,2025-08-04 11:37:02.546388
2025-08-04,108126,2025080403002827,GBBL,Sweta Securities Private Limited,Himalayan Brokerage Company Limited,300,450.0,135000.0,2025-08-04 11:37:02.546539
2025-08-04,107775,2025080403002847,GBBL,Sweta Securities Private Limited,Naasa Securities Co. Ltd.,1000,450.0,450000.0,2025-08-04 11:37:19.679611
2025-08-04,106147,2025080403002984,GBBL,Trishakti Securities Public Limited,Premier Securities Company Ltd.,30,451.0,13530.0,2025-08-04 11:38:53.877094
2025-08-04,106146,2025080403002985,GBBL,Trishakti Securities Public Limited,Vision Securities Pvt. Ltd,100,451.0,45100.0,2025-08-04 11:38:53.877225
2025-08-04,106145,2025080403002986,GBBL,Trishakti Securities Public Limited,Kumari Securities Private Limited,100,451.9,45190.0,2025-08-04 11:38:53.877304
2025-08-04,106144,2025080403002987,GBBL,Trishakti Securities Public Limited,ABC Securities Private Limited,500,452.0,226000.0,2025-08-04 11:38:53.877371
2025-08-04,106143,2025080403002988,GBBL,Trishakti Securities Public Limited,Linch Stock Market Ltd.,170,452.0,76840.0,2025-08-04 11:38:53.877424
2025-08-04,105717,2025080403003022,GBBL,Trishakti Securities Public Limited,Linch Stock Market Ltd.,30,452.0,13560.0,2025-08-04 11:39:10.036732
2025-08-04,105716,2025080403003023,GBBL,Trishakti Securities Public Limited,Sundhara Securities Limited,20,452.0,9040.0,2025-08-04 11:39:10.036865
2025-08-04,105238,2025080403003058,GBBL,Sweta Securities Private Limited,Linch Stock Market Ltd.,20,450.0,9000.0,2025-08-04 11:39:29.226286
2025-08-04,103740,2025080403003225,GBBL,Primo Securities (PVT) Ltd.,Midas Stock Broking Company Private Limited,300,452.0,135600.0,2025-08-04 11:41:21.485600
2025-08-04,102911,2025080403003322,GBBL,Opal Securities Investment (PVT) Ltd.,Sharepro Securities Private Limited,26,450.1,11702.6,2025-08-04 11:42:40.851160
2025-08-04,102832,2025080403003331,GBBL,Opal Securities Investment (PVT) Ltd.,Investment Management Nepal Pvt. Ltd.,1200,450.1,540120.0,2025-08-04 11:42:52.034641
2025-08-04,102170,2025080403003387,GBBL,Opal Securities Investment (PVT) Ltd.,Thrive Brokerage House Pvt. Ltd,74,450.1,33307.4,2025-08-04 11:43:50.392765
2025-08-04,102169,2025080403003388,GBBL,Trishakti Securities Public Limited,Thrive Brokerage House Pvt. Ltd,20,450.0,9000.0,2025-08-04 11:43:50.392940
2025-08-04,102168,2025080403003389,GBBL,Deevyaa Securities & Stock House Pvt. Ltd,Thrive Brokerage House Pvt. Ltd,150,450.0,67500.0,2025-08-04 11:43:50.393005
2025-08-04,102167,2025080403003390,GBBL,Imperial Securities Company Pvt. Ltd.,Thrive Brokerage House Pvt. Ltd,200,450.0,90000.0,2025-08-04 11:43:50.393062
2025-08-04,102166,2025080403003391,GBBL,Dipshikha Dhitopatra Karobar Co. Pvt Ltd.,Thrive Brokerage House Pvt. Ltd,56,450.0,25200.0,2025-08-04 11:43:50.393112
2025-08-04,101920,2025080403003423,GBBL,Dipshikha Dhitopatra Karobar Co. Pvt Ltd.,Investment Management Nepal Pvt. Ltd.,200,450.0,90000.0,2025-08-04 11:44:21.591797
2025-08-04,100211,2025080403003580,GBBL,Dipshikha Dhitopatra Karobar Co. Pvt Ltd.,Naasa Securities Co. Ltd.,44,450.0,19800.0,2025-08-04 11:46:44.540370
2025-08-04,100210,2025080403003581,GBBL,Trishakti Securities Public Limited,Naasa Securities Co. Ltd.,950,450.0,427500.0,2025-08-04 11:46:44.540535
2025-08-04,100209,2025080403003582,GBBL,Capital Hub P. Ltd,Naasa Securities Co. Ltd.,100,447.1,44710.0,2025-08-04 11:46:44.540594
2025-08-04,100208,2025080403003583,GBBL,Cristal Kanchanjanga Securites Pvt. Ltd.,Naasa Securities Co. Ltd.,1000,447.0,447000.0,2025-08-04 11:46:44.540664
2025-08-04,100207,2025080403003584,GBBL,Kohinoor Investment & Securities Pvt. Ltd.,Naasa Securities Co. Ltd.,100,446.0,44600.0,2025-08-04 11:46:44.540714
2025-08-04,100206,2025080403003585,GBBL,Nagarik Stock Dealer ,Naasa Securities Co. Ltd.,1000,446.0,446000.0,2025-08-04 11:46:44.540765
2025-08-04,100205,2025080403003586,GBBL,Dynamic Money Managers Securities Pvt. Ltd.,Naasa Securities Co. Ltd.,300,445.4,133620.0,2025-08-04 11:46:44.540817
2025-08-04,100204,2025080403003587,GBBL,Miyo Securities Pvt Ltd,Naasa Securities Co. Ltd.,2000,445.3,890600.0,2025-08-04 11:46:44.540868
2025-08-04,100203,2025080403003588,GBBL,Dipshikha Dhitopatra Karobar Co. Pvt Ltd.,Naasa Securities Co. Ltd.,39,445.2,17362.8,2025-08-04 11:46:44.540924
2025-08-04,100202,2025080403003589,GBBL,Vision Securities Pvt. Ltd,Naasa Securities Co. Ltd.,300,445.0,133500.0,2025-08-04 11:46:44.540975
2025-08-04,100201,2025080403003590,GBBL,Primo Securities (PVT) Ltd.,Naasa Securities Co. Ltd.,1000,445.0,445000.0,2025-08-04 11:46:44.541035
2025-08-04,100200,2025080403003591,GBBL,Deevyaa Securities & Stock House Pvt. Ltd,Naasa Securities Co. Ltd.,343,445.0,152635.0,2025-08-04 11:46:44.541318
2025-08-04,100190,2025080403003592,GBBL,Deevyaa Securities & Stock House Pvt. Ltd,Trisul Securities & Invt. Ltd.,157,445.0,69865.0,2025-08-04 11:46:46.098367
2025-08-04,100189,2025080403003593,GBBL,J.F. Securites (PVT) Ltd.,Trisul Securities & Invt. Ltd.,10,445.0,4450.0,2025-08-04 11:46:46.098431
2025-08-04,100188,2025080403003594,GBBL,Sagarmatha Securities Private Limited,Trisul Securities & Invt. Ltd.,83,445.0,36935.0,2025-08-04 11:46:46.098457
2025-08-04,96467,2025080403004208,GBBL,Premier Securities Company Ltd.,Investment Management Nepal Pvt. Ltd.,100,446.4,44640.0,2025-08-04 11:53:02.507679
2025-08-04,96466,2025080403004209,GBBL,Agrawal Securities (PVT) Ltd.,Investment Management Nepal Pvt. Ltd.,112,446.2,49974.4,2025-08-04 11:53:02.507812
2025-08-04,96465,2025080403004210,GBBL,Linch Stock Market Ltd.,Investment Management Nepal Pvt. Ltd.,100,446.2,44620.0,2025-08-04 11:53:02.507863
2025-08-04,96464,2025080403004211,GBBL,Sharepro Securities Private Limited,Investment Management Nepal Pvt. Ltd.,100,446.1,44610.0,2025-08-04 11:53:02.507914
2025-08-04,96463,2025080403004212,GBBL,Bhrikuti Stock Broking Co. Pvt. Ltd.,Investment Management Nepal Pvt. Ltd.,1000,446.1,446100.0,2025-08-04 11:53:02.507969
2025-08-04,96462,2025080403004213,GBBL,Sweta Securities Private Limited,Investment Management Nepal Pvt. Ltd.,2000,446.0,892000.0,2025-08-04 11:53:02.508030
2025-08-04,96461,2025080403004214,GBBL,Sagarmatha Securities Private Limited,Investment Management Nepal Pvt. Ltd.,1588,445.0,706660.0,2025-08-04 11:53:02.508082
2025-08-04,96182,2025080403004257,GBBL,Sagarmatha Securities Private Limited,Investment Management Nepal Pvt. Ltd.,329,445.0,146405.0,2025-08-04 11:53:34.733937
2025-08-04,96181,2025080403004258,GBBL,Property Wiard Limited,Investment Management Nepal Pvt. Ltd.,300,445.0,133500.0,2025-08-04 11:53:34.734101
2025-08-04,96180,2025080403004259,GBBL,Online Securities Pvt. Ltd.,Investment Management Nepal Pvt. Ltd.,56,445.0,24920.0,2025-08-04 11:53:34.734157
2025-08-04,96179,2025080403004260,GBBL,Asian Securities Private Ltd.,Investment Management Nepal Pvt. Ltd.,550,445.0,244750.0,2025-08-04 11:53:34.734225
2025-08-04,96137,2025080403004266,GBBL,Trisul Securities & Invt. Ltd.,Investment Management Nepal Pvt. Ltd.,65,445.0,28925.0,2025-08-04 11:53:38.235871
2025-08-04,95351,2025080403004381,GBBL,Trisul Securities & Invt. Ltd.,Investment Management Nepal Pvt. Ltd.,435,445.1,193618.5,2025-08-04 11:55:08.209260
2025-08-04,95350,2025080403004382,GBBL,Vision Securities Pvt. Ltd,Investment Management Nepal Pvt. Ltd.,265,445.1,117951.5,2025-08-04 11:55:08.209380
2025-08-04,92321,2025080403004892,GBBL,Imperial Securities Company Pvt. Ltd.,Investment Management Nepal Pvt. Ltd.,53,447.0,23691.0,2025-08-04 12:01:22.212047
2025-08-04,92320,2025080403004893,GBBL,Sani Securities Company Ltd.,Investment Management Nepal Pvt. Ltd.,100,446.1,44610.0,2025-08-04 12:01:22.212193
2025-08-04,92319,2025080403004894,GBBL,Trisul Securities & Invt. Ltd.,Investment Management Nepal Pvt. Ltd.,447,446.0,199362.0,2025-08-04 12:01:22.212252
2025-08-04,91626,2025080403004968,GBBL,Blue Chip Securities Ltd,Online Securities Pvt. Ltd.,25,447.0,11175.0,2025-08-04 12:02:29.727774
2025-08-04,91425,2025080403005005,GBBL,Nepal Stock House (PVT) Ltd.,Online Securities Pvt. Ltd.,50,447.9,22395.0,2025-08-04 12:02:53.903326
2025-08-04,91185,2025080403005042,GBBL,Nepal Stock House (PVT) Ltd.,Investment Management Nepal Pvt. Ltd.,50,447.9,22395.0,2025-08-04 12:03:20.405829
2025-08-04,91184,2025080403005043,GBBL,Blue Chip Securities Ltd,Investment Management Nepal Pvt. Ltd.,75,447.0,33525.0,2025-08-04 12:03:20.405967
2025-08-04,91183,2025080403005044,GBBL,Trisul Securities & Invt. Ltd.,Investment Management Nepal Pvt. Ltd.,53,446.0,23638.0,2025-08-04 12:03:20.406034
2025-08-04,91182,2025080403005045,GBBL,Sweta Securities Private Limited,Investment Management Nepal Pvt. Ltd.,25,446.0,11150.0,2025-08-04 12:03:20.406095
2025-08-04,90619,2025080403005158,GBBL,Oxford Securities Pvt. Ltd.,Sharepro Securities Private Limited,10,445.2,4452.0,2025-08-04 12:04:27.256408
2025-08-04,90618,2025080403005159,GBBL,Vision Securities Pvt. Ltd,Sharepro Securities Private Limited,35,445.1,15578.5,2025-08-04 12:04:27.256695
2025-08-04,90617,2025080403005160,GBBL,Dynamic Money Managers Securities Pvt. Ltd.,Sharepro Securities Private Limited,255,444.3,113296.5,2025-08-04 12:04:27.256875
2025-08-04,90311,2025080403005226,GBBL,Dynamic Money Managers Securities Pvt. Ltd.,Kohinoor Investment & Securities Pvt. Ltd.,45,444.3,19993.5,2025-08-04 12:05:01.729968
2025-08-04,90310,2025080403005227,GBBL,South Asian Bulls Pvt. Ltd.,Kohinoor Investment & Securities Pvt. Ltd.,100,444.2,44420.0,2025-08-04 12:05:01.730156
2025-08-04,90309,2025080403005228,GBBL,Nagarik Stock Dealer ,Kohinoor Investment & Securities Pvt. Ltd.,355,444.1,157655.5,2025-08-04 12:05:01.730218
2025-08-04,90116,2025080403005245,GBBL,Nagarik Stock Dealer ,Midas Stock Broking Company Private Limited,64,444.1,28422.4,2025-08-04 12:05:23.508157
2025-08-04,90019,2025080403005256,GBBL,Nagarik Stock Dealer ,Cristal Kanchanjanga Securites Pvt. Ltd.,81,444.1,35972.1,2025-08-04 12:05:30.575365
2025-08-04,90018,2025080403005257,GBBL,Capital Hub P. Ltd,Cristal Kanchanjanga Securites Pvt. Ltd.,100,444.0,44400.0,2025-08-04 12:05:30.575435
2025-08-04,90017,2025080403005258,GBBL,Sweta Securities Private Limited,Cristal Kanchanjanga Securites Pvt. Ltd.,3330,444.0,1478520.0,2025-08-04 12:05:30.575464
2025-08-04,90016,2025080403005259,GBBL,Magnet Securities and Investment Company Private Limited,Cristal Kanchanjanga Securites Pvt. Ltd.,2000,443.2,886400.0,2025-08-04 12:05:30.575491
2025-08-04,90015,2025080403005260,GBBL,Dakshinkali Investment & Securities Pvt. Ltd.,Cristal Kanchanjanga Securites Pvt. Ltd.,75,443.0,33225.0,2025-08-04 12:05:30.575519
2025-08-04,90014,2025080403005261,GBBL,Nabil Stock Dealer Ltd.,Cristal Kanchanjanga Securites Pvt. Ltd.,1000,442.1,442100.0,2025-08-04 12:05:30.575542
2025-08-04,90013,2025080403005262,GBBL,Miyo Securities Pvt Ltd,Cristal Kanchanjanga Securites Pvt. Ltd.,3000,442.1,1326300.0,2025-08-04 12:05:30.575567
2025-08-04,90012,2025080403005263,GBBL,Vision Securities Pvt. Ltd,Cristal Kanchanjanga Securites Pvt. Ltd.,414,442.0,182988.0,2025-08-04 12:05:30.575590
2025-08-04,87432,2025080403005749,GBBL,Sani Securities Company Ltd.,Linch Stock Market Ltd.,100,442.1,44210.0,2025-08-04 12:09:09.807605
2025-08-04,87125,2025080403005809,GBBL,Premier Securities Company Ltd.,Dakshinkali Investment & Securities Pvt. Ltd.,1000,442.0,442000.0,2025-08-04 12:09:35.606110
2025-08-04,87124,2025080403005810,GBBL,Sani Securities Company Ltd.,Dakshinkali Investment & Securities Pvt. Ltd.,100,442.0,44200.0,2025-08-04 12:09:35.606363
2025-08-04,87123,2025080403005811,GBBL,Sharepro Securities Private Limited,Dakshinkali Investment & Securities Pvt. Ltd.,100,441.1,44110.0,2025-08-04 12:09:35.606537
2025-08-04,87122,2025080403005812,GBBL,KALASH STOCK MARKET PVT. LTD.,Dakshinkali Investment & Securities Pvt. Ltd.,100,441.0,44100.0,2025-08-04 12:09:35.606722
2025-08-04,83354,2025080403006464,GBBL,K.B.L. Securities Limited ,Agrawal Securities (PVT) Ltd.,500,440.6,220300.0,2025-08-04 12:15:11.083406
2025-08-04,83289,2025080403006473,GBBL,K.B.L. Securities Limited ,Asian Securities Private Ltd.,100,440.6,44060.0,2025-08-04 12:15:20.169081
2025-08-04,83005,2025080403006514,GBBL,K.B.L. Securities Limited ,J.F. Securites (PVT) Ltd.,400,440.6,176240.0,2025-08-04 12:15:47.366655
2025-08-04,82649,2025080403006550,GBBL,Property Wiard Limited,J.F. Securites (PVT) Ltd.,100,440.6,44060.0,2025-08-04 12:16:17.602846
2025-08-04,82276,2025080403006626,GBBL,Property Wiard Limited,J.F. Securites (PVT) Ltd.,15,440.6,6609.0,2025-08-04 12:16:48.815739
2025-08-04,79661,2025080403007111,GBBL,Property Wiard Limited,Vision Securities Pvt. Ltd,185,440.6,81511.0,2025-08-04 12:20:50.710582
2025-08-04,79660,2025080403007112,GBBL,Sagarmatha Securities Private Limited,Vision Securities Pvt. Ltd,100,440.5,44050.0,2025-08-04 12:20:50.710775
2025-08-04,79659,2025080403007113,GBBL,Thrive Brokerage House Pvt. Ltd,Vision Securities Pvt. Ltd,100,440.4,44040.0,2025-08-04 12:20:50.710856
2025-08-04,79658,2025080403007114,GBBL,Sharepro Securities Private Limited,Vision Securities Pvt. Ltd,100,440.4,44040.0,2025-08-04 12:20:50.710918
2025-08-04,79657,2025080403007115,GBBL,Dynamic Money Managers Securities Pvt. Ltd.,Vision Securities Pvt. Ltd,400,440.3,176120.0,2025-08-04 12:20:50.710979
2025-08-04,79656,2025080403007116,GBBL,Opal Securities Investment (PVT) Ltd.,Vision Securities Pvt. Ltd,1000,440.1,440100.0,2025-08-04 12:20:50.711057
2025-08-04,79655,2025080403007117,GBBL,Neev Securities Pvt. Ltd.,Vision Securities Pvt. Ltd,115,440.0,50600.0,2025-08-04 12:20:50.711138
2025-08-04,79550,2025080403007154,GBBL,Neev Securities Pvt. Ltd.,Vision Securities Pvt. Ltd,85,440.0,37400.0,2025-08-04 12:21:02.876254
2025-08-04,79549,2025080403007155,GBBL,Neev Securities Pvt. Ltd.,Vision Securities Pvt. Ltd,200,440.0,88000.0,2025-08-04 12:21:02.876448
2025-08-04,79548,2025080403007156,GBBL,ABC Securities Private Limited,Vision Securities Pvt. Ltd,2000,440.0,880000.0,2025-08-04 12:21:02.876518
2025-08-04,79547,2025080403007157,GBBL,ABC Securities Private Limited,Vision Securities Pvt. Ltd,129,440.0,56760.0,2025-08-04 12:21:02.876576
2025-08-04,79546,2025080403007158,GBBL,ABC Securities Private Limited,Vision Securities Pvt. Ltd,100,440.0,44000.0,2025-08-04 12:21:02.876632
2025-08-04,79545,2025080403007159,GBBL,Siprabi Securities Pvt. Ltd.,Vision Securities Pvt. Ltd,200,440.0,88000.0,2025-08-04 12:21:02.876802
2025-08-04,79544,2025080403007160,GBBL,Dipshikha Dhitopatra Karobar Co. Pvt Ltd.,Vision Securities Pvt. Ltd,10,440.0,4400.0,2025-08-04 12:21:02.876960
2025-08-04,78520,2025080403007348,GBBL,Bhrikuti Stock Broking Co. Pvt. Ltd.,Vision Securities Pvt. Ltd,276,440.0,121440.0,2025-08-04 12:23:07.966462
2025-08-04,78080,2025080403007437,GBBL,Bhrikuti Stock Broking Co. Pvt. Ltd.,Sani Securities Company Ltd.,216,440.0,95040.0,2025-08-04 12:23:52.065833
2025-08-04,77115,2025080403007570,GBBL,Sumeru Securities Pvt. Ltd.,ABC Securities Private Limited,200,440.1,88020.0,2025-08-04 12:25:35.575112
2025-08-04,77114,2025080403007571,GBBL,Bhrikuti Stock Broking Co. Pvt. Ltd.,ABC Securities Private Limited,208,440.0,91520.0,2025-08-04 12:25:35.575407
2025-08-04,77113,2025080403007572,GBBL,Imperial Securities Company Pvt. Ltd.,ABC Securities Private Limited,100,440.0,44000.0,2025-08-04 12:25:35.575591
2025-08-04,77112,2025080403007573,GBBL,Miyo Securities Pvt Ltd,ABC Securities Private Limited,1992,440.0,876480.0,2025-08-04 12:25:35.575769
2025-08-04,76721,2025080403007650,GBBL,Imperial Securities Company Pvt. Ltd.,Secured Securities Ltd.,100,439.1,43910.0,2025-08-04 12:26:16.376703
2025-08-04,76720,2025080403007651,GBBL,Trishakti Securities Public Limited,Secured Securities Ltd.,20,439.0,8780.0,2025-08-04 12:26:16.376856
2025-08-04,76719,2025080403007652,GBBL,Dipshikha Dhitopatra Karobar Co. Pvt Ltd.,Secured Securities Ltd.,10,439.0,4390.0,2025-08-04 12:26:16.376926
2025-08-04,76718,2025080403007653,GBBL,Blue Chip Securities Ltd,Secured Securities Ltd.,70,439.0,30730.0,2025-08-04 12:26:16.376992
2025-08-04,76514,2025080403007686,GBBL,Sani Securities Company Ltd.,Sani Securities Company Ltd.,10,440.0,4400.0,2025-08-04 12:26:42.516707
2025-08-04,75591,2025080403007829,GBBL,Kumari Securities Private Limited,Neev Securities Pvt. Ltd.,50,440.5,22025.0,2025-08-04 12:28:16.577710
2025-08-04,75590,2025080403007830,GBBL,Kumari Securities Private Limited,Dynamic Money Managers Securities Pvt. Ltd.,50,440.5,22025.0,2025-08-04 12:28:16.577867
2025-08-04,74724,2025080403007967,GBBL,Sani Securities Company Ltd.,Nepal Stock House (PVT) Ltd.,100,440.0,44000.0,2025-08-04 12:29:39.453374
2025-08-04,72322,2025080403008299,GBBL,Kumari Securities Private Limited,Linch Stock Market Ltd.,100,441.0,44100.0,2025-08-04 12:33:24.093719
2025-08-04,72000,2025080403008358,GBBL,Naasa Securities Co. Ltd.,Vision Securities Pvt. Ltd,2000,440.1,880200.0,2025-08-04 12:33:54.859399
2025-08-04,71797,2025080403008391,GBBL,Sani Securities Company Ltd.,Opal Securities Investment (PVT) Ltd.,40,440.0,17600.0,2025-08-04 12:34:18.818432
2025-08-04,71367,2025080403008439,GBBL,Sani Securities Company Ltd.,Opal Securities Investment (PVT) Ltd.,50,440.0,22000.0,2025-08-04 12:34:55.194594
2025-08-04,71366,2025080403008440,GBBL,Midas Stock Broking Company Private Limited,Opal Securities Investment (PVT) Ltd.,36,440.0,15840.0,2025-08-04 12:34:55.194643
2025-08-04,71168,2025080403008471,GBBL,Primo Securities (PVT) Ltd.,Opal Securities Investment (PVT) Ltd.,140,442.0,61880.0,2025-08-04 12:35:16.495757
2025-08-04,71167,2025080403008472,GBBL,Primo Securities (PVT) Ltd.,Malla & Malla Stock Broking Company Pvt. Limited,100,442.9,44290.0,2025-08-04 12:35:16.495938
2025-08-04,71166,2025080403008473,GBBL,Primo Securities (PVT) Ltd.,Naasa Securities Co. Ltd.,203,443.0,89929.0,2025-08-04 12:35:16.496038
2025-08-04,70376,2025080403008623,GBBL,Secured Securities Ltd.,Naasa Securities Co. Ltd.,90,443.0,39870.0,2025-08-04 12:36:36.470401
2025-08-04,70072,2025080403008698,GBBL,Opal Securities Investment (PVT) Ltd.,Naasa Securities Co. Ltd.,207,443.0,91701.0,2025-08-04 12:37:14.598929
2025-08-04,68143,2025080403008966,GBBL,Naasa Securities Co. Ltd.,SUN SECURITIES PVT LTD,275,443.3,121907.5,2025-08-04 12:41:05.372321
2025-08-04,68085,2025080403008974,GBBL,Sani Securities Company Ltd.,SUN SECURITIES PVT LTD,25,443.3,11082.5,2025-08-04 12:41:11.802258
2025-08-04,67557,2025080403009038,GBBL,Swarna Laxmi Securities Pvt. Ltd.,SUN SECURITIES PVT LTD,300,443.3,132990.0,2025-08-04 12:42:23.251209
2025-08-04,67096,2025080403009134,GBBL,Blue Chip Securities Ltd,SUN SECURITIES PVT LTD,300,443.3,132990.0,2025-08-04 12:43:28.479710
2025-08-04,66985,2025080403009155,GBBL,Infinity Securities Limited,Sundhara Securities Limited,115,443.1,50956.5,2025-08-04 12:43:44.449900
2025-08-04,66984,2025080403009156,GBBL,Opal Securities Investment (PVT) Ltd.,Sundhara Securities Limited,162,443.0,71766.0,2025-08-04 12:43:44.449942
2025-08-04,66983,2025080403009157,GBBL,Nabil Stock Dealer Ltd.,Sundhara Securities Limited,1000,442.1,442100.0,2025-08-04 12:43:44.449973
2025-08-04,66982,2025080403009158,GBBL,Aryatara Investment & Securities,Sundhara Securities Limited,723,440.4,318409.2,2025-08-04 12:43:44.450001
2025-08-04,66458,2025080403009271,GBBL,Aryatara Investment & Securities,Bhrikuti Stock Broking Co. Pvt. Ltd.,62,440.4,27304.8,2025-08-04 12:45:08.106251
2025-08-04,65770,2025080403009360,GBBL,Vision Securities Pvt. Ltd,Naasa Securities Co. Ltd.,84,440.5,37002.0,2025-08-04 12:46:39.049808
2025-08-04,65455,2025080403009406,GBBL,Blue Chip Securities Ltd,SUN SECURITIES PVT LTD,30,443.3,13299.0,2025-08-04 12:47:31.139534
2025-08-04,63980,2025080403009659,GBBL,Agrawal Securities (PVT) Ltd.,ABC Securities Private Limited,500,441.0,220500.0,2025-08-04 12:51:52.512375
2025-08-04,63979,2025080403009660,GBBL,ABC Securities Private Limited,ABC Securities Private Limited,20,441.0,8820.0,2025-08-04 12:51:52.512574
2025-08-04,63978,2025080403009661,GBBL,Vision Securities Pvt. Ltd,ABC Securities Private Limited,616,440.5,271348.0,2025-08-04 12:51:52.512649
2025-08-04,63977,2025080403009662,GBBL,Aryatara Investment & Securities,ABC Securities Private Limited,215,440.4,94686.0,2025-08-04 12:51:52.512717
2025-08-04,63976,2025080403009663,GBBL,Naasa Securities Co. Ltd.,ABC Securities Private Limited,1894,440.4,834117.6,2025-08-04 12:51:52.512781
2025-08-04,62383,2025080403009952,GBBL,Market Securities & Exchange (PVT) Ltd.,Oxford Securities Pvt. Ltd.,177,440.2,77915.4,2025-08-04 12:55:58.362852
2025-08-04,62190,2025080403009964,GBBL,Market Securities & Exchange (PVT) Ltd.,Dakshinkali Investment & Securities Pvt. Ltd.,323,440.2,142184.6,2025-08-04 12:56:20.526640
2025-08-04,62189,2025080403009965,GBBL,Dipshikha Dhitopatra Karobar Co. Pvt Ltd.,Dakshinkali Investment & Securities Pvt. Ltd.,50,440.1,22005.0,2025-08-04 12:56:20.526848
2025-08-04,62188,2025080403009966,GBBL,Midas Stock Broking Company Private Limited,Dakshinkali Investment & Securities Pvt. Ltd.,123,440.0,54120.0,2025-08-04 12:56:20.526948
2025-08-04,62187,2025080403009967,GBBL,Kohinoor Investment & Securities Pvt. Ltd.,Dakshinkali Investment & Securities Pvt. Ltd.,200,440.0,88000.0,2025-08-04 12:56:20.527043
2025-08-04,62186,2025080403009968,GBBL,Sundhara Securities Limited,Dakshinkali Investment & Securities Pvt. Ltd.,200,440.0,88000.0,2025-08-04 12:56:20.527124
2025-08-04,62185,2025080403009969,GBBL,Online Securities Pvt. Ltd.,Dakshinkali Investment & Securities Pvt. Ltd.,50,440.0,22000.0,2025-08-04 12:56:20.527194
2025-08-04,62184,2025080403009970,GBBL,Sundhara Securities Limited,Dakshinkali Investment & Securities Pvt. Ltd.,54,440.0,23760.0,2025-08-04 12:56:20.527271
2025-08-04,62126,2025080403009977,GBBL,Agrawal Securities (PVT) Ltd.,Arun Securities (PVT) Ltd.,1000,440.5,440500.0,2025-08-04 12:56:27.912191
2025-08-04,61821,2025080403010025,GBBL,Agrawal Securities (PVT) Ltd.,Vision Securities Pvt. Ltd,50,440.5,22025.0,2025-08-04 12:57:11.233493
2025-08-04,61453,2025080403010106,GBBL,Agrawal Securities (PVT) Ltd.,Sundhara Securities Limited,123,440.5,54181.5,2025-08-04 12:57:55.620291
2025-08-04,60983,2025080403010180,GBBL,Thrive Brokerage House Pvt. Ltd,Kalika Securities Pvt. Ltd.,100,441.0,44100.0,2025-08-04 12:58:45.947541
2025-08-04,60982,2025080403010181,GBBL,Agrawal Securities (PVT) Ltd.,Kalika Securities Pvt. Ltd.,37,440.5,16298.5,2025-08-04 12:58:45.947726
2025-08-04,60513,2025080403010251,GBBL,Aryatara Investment & Securities,Sri Hari Securities Pvt. Ltd.,40,441.0,17640.0,2025-08-04 12:59:46.489389
2025-08-04,59216,2025080403010422,GBBL,Aryatara Investment & Securities,Agrawal Securities (PVT) Ltd.,210,441.0,92610.0,2025-08-04 13:02:24.225661
2025-08-04,58740,2025080403010473,GBBL,Miyo Securities Pvt Ltd,ABC Securities Private Limited,2000,440.6,881200.0,2025-08-04 13:03:25.425270
2025-08-04,58739,2025080403010474,GBBL,Agrawal Securities (PVT) Ltd.,ABC Securities Private Limited,2790,440.5,1228995.0,2025-08-04 13:03:25.425477
2025-08-04,58738,2025080403010475,GBBL,Sundhara Securities Limited,ABC Securities Private Limited,3946,440.0,1736240.0,2025-08-04 13:03:25.425554
2025-08-04,58737,2025080403010476,GBBL,Naasa Securities Co. Ltd.,ABC Securities Private Limited,50,440.0,22000.0,2025-08-04 13:03:25.425643
2025-08-04,58736,2025080403010477,GBBL,Vision Securities Pvt. Ltd,ABC Securities Private Limited,686,440.0,301840.0,2025-08-04 13:03:25.425712
2025-08-04,58735,2025080403010478,GBBL,Sani Securities Company Ltd.,ABC Securities Private Limited,1000,439.0,439000.0,2025-08-04 13:03:25.425777
2025-08-04,58734,2025080403010479,GBBL,Dipshikha Dhitopatra Karobar Co. Pvt Ltd.,ABC Securities Private Limited,100,439.0,43900.0,2025-08-04 13:03:25.425841
2025-08-04,58733,2025080403010480,GBBL,Sumeru Securities Pvt. Ltd.,ABC Securities Private Limited,100,439.0,43900.0,2025-08-04 13:03:25.425903
2025-08-04,58732,2025080403010481,GBBL,Blue Chip Securities Ltd,ABC Securities Private Limited,300,439.0,131700.0,2025-08-04 13:03:25.425967
2025-08-04,58731,2025080403010482,GBBL,South Asian Bulls Pvt. Ltd.,ABC Securities Private Limited,250,438.0,109500.0,2025-08-04 13:03:25.426039
2025-08-04,58730,2025080403010483,GBBL,Cristal Kanchanjanga Securites Pvt. Ltd.,ABC Securities Private Limited,100,438.0,43800.0,2025-08-04 13:03:25.426102
2025-08-04,58729,2025080403010484,GBBL,Sani Securities Company Ltd.,ABC Securities Private Limited,50,438.0,21900.0,2025-08-04 13:03:25.426190
2025-08-04,58728,2025080403010485,GBBL,Aryatara Investment & Securities,ABC Securities Private Limited,40,438.0,17520.0,2025-08-04 13:03:25.426251
2025-08-04,58727,2025080403010486,GBBL,Opal Securities Investment (PVT) Ltd.,ABC Securities Private Limited,200,438.0,87600.0,2025-08-04 13:03:25.426314
2025-08-04,58726,2025080403010487,GBBL,NIMB Stock Markets Limited,ABC Securities Private Limited,200,438.0,87600.0,2025-08-04 13:03:25.426374
2025-08-04,58291,2025080403010579,GBBL,Dynamic Money Managers Securities Pvt. Ltd.,Oxford Securities Pvt. Ltd.,10,437.3,4373.0,2025-08-04 13:04:39.037044
2025-08-04,54733,2025080403011166,GBBL,Kalika Securities Pvt. Ltd.,Dynamic Money Managers Securities Pvt. Ltd.,50,438.0,21900.0,2025-08-04 13:11:06.794053
2025-08-04,54732,2025080403011167,GBBL,Sani Securities Company Ltd.,Dynamic Money Managers Securities Pvt. Ltd.,350,438.0,153300.0,2025-08-04 13:11:06.794152
2025-08-04,54731,2025080403011168,GBBL,Aryatara Investment & Securities,Dynamic Money Managers Securities Pvt. Ltd.,560,438.0,245280.0,2025-08-04 13:11:06.794227
2025-08-04,54730,2025080403011169,GBBL,Kohinoor Investment & Securities Pvt. Ltd.,Dynamic Money Managers Securities Pvt. Ltd.,100,438.0,43800.0,2025-08-04 13:11:06.794298
2025-08-04,54729,2025080403011170,GBBL,Online Securities Pvt. Ltd.,Dynamic Money Managers Securities Pvt. Ltd.,100,437.6,43760.0,2025-08-04 13:11:06.794373
2025-08-04,54728,2025080403011171,GBBL,Dipshikha Dhitopatra Karobar Co. Pvt Ltd.,Dynamic Money Managers Securities Pvt. Ltd.,25,437.5,10937.5,2025-08-04 13:11:06.794453
2025-08-04,54727,2025080403011172,GBBL,Sani Securities Company Ltd.,Dynamic Money Managers Securities Pvt. Ltd.,2000,437.4,874800.0,2025-08-04 13:11:06.794516
2025-08-04,54726,2025080403011173,GBBL,Dynamic Money Managers Securities Pvt. Ltd.,Dynamic Money Managers Securities Pvt. Ltd.,990,437.3,432927.0,2025-08-04 13:11:06.794607
2025-08-04,54725,2025080403011174,GBBL,J.F. Securites (PVT) Ltd.,Dynamic Money Managers Securities Pvt. Ltd.,10,437.0,4370.0,2025-08-04 13:11:06.794674
2025-08-04,54724,2025080403011175,GBBL,Aryatara Investment & Securities,Dynamic Money Managers Securities Pvt. Ltd.,50,437.0,21850.0,2025-08-04 13:11:06.794735
2025-08-04,54723,2025080403011176,GBBL,Opal Securities Investment (PVT) Ltd.,Dynamic Money Managers Securities Pvt. Ltd.,765,436.3,333769.5,2025-08-04 13:11:06.794817
2025-08-04,52422,2025080403011641,GBBL,Sweta Securities Private Limited,Magnet Securities and Investment Company Private Limited,100,437.5,43750.0,2025-08-04 13:15:50.243490
2025-08-04,52307,2025080403011661,GBBL,Dakshinkali Investment & Securities Pvt. Ltd.,Magnet Securities and Investment Company Private Limited,40,437.0,17480.0,2025-08-04 13:16:04.290251
2025-08-04,52246,2025080403011668,GBBL,Market Securities & Exchange (PVT) Ltd.,Magnet Securities and Investment Company Private Limited,60,436.6,26196.0,2025-08-04 13:16:15.320172
2025-08-04,51744,2025080403011795,GBBL,Market Securities & Exchange (PVT) Ltd.,Premier Securities Company Ltd.,433,436.6,189047.8,2025-08-04 13:17:14.925572
2025-08-04,51484,2025080403011833,GBBL,ABC Securities Private Limited,Sumeru Securities Pvt. Ltd.,20,437.0,8740.0,2025-08-04 13:17:48.279257
2025-08-04,50576,2025080403011971,GBBL,ABC Securities Private Limited,Sani Securities Company Ltd.,15,437.0,6555.0,2025-08-04 13:19:49.193621
2025-08-04,50575,2025080403011972,GBBL,Thrive Brokerage House Pvt. Ltd,Sani Securities Company Ltd.,85,437.0,37145.0,2025-08-04 13:19:49.193855
2025-08-04,49960,2025080403012058,GBBL,Premier Securities Company Ltd.,Dipshikha Dhitopatra Karobar Co. Pvt Ltd.,50,439.0,21950.0,2025-08-04 13:20:59.380416
2025-08-04,49820,2025080403012066,GBBL,Sani Securities Company Ltd.,Dipshikha Dhitopatra Karobar Co. Pvt Ltd.,100,439.0,43900.0,2025-08-04 13:21:22.500509
2025-08-04,49730,2025080403012078,GBBL,Kumari Securities Private Limited,Dipshikha Dhitopatra Karobar Co. Pvt Ltd.,250,439.0,109750.0,2025-08-04 13:21:32.959536
2025-08-04,48007,2025080403012327,GBBL,Sani Securities Company Ltd.,Kalika Securities Pvt. Ltd.,100,440.0,44000.0,2025-08-04 13:25:18.936135
2025-08-04,48006,2025080403012328,GBBL,Sani Securities Company Ltd.,Sani Securities Company Ltd.,350,440.0,154000.0,2025-08-04 13:25:18.936341
2025-08-04,47660,2025080403012393,GBBL,Dipshikha Dhitopatra Karobar Co. Pvt Ltd.,Dynamic Money Managers Securities Pvt. Ltd.,200,439.0,87800.0,2025-08-04 13:26:21.969013
2025-08-04,46799,2025080403012494,GBBL,Primo Securities (PVT) Ltd.,Sani Securities Company Ltd.,300,440.0,132000.0,2025-08-04 13:28:42.578842
2025-08-04,46556,2025080403012524,GBBL,Vision Securities Pvt. Ltd,Sani Securities Company Ltd.,23,440.0,10120.0,2025-08-04 13:29:32.679331
2025-08-04,45727,2025080403012661,GBBL,Aryatara Investment & Securities,Capital Max Securities Ltd,56,439.2,24595.2,2025-08-04 13:31:04.256170
2025-08-04,45678,2025080403012666,GBBL,Aryatara Investment & Securities,Premier Securities Company Ltd.,484,439.2,212572.8,2025-08-04 13:31:13.311887
2025-08-04,45677,2025080403012667,GBBL,Malla & Malla Stock Broking Company Pvt. Limited,Premier Securities Company Ltd.,500,439.1,219550.0,2025-08-04 13:31:13.312284
2025-08-04,45676,2025080403012668,GBBL,Secured Securities Ltd.,Premier Securities Company Ltd.,500,439.0,219500.0,2025-08-04 13:31:13.312510
2025-08-04,45675,2025080403012669,GBBL,Premier Securities Company Ltd.,Premier Securities Company Ltd.,100,438.0,43800.0,2025-08-04 13:31:13.312730
2025-08-04,45674,2025080403012670,GBBL,Market Securities & Exchange (PVT) Ltd.,Premier Securities Company Ltd.,500,437.5,218750.0,2025-08-04 13:31:13.312947
2025-08-04,45673,2025080403012671,GBBL,ABC Securities Private Limited,Premier Securities Company Ltd.,16,437.4,6998.4,2025-08-04 13:31:13.313174
2025-08-04,45316,2025080403012756,GBBL,ABC Securities Private Limited,Primo Securities (PVT) Ltd.,184,437.4,80481.6,2025-08-04 13:32:09.947814
2025-08-04,44945,2025080403012800,GBBL,Market Securities & Exchange (PVT) Ltd.,Primo Securities (PVT) Ltd.,500,437.4,218700.0,2025-08-04 13:33:19.319571
2025-08-04,44648,2025080403012849,GBBL,Vision Securities Pvt. Ltd,Naasa Securities Co. Ltd.,10,440.0,4400.0,2025-08-04 13:34:03.441329
2025-08-04,44256,2025080403012907,GBBL,Online Securities Pvt. Ltd.,Primo Securities (PVT) Ltd.,200,437.5,87500.0,2025-08-04 13:35:13.942471
2025-08-04,43562,2025080403013014,GBBL,Miyo Securities Pvt Ltd,Primo Securities (PVT) Ltd.,144,437.6,63014.4,2025-08-04 13:37:11.670999
2025-08-04,43165,2025080403013060,GBBL,Naasa Securities Co. Ltd.,Nepal Investment And Securities Trading Private Limited,6,440.4,2642.4,2025-08-04 13:38:08.673034
2025-08-04,42089,2025080403013250,GBBL,Miyo Securities Pvt Ltd,Imperial Securities Company Pvt. Ltd.,856,437.6,374585.6,2025-08-04 13:41:38.481134
2025-08-04,42088,2025080403013251,GBBL,Sundhara Securities Limited,Imperial Securities Company Pvt. Ltd.,200,437.5,87500.0,2025-08-04 13:41:38.481510
2025-08-04,42087,2025080403013252,GBBL,Market Securities & Exchange (PVT) Ltd.,Imperial Securities Company Pvt. Ltd.,500,437.4,218700.0,2025-08-04 13:41:38.481742
2025-08-04,42086,2025080403013253,GBBL,Midas Stock Broking Company Private Limited,Imperial Securities Company Pvt. Ltd.,200,437.3,87460.0,2025-08-04 13:41:38.481970
2025-08-04,42085,2025080403013254,GBBL,Thrive Brokerage House Pvt. Ltd,Imperial Securities Company Pvt. Ltd.,15,437.0,6555.0,2025-08-04 13:41:38.482240
2025-08-04,42084,2025080403013255,GBBL,Sundhara Securities Limited,Imperial Securities Company Pvt. Ltd.,229,437.0,100073.0,2025-08-04 13:41:38.482473
2025-08-04,41835,2025080403013279,GBBL,Sundhara Securities Limited,Imperial Securities Company Pvt. Ltd.,771,437.0,336927.0,2025-08-04 13:42:16.167258
2025-08-04,41834,2025080403013280,GBBL,Creative Securities Pvt Ltd,Imperial Securities Company Pvt. Ltd.,275,437.0,120175.0,2025-08-04 13:42:16.167448
2025-08-04,41833,2025080403013281,GBBL,Miyo Securities Pvt Ltd,Imperial Securities Company Pvt. Ltd.,954,436.7,416611.8,2025-08-04 13:42:16.167531
2025-08-04,40725,2025080403013447,GBBL,Property Wiard Limited,Vision Securities Pvt. Ltd,110,437.0,48070.0,2025-08-04 13:44:34.761522
2025-08-04,40626,2025080403013455,GBBL,Property Wiard Limited,Machhapuchchhre Securities Limited,40,437.0,17480.0,2025-08-04 13:44:45.147655
2025-08-04,39468,2025080403013560,GBBL,Dipshikha Dhitopatra Karobar Co. Pvt Ltd.,Machhapuchchhre Securities Limited,20,437.1,8742.0,2025-08-04 13:47:27.535964
2025-08-04,38244,2025080403013814,GBBL,Sani Securities Company Ltd.,Kumari Securities Private Limited,100,438.0,43800.0,2025-08-04 13:51:28.841827
2025-08-04,38243,2025080403013815,GBBL,Imperial Securities Company Pvt. Ltd.,Kumari Securities Private Limited,200,437.5,87500.0,2025-08-04 13:51:28.841871
2025-08-04,38242,2025080403013816,GBBL,Neev Securities Pvt. Ltd.,Kumari Securities Private Limited,200,437.2,87440.0,2025-08-04 13:51:28.841897
2025-08-04,38086,2025080403013827,GBBL,Primo Securities (PVT) Ltd.,Nepal Investment And Securities Trading Private Limited,58,439.0,25462.0,2025-08-04 13:51:39.747745
2025-08-04,38085,2025080403013828,GBBL,Primo Securities (PVT) Ltd.,Dynamic Money Managers Securities Pvt. Ltd.,142,440.0,62480.0,2025-08-04 13:51:39.747994
2025-08-04,37232,2025080403014017,GBBL,Deevyaa Securities & Stock House Pvt. Ltd,Himalayan Brokerage Company Limited,10,438.0,4380.0,2025-08-04 13:54:38.153887
2025-08-04,36770,2025080403014107,GBBL,Property Wiard Limited,Himalayan Brokerage Company Limited,350,438.0,153300.0,2025-08-04 13:56:20.102419
2025-08-04,36573,2025080403014132,GBBL,Dynamic Money Managers Securities Pvt. Ltd.,Investment Management Nepal Pvt. Ltd.,100,437.2,43720.0,2025-08-04 13:57:08.865376
2025-08-04,36518,2025080403014145,GBBL,Aryatara Investment & Securities,Cristal Kanchanjanga Securites Pvt. Ltd.,300,437.3,131190.0,2025-08-04 13:57:22.221663
2025-08-04,35666,2025080403014276,GBBL,Dipshikha Dhitopatra Karobar Co. Pvt Ltd.,Himalayan Brokerage Company Limited,40,438.0,17520.0,2025-08-04 14:00:09.734547
2025-08-04,35665,2025080403014277,GBBL,Dipshikha Dhitopatra Karobar Co. Pvt Ltd.,Premier Securities Company Ltd.,50,438.0,21900.0,2025-08-04 14:00:09.735002
2025-08-04,34497,2025080403014438,GBBL,Sani Securities Company Ltd.,Dynamic Money Managers Securities Pvt. Ltd.,200,439.8,87960.0,2025-08-04 14:03:19.482228
2025-08-04,34496,2025080403014439,GBBL,Sani Securities Company Ltd.,Dynamic Money Managers Securities Pvt. Ltd.,158,440.0,69520.0,2025-08-04 14:03:19.482475
2025-08-04,34495,2025080403014440,GBBL,Sani Securities Company Ltd.,Sani Securities Company Ltd.,1000,440.0,440000.0,2025-08-04 14:03:19.482578
2025-08-04,34494,2025080403014441,GBBL,Sani Securities Company Ltd.,Elite Stock House Limited,642,440.0,282480.0,2025-08-04 14:03:19.482676
2025-08-04,34208,2025080403014499,GBBL,Primo Securities (PVT) Ltd.,Elite Stock House Limited,200,440.0,88000.0,2025-08-04 14:04:20.123107
2025-08-04,33402,2025080403014665,GBBL,Neev Securities Pvt. Ltd.,Elite Stock House Limited,30,440.0,13200.0,2025-08-04 14:06:12.581324
2025-08-04,33203,2025080403014713,GBBL,Bhrikuti Stock Broking Co. Pvt. Ltd.,Elite Stock House Limited,28,440.0,12320.0,2025-08-04 14:06:36.567338
2025-08-04,33202,2025080403014714,GBBL,Bhrikuti Stock Broking Co. Pvt. Ltd.,Dynamic Money Managers Securities Pvt. Ltd.,200,440.0,88000.0,2025-08-04 14:06:36.567818
2025-08-04,33110,2025080403014744,GBBL,Dipshikha Dhitopatra Karobar Co. Pvt Ltd.,Sani Securities Company Ltd.,190,440.5,83695.0,2025-08-04 14:06:47.800650
2025-08-04,32855,2025080403014792,GBBL,Linch Stock Market Ltd.,Sani Securities Company Ltd.,45,440.5,19822.5,2025-08-04 14:07:12.927111
2025-08-04,32854,2025080403014793,GBBL,Linch Stock Market Ltd.,Aryatara Investment & Securities,12,440.5,5286.0,2025-08-04 14:07:12.927357
2025-08-04,32263,2025080403014895,GBBL,Bhrikuti Stock Broking Co. Pvt. Ltd.,Sani Securities Company Ltd.,50,440.0,22000.0,2025-08-04 14:08:11.557474
2025-08-04,31856,2025080403014976,GBBL,Linch Stock Market Ltd.,Trisul Securities & Invt. Ltd.,200,440.1,88020.0,2025-08-04 14:09:00.229786
2025-08-04,31855,2025080403014977,GBBL,Bhrikuti Stock Broking Co. Pvt. Ltd.,Trisul Securities & Invt. Ltd.,300,440.0,132000.0,2025-08-04 14:09:00.230408
2025-08-04,31210,2025080403015157,GBBL,Nabil Stock Dealer Ltd.,Online Securities Pvt. Ltd.,500,441.5,220750.0,2025-08-04 14:10:10.872499
2025-08-04,31209,2025080403015158,GBBL,Nabil Stock Dealer Ltd.,Dynamic Money Managers Securities Pvt. Ltd.,200,442.0,88400.0,2025-08-04 14:10:10.872751
2025-08-04,30614,2025080403015313,GBBL,Naasa Securities Co. Ltd.,Naasa Securities Co. Ltd.,20,442.1,8842.0,2025-08-04 14:11:25.475672
2025-08-04,29806,2025080403015473,GBBL,R.B.B. Securities Company Ltd,Dynamic Money Managers Securities Pvt. Ltd.,500,443.0,221500.0,2025-08-04 14:13:04.660180
2025-08-04,29579,2025080403015528,GBBL,Naasa Securities Co. Ltd.,SUN SECURITIES PVT LTD,45,443.3,19948.5,2025-08-04 14:13:25.839756
2025-08-04,29370,2025080403015583,GBBL,Imperial Securities Company Pvt. Ltd.,SUN SECURITIES PVT LTD,50,443.3,22165.0,2025-08-04 14:13:48.756523
2025-08-04,28372,2025080403015772,GBBL,Nabil Stock Dealer Ltd.,Premier Securities Company Ltd.,300,442.0,132600.0,2025-08-04 14:15:41.278973
2025-08-04,28371,2025080403015773,GBBL,Opal Securities Investment (PVT) Ltd.,Premier Securities Company Ltd.,150,440.1,66015.0,2025-08-04 14:15:41.279444
2025-08-04,28370,2025080403015774,GBBL,Bhrikuti Stock Broking Co. Pvt. Ltd.,Premier Securities Company Ltd.,50,440.0,22000.0,2025-08-04 14:15:41.279727
2025-08-04,28090,2025080403015832,GBBL,Dipshikha Dhitopatra Karobar Co. Pvt Ltd.,Imperial Securities Company Pvt. Ltd.,500,443.3,221650.0,2025-08-04 14:16:14.308899
2025-08-04,27876,2025080403015867,GBBL,Dipshikha Dhitopatra Karobar Co. Pvt Ltd.,Primo Securities (PVT) Ltd.,15,444.0,6660.0,2025-08-04 14:16:35.165098
2025-08-04,27875,2025080403015868,GBBL,Dipshikha Dhitopatra Karobar Co. Pvt Ltd.,Linch Stock Market Ltd.,143,444.5,63563.5,2025-08-04 14:16:35.165552
2025-08-04,27719,2025080403015882,GBBL,Malla & Malla Stock Broking Company Pvt. Limited,Imperial Securities Company Pvt. Ltd.,100,445.0,44500.0,2025-08-04 14:16:57.288330
2025-08-04,27710,2025080403015888,GBBL,Dipshikha Dhitopatra Karobar Co. Pvt Ltd.,Imperial Securities Company Pvt. Ltd.,472,444.5,209804.0,2025-08-04 14:16:59.564003
2025-08-04,27673,2025080403015892,GBBL,Linch Stock Market Ltd.,Imperial Securities Company Pvt. Ltd.,28,444.0,12432.0,2025-08-04 14:17:07.618677
2025-08-04,27672,2025080403015893,GBBL,Linch Stock Market Ltd.,Premier Securities Company Ltd.,2,445.0,890.0,2025-08-04 14:17:07.618767
2025-08-04,27341,2025080403015977,GBBL,Kohinoor Investment & Securities Pvt. Ltd.,Investment Management Nepal Pvt. Ltd.,100,444.5,44450.0,2025-08-04 14:17:54.796629
2025-08-04,27303,2025080403015996,GBBL,Primo Securities (PVT) Ltd.,Imperial Securities Company Pvt. Ltd.,17,445.0,7565.0,2025-08-04 14:18:00.671852
2025-08-04,26809,2025080403016057,GBBL,Property Wiard Limited,Naasa Securities Co. Ltd.,189,441.0,83349.0,2025-08-04 14:18:37.376111
2025-08-04,25299,2025080403016289,GBBL,Linch Stock Market Ltd.,Imperial Securities Company Pvt. Ltd.,500,444.0,222000.0,2025-08-04 14:21:17.903645
2025-08-04,24709,2025080403016389,GBBL,Sipla Securities Private Limited,Creative Securities Pvt Ltd,150,444.0,66600.0,2025-08-04 14:22:27.942527
2025-08-04,24708,2025080403016390,GBBL,Dipshikha Dhitopatra Karobar Co. Pvt Ltd.,Creative Securities Pvt Ltd,13,442.5,5752.5,2025-08-04 14:22:27.942759
2025-08-04,24528,2025080403016411,GBBL,Naasa Securities Co. Ltd.,Imperial Securities Company Pvt. Ltd.,13,445.0,5785.0,2025-08-04 14:22:45.776632
2025-08-04,24527,2025080403016412,GBBL,Naasa Securities Co. Ltd.,Neev Securities Pvt. Ltd.,87,445.0,38715.0,2025-08-04 14:22:45.776857
2025-08-04,23674,2025080403016587,GBBL,Prabhu Stock Market Limited,Neev Securities Pvt. Ltd.,2000,445.0,890000.0,2025-08-04 14:24:04.439779
2025-08-04,22966,2025080403016725,GBBL,Dipshikha Dhitopatra Karobar Co. Pvt Ltd.,Trishakti Securities Public Limited,200,444.0,88800.0,2025-08-04 14:25:08.578575
2025-08-04,22963,2025080403016726,GBBL,Agrawal Securities (PVT) Ltd.,Trishakti Securities Public Limited,300,444.0,133200.0,2025-08-04 14:25:09.219523
2025-08-04,22804,2025080403016745,GBBL,Opal Securities Investment (PVT) Ltd.,Opal Securities Investment (PVT) Ltd.,8,437.8,3502.4,2025-08-04 14:25:28.041193
2025-08-04,22674,2025080403016763,GBBL,Deevyaa Securities & Stock House Pvt. Ltd,Neev Securities Pvt. Ltd.,500,445.0,222500.0,2025-08-04 14:25:38.674472
2025-08-04,22650,2025080403016768,GBBL,Agrawal Securities (PVT) Ltd.,Investment Management Nepal Pvt. Ltd.,200,444.0,88800.0,2025-08-04 14:25:43.569924
2025-08-04,22591,2025080403016781,GBBL,Midas Stock Broking Company Private Limited,Neev Securities Pvt. Ltd.,2020,445.0,898900.0,2025-08-04 14:25:50.698552
2025-08-04,21222,2025080403017005,GBBL,Nepal Stock House (PVT) Ltd.,Dynamic Money Managers Securities Pvt. Ltd.,180,444.9,80082.0,2025-08-04 14:28:05.825454
2025-08-04,20977,2025080403017044,GBBL,Naasa Securities Co. Ltd.,Dynamic Money Managers Securities Pvt. Ltd.,20,444.9,8898.0,2025-08-04 14:28:30.116588
2025-08-04,20976,2025080403017045,GBBL,Naasa Securities Co. Ltd.,Neev Securities Pvt. Ltd.,40,445.0,17800.0,2025-08-04 14:28:30.116813
2025-08-04,20899,2025080403017048,GBBL,Sundhara Securities Limited,Neev Securities Pvt. Ltd.,180,445.0,80100.0,2025-08-04 14:28:39.732519
2025-08-04,20845,2025080403017055,GBBL,ABC Securities Private Limited,Opal Securities Investment (PVT) Ltd.,80,444.5,35560.0,2025-08-04 14:28:45.266638
2025-08-04,20514,2025080403017118,GBBL,Linch Stock Market Ltd.,Citizens Share Broker Limited,200,444.9,88980.0,2025-08-04 14:29:13.748392
2025-08-04,20513,2025080403017119,GBBL,Linch Stock Market Ltd.,Neev Securities Pvt. Ltd.,173,445.0,76985.0,2025-08-04 14:29:13.748623
2025-08-04,20512,2025080403017120,GBBL,Linch Stock Market Ltd.,J.F. Securites (PVT) Ltd.,301,445.0,133945.0,2025-08-04 14:29:13.748726
2025-08-04,20511,2025080403017121,GBBL,Linch Stock Market Ltd.,Stoxkarts Securities Limited,326,445.0,145070.0,2025-08-04 14:29:13.748821
2025-08-04,20152,2025080403017182,GBBL,Trishakti Securities Public Limited,Stoxkarts Securities Limited,350,445.0,155750.0,2025-08-04 14:29:42.266981
2025-08-04,20147,2025080403017185,GBBL,Naasa Securities Co. Ltd.,Stoxkarts Securities Limited,100,445.0,44500.0,2025-08-04 14:29:42.666262
2025-08-04,19724,2025080403017259,GBBL,Arun Securities (PVT) Ltd.,Stoxkarts Securities Limited,50,445.0,22250.0,2025-08-04 14:30:25.605983
2025-08-04,19453,2025080403017301,GBBL,J.F. Securites (PVT) Ltd.,Stoxkarts Securities Limited,1174,445.0,522430.0,2025-08-04 14:30:46.560498
2025-08-04,19452,2025080403017302,GBBL,J.F. Securites (PVT) Ltd.,Nepal Stock House (PVT) Ltd.,126,445.0,56070.0,2025-08-04 14:30:46.560737
2025-08-04,19401,2025080403017306,GBBL,Investment Management Nepal Pvt. Ltd.,Nepal Stock House (PVT) Ltd.,10,445.0,4450.0,2025-08-04 14:30:51.430402
2025-08-04,19255,2025080403017344,GBBL,Imperial Securities Company Pvt. Ltd.,Nepal Stock House (PVT) Ltd.,50,445.0,22250.0,2025-08-04 14:31:05.876044
2025-08-04,19067,2025080403017359,GBBL,Linch Stock Market Ltd.,Nepal Stock House (PVT) Ltd.,14,445.0,6230.0,2025-08-04 14:31:23.473796
2025-08-04,19066,2025080403017360,GBBL,Linch Stock Market Ltd.,Premier Securities Company Ltd.,20,447.0,8940.0,2025-08-04 14:31:23.473841
2025-08-04,19065,2025080403017361,GBBL,Linch Stock Market Ltd.,Siprabi Securities Pvt. Ltd.,25,448.0,11200.0,2025-08-04 14:31:23.473869
2025-08-04,19064,2025080403017362,GBBL,Linch Stock Market Ltd.,Sundhara Securities Limited,841,448.0,376768.0,2025-08-04 14:31:23.473898
2025-08-04,18684,2025080403017429,GBBL,Kohinoor Investment & Securities Pvt. Ltd.,Sundhara Securities Limited,159,448.0,71232.0,2025-08-04 14:32:08.490307
2025-08-04,18683,2025080403017430,GBBL,Kohinoor Investment & Securities Pvt. Ltd.,Dipshikha Dhitopatra Karobar Co. Pvt Ltd.,41,448.0,18368.0,2025-08-04 14:32:08.490627
2025-08-04,17984,2025080403017561,GBBL,Kohinoor Investment & Securities Pvt. Ltd.,Dipshikha Dhitopatra Karobar Co. Pvt Ltd.,185,448.0,82880.0,2025-08-04 14:33:25.533476
2025-08-04,17983,2025080403017562,GBBL,Kohinoor Investment & Securities Pvt. Ltd.,Imperial Securities Company Pvt. Ltd.,222,448.0,99456.0,2025-08-04 14:33:25.533518
2025-08-04,17982,2025080403017563,GBBL,Kohinoor Investment & Securities Pvt. Ltd.,Investment Management Nepal Pvt. Ltd.,593,448.0,265664.0,2025-08-04 14:33:25.533566
2025-08-04,17697,2025080403017641,GBBL,Imperial Securities Company Pvt. Ltd.,Investment Management Nepal Pvt. Ltd.,407,448.0,182336.0,2025-08-04 14:34:04.140553
2025-08-04,17524,2025080403017690,GBBL,Premier Securities Company Ltd.,Stoxkarts Securities Limited,110,449.0,49390.0,2025-08-04 14:34:35.785477
2025-08-04,17516,2025080403017693,GBBL,Vision Securities Pvt. Ltd,Stoxkarts Securities Limited,1890,449.0,848610.0,2025-08-04 14:34:37.726311
2025-08-04,17213,2025080403017722,GBBL,Vision Securities Pvt. Ltd,Citizens Share Broker Limited,110,449.0,49390.0,2025-08-04 14:34:58.665382
2025-08-04,16155,2025080403017943,GBBL,Imperial Securities Company Pvt. Ltd.,Vision Securities Pvt. Ltd,50,448.0,22400.0,2025-08-04 14:36:19.826654
2025-08-04,15890,2025080403017996,GBBL,Sharepro Securities Private Limited,Cristal Kanchanjanga Securites Pvt. Ltd.,50,448.9,22445.0,2025-08-04 14:36:36.479711
2025-08-04,15889,2025080403017997,GBBL,Sharepro Securities Private Limited,South Asian Bulls Pvt. Ltd.,50,449.0,22450.0,2025-08-04 14:36:36.479934
2025-08-04,15743,2025080403018019,GBBL,Imperial Securities Company Pvt. Ltd.,Citizens Share Broker Limited,43,448.0,19264.0,2025-08-04 14:36:46.145069
2025-08-04,15236,2025080403018114,GBBL,Dipshikha Dhitopatra Karobar Co. Pvt Ltd.,Vision Securities Pvt. Ltd,200,448.0,89600.0,2025-08-04 14:37:14.924561
2025-08-04,15218,2025080403018120,GBBL,Dipshikha Dhitopatra Karobar Co. Pvt Ltd.,Cristal Kanchanjanga Securites Pvt. Ltd.,300,448.0,134400.0,2025-08-04 14:37:15.712085
2025-08-04,15217,2025080403018121,GBBL,Dipshikha Dhitopatra Karobar Co. Pvt Ltd.,Cristal Kanchanjanga Securites Pvt. Ltd.,87,448.0,38976.0,2025-08-04 14:37:15.712403
2025-08-04,15137,2025080403018139,GBBL,Sharepro Securities Private Limited,Cristal Kanchanjanga Securites Pvt. Ltd.,500,448.0,224000.0,2025-08-04 14:37:21.662517
2025-08-04,14955,2025080403018185,GBBL,Bhrikuti Stock Broking Co. Pvt. Ltd.,Vision Securities Pvt. Ltd,20,447.0,8940.0,2025-08-04 14:37:34.253336
2025-08-04,14954,2025080403018186,GBBL,Kohinoor Investment & Securities Pvt. Ltd.,Vision Securities Pvt. Ltd,50,447.0,22350.0,2025-08-04 14:37:34.253636
2025-08-04,14953,2025080403018187,GBBL,Vision Securities Pvt. Ltd,Vision Securities Pvt. Ltd,630,446.1,281043.0,2025-08-04 14:37:34.253789
2025-08-04,14826,2025080403018206,GBBL,Vision Securities Pvt. Ltd,South Asian Bulls Pvt. Ltd.,370,446.1,165057.0,2025-08-04 14:37:44.005535
2025-08-04,14825,2025080403018207,GBBL,Cristal Kanchanjanga Securites Pvt. Ltd.,South Asian Bulls Pvt. Ltd.,200,446.0,89200.0,2025-08-04 14:37:44.005753
2025-08-04,14709,2025080403018244,GBBL,Sumeru Securities Pvt. Ltd.,Imperial Securities Company Pvt. Ltd.,200,445.0,89000.0,2025-08-04 14:37:54.339352
2025-08-04,14708,2025080403018245,GBBL,Asian Securities Private Ltd.,Imperial Securities Company Pvt. Ltd.,200,445.0,89000.0,2025-08-04 14:37:54.339574
2025-08-04,14707,2025080403018246,GBBL,Investment Management Nepal Pvt. Ltd.,Imperial Securities Company Pvt. Ltd.,20,445.0,8900.0,2025-08-04 14:37:54.339722
2025-08-04,14706,2025080403018247,GBBL,ABC Securities Private Limited,Imperial Securities Company Pvt. Ltd.,200,445.0,89000.0,2025-08-04 14:37:54.339826
2025-08-04,12791,2025080403018668,GBBL,Vision Securities Pvt. Ltd,South Asian Bulls Pvt. Ltd.,100,444.1,44410.0,2025-08-04 14:40:32.558255
2025-08-04,12790,2025080403018669,GBBL,Vision Securities Pvt. Ltd,South Asian Bulls Pvt. Ltd.,50,444.0,22200.0,2025-08-04 14:40:32.558711
2025-08-04,12789,2025080403018670,GBBL,Sharepro Securities Private Limited,South Asian Bulls Pvt. Ltd.,100,444.0,44400.0,2025-08-04 14:40:32.559139
2025-08-04,11366,2025080403018896,GBBL,Imperial Securities Company Pvt. Ltd.,SUN SECURITIES PVT LTD,250,443.1,110775.0,2025-08-04 14:42:46.920180
2025-08-04,11365,2025080403018897,GBBL,Aryatara Investment & Securities,SUN SECURITIES PVT LTD,200,443.1,88620.0,2025-08-04 14:42:46.920476
2025-08-04,11364,2025080403018898,GBBL,Kohinoor Investment & Securities Pvt. Ltd.,SUN SECURITIES PVT LTD,325,443.1,144007.5,2025-08-04 14:42:46.920580
2025-08-04,11264,2025080403018919,GBBL,Kohinoor Investment & Securities Pvt. Ltd.,Citizens Share Broker Limited,47,443.1,20825.7,2025-08-04 14:42:57.713804
2025-08-04,11227,2025080403018932,GBBL,Kohinoor Investment & Securities Pvt. Ltd.,Neev Securities Pvt. Ltd.,80,443.1,35448.0,2025-08-04 14:43:03.140076
2025-08-04,11226,2025080403018933,GBBL,Sani Securities Company Ltd.,Neev Securities Pvt. Ltd.,200,443.0,88600.0,2025-08-04 14:43:03.140356
2025-08-04,11225,2025080403018934,GBBL,Vision Securities Pvt. Ltd,Neev Securities Pvt. Ltd.,720,443.0,318960.0,2025-08-04 14:43:03.140458
2025-08-04,11145,2025080403018963,GBBL,Vision Securities Pvt. Ltd,Neev Securities Pvt. Ltd.,1000,443.0,443000.0,2025-08-04 14:43:12.206512
2025-08-04,11065,2025080403018986,GBBL,Vision Securities Pvt. Ltd,Neev Securities Pvt. Ltd.,280,443.0,124040.0,2025-08-04 14:43:22.295903
2025-08-04,11064,2025080403018987,GBBL,Online Securities Pvt. Ltd.,Neev Securities Pvt. Ltd.,423,443.0,187389.0,2025-08-04 14:43:22.296128
2025-08-04,10843,2025080403019028,GBBL,Dakshinkali Investment & Securities Pvt. Ltd.,Aryatara Investment & Securities,100,442.1,44210.0,2025-08-04 14:43:43.829427
2025-08-04,10842,2025080403019029,GBBL,Kohinoor Investment & Securities Pvt. Ltd.,Aryatara Investment & Securities,30,442.1,13263.0,2025-08-04 14:43:43.829675
2025-08-04,10841,2025080403019030,GBBL,Bhrikuti Stock Broking Co. Pvt. Ltd.,Aryatara Investment & Securities,372,442.1,164461.2,2025-08-04 14:43:43.829941
2025-08-04,10840,2025080403019031,GBBL,Kumari Securities Private Limited,Aryatara Investment & Securities,150,442.0,66300.0,2025-08-04 14:43:43.830101
2025-08-04,10839,2025080403019032,GBBL,Dakshinkali Investment & Securities Pvt. Ltd.,Aryatara Investment & Securities,348,442.0,153816.0,2025-08-04 14:43:43.830211
2025-08-04,10799,2025080403019053,GBBL,Dakshinkali Investment & Securities Pvt. Ltd.,Cristal Kanchanjanga Securites Pvt. Ltd.,100,442.0,44200.0,2025-08-04 14:43:46.530358
2025-08-04,10167,2025080403019183,GBBL,Dynamic Money Managers Securities Pvt. Ltd.,Neev Securities Pvt. Ltd.,225,443.0,99675.0,2025-08-04 14:44:52.258578
2025-08-04,10077,2025080403019191,GBBL,Bhrikuti Stock Broking Co. Pvt. Ltd.,Neev Securities Pvt. Ltd.,72,443.0,31896.0,2025-08-04 14:44:55.706093
2025-08-04,9714,2025080403019264,GBBL,Bhrikuti Stock Broking Co. Pvt. Ltd.,South Asian Bulls Pvt. Ltd.,130,443.0,57590.0,2025-08-04 14:45:23.380463
2025-08-04,9258,2025080403019337,GBBL,Deevyaa Securities & Stock House Pvt. Ltd,Imperial Securities Company Pvt. Ltd.,50,445.0,22250.0,2025-08-04 14:46:07.489841
2025-08-04,9219,2025080403019344,GBBL,Online Securities Pvt. Ltd.,Siprabi Securities Pvt. Ltd.,149,444.0,66156.0,2025-08-04 14:46:11.462364
2025-08-04,8673,2025080403019459,GBBL,Property Wiard Limited,Imperial Securities Company Pvt. Ltd.,33,445.0,14685.0,2025-08-04 14:47:07.156782
2025-08-04,8652,2025080403019465,GBBL,Midas Stock Broking Company Private Limited,Imperial Securities Company Pvt. Ltd.,25,445.0,11125.0,2025-08-04 14:47:09.369194
2025-08-04,8623,2025080403019469,GBBL,Himalayan Securities Limited,Imperial Securities Company Pvt. Ltd.,272,445.0,121040.0,2025-08-04 14:47:13.494233
2025-08-04,8622,2025080403019470,GBBL,Himalayan Securities Limited,Nepal Stock House (PVT) Ltd.,128,445.0,56960.0,2025-08-04 14:47:13.494471
2025-08-04,8457,2025080403019511,GBBL,Sri Hari Securities Pvt. Ltd.,Nepal Stock House (PVT) Ltd.,20,445.0,8900.0,2025-08-04 14:47:41.273295
2025-08-04,8270,2025080403019543,GBBL,Vision Securities Pvt. Ltd,Nepal Stock House (PVT) Ltd.,24,445.0,10680.0,2025-08-04 14:48:13.384386
2025-08-04,8269,2025080403019544,GBBL,Vision Securities Pvt. Ltd,Online Securities Pvt. Ltd.,58,447.0,25926.0,2025-08-04 14:48:13.384495
2025-08-04,8268,2025080403019545,GBBL,Vision Securities Pvt. Ltd,Cristal Kanchanjanga Securites Pvt. Ltd.,18,448.0,8064.0,2025-08-04 14:48:13.384561
2025-08-04,7029,2025080403019774,GBBL,Aryatara Investment & Securities,ABC Securities Private Limited,310,447.9,138849.0,2025-08-04 14:50:20.132639
2025-08-04,7028,2025080403019775,GBBL,Aryatara Investment & Securities,Cristal Kanchanjanga Securites Pvt. Ltd.,545,448.0,244160.0,2025-08-04 14:50:20.132864
2025-08-04,7027,2025080403019776,GBBL,Aryatara Investment & Securities,South Asian Bulls Pvt. Ltd.,260,448.0,116480.0,2025-08-04 14:50:20.132962
2025-08-04,5980,2025080403020010,GBBL,Agrawal Securities (PVT) Ltd.,Dynamic Money Managers Securities Pvt. Ltd.,200,447.0,89400.0,2025-08-04 14:52:13.513300
2025-08-04,5273,2025080403020107,GBBL,Thrive Brokerage House Pvt. Ltd,South Asian Bulls Pvt. Ltd.,100,445.1,44510.0,2025-08-04 14:53:22.572187
2025-08-04,5272,2025080403020108,GBBL,Vision Securities Pvt. Ltd,South Asian Bulls Pvt. Ltd.,80,445.0,35600.0,2025-08-04 14:53:22.572406
2025-08-04,5271,2025080403020109,GBBL,Midas Stock Broking Company Private Limited,South Asian Bulls Pvt. Ltd.,820,445.0,364900.0,2025-08-04 14:53:22.572506
2025-08-04,4647,2025080403020230,GBBL,Neev Securities Pvt. Ltd.,Sundhara Securities Limited,200,446.9,89380.0,2025-08-04 14:54:33.860143
2025-08-04,4520,2025080403020268,GBBL,Neev Securities Pvt. Ltd.,South Asian Bulls Pvt. Ltd.,300,448.0,134400.0,2025-08-04 14:54:54.246792
2025-08-04,4467,2025080403020286,GBBL,Sweta Securities Private Limited,Kumari Securities Private Limited,100,447.0,44700.0,2025-08-04 14:55:01.263654
2025-08-04,4372,2025080403020309,GBBL,Midas Stock Broking Company Private Limited,South Asian Bulls Pvt. Ltd.,440,448.0,197120.0,2025-08-04 14:55:08.689312
2025-08-04,4371,2025080403020310,GBBL,Midas Stock Broking Company Private Limited,Trisul Securities & Invt. Ltd.,100,448.0,44800.0,2025-08-04 14:55:08.689531
2025-08-04,4370,2025080403020311,GBBL,Midas Stock Broking Company Private Limited,Investment Management Nepal Pvt. Ltd.,470,448.0,210560.0,2025-08-04 14:55:08.689631
2025-08-04,4143,2025080403020371,GBBL,Swarna Laxmi Securities Pvt. Ltd.,Online Securities Pvt. Ltd.,50,447.0,22350.0,2025-08-04 14:55:34.252670
2025-08-04,3724,2025080403020503,GBBL,Dipshikha Dhitopatra Karobar Co. Pvt Ltd.,Online Securities Pvt. Ltd.,206,447.0,92082.0,2025-08-04 14:56:15.752665
2025-08-04,3479,2025080403020568,GBBL,Dipshikha Dhitopatra Karobar Co. Pvt Ltd.,Imperial Securities Company Pvt. Ltd.,294,447.0,131418.0,2025-08-04 14:56:41.887689
2025-08-04,3478,2025080403020569,GBBL,Imperial Securities Company Pvt. Ltd.,Imperial Securities Company Pvt. Ltd.,206,447.0,92082.0,2025-08-04 14:56:41.888154
2025-08-04,3477,2025080403020570,GBBL,Aryatara Investment & Securities,Imperial Securities Company Pvt. Ltd.,19,447.0,8493.0,2025-08-04 14:56:41.888450
2025-08-04,3372,2025080403020605,GBBL,Swarna Laxmi Securities Pvt. Ltd.,Imperial Securities Company Pvt. Ltd.,100,447.0,44700.0,2025-08-04 14:56:54.863748
2025-08-04,3337,2025080403020608,GBBL,Sweta Securities Private Limited,Bhrikuti Stock Broking Co. Pvt. Ltd.,50,446.2,22310.0,2025-08-04 14:56:57.511350
2025-08-04,3336,2025080403020609,GBBL,Swarna Laxmi Securities Pvt. Ltd.,Bhrikuti Stock Broking Co. Pvt. Ltd.,100,446.0,44600.0,2025-08-04 14:56:57.511786
2025-08-04,3335,2025080403020610,GBBL,Dipshikha Dhitopatra Karobar Co. Pvt Ltd.,Bhrikuti Stock Broking Co. Pvt. Ltd.,250,446.0,111500.0,2025-08-04 14:56:57.512104
2025-08-04,3106,2025080403020666,GBBL,Naasa Securities Co. Ltd.,Nagarik Stock Dealer ,20,445.2,8904.0,2025-08-04 14:57:18.996809
2025-08-04,3105,2025080403020667,GBBL,Premier Securities Company Ltd.,Nagarik Stock Dealer ,300,445.2,133560.0,2025-08-04 14:57:18.996850
2025-08-04,3104,2025080403020668,GBBL,Nagarik Stock Dealer ,Nagarik Stock Dealer ,1000,445.1,445100.0,2025-08-04 14:57:18.996878
2025-08-04,3103,2025080403020669,GBBL,Midas Stock Broking Company Private Limited,Nagarik Stock Dealer ,180,445.0,80100.0,2025-08-04 14:57:18.996905
2025-08-04,3102,2025080403020670,GBBL,Imperial Securities Company Pvt. Ltd.,Nagarik Stock Dealer ,200,445.0,89000.0,2025-08-04 14:57:18.996951
2025-08-04,3101,2025080403020671,GBBL,Deevyaa Securities & Stock House Pvt. Ltd,Nagarik Stock Dealer ,495,445.0,220275.0,2025-08-04 14:57:18.996976
2025-08-04,3100,2025080403020672,GBBL,ABC Securities Private Limited,Nagarik Stock Dealer ,50,444.5,22225.0,2025-08-04 14:57:18.997004
2025-08-04,3099,2025080403020673,GBBL,Bhrikuti Stock Broking Co. Pvt. Ltd.,Nagarik Stock Dealer ,98,443.0,43414.0,2025-08-04 14:57:18.997042
2025-08-04,3098,2025080403020674,GBBL,Premier Securities Company Ltd.,Nagarik Stock Dealer ,300,441.2,132360.0,2025-08-04 14:57:18.997068
2025-08-04,3097,2025080403020675,GBBL,Dakshinkali Investment & Securities Pvt. Ltd.,Nagarik Stock Dealer ,102,441.1,44992.2,2025-08-04 14:57:18.997095
2025-08-04,3096,2025080403020676,GBBL,J.F. Securites (PVT) Ltd.,Nagarik Stock Dealer ,100,441.1,44110.0,2025-08-04 14:57:18.997120
2025-08-04,3095,2025080403020677,GBBL,Naasa Securities Co. Ltd.,Nagarik Stock Dealer ,40,441.0,17640.0,2025-08-04 14:57:18.997143
2025-08-04,3094,2025080403020678,GBBL,Siprabi Securities Pvt. Ltd.,Nagarik Stock Dealer ,100,441.0,44100.0,2025-08-04 14:57:18.997167
2025-08-04,3093,2025080403020679,GBBL,Linch Stock Market Ltd.,Nagarik Stock Dealer ,15,441.0,6615.0,2025-08-04 14:57:18.997190
2025-08-04,2394,2025080403020876,GBBL,Dipshikha Dhitopatra Karobar Co. Pvt Ltd.,Online Securities Pvt. Ltd.,100,442.0,44200.0,2025-08-04 14:58:15.122772
2025-08-04,2381,2025080403020881,GBBL,Neev Securities Pvt. Ltd.,Bhrikuti Stock Broking Co. Pvt. Ltd.,200,446.0,89200.0,2025-08-04 14:58:15.625432
2025-08-04,2250,2025080403020914,GBBL,Naasa Securities Co. Ltd.,Nagarik Stock Dealer ,50,442.1,22105.0,2025-08-04 14:58:27.397858
2025-08-04,2249,2025080403020915,GBBL,Swarna Laxmi Securities Pvt. Ltd.,Nagarik Stock Dealer ,100,441.1,44110.0,2025-08-04 14:58:27.398008
2025-08-04,2248,2025080403020916,GBBL,Linch Stock Market Ltd.,Nagarik Stock Dealer ,485,441.0,213885.0,2025-08-04 14:58:27.398143
2025-08-04,2247,2025080403020917,GBBL,Blue Chip Securities Ltd,Nagarik Stock Dealer ,365,441.0,160965.0,2025-08-04 14:58:27.398217
2025-08-04,2188,2025080403020935,GBBL,Blue Chip Securities Ltd,Bhrikuti Stock Broking Co. Pvt. Ltd.,323,441.0,142443.0,2025-08-04 14:58:32.931112
2025-08-04,2187,2025080403020936,GBBL,Imperial Securities Company Pvt. Ltd.,Bhrikuti Stock Broking Co. Pvt. Ltd.,100,441.0,44100.0,2025-08-04 14:58:32.931361
2025-08-04,2186,2025080403020937,GBBL,KALASH STOCK MARKET PVT. LTD.,Bhrikuti Stock Broking Co. Pvt. Ltd.,77,440.4,33910.8,2025-08-04 14:58:32.931458
2025-08-04,2142,2025080403020949,GBBL,Secured Securities Ltd.,Bhrikuti Stock Broking Co. Pvt. Ltd.,70,446.0,31220.0,2025-08-04 14:58:37.633824
2025-08-04,2122,2025080403020959,GBBL,Imperial Securities Company Pvt. Ltd.,Bhrikuti Stock Broking Co. Pvt. Ltd.,100,446.0,44600.0,2025-08-04 14:58:39.035369
2025-08-04,2072,2025080403020989,GBBL,Online Securities Pvt. Ltd.,Bhrikuti Stock Broking Co. Pvt. Ltd.,200,446.0,89200.0,2025-08-04 14:58:40.999151
2025-08-04,1873,2025080403021046,GBBL,Vision Securities Pvt. Ltd,Bhrikuti Stock Broking Co. Pvt. Ltd.,10,446.0,4460.0,2025-08-04 14:58:53.721002
2025-08-04,955,2025080403021305,GBBL,Dipshikha Dhitopatra Karobar Co. Pvt Ltd.,Bhrikuti Stock Broking Co. Pvt. Ltd.,20,446.0,8920.0,2025-08-04 14:59:30.164273
2025-08-04,954,2025080403021306,GBBL,Dipshikha Dhitopatra Karobar Co. Pvt Ltd.,Agrawal Securities (PVT) Ltd.,26,446.0,11596.0,2025-08-04 14:59:30.164477
2025-08-04,953,2025080403021307,GBBL,Dipshikha Dhitopatra Karobar Co. Pvt Ltd.,Midas Stock Broking Company Private Limited,95,446.5,42417.5,2025-08-04 14:59:30.164579
2025-08-04,952,2025080403021308,GBBL,Dipshikha Dhitopatra Karobar Co. Pvt Ltd.,Imperial Securities Company Pvt. Ltd.,381,447.0,170307.0,2025-08-04 14:59:30.164677
2025-08-04,951,2025080403021309,GBBL,Dipshikha Dhitopatra Karobar Co. Pvt Ltd.,Nagarik Stock Dealer ,478,447.0,213666.0,2025-08-04 14:59:30.164773
