Date,S.N.,Contract ID,Symbol,Buyer Broker,Seller Broker,quantity,rate,amount,transaction_time
2025-07-29,153409,2025072903000845,ALICL,J.F. Securites (PVT) Ltd.,SHUBHAKAMANA SECURITIES PVT. LTD,50,531.5,26575.0,2025-07-29 11:07:39.406490
2025-07-29,153385,2025072903000848,ALICL,Prabhu Stock Market Limited,SHUBHAKAMANA SECURITIES PVT. LTD,250,531.5,132875.0,2025-07-29 11:07:43.455947
2025-07-29,153384,2025072903000849,ALICL,Prabhu Stock Market Limited,Sri Hari Securities Pvt. Ltd.,250,532.0,133000.0,2025-07-29 11:07:43.456000
2025-07-29,152652,2025072903001000,ALICL,Primo Securities (PVT) Ltd.,Sri Hari Securities Pvt. Ltd.,100,532.0,53200.0,2025-07-29 11:08:47.809945
2025-07-29,151992,2025072903001117,ALICL,Dakshinkali Investment & Securities Pvt. Ltd.,Sri Hari Securities Pvt. Ltd.,350,532.0,186200.0,2025-07-29 11:09:37.729320
2025-07-29,149516,2025072903001725,ALICL,Kumari Securities Private Limited,Sri Hari Securities Pvt. Ltd.,166,534.0,88644.0,2025-07-29 11:13:00.933624
2025-07-29,149120,2025072903001792,ALICL,Dakshinkali Investment & Securities Pvt. Ltd.,Vision Securities Pvt. Ltd,100,532.0,53200.0,2025-07-29 11:13:40.281559
2025-07-29,148659,2025072903001870,ALICL,Deevyaa Securities & Stock House Pvt. Ltd,Vision Securities Pvt. Ltd,50,532.0,26600.0,2025-07-29 11:14:25.544270
2025-07-29,148448,2025072903001908,ALICL,Kumari Securities Private Limited,Premier Securities Company Ltd.,10,530.1,5301.0,2025-07-29 11:14:39.552876
2025-07-29,148447,2025072903001909,ALICL,Online Securities Pvt. Ltd.,Premier Securities Company Ltd.,90,530.0,47700.0,2025-07-29 11:14:39.552942
2025-07-29,147596,2025072903002085,ALICL,Online Securities Pvt. Ltd.,Neev Securities Pvt. Ltd.,100,530.0,53000.0,2025-07-29 11:15:51.890702
2025-07-29,147483,2025072903002107,ALICL,Online Securities Pvt. Ltd.,Dakshinkali Investment & Securities Pvt. Ltd.,310,530.0,164300.0,2025-07-29 11:16:02.858956
2025-07-29,147482,2025072903002108,ALICL,Imperial Securities Company Pvt. Ltd.,Dakshinkali Investment & Securities Pvt. Ltd.,20,530.0,10600.0,2025-07-29 11:16:02.859020
2025-07-29,144371,2025072903002740,ALICL,Kumari Securities Private Limited,Dynamic Money Managers Securities Pvt. Ltd.,190,531.8,101042.0,2025-07-29 11:20:58.299135
2025-07-29,142960,2025072903002997,ALICL,Sharepro Securities Private Limited,Aryatara Investment & Securities,210,531.9,111699.0,2025-07-29 11:22:51.722950
2025-07-29,142959,2025072903002998,ALICL,Sharepro Securities Private Limited,Vision Securities Pvt. Ltd,350,532.0,186200.0,2025-07-29 11:22:51.722997
2025-07-29,142958,2025072903002999,ALICL,Sharepro Securities Private Limited,Imperial Securities Company Pvt. Ltd.,100,532.0,53200.0,2025-07-29 11:22:51.723071
2025-07-29,142957,2025072903003000,ALICL,Sharepro Securities Private Limited,Deevyaa Securities & Stock House Pvt. Ltd,340,532.0,180880.0,2025-07-29 11:22:51.723094
2025-07-29,141964,2025072903003220,ALICL,Nepal Investment And Securities Trading Private Limited,Deevyaa Securities & Stock House Pvt. Ltd,160,532.0,85120.0,2025-07-29 11:24:02.963238
2025-07-29,141963,2025072903003221,ALICL,Nepal Investment And Securities Trading Private Limited,Naasa Securities Co. Ltd.,100,532.0,53200.0,2025-07-29 11:24:02.963347
2025-07-29,138677,2025072903003991,ALICL,Trishakti Securities Public Limited,Opal Securities Investment (PVT) Ltd.,102,532.1,54274.2,2025-07-29 11:28:34.275464
2025-07-29,136900,2025072903004351,ALICL,Investment Management Nepal Pvt. Ltd.,Opal Securities Investment (PVT) Ltd.,99,533.0,52767.0,2025-07-29 11:31:19.476522
2025-07-29,136392,2025072903004476,ALICL,Investment Management Nepal Pvt. Ltd.,Aryatara Investment & Securities,250,533.5,133375.0,2025-07-29 11:32:03.535065
2025-07-29,136167,2025072903004530,ALICL,Nepal Investment And Securities Trading Private Limited,Midas Stock Broking Company Private Limited,1,528.2,528.2,2025-07-29 11:32:20.171703
2025-07-29,135993,2025072903004589,ALICL,Investment Management Nepal Pvt. Ltd.,Opal Securities Investment (PVT) Ltd.,47,533.0,25051.0,2025-07-29 11:32:35.019961
2025-07-29,135364,2025072903004707,ALICL,Trishakti Securities Public Limited,Deevyaa Securities & Stock House Pvt. Ltd,398,533.1,212173.8,2025-07-29 11:33:21.978508
2025-07-29,135363,2025072903004708,ALICL,Investment Management Nepal Pvt. Ltd.,Deevyaa Securities & Stock House Pvt. Ltd,102,533.0,54366.0,2025-07-29 11:33:21.978626
2025-07-29,135112,2025072903004760,ALICL,Investment Management Nepal Pvt. Ltd.,Opal Securities Investment (PVT) Ltd.,14,533.0,7462.0,2025-07-29 11:33:47.512874
2025-07-29,133758,2025072903005069,ALICL,Investment Management Nepal Pvt. Ltd.,Dynamic Money Managers Securities Pvt. Ltd.,238,533.0,126854.0,2025-07-29 11:35:52.595280
2025-07-29,133757,2025072903005070,ALICL,Sumeru Securities Pvt. Ltd.,Dynamic Money Managers Securities Pvt. Ltd.,200,533.0,106600.0,2025-07-29 11:35:52.595470
2025-07-29,133211,2025072903005206,ALICL,Sundhara Securities Limited,Kalika Securities Pvt. Ltd.,150,532.3,79845.0,2025-07-29 11:36:29.706659
2025-07-29,133210,2025072903005207,ALICL,Aryatara Investment & Securities,Opal Securities Investment (PVT) Ltd.,59,532.1,31393.9,2025-07-29 11:36:29.926548
2025-07-29,132579,2025072903005381,ALICL,Sewa Securities Pvt. Ltd.,Opal Securities Investment (PVT) Ltd.,90,532.2,47898.0,2025-07-29 11:37:28.316707
2025-07-29,132023,2025072903005502,ALICL,Sewa Securities Pvt. Ltd.,Shree Krishna Securities Ltd.,20,532.2,10644.0,2025-07-29 11:38:08.441198
2025-07-29,132022,2025072903005503,ALICL,Aryatara Investment & Securities,Shree Krishna Securities Ltd.,36,532.1,19155.6,2025-07-29 11:38:08.441293
2025-07-29,132021,2025072903005504,ALICL,Trishakti Securities Public Limited,Shree Krishna Securities Ltd.,260,532.0,138320.0,2025-07-29 11:38:08.441360
2025-07-29,132020,2025072903005505,ALICL,Dynamic Money Managers Securities Pvt. Ltd.,Shree Krishna Securities Ltd.,200,532.0,106400.0,2025-07-29 11:38:08.441400
2025-07-29,132019,2025072903005506,ALICL,Naasa Securities Co. Ltd.,Shree Krishna Securities Ltd.,23,531.9,12233.7,2025-07-29 11:38:08.441443
2025-07-29,132018,2025072903005507,ALICL,Nepal Investment And Securities Trading Private Limited,Shree Krishna Securities Ltd.,20,531.1,10622.0,2025-07-29 11:38:08.441484
2025-07-29,132017,2025072903005508,ALICL,Dipshikha Dhitopatra Karobar Co. Pvt Ltd.,Shree Krishna Securities Ltd.,200,531.0,106200.0,2025-07-29 11:38:08.441521
2025-07-29,132016,2025072903005509,ALICL,Nepal Investment And Securities Trading Private Limited,Shree Krishna Securities Ltd.,50,528.5,26425.0,2025-07-29 11:38:08.441561
2025-07-29,132015,2025072903005510,ALICL,Nepal Investment And Securities Trading Private Limited,Shree Krishna Securities Ltd.,100,528.4,52840.0,2025-07-29 11:38:08.441603
2025-07-29,132014,2025072903005511,ALICL,Nepal Investment And Securities Trading Private Limited,Shree Krishna Securities Ltd.,50,528.2,26410.0,2025-07-29 11:38:08.441643
2025-07-29,132013,2025072903005512,ALICL,Kumari Securities Private Limited,Shree Krishna Securities Ltd.,50,528.1,26405.0,2025-07-29 11:38:08.441683
2025-07-29,132012,2025072903005513,ALICL,Sweta Securities Private Limited,Shree Krishna Securities Ltd.,200,528.0,105600.0,2025-07-29 11:38:08.441722
2025-07-29,132011,2025072903005514,ALICL,Kalika Securities Pvt. Ltd.,Shree Krishna Securities Ltd.,790,528.0,417120.0,2025-07-29 11:38:08.441759
2025-07-29,131642,2025072903005634,ALICL,Opal Securities Investment (PVT) Ltd.,Opal Securities Investment (PVT) Ltd.,60,529.0,31740.0,2025-07-29 11:38:38.886844
2025-07-29,131446,2025072903005677,ALICL,Opal Securities Investment (PVT) Ltd.,Opal Securities Investment (PVT) Ltd.,40,529.0,21160.0,2025-07-29 11:39:00.035492
2025-07-29,129988,2025072903006110,ALICL,Bhrikuti Stock Broking Co. Pvt. Ltd.,Opal Securities Investment (PVT) Ltd.,10,529.0,5290.0,2025-07-29 11:41:01.259744
2025-07-29,129987,2025072903006111,ALICL,Sweta Securities Private Limited,Opal Securities Investment (PVT) Ltd.,10,528.2,5282.0,2025-07-29 11:41:01.259785
2025-07-29,129986,2025072903006112,ALICL,Nepal Investment And Securities Trading Private Limited,Opal Securities Investment (PVT) Ltd.,36,528.1,19011.6,2025-07-29 11:41:01.259807
2025-07-29,127247,2025072903006678,ALICL,Sharepro Securities Private Limited,Kalika Securities Pvt. Ltd.,200,532.3,106460.0,2025-07-29 11:44:59.890579
2025-07-29,127246,2025072903006679,ALICL,Sharepro Securities Private Limited,Dynamic Money Managers Securities Pvt. Ltd.,4562,533.0,2431546.0,2025-07-29 11:44:59.890620
2025-07-29,127245,2025072903006680,ALICL,Sharepro Securities Private Limited,Sundhara Securities Limited,238,534.0,127092.0,2025-07-29 11:44:59.890647
2025-07-29,126177,2025072903006896,ALICL,Dakshinkali Investment & Securities Pvt. Ltd.,Sundhara Securities Limited,62,534.0,33108.0,2025-07-29 11:46:27.321859
2025-07-29,126176,2025072903006897,ALICL,Dakshinkali Investment & Securities Pvt. Ltd.,Dipshikha Dhitopatra Karobar Co. Pvt Ltd.,78,534.0,41652.0,2025-07-29 11:46:27.322082
2025-07-29,126175,2025072903006898,ALICL,Dakshinkali Investment & Securities Pvt. Ltd.,ABC Securities Private Limited,20,534.9,10698.0,2025-07-29 11:46:27.322218
2025-07-29,126174,2025072903006899,ALICL,Dakshinkali Investment & Securities Pvt. Ltd.,J.F. Securites (PVT) Ltd.,300,535.0,160500.0,2025-07-29 11:46:27.322340
2025-07-29,126173,2025072903006900,ALICL,Dakshinkali Investment & Securities Pvt. Ltd.,Agrawal Securities (PVT) Ltd.,334,535.0,178690.0,2025-07-29 11:46:27.322489
2025-07-29,126172,2025072903006901,ALICL,Dakshinkali Investment & Securities Pvt. Ltd.,S.P.S.A. Securities Limited,10,535.0,5350.0,2025-07-29 11:46:27.322618
2025-07-29,125984,2025072903006944,ALICL,Dakshinkali Investment & Securities Pvt. Ltd.,Kohinoor Investment & Securities Pvt. Ltd.,10,535.0,5350.0,2025-07-29 11:46:41.093962
2025-07-29,125960,2025072903006954,ALICL,Dynamic Money Managers Securities Pvt. Ltd.,Imperial Securities Company Pvt. Ltd.,10,537.0,5370.0,2025-07-29 11:46:43.937911
2025-07-29,125640,2025072903007048,ALICL,Trishakti Securities Public Limited,Imperial Securities Company Pvt. Ltd.,90,537.0,48330.0,2025-07-29 11:47:10.494856
2025-07-29,125639,2025072903007049,ALICL,Trishakti Securities Public Limited,Imperial Securities Company Pvt. Ltd.,100,537.0,53700.0,2025-07-29 11:47:10.494948
2025-07-29,125638,2025072903007050,ALICL,Trishakti Securities Public Limited,Vision Securities Pvt. Ltd,310,537.0,166470.0,2025-07-29 11:47:10.495007
2025-07-29,125615,2025072903007055,ALICL,Malla & Malla Stock Broking Company Pvt. Limited,Vision Securities Pvt. Ltd,10,537.0,5370.0,2025-07-29 11:47:12.805705
2025-07-29,125391,2025072903007113,ALICL,Dakshinkali Investment & Securities Pvt. Ltd.,Deevyaa Securities & Stock House Pvt. Ltd,1000,535.0,535000.0,2025-07-29 11:47:32.856480
2025-07-29,124965,2025072903007206,ALICL,Dakshinkali Investment & Securities Pvt. Ltd.,Kumari Securities Private Limited,120,535.0,64200.0,2025-07-29 11:48:10.534285
2025-07-29,123617,2025072903007529,ALICL,SHUBHAKAMANA SECURITIES PVT. LTD,Dakshinkali Investment & Securities Pvt. Ltd.,283,536.0,151688.0,2025-07-29 11:50:09.207133
2025-07-29,120973,2025072903008148,ALICL,Indira securities pvt. ltd,ABC Securities Private Limited,20,536.5,10730.0,2025-07-29 11:54:12.470012
2025-07-29,120321,2025072903008300,ALICL,Naasa Securities Co. Ltd.,ABC Securities Private Limited,180,536.5,96570.0,2025-07-29 11:55:10.824629
2025-07-29,119528,2025072903008459,ALICL,Sani Securities Company Ltd.,Vision Securities Pvt. Ltd,10,536.5,5365.0,2025-07-29 11:56:04.261236
2025-07-29,119527,2025072903008460,ALICL,SHUBHAKAMANA SECURITIES PVT. LTD,Vision Securities Pvt. Ltd,1006,536.0,539216.0,2025-07-29 11:56:04.261351
2025-07-29,119112,2025072903008519,ALICL,SHUBHAKAMANA SECURITIES PVT. LTD,Kohinoor Investment & Securities Pvt. Ltd.,450,536.0,241200.0,2025-07-29 11:56:42.864943
2025-07-29,118686,2025072903008610,ALICL,SHUBHAKAMANA SECURITIES PVT. LTD,J.F. Securites (PVT) Ltd.,200,536.0,107200.0,2025-07-29 11:57:10.974896
2025-07-29,117775,2025072903008740,ALICL,Linch Stock Market Ltd.,Kohinoor Investment & Securities Pvt. Ltd.,30,536.5,16095.0,2025-07-29 11:58:21.203139
2025-07-29,117774,2025072903008741,ALICL,Linch Stock Market Ltd.,Vision Securities Pvt. Ltd,180,537.0,96660.0,2025-07-29 11:58:21.203220
2025-07-29,117773,2025072903008742,ALICL,Linch Stock Market Ltd.,Premier Securities Company Ltd.,290,537.0,155730.0,2025-07-29 11:58:21.203252
2025-07-29,117696,2025072903008758,ALICL,SHUBHAKAMANA SECURITIES PVT. LTD,Sri Hari Securities Pvt. Ltd.,116,536.0,62176.0,2025-07-29 11:58:30.973312
2025-07-29,117660,2025072903008767,ALICL,SHUBHAKAMANA SECURITIES PVT. LTD,Naasa Securities Co. Ltd.,445,536.0,238520.0,2025-07-29 11:58:35.937552
2025-07-29,117659,2025072903008768,ALICL,Imperial Securities Company Pvt. Ltd.,Naasa Securities Co. Ltd.,37,536.0,19832.0,2025-07-29 11:58:35.937675
2025-07-29,117020,2025072903008912,ALICL,Imperial Securities Company Pvt. Ltd.,Sumeru Securities Pvt. Ltd.,150,536.0,80400.0,2025-07-29 11:59:16.640645
2025-07-29,114853,2025072903009235,ALICL,Imperial Securities Company Pvt. Ltd.,Pragyan Securities (PVT) Ltd.,300,536.0,160800.0,2025-07-29 12:01:29.169479
2025-07-29,114461,2025072903009317,ALICL,Imperial Securities Company Pvt. Ltd.,Pragyan Securities (PVT) Ltd.,113,536.0,60568.0,2025-07-29 12:01:56.566792
2025-07-29,113012,2025072903009638,ALICL,Dakshinkali Investment & Securities Pvt. Ltd.,SHUBHAKAMANA SECURITIES PVT. LTD,50,535.0,26750.0,2025-07-29 12:03:27.494212
2025-07-29,113009,2025072903009639,ALICL,Sweta Securities Private Limited,Pragyan Securities (PVT) Ltd.,500,536.0,268000.0,2025-07-29 12:03:27.638401
2025-07-29,112833,2025072903009662,ALICL,Nepal Stock House (PVT) Ltd.,Pragyan Securities (PVT) Ltd.,100,536.0,53600.0,2025-07-29 12:03:37.110775
2025-07-29,110994,2025072903009943,ALICL,Dakshinkali Investment & Securities Pvt. Ltd.,Trisul Securities & Invt. Ltd.,16,535.0,8560.0,2025-07-29 12:05:28.972700
2025-07-29,110993,2025072903009944,ALICL,Naasa Securities Co. Ltd.,Trisul Securities & Invt. Ltd.,20,534.0,10680.0,2025-07-29 12:05:28.972847
2025-07-29,110992,2025072903009945,ALICL,Indira securities pvt. ltd,Trisul Securities & Invt. Ltd.,64,531.1,33990.4,2025-07-29 12:05:28.972903
2025-07-29,106872,2025072903010722,ALICL,Indira securities pvt. ltd,Thrive Brokerage House Pvt. Ltd,36,531.1,19119.6,2025-07-29 12:09:46.608140
2025-07-29,106871,2025072903010723,ALICL,Opal Securities Investment (PVT) Ltd.,Thrive Brokerage House Pvt. Ltd,114,531.1,60545.4,2025-07-29 12:09:46.608267
2025-07-29,105514,2025072903010982,ALICL,Kalika Securities Pvt. Ltd.,Thrive Brokerage House Pvt. Ltd,50,532.9,26645.0,2025-07-29 12:11:04.870431
2025-07-29,103501,2025072903011376,ALICL,Naasa Securities Co. Ltd.,Asian Securities Private Ltd.,202,532.0,107464.0,2025-07-29 12:13:24.816578
2025-07-29,102839,2025072903011482,ALICL,SHUBHAKAMANA SECURITIES PVT. LTD,Thrive Brokerage House Pvt. Ltd,50,532.9,26645.0,2025-07-29 12:14:06.620867
2025-07-29,102838,2025072903011483,ALICL,SHUBHAKAMANA SECURITIES PVT. LTD,Premier Securities Company Ltd.,110,533.0,58630.0,2025-07-29 12:14:06.620984
2025-07-29,101994,2025072903011690,ALICL,SHUBHAKAMANA SECURITIES PVT. LTD,Trisul Securities & Invt. Ltd.,1500,533.0,799500.0,2025-07-29 12:15:11.482772
2025-07-29,101443,2025072903011778,ALICL,SHUBHAKAMANA SECURITIES PVT. LTD,SHUBHAKAMANA SECURITIES PVT. LTD,90,533.0,47970.0,2025-07-29 12:15:54.961945
2025-07-29,101442,2025072903011779,ALICL,Sweta Securities Private Limited,SHUBHAKAMANA SECURITIES PVT. LTD,200,533.0,106600.0,2025-07-29 12:15:54.962193
2025-07-29,99690,2025072903012093,ALICL,Naasa Securities Co. Ltd.,Vision Securities Pvt. Ltd,98,532.0,52136.0,2025-07-29 12:18:09.019597
2025-07-29,99689,2025072903012094,ALICL,BHOLE GANESH SECURITIES LTD,Vision Securities Pvt. Ltd,112,532.0,59584.0,2025-07-29 12:18:09.019876
2025-07-29,97987,2025072903012427,ALICL,BHOLE GANESH SECURITIES LTD,Malla & Malla Stock Broking Company Pvt. Limited,150,532.0,79800.0,2025-07-29 12:20:11.243647
2025-07-29,96923,2025072903012636,ALICL,BHOLE GANESH SECURITIES LTD,Neev Securities Pvt. Ltd.,88,532.0,46816.0,2025-07-29 12:21:20.331820
2025-07-29,96922,2025072903012637,ALICL,Sundhara Securities Limited,Neev Securities Pvt. Ltd.,100,532.0,53200.0,2025-07-29 12:21:20.331976
2025-07-29,96921,2025072903012638,ALICL,Aryatara Investment & Securities,Neev Securities Pvt. Ltd.,100,532.0,53200.0,2025-07-29 12:21:20.332050
2025-07-29,94887,2025072903012997,ALICL,Nepal Investment And Securities Trading Private Limited,ABC Securities Private Limited,40,531.1,21244.0,2025-07-29 12:23:35.547844
2025-07-29,94886,2025072903012998,ALICL,Dakshinkali Investment & Securities Pvt. Ltd.,ABC Securities Private Limited,160,531.0,84960.0,2025-07-29 12:23:35.547972
2025-07-29,92993,2025072903013395,ALICL,Dakshinkali Investment & Securities Pvt. Ltd.,Ashutosh Brokerage & Securities (PVT) Ltd.,25,531.0,13275.0,2025-07-29 12:25:55.261265
2025-07-29,91880,2025072903013583,ALICL,Dakshinkali Investment & Securities Pvt. Ltd.,Deevyaa Securities & Stock House Pvt. Ltd,30,531.0,15930.0,2025-07-29 12:27:17.910012
2025-07-29,90284,2025072903013856,ALICL,Dipshikha Dhitopatra Karobar Co. Pvt Ltd.,Neev Securities Pvt. Ltd.,212,531.3,112635.6,2025-07-29 12:29:19.325975
2025-07-29,90213,2025072903013861,ALICL,Dipshikha Dhitopatra Karobar Co. Pvt Ltd.,Bhrikuti Stock Broking Co. Pvt. Ltd.,10,531.3,5313.0,2025-07-29 12:29:23.645848
2025-07-29,89492,2025072903013989,ALICL,Asian Securities Private Ltd.,Imperial Securities Company Pvt. Ltd.,500,532.0,266000.0,2025-07-29 12:30:06.380032
2025-07-29,88085,2025072903014285,ALICL,Naasa Securities Co. Ltd.,Imperial Securities Company Pvt. Ltd.,235,532.0,125020.0,2025-07-29 12:32:06.328999
2025-07-29,87883,2025072903014316,ALICL,Imperial Securities Company Pvt. Ltd.,Imperial Securities Company Pvt. Ltd.,400,532.0,212800.0,2025-07-29 12:32:23.354688
2025-07-29,87798,2025072903014338,ALICL,Asian Securities Private Ltd.,Imperial Securities Company Pvt. Ltd.,500,532.0,266000.0,2025-07-29 12:32:32.047101
2025-07-29,87610,2025072903014380,ALICL,Dipshikha Dhitopatra Karobar Co. Pvt Ltd.,Asian Securities Private Ltd.,78,531.3,41441.4,2025-07-29 12:32:48.167142
2025-07-29,87609,2025072903014381,ALICL,Dakshinkali Investment & Securities Pvt. Ltd.,Asian Securities Private Ltd.,105,531.0,55755.0,2025-07-29 12:32:48.167302
2025-07-29,87608,2025072903014382,ALICL,Vision Securities Pvt. Ltd,Asian Securities Private Ltd.,32,531.0,16992.0,2025-07-29 12:32:48.167358
2025-07-29,85055,2025072903014848,ALICL,Kalika Securities Pvt. Ltd.,Sani Securities Company Ltd.,25,531.5,13287.5,2025-07-29 12:36:48.215329
2025-07-29,84709,2025072903014926,ALICL,Vision Securities Pvt. Ltd,SHUBHAKAMANA SECURITIES PVT. LTD,46,531.0,24426.0,2025-07-29 12:37:27.916369
2025-07-29,84627,2025072903014942,ALICL,Vision Securities Pvt. Ltd,SHUBHAKAMANA SECURITIES PVT. LTD,10,531.0,5310.0,2025-07-29 12:37:38.959168
2025-07-29,84151,2025072903015048,ALICL,Vision Securities Pvt. Ltd,Aakashbhairab Securities Ltd.,12,531.0,6372.0,2025-07-29 12:38:20.674173
2025-07-29,84150,2025072903015049,ALICL,Midas Stock Broking Company Private Limited,Aakashbhairab Securities Ltd.,20,531.0,10620.0,2025-07-29 12:38:20.674326
2025-07-29,84149,2025072903015050,ALICL,Nepal Investment And Securities Trading Private Limited,Aakashbhairab Securities Ltd.,40,530.1,21204.0,2025-07-29 12:38:20.674406
2025-07-29,84148,2025072903015051,ALICL,Oxford Securities Pvt. Ltd.,Aakashbhairab Securities Ltd.,428,530.1,226882.8,2025-07-29 12:38:20.674506
2025-07-29,82462,2025072903015347,ALICL,Deevyaa Securities & Stock House Pvt. Ltd,SHUBHAKAMANA SECURITIES PVT. LTD,44,530.5,23342.0,2025-07-29 12:40:58.742138
2025-07-29,81838,2025072903015433,ALICL,Deevyaa Securities & Stock House Pvt. Ltd,Trisul Securities & Invt. Ltd.,56,530.5,29708.0,2025-07-29 12:41:54.031358
2025-07-29,81837,2025072903015434,ALICL,Sani Securities Company Ltd.,Trisul Securities & Invt. Ltd.,190,530.5,100795.0,2025-07-29 12:41:54.031511
2025-07-29,81836,2025072903015435,ALICL,Oxford Securities Pvt. Ltd.,Trisul Securities & Invt. Ltd.,572,530.1,303217.2,2025-07-29 12:41:54.031587
2025-07-29,81835,2025072903015436,ALICL,Oxford Securities Pvt. Ltd.,Trisul Securities & Invt. Ltd.,180,530.1,95418.0,2025-07-29 12:41:54.031648
2025-07-29,77644,2025072903016194,ALICL,Sharepro Securities Private Limited,Thrive Brokerage House Pvt. Ltd,50,531.9,26595.0,2025-07-29 12:48:35.703696
2025-07-29,77643,2025072903016195,ALICL,Sharepro Securities Private Limited,Imperial Securities Company Pvt. Ltd.,865,532.0,460180.0,2025-07-29 12:48:35.703742
2025-07-29,77642,2025072903016196,ALICL,Sharepro Securities Private Limited,Trisul Securities & Invt. Ltd.,341,532.9,181718.9,2025-07-29 12:48:35.703772
2025-07-29,77641,2025072903016197,ALICL,Sharepro Securities Private Limited,Sundhara Securities Limited,1000,532.9,532900.0,2025-07-29 12:48:35.703797
2025-07-29,77640,2025072903016198,ALICL,Sharepro Securities Private Limited,SHUBHAKAMANA SECURITIES PVT. LTD,510,533.0,271830.0,2025-07-29 12:48:35.703834
2025-07-29,77639,2025072903016199,ALICL,Sharepro Securities Private Limited,SHUBHAKAMANA SECURITIES PVT. LTD,234,533.0,124722.0,2025-07-29 12:48:35.703859
2025-07-29,76711,2025072903016385,ALICL,Nepal Investment And Securities Trading Private Limited,Sharepro Securities Private Limited,20,530.2,10604.0,2025-07-29 12:50:28.388950
2025-07-29,75762,2025072903016565,ALICL,Primo Securities (PVT) Ltd.,Sharepro Securities Private Limited,42,530.2,22268.4,2025-07-29 12:52:12.912565
2025-07-29,74773,2025072903016757,ALICL,Linch Stock Market Ltd.,Sharepro Securities Private Limited,42,530.3,22272.6,2025-07-29 12:54:17.804763
2025-07-29,73944,2025072903016987,ALICL,Linch Stock Market Ltd.,Sharepro Securities Private Limited,169,530.3,89620.7,2025-07-29 12:55:43.303263
2025-07-29,72546,2025072903017276,ALICL,Kalika Securities Pvt. Ltd.,Agrawal Securities (PVT) Ltd.,199,530.4,105549.6,2025-07-29 12:58:20.127851
2025-07-29,70228,2025072903017875,ALICL,Kohinoor Investment & Securities Pvt. Ltd.,Trisul Securities & Invt. Ltd.,85,531.0,45135.0,2025-07-29 13:01:51.799816
2025-07-29,70227,2025072903017876,ALICL,Linch Stock Market Ltd.,Trisul Securities & Invt. Ltd.,289,530.3,153256.7,2025-07-29 13:01:51.799976
2025-07-29,70226,2025072903017877,ALICL,Primo Securities (PVT) Ltd.,Trisul Securities & Invt. Ltd.,693,530.2,367428.6,2025-07-29 13:01:51.800054
2025-07-29,70225,2025072903017878,ALICL,Primo Securities (PVT) Ltd.,Trisul Securities & Invt. Ltd.,735,530.2,389697.0,2025-07-29 13:01:51.800114
2025-07-29,70224,2025072903017879,ALICL,Bhrikuti Stock Broking Co. Pvt. Ltd.,Trisul Securities & Invt. Ltd.,180,530.2,95436.0,2025-07-29 13:01:51.800170
2025-07-29,70223,2025072903017880,ALICL,Linch Stock Market Ltd.,Trisul Securities & Invt. Ltd.,518,530.0,274540.0,2025-07-29 13:01:51.800229
2025-07-29,69604,2025072903018015,ALICL,Linch Stock Market Ltd.,Naasa Securities Co. Ltd.,20,530.0,10600.0,2025-07-29 13:03:00.523748
2025-07-29,69242,2025072903018089,ALICL,Nepal Investment And Securities Trading Private Limited,Premier Securities Company Ltd.,1,520.0,520.0,2025-07-29 13:03:40.624750
2025-07-29,68825,2025072903018182,ALICL,SHUBHAKAMANA SECURITIES PVT. LTD,Linch Stock Market Ltd.,10,531.0,5310.0,2025-07-29 13:04:31.686388
2025-07-29,67876,2025072903018467,ALICL,Kumari Securities Private Limited,Premier Securities Company Ltd.,10,532.0,5320.0,2025-07-29 13:06:29.714599
2025-07-29,66952,2025072903018643,ALICL,Aryatara Investment & Securities,Sharepro Securities Private Limited,42,531.1,22306.2,2025-07-29 13:08:21.099951
2025-07-29,65990,2025072903018807,ALICL,Pragyan Securities (PVT) Ltd.,Thrive Brokerage House Pvt. Ltd,30,531.2,15936.0,2025-07-29 13:10:28.212566
2025-07-29,65092,2025072903018971,ALICL,Deevyaa Securities & Stock House Pvt. Ltd,Premier Securities Company Ltd.,200,532.0,106400.0,2025-07-29 13:12:34.381157
2025-07-29,64598,2025072903019040,ALICL,Opal Securities Investment (PVT) Ltd.,Premier Securities Company Ltd.,190,532.0,101080.0,2025-07-29 13:13:29.291102
2025-07-29,64597,2025072903019041,ALICL,Opal Securities Investment (PVT) Ltd.,Thrive Brokerage House Pvt. Ltd,90,532.9,47961.0,2025-07-29 13:13:29.291283
2025-07-29,64596,2025072903019042,ALICL,Opal Securities Investment (PVT) Ltd.,SHUBHAKAMANA SECURITIES PVT. LTD,566,533.0,301678.0,2025-07-29 13:13:29.291352
2025-07-29,64595,2025072903019043,ALICL,Opal Securities Investment (PVT) Ltd.,Dynamic Money Managers Securities Pvt. Ltd.,538,533.0,286754.0,2025-07-29 13:13:29.291414
2025-07-29,64594,2025072903019044,ALICL,Opal Securities Investment (PVT) Ltd.,Aryatara Investment & Securities,100,533.0,53300.0,2025-07-29 13:13:29.291472
2025-07-29,64593,2025072903019045,ALICL,Opal Securities Investment (PVT) Ltd.,Dakshinkali Investment & Securities Pvt. Ltd.,16,533.0,8528.0,2025-07-29 13:13:29.291533
2025-07-29,62311,2025072903019417,ALICL,Online Securities Pvt. Ltd.,Premier Securities Company Ltd.,10,532.0,5320.0,2025-07-29 13:17:31.979965
2025-07-29,61809,2025072903019519,ALICL,Linch Stock Market Ltd.,Opal Securities Investment (PVT) Ltd.,54,531.2,28684.8,2025-07-29 13:18:30.552376
2025-07-29,61549,2025072903019550,ALICL,Linch Stock Market Ltd.,Premier Securities Company Ltd.,46,531.2,24435.2,2025-07-29 13:19:01.797109
2025-07-29,61548,2025072903019551,ALICL,Naasa Securities Co. Ltd.,Premier Securities Company Ltd.,10,531.2,5312.0,2025-07-29 13:19:01.797282
2025-07-29,61444,2025072903019584,ALICL,SHUBHAKAMANA SECURITIES PVT. LTD,Premier Securities Company Ltd.,34,531.2,18060.8,2025-07-29 13:19:12.944490
2025-07-29,60543,2025072903019790,ALICL,SHUBHAKAMANA SECURITIES PVT. LTD,Opal Securities Investment (PVT) Ltd.,42,531.2,22310.4,2025-07-29 13:20:53.753982
2025-07-29,59081,2025072903020070,ALICL,Opal Securities Investment (PVT) Ltd.,Opal Securities Investment (PVT) Ltd.,30,532.0,15960.0,2025-07-29 13:24:12.403089
2025-07-29,59080,2025072903020071,ALICL,Primo Securities (PVT) Ltd.,Opal Securities Investment (PVT) Ltd.,146,531.3,77569.8,2025-07-29 13:24:12.403135
2025-07-29,57298,2025072903020411,ALICL,Primo Securities (PVT) Ltd.,Opal Securities Investment (PVT) Ltd.,27,531.3,14345.1,2025-07-29 13:28:05.148180
2025-07-29,57277,2025072903020415,ALICL,Primo Securities (PVT) Ltd.,Capital Hub P. Ltd,10,531.3,5313.0,2025-07-29 13:28:07.455164
2025-07-29,57178,2025072903020439,ALICL,Deevyaa Securities & Stock House Pvt. Ltd,Vision Securities Pvt. Ltd,200,532.0,106400.0,2025-07-29 13:28:28.089887
2025-07-29,56049,2025072903020635,ALICL,SHUBHAKAMANA SECURITIES PVT. LTD,Vision Securities Pvt. Ltd,300,532.0,159600.0,2025-07-29 13:30:59.604859
2025-07-29,56048,2025072903020636,ALICL,SHUBHAKAMANA SECURITIES PVT. LTD,Dakshinkali Investment & Securities Pvt. Ltd.,34,533.0,18122.0,2025-07-29 13:30:59.605097
2025-07-29,56047,2025072903020637,ALICL,SHUBHAKAMANA SECURITIES PVT. LTD,Siprabi Securities Pvt. Ltd.,200,533.0,106600.0,2025-07-29 13:30:59.605164
2025-07-29,56046,2025072903020638,ALICL,SHUBHAKAMANA SECURITIES PVT. LTD,Naasa Securities Co. Ltd.,18,533.0,9594.0,2025-07-29 13:30:59.605251
2025-07-29,56045,2025072903020639,ALICL,SHUBHAKAMANA SECURITIES PVT. LTD,Sewa Securities Pvt. Ltd.,10,533.0,5330.0,2025-07-29 13:30:59.605311
2025-07-29,56044,2025072903020640,ALICL,SHUBHAKAMANA SECURITIES PVT. LTD,Sweta Securities Private Limited,602,533.0,320866.0,2025-07-29 13:30:59.605376
2025-07-29,49161,2025072903021934,ALICL,Primo Securities (PVT) Ltd.,Sipla Securities Private Limited,17,531.3,9032.1,2025-07-29 13:43:39.522791
2025-07-29,49160,2025072903021935,ALICL,Naasa Securities Co. Ltd.,Sipla Securities Private Limited,83,531.3,44097.9,2025-07-29 13:43:39.523129
2025-07-29,48893,2025072903021971,ALICL,Naasa Securities Co. Ltd.,Online Securities Pvt. Ltd.,417,531.3,221552.1,2025-07-29 13:44:10.074635
2025-07-29,48892,2025072903021972,ALICL,Deevyaa Securities & Stock House Pvt. Ltd,Online Securities Pvt. Ltd.,20,531.3,10626.0,2025-07-29 13:44:10.074804
2025-07-29,48891,2025072903021973,ALICL,Imperial Securities Company Pvt. Ltd.,Online Securities Pvt. Ltd.,35,531.2,18592.0,2025-07-29 13:44:10.074891
2025-07-29,48890,2025072903021974,ALICL,Oxford Securities Pvt. Ltd.,Online Securities Pvt. Ltd.,148,531.2,78617.6,2025-07-29 13:44:10.074957
2025-07-29,48571,2025072903022035,ALICL,Oxford Securities Pvt. Ltd.,Online Securities Pvt. Ltd.,1852,531.2,983782.4,2025-07-29 13:44:39.448123
2025-07-29,48570,2025072903022036,ALICL,Aryatara Investment & Securities,Online Securities Pvt. Ltd.,58,531.1,30803.8,2025-07-29 13:44:39.448279
2025-07-29,48569,2025072903022037,ALICL,J.F. Securites (PVT) Ltd.,Online Securities Pvt. Ltd.,500,531.1,265550.0,2025-07-29 13:44:39.448341
2025-07-29,48568,2025072903022038,ALICL,Cristal Kanchanjanga Securites Pvt. Ltd.,Online Securities Pvt. Ltd.,43,531.1,22837.3,2025-07-29 13:44:39.448400
2025-07-29,48567,2025072903022039,ALICL,Naasa Securities Co. Ltd.,Online Securities Pvt. Ltd.,900,531.0,477900.0,2025-07-29 13:44:39.448474
2025-07-29,48566,2025072903022040,ALICL,Naasa Securities Co. Ltd.,Online Securities Pvt. Ltd.,1000,531.0,531000.0,2025-07-29 13:44:39.448545
2025-07-29,48565,2025072903022041,ALICL,Oxford Securities Pvt. Ltd.,Online Securities Pvt. Ltd.,1000,530.1,530100.0,2025-07-29 13:44:39.448613
2025-07-29,48564,2025072903022042,ALICL,Linch Stock Market Ltd.,Online Securities Pvt. Ltd.,162,530.0,85860.0,2025-07-29 13:44:39.448671
2025-07-29,48563,2025072903022043,ALICL,Neev Securities Pvt. Ltd.,Online Securities Pvt. Ltd.,100,530.0,53000.0,2025-07-29 13:44:39.448738
2025-07-29,48562,2025072903022044,ALICL,Sweta Securities Private Limited,Online Securities Pvt. Ltd.,300,530.0,159000.0,2025-07-29 13:44:39.448856
2025-07-29,48561,2025072903022045,ALICL,Naasa Securities Co. Ltd.,Online Securities Pvt. Ltd.,144,530.0,76320.0,2025-07-29 13:44:39.448932
2025-07-29,48560,2025072903022046,ALICL,Kohinoor Investment & Securities Pvt. Ltd.,Online Securities Pvt. Ltd.,100,530.0,53000.0,2025-07-29 13:44:39.449007
2025-07-29,48559,2025072903022047,ALICL,Sumeru Securities Pvt. Ltd.,Online Securities Pvt. Ltd.,500,530.0,265000.0,2025-07-29 13:44:39.449098
2025-07-29,48558,2025072903022048,ALICL,Malla & Malla Stock Broking Company Pvt. Limited,Online Securities Pvt. Ltd.,100,530.0,53000.0,2025-07-29 13:44:39.449225
2025-07-29,48557,2025072903022049,ALICL,Market Securities & Exchange (PVT) Ltd.,Online Securities Pvt. Ltd.,500,530.0,265000.0,2025-07-29 13:44:39.449341
2025-07-29,48556,2025072903022050,ALICL,Sumeru Securities Pvt. Ltd.,Online Securities Pvt. Ltd.,2100,530.0,1113000.0,2025-07-29 13:44:39.449458
2025-07-29,48555,2025072903022051,ALICL,Sharepro Securities Private Limited,Online Securities Pvt. Ltd.,25,530.0,13250.0,2025-07-29 13:44:39.449519
2025-07-29,48554,2025072903022052,ALICL,Naasa Securities Co. Ltd.,Online Securities Pvt. Ltd.,357,530.0,189210.0,2025-07-29 13:44:39.449573
2025-07-29,48553,2025072903022053,ALICL,South Asian Bulls Pvt. Ltd.,Online Securities Pvt. Ltd.,100,530.0,53000.0,2025-07-29 13:44:39.449627
2025-07-29,48552,2025072903022054,ALICL,Primo Securities (PVT) Ltd.,Online Securities Pvt. Ltd.,100,530.0,53000.0,2025-07-29 13:44:39.449769
2025-07-29,48551,2025072903022055,ALICL,Cristal Kanchanjanga Securites Pvt. Ltd.,Online Securities Pvt. Ltd.,53,530.0,28090.0,2025-07-29 13:44:39.449851
2025-07-29,47677,2025072903022226,ALICL,Nepal Investment And Securities Trading Private Limited,Opal Securities Investment (PVT) Ltd.,40,529.0,21160.0,2025-07-29 13:46:04.111242
2025-07-29,47676,2025072903022227,ALICL,ABC Securities Private Limited,Opal Securities Investment (PVT) Ltd.,43,529.0,22747.0,2025-07-29 13:46:04.111300
2025-07-29,46494,2025072903022495,ALICL,Dakshinkali Investment & Securities Pvt. Ltd.,Dynamic Money Managers Securities Pvt. Ltd.,20,532.9,10658.0,2025-07-29 13:48:14.777749
2025-07-29,45780,2025072903022653,ALICL,Bhrikuti Stock Broking Co. Pvt. Ltd.,Opal Securities Investment (PVT) Ltd.,53,528.6,28015.8,2025-07-29 13:49:31.998832
2025-07-29,45566,2025072903022697,ALICL,Trisul Securities & Invt. Ltd.,Siprabi Securities Pvt. Ltd.,25,532.0,13300.0,2025-07-29 13:49:59.577808
2025-07-29,43167,2025072903023190,ALICL,Online Securities Pvt. Ltd.,Sajilo Broker Limited,20,531.8,10636.0,2025-07-29 13:54:59.009152
2025-07-29,42829,2025072903023268,ALICL,Bhrikuti Stock Broking Co. Pvt. Ltd.,Sajilo Broker Limited,10,531.8,5318.0,2025-07-29 13:55:49.529349
2025-07-29,42193,2025072903023411,ALICL,Sewa Securities Pvt. Ltd.,Creative Securities Pvt Ltd,18,530.0,9540.0,2025-07-29 13:57:24.790345
2025-07-29,41793,2025072903023535,ALICL,SHUBHAKAMANA SECURITIES PVT. LTD,Creative Securities Pvt Ltd,32,530.0,16960.0,2025-07-29 13:58:16.448131
2025-07-29,41792,2025072903023536,ALICL,SHUBHAKAMANA SECURITIES PVT. LTD,Sajilo Broker Limited,470,531.8,249946.0,2025-07-29 13:58:16.448281
2025-07-29,41791,2025072903023537,ALICL,SHUBHAKAMANA SECURITIES PVT. LTD,Thrive Brokerage House Pvt. Ltd,100,531.9,53190.0,2025-07-29 13:58:16.448345
2025-07-29,41790,2025072903023538,ALICL,SHUBHAKAMANA SECURITIES PVT. LTD,Siprabi Securities Pvt. Ltd.,575,532.0,305900.0,2025-07-29 13:58:16.448405
2025-07-29,41789,2025072903023539,ALICL,SHUBHAKAMANA SECURITIES PVT. LTD,Online Securities Pvt. Ltd.,100,532.0,53200.0,2025-07-29 13:58:16.448465
2025-07-29,41788,2025072903023540,ALICL,SHUBHAKAMANA SECURITIES PVT. LTD,Thrive Brokerage House Pvt. Ltd,80,532.6,42608.0,2025-07-29 13:58:16.448523
2025-07-29,41787,2025072903023541,ALICL,SHUBHAKAMANA SECURITIES PVT. LTD,MILKY WAY SHARE BROKER COMPANY LTD ,500,532.8,266400.0,2025-07-29 13:58:16.448577
2025-07-29,41786,2025072903023542,ALICL,SHUBHAKAMANA SECURITIES PVT. LTD,Dynamic Money Managers Securities Pvt. Ltd.,1143,532.9,609104.7,2025-07-29 13:58:16.448644
2025-07-29,38440,2025072903024129,ALICL,Secured Securities Ltd.,Primo Securities (PVT) Ltd.,10,530.0,5300.0,2025-07-29 14:05:42.685117
2025-07-29,38439,2025072903024130,ALICL,Vision Securities Pvt. Ltd,Primo Securities (PVT) Ltd.,10,529.1,5291.0,2025-07-29 14:05:42.685203
2025-07-29,38438,2025072903024131,ALICL,ABC Securities Private Limited,Primo Securities (PVT) Ltd.,200,529.0,105800.0,2025-07-29 14:05:42.685249
2025-07-29,38437,2025072903024132,ALICL,Citizens Share Broker Limited,Primo Securities (PVT) Ltd.,280,529.0,148120.0,2025-07-29 14:05:42.685273
2025-07-29,36867,2025072903024467,ALICL,Bhrikuti Stock Broking Co. Pvt. Ltd.,MILKY WAY SHARE BROKER COMPANY LTD ,2000,529.5,1059000.0,2025-07-29 14:08:37.443330
2025-07-29,36392,2025072903024566,ALICL,Citizens Share Broker Limited,Thrive Brokerage House Pvt. Ltd,50,529.0,26450.0,2025-07-29 14:09:33.194165
2025-07-29,36232,2025072903024608,ALICL,Bhrikuti Stock Broking Co. Pvt. Ltd.,Thrive Brokerage House Pvt. Ltd,50,529.5,26475.0,2025-07-29 14:09:54.096317
2025-07-29,35916,2025072903024652,ALICL,Secured Securities Ltd.,Thrive Brokerage House Pvt. Ltd,50,529.9,26495.0,2025-07-29 14:10:29.109629
2025-07-29,35651,2025072903024693,ALICL,Opal Securities Investment (PVT) Ltd.,Linch Stock Market Ltd.,20,530.0,10600.0,2025-07-29 14:11:08.956001
2025-07-29,35556,2025072903024723,ALICL,Bhrikuti Stock Broking Co. Pvt. Ltd.,Linch Stock Market Ltd.,425,530.0,225250.0,2025-07-29 14:11:19.894120
2025-07-29,35528,2025072903024725,ALICL,Bhrikuti Stock Broking Co. Pvt. Ltd.,Thrive Brokerage House Pvt. Ltd,50,530.0,26500.0,2025-07-29 14:11:23.784570
2025-07-29,35247,2025072903024753,ALICL,Bhrikuti Stock Broking Co. Pvt. Ltd.,Sweta Securities Private Limited,422,530.0,223660.0,2025-07-29 14:11:59.112091
2025-07-29,35246,2025072903024754,ALICL,Online Securities Pvt. Ltd.,Sweta Securities Private Limited,10,530.0,5300.0,2025-07-29 14:11:59.112309
2025-07-29,35245,2025072903024755,ALICL,Citizens Share Broker Limited,Sweta Securities Private Limited,120,529.0,63480.0,2025-07-29 14:11:59.112384
2025-07-29,35244,2025072903024756,ALICL,Vision Securities Pvt. Ltd,Sweta Securities Private Limited,20,529.0,10580.0,2025-07-29 14:11:59.112446
2025-07-29,35243,2025072903024757,ALICL,Naasa Securities Co. Ltd.,Sweta Securities Private Limited,144,529.0,76176.0,2025-07-29 14:11:59.112503
2025-07-29,35242,2025072903024758,ALICL,Deevyaa Securities & Stock House Pvt. Ltd,Sweta Securities Private Limited,355,529.0,187795.0,2025-07-29 14:11:59.112594
2025-07-29,34452,2025072903024903,ALICL,Secured Securities Ltd.,Thrive Brokerage House Pvt. Ltd,70,532.6,37282.0,2025-07-29 14:13:36.627052
2025-07-29,31379,2025072903025605,ALICL,Bhrikuti Stock Broking Co. Pvt. Ltd.,Dynamic Money Managers Securities Pvt. Ltd.,1700,530.0,901000.0,2025-07-29 14:19:20.255896
2025-07-29,31092,2025072903025661,ALICL,Deevyaa Securities & Stock House Pvt. Ltd,Thrive Brokerage House Pvt. Ltd,130,529.0,68770.0,2025-07-29 14:19:55.041797
2025-07-29,30443,2025072903025782,ALICL,Deevyaa Securities & Stock House Pvt. Ltd,Online Securities Pvt. Ltd.,15,529.0,7935.0,2025-07-29 14:21:05.262817
2025-07-29,30442,2025072903025783,ALICL,Nepal Stock House (PVT) Ltd.,Online Securities Pvt. Ltd.,10,529.0,5290.0,2025-07-29 14:21:05.263001
2025-07-29,29348,2025072903025973,ALICL,Imperial Securities Company Pvt. Ltd.,Thrive Brokerage House Pvt. Ltd,150,529.9,79485.0,2025-07-29 14:22:58.320015
2025-07-29,29347,2025072903025974,ALICL,Imperial Securities Company Pvt. Ltd.,Dynamic Money Managers Securities Pvt. Ltd.,50,530.0,26500.0,2025-07-29 14:22:58.320235
2025-07-29,29105,2025072903026018,ALICL,Imperial Securities Company Pvt. Ltd.,Dynamic Money Managers Securities Pvt. Ltd.,200,530.0,106000.0,2025-07-29 14:23:25.849507
2025-07-29,28384,2025072903026151,ALICL,Nepal Stock House (PVT) Ltd.,MILKY WAY SHARE BROKER COMPANY LTD ,90,529.0,47610.0,2025-07-29 14:24:56.485658
2025-07-29,28383,2025072903026152,ALICL,Online Securities Pvt. Ltd.,MILKY WAY SHARE BROKER COMPANY LTD ,10,529.0,5290.0,2025-07-29 14:24:56.485848
2025-07-29,28382,2025072903026153,ALICL,Premier Securities Company Ltd.,MILKY WAY SHARE BROKER COMPANY LTD ,100,529.0,52900.0,2025-07-29 14:24:56.485934
2025-07-29,28381,2025072903026154,ALICL,Nagarik Stock Dealer ,MILKY WAY SHARE BROKER COMPANY LTD ,2000,529.0,1058000.0,2025-07-29 14:24:56.485994
2025-07-29,28380,2025072903026155,ALICL,Online Securities Pvt. Ltd.,MILKY WAY SHARE BROKER COMPANY LTD ,30,528.8,15864.0,2025-07-29 14:24:56.486069
2025-07-29,28379,2025072903026156,ALICL,Sani Securities Company Ltd.,MILKY WAY SHARE BROKER COMPANY LTD ,10,528.5,5285.0,2025-07-29 14:24:56.486130
2025-07-29,28378,2025072903026157,ALICL,Imperial Securities Company Pvt. Ltd.,MILKY WAY SHARE BROKER COMPANY LTD ,50,528.3,26415.0,2025-07-29 14:24:56.486192
2025-07-29,28377,2025072903026158,ALICL,K.B.L. Securities Limited ,MILKY WAY SHARE BROKER COMPANY LTD ,1712,528.2,904278.4,2025-07-29 14:24:56.486252
2025-07-29,28373,2025072903026159,ALICL,Naasa Securities Co. Ltd.,Dynamic Money Managers Securities Pvt. Ltd.,15,530.0,7950.0,2025-07-29 14:24:57.837412
2025-07-29,27985,2025072903026228,ALICL,Cristal Kanchanjanga Securites Pvt. Ltd.,Dynamic Money Managers Securities Pvt. Ltd.,1700,530.0,901000.0,2025-07-29 14:25:40.813215
2025-07-29,27523,2025072903026316,ALICL,K.B.L. Securities Limited ,Agrawal Securities (PVT) Ltd.,89,528.2,47009.8,2025-07-29 14:26:35.708239
2025-07-29,27219,2025072903026385,ALICL,Nepal Investment And Securities Trading Private Limited,Siprabi Securities Pvt. Ltd.,14,528.1,7393.4,2025-07-29 14:27:09.915410
2025-07-29,27218,2025072903026386,ALICL,K.B.L. Securities Limited ,Siprabi Securities Pvt. Ltd.,39,528.1,20595.9,2025-07-29 14:27:09.915579
2025-07-29,26870,2025072903026465,ALICL,K.B.L. Securities Limited ,MILKY WAY SHARE BROKER COMPANY LTD ,1160,528.1,612596.0,2025-07-29 14:27:51.087008
2025-07-29,26869,2025072903026466,ALICL,Neev Securities Pvt. Ltd.,MILKY WAY SHARE BROKER COMPANY LTD ,600,528.0,316800.0,2025-07-29 14:27:51.087188
2025-07-29,26868,2025072903026467,ALICL,Malla & Malla Stock Broking Company Pvt. Limited,MILKY WAY SHARE BROKER COMPANY LTD ,50,528.0,26400.0,2025-07-29 14:27:51.087250
2025-07-29,26867,2025072903026468,ALICL,Sani Securities Company Ltd.,MILKY WAY SHARE BROKER COMPANY LTD ,10,528.0,5280.0,2025-07-29 14:27:51.087309
2025-07-29,26866,2025072903026469,ALICL,Kohinoor Investment & Securities Pvt. Ltd.,MILKY WAY SHARE BROKER COMPANY LTD ,20,528.0,10560.0,2025-07-29 14:27:51.087366
2025-07-29,26865,2025072903026470,ALICL,Kalika Securities Pvt. Ltd.,MILKY WAY SHARE BROKER COMPANY LTD ,100,528.0,52800.0,2025-07-29 14:27:51.087421
2025-07-29,26864,2025072903026471,ALICL,Opal Securities Investment (PVT) Ltd.,MILKY WAY SHARE BROKER COMPANY LTD ,45,528.0,23760.0,2025-07-29 14:27:51.087477
2025-07-29,26863,2025072903026472,ALICL,Vision Securities Pvt. Ltd,MILKY WAY SHARE BROKER COMPANY LTD ,10,528.0,5280.0,2025-07-29 14:27:51.087531
2025-07-29,26602,2025072903026533,ALICL,Oxford Securities Pvt. Ltd.,Linch Stock Market Ltd.,65,528.1,34326.5,2025-07-29 14:28:19.835444
2025-07-29,25792,2025072903026745,ALICL,Deevyaa Securities & Stock House Pvt. Ltd,Vision Securities Pvt. Ltd,200,527.0,105400.0,2025-07-29 14:29:42.246215
2025-07-29,25791,2025072903026746,ALICL,Sani Securities Company Ltd.,Vision Securities Pvt. Ltd,10,527.0,5270.0,2025-07-29 14:29:42.246375
2025-07-29,25515,2025072903026810,ALICL,Opal Securities Investment (PVT) Ltd.,Vision Securities Pvt. Ltd,290,527.0,152830.0,2025-07-29 14:30:03.326563
2025-07-29,24690,2025072903026992,ALICL,Nepal Investment And Securities Trading Private Limited,Vision Securities Pvt. Ltd,10,527.1,5271.0,2025-07-29 14:31:29.424264
2025-07-29,24689,2025072903026993,ALICL,Opal Securities Investment (PVT) Ltd.,Vision Securities Pvt. Ltd,710,527.0,374170.0,2025-07-29 14:31:29.424562
2025-07-29,24532,2025072903027030,ALICL,Naasa Securities Co. Ltd.,Vision Securities Pvt. Ltd,233,527.0,122791.0,2025-07-29 14:31:45.449196
2025-07-29,24062,2025072903027129,ALICL,Trisul Securities & Invt. Ltd.,Vision Securities Pvt. Ltd,20,527.0,10540.0,2025-07-29 14:32:21.173780
2025-07-29,24053,2025072903027131,ALICL,Nepal Investment And Securities Trading Private Limited,Opal Securities Investment (PVT) Ltd.,10,526.2,5262.0,2025-07-29 14:32:22.718852
2025-07-29,24052,2025072903027132,ALICL,Thrive Brokerage House Pvt. Ltd,Opal Securities Investment (PVT) Ltd.,28,526.1,14730.8,2025-07-29 14:32:22.718898
2025-07-29,23825,2025072903027196,ALICL,Naasa Securities Co. Ltd.,Vision Securities Pvt. Ltd,27,527.0,14229.0,2025-07-29 14:32:49.244871
2025-07-29,20716,2025072903027738,ALICL,Vision Securities Pvt. Ltd,Linch Stock Market Ltd.,68,528.1,35910.8,2025-07-29 14:38:04.237701
2025-07-29,20616,2025072903027756,ALICL,Sweta Securities Private Limited,Vision Securities Pvt. Ltd,10,528.0,5280.0,2025-07-29 14:38:13.379553
2025-07-29,20169,2025072903027883,ALICL,Vision Securities Pvt. Ltd,Vision Securities Pvt. Ltd,32,528.0,16896.0,2025-07-29 14:38:56.524683
2025-07-29,19789,2025072903027933,ALICL,Vision Securities Pvt. Ltd,Vision Securities Pvt. Ltd,458,528.0,241824.0,2025-07-29 14:39:35.022037
2025-07-29,19370,2025072903028026,ALICL,Vision Securities Pvt. Ltd,Opal Securities Investment (PVT) Ltd.,34,528.0,17952.0,2025-07-29 14:40:08.147562
2025-07-29,17580,2025072903028334,ALICL,Dynamic Money Managers Securities Pvt. Ltd.,Opal Securities Investment (PVT) Ltd.,32,528.1,16899.2,2025-07-29 14:42:58.045816
2025-07-29,16989,2025072903028408,ALICL,Dynamic Money Managers Securities Pvt. Ltd.,MILKY WAY SHARE BROKER COMPANY LTD ,28,528.1,14786.8,2025-07-29 14:43:49.197989
2025-07-29,16988,2025072903028409,ALICL,Dynamic Money Managers Securities Pvt. Ltd.,MILKY WAY SHARE BROKER COMPANY LTD ,972,528.0,513216.0,2025-07-29 14:43:49.198304
2025-07-29,15795,2025072903028632,ALICL,Infinity Securities Limited,MILKY WAY SHARE BROKER COMPANY LTD ,240,529.9,127176.0,2025-07-29 14:45:20.622900
2025-07-29,14621,2025072903028867,ALICL,Kumari Securities Private Limited,MILKY WAY SHARE BROKER COMPANY LTD ,10,529.1,5291.0,2025-07-29 14:46:58.823905
2025-07-29,14620,2025072903028868,ALICL,Market Securities & Exchange (PVT) Ltd.,MILKY WAY SHARE BROKER COMPANY LTD ,60,529.0,31740.0,2025-07-29 14:46:58.824144
2025-07-29,14619,2025072903028869,ALICL,Dynamic Money Managers Securities Pvt. Ltd.,MILKY WAY SHARE BROKER COMPANY LTD ,28,528.0,14784.0,2025-07-29 14:46:58.824221
2025-07-29,14618,2025072903028870,ALICL,Dakshinkali Investment & Securities Pvt. Ltd.,MILKY WAY SHARE BROKER COMPANY LTD ,50,528.0,26400.0,2025-07-29 14:46:58.824286
2025-07-29,14617,2025072903028871,ALICL,Linch Stock Market Ltd.,MILKY WAY SHARE BROKER COMPANY LTD ,100,528.0,52800.0,2025-07-29 14:46:58.824351
2025-07-29,14616,2025072903028872,ALICL,Agrawal Securities (PVT) Ltd.,MILKY WAY SHARE BROKER COMPANY LTD ,50,528.0,26400.0,2025-07-29 14:46:58.824412
2025-07-29,13939,2025072903029003,ALICL,Nagarik Stock Dealer ,MILKY WAY SHARE BROKER COMPANY LTD ,202,528.0,106656.0,2025-07-29 14:47:59.256567
2025-07-29,13187,2025072903029095,ALICL,Nagarik Stock Dealer ,Sri Hari Securities Pvt. Ltd.,500,528.0,264000.0,2025-07-29 14:49:01.295420
2025-07-29,12300,2025072903029249,ALICL,Nagarik Stock Dealer ,Pragyan Securities (PVT) Ltd.,500,528.0,264000.0,2025-07-29 14:50:14.356840
2025-07-29,12202,2025072903029266,ALICL,Siprabi Securities Pvt. Ltd.,Pragyan Securities (PVT) Ltd.,100,528.1,52810.0,2025-07-29 14:50:23.331264
2025-07-29,12201,2025072903029267,ALICL,Nagarik Stock Dealer ,Pragyan Securities (PVT) Ltd.,67,528.0,35376.0,2025-07-29 14:50:23.331410
2025-07-29,12056,2025072903029333,ALICL,Nagarik Stock Dealer ,Pragyan Securities (PVT) Ltd.,500,528.0,264000.0,2025-07-29 14:50:31.817116
2025-07-29,11916,2025072903029370,ALICL,Nagarik Stock Dealer ,Pragyan Securities (PVT) Ltd.,231,528.0,121968.0,2025-07-29 14:50:40.642688
2025-07-29,11915,2025072903029371,ALICL,Sweta Securities Private Limited,Pragyan Securities (PVT) Ltd.,10,527.6,5276.0,2025-07-29 14:50:40.642828
2025-07-29,11914,2025072903029372,ALICL,Dynamic Money Managers Securities Pvt. Ltd.,Pragyan Securities (PVT) Ltd.,40,527.6,21104.0,2025-07-29 14:50:40.642893
2025-07-29,11913,2025072903029373,ALICL,Thrive Brokerage House Pvt. Ltd,Pragyan Securities (PVT) Ltd.,219,527.2,115456.8,2025-07-29 14:50:40.642955
2025-07-29,11865,2025072903029378,ALICL,Thrive Brokerage House Pvt. Ltd,MILKY WAY SHARE BROKER COMPANY LTD ,53,527.2,27941.6,2025-07-29 14:50:44.801859
2025-07-29,11864,2025072903029379,ALICL,Vision Securities Pvt. Ltd,MILKY WAY SHARE BROKER COMPANY LTD ,200,527.1,105420.0,2025-07-29 14:50:44.802194
2025-07-29,11863,2025072903029380,ALICL,Naasa Securities Co. Ltd.,MILKY WAY SHARE BROKER COMPANY LTD ,67,527.0,35309.0,2025-07-29 14:50:44.802380
2025-07-29,11862,2025072903029381,ALICL,Kalika Securities Pvt. Ltd.,MILKY WAY SHARE BROKER COMPANY LTD ,20,527.0,10540.0,2025-07-29 14:50:44.802566
2025-07-29,11861,2025072903029382,ALICL,Dynamic Money Managers Securities Pvt. Ltd.,MILKY WAY SHARE BROKER COMPANY LTD ,660,527.0,347820.0,2025-07-29 14:50:44.802739
2025-07-29,11817,2025072903029396,ALICL,Dynamic Money Managers Securities Pvt. Ltd.,Pragyan Securities (PVT) Ltd.,500,527.0,263500.0,2025-07-29 14:50:48.696543
2025-07-29,11679,2025072903029413,ALICL,Dynamic Money Managers Securities Pvt. Ltd.,Pragyan Securities (PVT) Ltd.,340,527.0,179180.0,2025-07-29 14:50:58.178489
2025-07-29,11678,2025072903029414,ALICL,Sweta Securities Private Limited,Pragyan Securities (PVT) Ltd.,160,527.0,84320.0,2025-07-29 14:50:58.178632
2025-07-29,11418,2025072903029470,ALICL,Sweta Securities Private Limited,Vision Securities Pvt. Ltd,340,527.0,179180.0,2025-07-29 14:51:17.868500
2025-07-29,11027,2025072903029550,ALICL,Infinity Securities Limited,Vision Securities Pvt. Ltd,100,527.0,52700.0,2025-07-29 14:51:43.920996
2025-07-29,10910,2025072903029577,ALICL,Kumari Securities Private Limited,MILKY WAY SHARE BROKER COMPANY LTD ,100,526.3,52630.0,2025-07-29 14:51:52.048497
2025-07-29,10909,2025072903029578,ALICL,Vision Securities Pvt. Ltd,MILKY WAY SHARE BROKER COMPANY LTD ,100,526.2,52620.0,2025-07-29 14:51:52.048647
2025-07-29,10908,2025072903029579,ALICL,Capital Max Securities Ltd,MILKY WAY SHARE BROKER COMPANY LTD ,819,526.2,430957.8,2025-07-29 14:51:52.048732
2025-07-29,10907,2025072903029580,ALICL,Nepal Investment And Securities Trading Private Limited,MILKY WAY SHARE BROKER COMPANY LTD ,50,526.0,26300.0,2025-07-29 14:51:52.048794
2025-07-29,10906,2025072903029581,ALICL,J.F. Securites (PVT) Ltd.,MILKY WAY SHARE BROKER COMPANY LTD ,20,526.0,10520.0,2025-07-29 14:51:52.048852
2025-07-29,10905,2025072903029582,ALICL,Deevyaa Securities & Stock House Pvt. Ltd,MILKY WAY SHARE BROKER COMPANY LTD ,50,526.0,26300.0,2025-07-29 14:51:52.048924
2025-07-29,10904,2025072903029583,ALICL,pahiinvestment,MILKY WAY SHARE BROKER COMPANY LTD ,200,526.0,105200.0,2025-07-29 14:51:52.049002
2025-07-29,10903,2025072903029584,ALICL,Sweta Securities Private Limited,MILKY WAY SHARE BROKER COMPANY LTD ,661,526.0,347686.0,2025-07-29 14:51:52.049064
2025-07-29,10249,2025072903029754,ALICL,Nepal Investment And Securities Trading Private Limited,Opal Securities Investment (PVT) Ltd.,50,526.1,26305.0,2025-07-29 14:52:35.642764
2025-07-29,10248,2025072903029755,ALICL,Nepal Stock House (PVT) Ltd.,Opal Securities Investment (PVT) Ltd.,50,526.0,26300.0,2025-07-29 14:52:35.642803
2025-07-29,9156,2025072903029949,ALICL,Nepal Stock House (PVT) Ltd.,Cristal Kanchanjanga Securites Pvt. Ltd.,57,526.0,29982.0,2025-07-29 14:53:33.068959
2025-07-29,9155,2025072903029950,ALICL,Kumari Securities Private Limited,Cristal Kanchanjanga Securites Pvt. Ltd.,100,525.5,52550.0,2025-07-29 14:53:33.069113
2025-07-29,9154,2025072903029951,ALICL,Thrive Brokerage House Pvt. Ltd,Cristal Kanchanjanga Securites Pvt. Ltd.,131,525.4,68827.4,2025-07-29 14:53:33.069198
2025-07-29,9085,2025072903029956,ALICL,Naasa Securities Co. Ltd.,Vision Securities Pvt. Ltd,15,527.0,7905.0,2025-07-29 14:53:36.058526
2025-07-29,8152,2025072903030130,ALICL,Imperial Securities Company Pvt. Ltd.,Vision Securities Pvt. Ltd,30,527.0,15810.0,2025-07-29 14:54:27.770406
2025-07-29,7399,2025072903030243,ALICL,Sani Securities Company Ltd.,Vision Securities Pvt. Ltd,15,527.0,7905.0,2025-07-29 14:55:13.764611
2025-07-29,7193,2025072903030281,ALICL,Sani Securities Company Ltd.,Neev Securities Pvt. Ltd.,35,527.0,18445.0,2025-07-29 14:55:26.050177
2025-07-29,7192,2025072903030282,ALICL,Vision Securities Pvt. Ltd,Neev Securities Pvt. Ltd.,50,525.5,26275.0,2025-07-29 14:55:26.050487
2025-07-29,7191,2025072903030283,ALICL,Thrive Brokerage House Pvt. Ltd,Neev Securities Pvt. Ltd.,69,525.4,36252.6,2025-07-29 14:55:26.050742
2025-07-29,7190,2025072903030284,ALICL,Dynamic Money Managers Securities Pvt. Ltd.,Neev Securities Pvt. Ltd.,60,525.4,31524.0,2025-07-29 14:55:26.050981
2025-07-29,7189,2025072903030285,ALICL,Online Securities Pvt. Ltd.,Neev Securities Pvt. Ltd.,100,525.4,52540.0,2025-07-29 14:55:26.051244
2025-07-29,7188,2025072903030286,ALICL,Kalika Securities Pvt. Ltd.,Neev Securities Pvt. Ltd.,10,525.3,5253.0,2025-07-29 14:55:26.051475
2025-07-29,7187,2025072903030287,ALICL,Dynamic Money Managers Securities Pvt. Ltd.,Neev Securities Pvt. Ltd.,500,525.3,262650.0,2025-07-29 14:55:26.051703
2025-07-29,7186,2025072903030288,ALICL,Imperial Securities Company Pvt. Ltd.,Neev Securities Pvt. Ltd.,30,525.3,15759.0,2025-07-29 14:55:26.051941
2025-07-29,7185,2025072903030289,ALICL,Nepal Investment And Securities Trading Private Limited,Neev Securities Pvt. Ltd.,50,525.1,26255.0,2025-07-29 14:55:26.052193
2025-07-29,7184,2025072903030290,ALICL,Creative Securities Pvt Ltd,Neev Securities Pvt. Ltd.,48,525.0,25200.0,2025-07-29 14:55:26.052476
2025-07-29,7123,2025072903030299,ALICL,Vision Securities Pvt. Ltd,ABC Securities Private Limited,10,529.5,5295.0,2025-07-29 14:55:30.714931
2025-07-29,5279,2025072903030632,ALICL,Cristal Kanchanjanga Securites Pvt. Ltd.,Vision Securities Pvt. Ltd,200,525.2,105040.0,2025-07-29 14:57:05.827971
2025-07-29,5278,2025072903030633,ALICL,Neev Securities Pvt. Ltd.,Vision Securities Pvt. Ltd,20,525.1,10502.0,2025-07-29 14:57:05.828358
2025-07-29,5277,2025072903030634,ALICL,Midas Stock Broking Company Private Limited,Vision Securities Pvt. Ltd,200,525.1,105020.0,2025-07-29 14:57:05.828598
2025-07-29,5276,2025072903030635,ALICL,Aryatara Investment & Securities,Vision Securities Pvt. Ltd,100,525.0,52500.0,2025-07-29 14:57:05.828838
2025-07-29,5275,2025072903030636,ALICL,Siprabi Securities Pvt. Ltd.,Vision Securities Pvt. Ltd,30,525.0,15750.0,2025-07-29 14:57:05.829092
2025-07-29,5274,2025072903030637,ALICL,Dakshinkali Investment & Securities Pvt. Ltd.,Vision Securities Pvt. Ltd,500,525.0,262500.0,2025-07-29 14:57:05.829313
2025-07-29,5273,2025072903030638,ALICL,Midas Stock Broking Company Private Limited,Vision Securities Pvt. Ltd,289,525.0,151725.0,2025-07-29 14:57:05.829554
2025-07-29,5272,2025072903030639,ALICL,Sani Securities Company Ltd.,Vision Securities Pvt. Ltd,10,525.0,5250.0,2025-07-29 14:57:05.829777
2025-07-29,5271,2025072903030640,ALICL,Primo Securities (PVT) Ltd.,Vision Securities Pvt. Ltd,500,525.0,262500.0,2025-07-29 14:57:05.829979
2025-07-29,5270,2025072903030641,ALICL,Opal Securities Investment (PVT) Ltd.,Vision Securities Pvt. Ltd,200,525.0,105000.0,2025-07-29 14:57:05.830214
2025-07-29,5269,2025072903030642,ALICL,Kumari Securities Private Limited,Vision Securities Pvt. Ltd,200,525.0,105000.0,2025-07-29 14:57:05.830432
2025-07-29,5268,2025072903030643,ALICL,Agrawal Securities (PVT) Ltd.,Vision Securities Pvt. Ltd,200,525.0,105000.0,2025-07-29 14:57:05.830666
2025-07-29,5264,2025072903030644,ALICL,Primo Securities (PVT) Ltd.,Vision Securities Pvt. Ltd,100,525.0,52500.0,2025-07-29 14:57:05.830897
2025-07-29,5263,2025072903030645,ALICL,Opal Securities Investment (PVT) Ltd.,Vision Securities Pvt. Ltd,25,525.0,13125.0,2025-07-29 14:57:05.831147
2025-07-29,5262,2025072903030646,ALICL,Sumeru Securities Pvt. Ltd.,Vision Securities Pvt. Ltd,400,525.0,210000.0,2025-07-29 14:57:05.831370
2025-07-29,5261,2025072903030647,ALICL,South Asian Bulls Pvt. Ltd.,Vision Securities Pvt. Ltd,26,525.0,13650.0,2025-07-29 14:57:05.831577
2025-07-29,5145,2025072903030678,ALICL,South Asian Bulls Pvt. Ltd.,Vision Securities Pvt. Ltd,19,525.0,9975.0,2025-07-29 14:57:12.966608
2025-07-29,5144,2025072903030679,ALICL,South Asian Bulls Pvt. Ltd.,Vision Securities Pvt. Ltd,10,525.0,5250.0,2025-07-29 14:57:12.966754
2025-07-29,5143,2025072903030680,ALICL,Malla & Malla Stock Broking Company Pvt. Limited,Vision Securities Pvt. Ltd,471,525.0,247275.0,2025-07-29 14:57:12.966847
2025-07-29,4768,2025072903030747,ALICL,Nagarik Stock Dealer ,Nepal Investment And Securities Trading Private Limited,10,526.0,5260.0,2025-07-29 14:57:29.093530
2025-07-29,718,2025072903031578,ALICL,Nagarik Stock Dealer ,Aryatara Investment & Securities,303,526.0,159378.0,2025-07-29 14:59:46.060008
2025-07-29,623,2025072903031600,ALICL,Vision Securities Pvt. Ltd,ABC Securities Private Limited,10,529.5,5295.0,2025-07-29 14:59:48.727906
2025-07-29,255,2025072903031675,ALICL,Dynamic Money Managers Securities Pvt. Ltd.,ABC Securities Private Limited,180,529.5,95310.0,2025-07-29 14:59:56.704189
2025-07-29,254,2025072903031676,ALICL,Dynamic Money Managers Securities Pvt. Ltd.,Dynamic Money Managers Securities Pvt. Ltd.,172,530.0,91160.0,2025-07-29 14:59:56.704317
2025-07-29,253,2025072903031677,ALICL,Dynamic Money Managers Securities Pvt. Ltd.,Naasa Securities Co. Ltd.,10,530.0,5300.0,2025-07-29 14:59:56.704380
2025-07-29,252,2025072903031678,ALICL,Dynamic Money Managers Securities Pvt. Ltd.,Nepal Stock House (PVT) Ltd.,600,530.0,318000.0,2025-07-29 14:59:56.704440
