Date,S.N.,Contract ID,Symbol,Buyer Broker,Seller Broker,quantity,rate,amount,transaction_time
2025-07-29,157375,2025072904000027,GLH,Trishakti Securities Public Limited,Bhrikuti Stock Broking Co. Pvt. Ltd.,10,297.0,2970.0,2025-07-29 11:00:32.516030
2025-07-29,157011,2025072904000082,GLH,Vision Securities Pvt. Ltd,Bhrikuti Stock Broking Co. Pvt. Ltd.,200,297.0,59400.0,2025-07-29 11:01:39.694004
2025-07-29,156716,2025072904000127,GLH,Nepal Stock House (PVT) Ltd.,Bhrikuti Stock Broking Co. Pvt. Ltd.,90,297.0,26730.0,2025-07-29 11:02:14.358381
2025-07-29,156442,2025072904000170,GLH,Siprabi Securities Pvt. Ltd.,Bhrikuti Stock Broking Co. Pvt. Ltd.,30,298.0,8940.0,2025-07-29 11:02:48.873246
2025-07-29,156372,2025072904000179,GLH,Aryatara Investment & Securities,Bhrikuti Stock Broking Co. Pvt. Ltd.,270,298.0,80460.0,2025-07-29 11:02:58.094241
2025-07-29,156077,2025072904000230,GLH,Aryatara Investment & Securities,Trishakti Securities Public Limited,230,298.7,68701.0,2025-07-29 11:03:30.510960
2025-07-29,155646,2025072904000326,GLH,Sundhara Securities Limited,Trishakti Securities Public Limited,250,298.7,74675.0,2025-07-29 11:04:18.424605
2025-07-29,155444,2025072904000370,GLH,Creative Securities Pvt Ltd,Naasa Securities Co. Ltd.,10,298.1,2981.0,2025-07-29 11:04:38.003175
2025-07-29,155232,2025072904000425,GLH,Pragyan Securities (PVT) Ltd.,Trishakti Securities Public Limited,20,298.7,5974.0,2025-07-29 11:04:56.561249
2025-07-29,154661,2025072904000567,GLH,Pragyan Securities (PVT) Ltd.,Vision Securities Pvt. Ltd,10,298.7,2987.0,2025-07-29 11:05:56.915544
2025-07-29,154626,2025072904000580,GLH,Pragyan Securities (PVT) Ltd.,Trisul Securities & Invt. Ltd.,100,298.7,29870.0,2025-07-29 11:05:59.437442
2025-07-29,153776,2025072904000771,GLH,Pragyan Securities (PVT) Ltd.,Nepal Investment And Securities Trading Private Limited,10,298.7,2987.0,2025-07-29 11:07:12.178560
2025-07-29,153200,2025072904000898,GLH,Naasa Securities Co. Ltd.,Bhrikuti Stock Broking Co. Pvt. Ltd.,267,298.8,79779.6,2025-07-29 11:08:01.380706
2025-07-29,152986,2025072904000966,GLH,Pragyan Securities (PVT) Ltd.,ABC Securities Private Limited,60,298.7,17922.0,2025-07-29 11:08:20.601187
2025-07-29,152529,2025072904001101,GLH,Kohinoor Investment & Securities Pvt. Ltd.,Opal Securities Investment (PVT) Ltd.,15,298.1,4471.5,2025-07-29 11:08:57.247715
2025-07-29,152528,2025072904001102,GLH,Sagarmatha Securities Private Limited,Opal Securities Investment (PVT) Ltd.,500,298.0,149000.0,2025-07-29 11:08:57.247811
2025-07-29,152527,2025072904001103,GLH,Premier Securities Company Ltd.,Opal Securities Investment (PVT) Ltd.,20,298.0,5960.0,2025-07-29 11:08:57.247875
2025-07-29,152526,2025072904001104,GLH,Deevyaa Securities & Stock House Pvt. Ltd,Opal Securities Investment (PVT) Ltd.,465,298.0,138570.0,2025-07-29 11:08:57.247918
2025-07-29,152374,2025072904001173,GLH,Siprabi Securities Pvt. Ltd.,ABC Securities Private Limited,140,298.7,41818.0,2025-07-29 11:09:08.199161
2025-07-29,152313,2025072904001196,GLH,Deevyaa Securities & Stock House Pvt. Ltd,Kohinoor Investment & Securities Pvt. Ltd.,200,298.0,59600.0,2025-07-29 11:09:14.084295
2025-07-29,152308,2025072904001197,GLH,J.F. Securites (PVT) Ltd.,Bhrikuti Stock Broking Co. Pvt. Ltd.,100,298.8,29880.0,2025-07-29 11:09:14.209019
2025-07-29,152229,2025072904001208,GLH,Deevyaa Securities & Stock House Pvt. Ltd,Sani Securities Company Ltd.,335,298.0,99830.0,2025-07-29 11:09:19.559697
2025-07-29,152228,2025072904001209,GLH,Nepal Stock House (PVT) Ltd.,Sani Securities Company Ltd.,200,298.0,59600.0,2025-07-29 11:09:19.559888
2025-07-29,151925,2025072904001318,GLH,Siprabi Securities Pvt. Ltd.,Imperial Securities Company Pvt. Ltd.,60,297.1,17826.0,2025-07-29 11:09:43.337451
2025-07-29,151924,2025072904001319,GLH,Nepal Stock House (PVT) Ltd.,Imperial Securities Company Pvt. Ltd.,10,297.0,2970.0,2025-07-29 11:09:43.337510
2025-07-29,151923,2025072904001320,GLH,Sani Securities Company Ltd.,Imperial Securities Company Pvt. Ltd.,100,297.0,29700.0,2025-07-29 11:09:43.337531
2025-07-29,151922,2025072904001321,GLH,Online Securities Pvt. Ltd.,Imperial Securities Company Pvt. Ltd.,40,297.0,11880.0,2025-07-29 11:09:43.337559
2025-07-29,150725,2025072904001648,GLH,Online Securities Pvt. Ltd.,Nepal Investment And Securities Trading Private Limited,60,297.0,17820.0,2025-07-29 11:11:21.199080
2025-07-29,150724,2025072904001649,GLH,BHOLE GANESH SECURITIES LTD,Nepal Investment And Securities Trading Private Limited,20,297.0,5940.0,2025-07-29 11:11:21.199229
2025-07-29,150681,2025072904001659,GLH,BHOLE GANESH SECURITIES LTD,Imperial Securities Company Pvt. Ltd.,480,297.0,142560.0,2025-07-29 11:11:24.310476
2025-07-29,150680,2025072904001660,GLH,ABC Securities Private Limited,Imperial Securities Company Pvt. Ltd.,80,296.0,23680.0,2025-07-29 11:11:24.310536
2025-07-29,150473,2025072904001718,GLH,ABC Securities Private Limited,Kohinoor Investment & Securities Pvt. Ltd.,100,296.0,29600.0,2025-07-29 11:11:40.973798
2025-07-29,150460,2025072904001720,GLH,ABC Securities Private Limited,Agrawal Securities (PVT) Ltd.,10,296.0,2960.0,2025-07-29 11:11:41.673881
2025-07-29,150337,2025072904001753,GLH,Cristal Kanchanjanga Securites Pvt. Ltd.,Naasa Securities Co. Ltd.,100,297.0,29700.0,2025-07-29 11:11:50.453907
2025-07-29,149996,2025072904001823,GLH,Trisul Securities & Invt. Ltd.,Bhrikuti Stock Broking Co. Pvt. Ltd.,50,297.0,14850.0,2025-07-29 11:12:16.765189
2025-07-29,149749,2025072904001914,GLH,ABC Securities Private Limited,Online Securities Pvt. Ltd.,10,296.0,2960.0,2025-07-29 11:12:40.509607
2025-07-29,149748,2025072904001915,GLH,J.F. Securites (PVT) Ltd.,Online Securities Pvt. Ltd.,190,295.5,56145.0,2025-07-29 11:12:40.509702
2025-07-29,149288,2025072904002022,GLH,Naasa Securities Co. Ltd.,Pragyan Securities (PVT) Ltd.,10,296.0,2960.0,2025-07-29 11:13:26.258482
2025-07-29,149116,2025072904002066,GLH,Naasa Securities Co. Ltd.,Bhrikuti Stock Broking Co. Pvt. Ltd.,190,296.0,56240.0,2025-07-29 11:13:40.474974
2025-07-29,149115,2025072904002067,GLH,J.F. Securites (PVT) Ltd.,Bhrikuti Stock Broking Co. Pvt. Ltd.,560,295.5,165480.0,2025-07-29 11:13:40.475112
2025-07-29,149063,2025072904002081,GLH,J.F. Securites (PVT) Ltd.,Imperial Securities Company Pvt. Ltd.,2860,295.5,845130.0,2025-07-29 11:13:46.690662
2025-07-29,149062,2025072904002082,GLH,Opal Securities Investment (PVT) Ltd.,Imperial Securities Company Pvt. Ltd.,50,295.0,14750.0,2025-07-29 11:13:46.690750
2025-07-29,149061,2025072904002083,GLH,Secured Securities Ltd.,Imperial Securities Company Pvt. Ltd.,90,295.0,26550.0,2025-07-29 11:13:46.690819
2025-07-29,148641,2025072904002178,GLH,Trisul Securities & Invt. Ltd.,Pragyan Securities (PVT) Ltd.,10,297.0,2970.0,2025-07-29 11:14:27.554603
2025-07-29,148575,2025072904002204,GLH,Trisul Securities & Invt. Ltd.,Naasa Securities Co. Ltd.,160,297.0,47520.0,2025-07-29 11:14:32.381282
2025-07-29,148265,2025072904002294,GLH,Siprabi Securities Pvt. Ltd.,Secured Securities Ltd.,100,296.0,29600.0,2025-07-29 11:14:58.290465
2025-07-29,147632,2025072904002461,GLH,Siprabi Securities Pvt. Ltd.,Imperial Securities Company Pvt. Ltd.,1300,296.0,384800.0,2025-07-29 11:15:49.836160
2025-07-29,145985,2025072904002855,GLH,Cristal Kanchanjanga Securites Pvt. Ltd.,Sumeru Securities Pvt. Ltd.,50,296.1,14805.0,2025-07-29 11:18:23.264049
2025-07-29,145984,2025072904002856,GLH,Aryatara Investment & Securities,Sumeru Securities Pvt. Ltd.,130,296.0,38480.0,2025-07-29 11:18:23.264213
2025-07-29,145983,2025072904002857,GLH,Linch Stock Market Ltd.,Sumeru Securities Pvt. Ltd.,200,296.0,59200.0,2025-07-29 11:18:23.264271
2025-07-29,145982,2025072904002858,GLH,Imperial Securities Company Pvt. Ltd.,Sumeru Securities Pvt. Ltd.,120,296.0,35520.0,2025-07-29 11:18:23.264332
2025-07-29,145834,2025072904002880,GLH,Imperial Securities Company Pvt. Ltd.,Imperial Securities Company Pvt. Ltd.,380,296.0,112480.0,2025-07-29 11:18:34.676466
2025-07-29,145833,2025072904002881,GLH,Nepal Investment And Securities Trading Private Limited,Imperial Securities Company Pvt. Ltd.,50,296.0,14800.0,2025-07-29 11:18:34.676514
2025-07-29,145832,2025072904002882,GLH,Imperial Securities Company Pvt. Ltd.,Imperial Securities Company Pvt. Ltd.,500,295.2,147600.0,2025-07-29 11:18:34.676547
2025-07-29,145831,2025072904002883,GLH,Vision Securities Pvt. Ltd,Imperial Securities Company Pvt. Ltd.,150,295.1,44265.0,2025-07-29 11:18:34.676590
2025-07-29,145830,2025072904002884,GLH,Secured Securities Ltd.,Imperial Securities Company Pvt. Ltd.,910,295.0,268450.0,2025-07-29 11:18:34.676633
2025-07-29,145829,2025072904002885,GLH,Linch Stock Market Ltd.,Imperial Securities Company Pvt. Ltd.,10,295.0,2950.0,2025-07-29 11:18:34.676670
2025-07-29,144252,2025072904003256,GLH,Sani Securities Company Ltd.,Thrive Brokerage House Pvt. Ltd,820,297.5,243950.0,2025-07-29 11:21:06.580686
2025-07-29,144148,2025072904003270,GLH,Agrawal Securities (PVT) Ltd.,Pragyan Securities (PVT) Ltd.,20,296.0,5920.0,2025-07-29 11:21:17.730396
2025-07-29,143706,2025072904003349,GLH,Agrawal Securities (PVT) Ltd.,Nepal Stock House (PVT) Ltd.,10,296.0,2960.0,2025-07-29 11:21:57.662717
2025-07-29,141625,2025072904003798,GLH,Midas Stock Broking Company Private Limited,Agrawal Securities (PVT) Ltd.,10,297.4,2974.0,2025-07-29 11:24:23.898088
2025-07-29,141624,2025072904003799,GLH,Midas Stock Broking Company Private Limited,Thrive Brokerage House Pvt. Ltd,180,297.5,53550.0,2025-07-29 11:24:23.898240
2025-07-29,141221,2025072904003880,GLH,Premier Securities Company Ltd.,Creative Securities Pvt Ltd,150,297.9,44685.0,2025-07-29 11:24:53.635816
2025-07-29,141220,2025072904003881,GLH,Premier Securities Company Ltd.,Sani Securities Company Ltd.,465,298.0,138570.0,2025-07-29 11:24:53.635973
2025-07-29,141219,2025072904003882,GLH,Premier Securities Company Ltd.,Sri Hari Securities Pvt. Ltd.,10,298.0,2980.0,2025-07-29 11:24:53.636056
2025-07-29,141218,2025072904003883,GLH,Premier Securities Company Ltd.,BHOLE GANESH SECURITIES LTD,210,298.0,62580.0,2025-07-29 11:24:53.636132
2025-07-29,141217,2025072904003884,GLH,Premier Securities Company Ltd.,Dipshikha Dhitopatra Karobar Co. Pvt Ltd.,10,298.0,2980.0,2025-07-29 11:24:53.636210
2025-07-29,140682,2025072904004011,GLH,ABC Securities Private Limited,Agrawal Securities (PVT) Ltd.,200,298.5,59700.0,2025-07-29 11:25:31.717901
2025-07-29,140319,2025072904004093,GLH,Premier Securities Company Ltd.,Malla & Malla Stock Broking Company Pvt. Limited,300,298.0,89400.0,2025-07-29 11:26:03.566559
2025-07-29,140296,2025072904004101,GLH,Premier Securities Company Ltd.,Thrive Brokerage House Pvt. Ltd,10,298.0,2980.0,2025-07-29 11:26:05.645639
2025-07-29,140254,2025072904004115,GLH,Creative Securities Pvt Ltd,Agrawal Securities (PVT) Ltd.,50,298.5,14925.0,2025-07-29 11:26:11.095630
2025-07-29,140146,2025072904004139,GLH,Creative Securities Pvt Ltd,Imperial Securities Company Pvt. Ltd.,100,298.5,29850.0,2025-07-29 11:26:23.886955
2025-07-29,140145,2025072904004140,GLH,Premier Securities Company Ltd.,Imperial Securities Company Pvt. Ltd.,345,298.0,102810.0,2025-07-29 11:26:23.887118
2025-07-29,140144,2025072904004141,GLH,Creative Securities Pvt Ltd,Imperial Securities Company Pvt. Ltd.,150,298.0,44700.0,2025-07-29 11:26:23.887193
2025-07-29,139213,2025072904004318,GLH,Sweta Securities Private Limited,Thrive Brokerage House Pvt. Ltd,10,298.6,2986.0,2025-07-29 11:27:50.188746
2025-07-29,139050,2025072904004349,GLH,Sweta Securities Private Limited,Imperial Securities Company Pvt. Ltd.,20,298.6,5972.0,2025-07-29 11:28:06.193778
2025-07-29,139049,2025072904004350,GLH,Creative Securities Pvt Ltd,Imperial Securities Company Pvt. Ltd.,500,298.6,149300.0,2025-07-29 11:28:06.193875
2025-07-29,138966,2025072904004365,GLH,Aryatara Investment & Securities,Imperial Securities Company Pvt. Ltd.,100,298.5,29850.0,2025-07-29 11:28:12.368844
2025-07-29,138965,2025072904004366,GLH,Naasa Securities Co. Ltd.,Imperial Securities Company Pvt. Ltd.,72,298.5,21492.0,2025-07-29 11:28:12.368916
2025-07-29,138009,2025072904004664,GLH,Imperial Securities Company Pvt. Ltd.,Bhrikuti Stock Broking Co. Pvt. Ltd.,33,298.8,9860.4,2025-07-29 11:29:32.939218
2025-07-29,138008,2025072904004665,GLH,Imperial Securities Company Pvt. Ltd.,Naasa Securities Co. Ltd.,10,298.8,2988.0,2025-07-29 11:29:32.939555
2025-07-29,137653,2025072904004763,GLH,Imperial Securities Company Pvt. Ltd.,Naasa Securities Co. Ltd.,557,298.8,166431.6,2025-07-29 11:30:04.521809
2025-07-29,137515,2025072904004790,GLH,Sweta Securities Private Limited,Siprabi Securities Pvt. Ltd.,10,297.6,2976.0,2025-07-29 11:30:20.041297
2025-07-29,137483,2025072904004796,GLH,Stoxkarts Securities Limited,Trishakti Securities Public Limited,200,299.8,59960.0,2025-07-29 11:30:23.101031
2025-07-29,137208,2025072904004859,GLH,Sani Securities Company Ltd.,Trishakti Securities Public Limited,400,299.8,119920.0,2025-07-29 11:30:49.002150
2025-07-29,137207,2025072904004860,GLH,Sani Securities Company Ltd.,Deevyaa Securities & Stock House Pvt. Ltd,500,299.8,149900.0,2025-07-29 11:30:49.002239
2025-07-29,137206,2025072904004861,GLH,Sani Securities Company Ltd.,Thrive Brokerage House Pvt. Ltd,1100,299.9,329890.0,2025-07-29 11:30:49.002270
2025-07-29,137136,2025072904004877,GLH,Agrawal Securities (PVT) Ltd.,Naasa Securities Co. Ltd.,70,299.8,20986.0,2025-07-29 11:30:57.082423
2025-07-29,137135,2025072904004878,GLH,Sani Securities Company Ltd.,Naasa Securities Co. Ltd.,4152,299.0,1241448.0,2025-07-29 11:30:57.082532
2025-07-29,136974,2025072904004918,GLH,Sani Securities Company Ltd.,Imperial Securities Company Pvt. Ltd.,901,299.0,269399.0,2025-07-29 11:31:13.246829
2025-07-29,136811,2025072904004962,GLH,Stoxkarts Securities Limited,Thrive Brokerage House Pvt. Ltd,300,299.9,89970.0,2025-07-29 11:31:32.308505
2025-07-29,136416,2025072904005035,GLH,Sani Securities Company Ltd.,Stoxkarts Securities Limited,1500,299.0,448500.0,2025-07-29 11:32:02.409717
2025-07-29,136382,2025072904005038,GLH,Sani Securities Company Ltd.,Thrive Brokerage House Pvt. Ltd,400,299.9,119960.0,2025-07-29 11:32:04.520687
2025-07-29,136325,2025072904005056,GLH,Sani Securities Company Ltd.,South Asian Bulls Pvt. Ltd.,1447,299.0,432653.0,2025-07-29 11:32:09.699092
2025-07-29,136324,2025072904005057,GLH,ABC Securities Private Limited,South Asian Bulls Pvt. Ltd.,499,299.0,149201.0,2025-07-29 11:32:09.699269
2025-07-29,135720,2025072904005220,GLH,Investment Management Nepal Pvt. Ltd.,Sani Securities Company Ltd.,10,298.8,2988.0,2025-07-29 11:33:00.269461
2025-07-29,135670,2025072904005229,GLH,Investment Management Nepal Pvt. Ltd.,Imperial Securities Company Pvt. Ltd.,10,298.8,2988.0,2025-07-29 11:33:04.468543
2025-07-29,135653,2025072904005238,GLH,Investment Management Nepal Pvt. Ltd.,Swarna Laxmi Securities Pvt. Ltd.,10,298.8,2988.0,2025-07-29 11:33:06.522436
2025-07-29,134481,2025072904005511,GLH,Investment Management Nepal Pvt. Ltd.,Midas Stock Broking Company Private Limited,50,298.8,14940.0,2025-07-29 11:34:47.735011
2025-07-29,134416,2025072904005529,GLH,Investment Management Nepal Pvt. Ltd.,Sumeru Securities Pvt. Ltd.,20,298.8,5976.0,2025-07-29 11:34:55.941376
2025-07-29,134414,2025072904005530,GLH,Investment Management Nepal Pvt. Ltd.,Sumeru Securities Pvt. Ltd.,180,298.8,53784.0,2025-07-29 11:34:56.443658
2025-07-29,133433,2025072904005726,GLH,Investment Management Nepal Pvt. Ltd.,Naasa Securities Co. Ltd.,10,298.8,2988.0,2025-07-29 11:36:12.435915
2025-07-29,132939,2025072904005835,GLH,Investment Management Nepal Pvt. Ltd.,Siprabi Securities Pvt. Ltd.,10,298.8,2988.0,2025-07-29 11:36:55.893549
2025-07-29,132483,2025072904005900,GLH,Oxford Securities Pvt. Ltd.,Stoxkarts Securities Limited,1000,298.1,298100.0,2025-07-29 11:37:35.371664
2025-07-29,131535,2025072904006140,GLH,Infinity Securities Limited,Aryatara Investment & Securities,160,298.9,47824.0,2025-07-29 11:38:51.189818
2025-07-29,131534,2025072904006141,GLH,Infinity Securities Limited,South Asian Bulls Pvt. Ltd.,54,299.0,16146.0,2025-07-29 11:38:51.190204
2025-07-29,131533,2025072904006142,GLH,Infinity Securities Limited,Cristal Kanchanjanga Securites Pvt. Ltd.,986,299.0,294814.0,2025-07-29 11:38:51.190470
2025-07-29,130943,2025072904006273,GLH,Premier Securities Company Ltd.,Cristal Kanchanjanga Securites Pvt. Ltd.,14,299.0,4186.0,2025-07-29 11:39:39.297121
2025-07-29,130942,2025072904006274,GLH,Premier Securities Company Ltd.,Sumeru Securities Pvt. Ltd.,10,299.0,2990.0,2025-07-29 11:39:39.297367
2025-07-29,130941,2025072904006275,GLH,Premier Securities Company Ltd.,Stoxkarts Securities Limited,1500,299.0,448500.0,2025-07-29 11:39:39.297450
2025-07-29,130940,2025072904006276,GLH,Premier Securities Company Ltd.,Asian Securities Private Ltd.,716,299.7,214585.2,2025-07-29 11:39:39.297539
2025-07-29,130939,2025072904006277,GLH,Premier Securities Company Ltd.,Investment Management Nepal Pvt. Ltd.,200,299.8,59960.0,2025-07-29 11:39:39.297619
2025-07-29,130938,2025072904006278,GLH,Premier Securities Company Ltd.,Thrive Brokerage House Pvt. Ltd,200,299.9,59980.0,2025-07-29 11:39:39.297697
2025-07-29,130937,2025072904006279,GLH,Premier Securities Company Ltd.,Deevyaa Securities & Stock House Pvt. Ltd,500,299.9,149950.0,2025-07-29 11:39:39.297776
2025-07-29,130936,2025072904006280,GLH,Premier Securities Company Ltd.,Stoxkarts Securities Limited,860,299.9,257914.0,2025-07-29 11:39:39.297855
2025-07-29,130915,2025072904006285,GLH,Sweta Securities Private Limited,Dipshikha Dhitopatra Karobar Co. Pvt Ltd.,10,298.1,2981.0,2025-07-29 11:39:40.642726
2025-07-29,130461,2025072904006385,GLH,Midas Stock Broking Company Private Limited,Oxford Securities Pvt. Ltd.,10,298.2,2982.0,2025-07-29 11:40:16.355403
2025-07-29,130338,2025072904006408,GLH,Malla & Malla Stock Broking Company Pvt. Limited,Stoxkarts Securities Limited,100,299.9,29990.0,2025-07-29 11:40:27.398838
2025-07-29,129169,2025072904006693,GLH,Dipshikha Dhitopatra Karobar Co. Pvt Ltd.,Stoxkarts Securities Limited,540,299.9,161946.0,2025-07-29 11:42:14.363158
2025-07-29,129168,2025072904006694,GLH,Dipshikha Dhitopatra Karobar Co. Pvt Ltd.,Bhrikuti Stock Broking Co. Pvt. Ltd.,35,299.9,10496.5,2025-07-29 11:42:14.363355
2025-07-29,128944,2025072904006756,GLH,Neev Securities Pvt. Ltd.,Midas Stock Broking Company Private Limited,50,299.9,14995.0,2025-07-29 11:42:36.614241
2025-07-29,128943,2025072904006757,GLH,Neev Securities Pvt. Ltd.,Sumeru Securities Pvt. Ltd.,10,300.0,3000.0,2025-07-29 11:42:36.614542
2025-07-29,128942,2025072904006758,GLH,Neev Securities Pvt. Ltd.,Sweta Securities Private Limited,500,300.0,150000.0,2025-07-29 11:42:36.614729
2025-07-29,128941,2025072904006759,GLH,Neev Securities Pvt. Ltd.,Linch Stock Market Ltd.,275,300.0,82500.0,2025-07-29 11:42:36.614878
2025-07-29,128940,2025072904006760,GLH,Neev Securities Pvt. Ltd.,Naasa Securities Co. Ltd.,100,300.0,30000.0,2025-07-29 11:42:36.615018
2025-07-29,128939,2025072904006761,GLH,Neev Securities Pvt. Ltd.,Trishakti Securities Public Limited,65,300.0,19500.0,2025-07-29 11:42:36.615186
2025-07-29,128546,2025072904006851,GLH,Sweta Securities Private Limited,Trishakti Securities Public Limited,50,300.0,15000.0,2025-07-29 11:43:08.778509
2025-07-29,128473,2025072904006866,GLH,Magnet Securities and Investment Company Private Limited,Aryatara Investment & Securities,10,299.9,2999.0,2025-07-29 11:43:17.518425
2025-07-29,128472,2025072904006867,GLH,Magnet Securities and Investment Company Private Limited,Trishakti Securities Public Limited,27,300.0,8100.0,2025-07-29 11:43:17.518628
2025-07-29,128471,2025072904006868,GLH,Magnet Securities and Investment Company Private Limited,Sharepro Securities Private Limited,100,300.0,30000.0,2025-07-29 11:43:17.518753
2025-07-29,128470,2025072904006869,GLH,Magnet Securities and Investment Company Private Limited,Imperial Securities Company Pvt. Ltd.,500,300.0,150000.0,2025-07-29 11:43:17.518837
2025-07-29,128469,2025072904006870,GLH,Magnet Securities and Investment Company Private Limited,Midas Stock Broking Company Private Limited,313,300.0,93900.0,2025-07-29 11:43:17.518917
2025-07-29,127721,2025072904007040,GLH,Linch Stock Market Ltd.,Investment Management Nepal Pvt. Ltd.,100,299.9,29990.0,2025-07-29 11:44:19.933500
2025-07-29,127714,2025072904007041,GLH,Linch Stock Market Ltd.,Deevyaa Securities & Stock House Pvt. Ltd,66,299.9,19793.4,2025-07-29 11:44:21.410579
2025-07-29,127713,2025072904007042,GLH,Shree Krishna Securities Ltd.,Deevyaa Securities & Stock House Pvt. Ltd,32,298.5,9552.0,2025-07-29 11:44:21.410810
2025-07-29,127712,2025072904007043,GLH,Online Securities Pvt. Ltd.,Deevyaa Securities & Stock House Pvt. Ltd,260,298.4,77584.0,2025-07-29 11:44:21.410895
2025-07-29,127711,2025072904007044,GLH,Trishakti Securities Public Limited,Deevyaa Securities & Stock House Pvt. Ltd,370,298.4,110408.0,2025-07-29 11:44:21.410982
2025-07-29,127710,2025072904007045,GLH,Secured Securities Ltd.,Deevyaa Securities & Stock House Pvt. Ltd,2100,298.3,626430.0,2025-07-29 11:44:21.411067
2025-07-29,127709,2025072904007046,GLH,Midas Stock Broking Company Private Limited,Deevyaa Securities & Stock House Pvt. Ltd,300,298.2,89460.0,2025-07-29 11:44:21.411148
2025-07-29,127708,2025072904007047,GLH,Imperial Securities Company Pvt. Ltd.,Deevyaa Securities & Stock House Pvt. Ltd,400,298.1,119240.0,2025-07-29 11:44:21.411396
2025-07-29,127707,2025072904007048,GLH,Midas Stock Broking Company Private Limited,Deevyaa Securities & Stock House Pvt. Ltd,500,298.1,149050.0,2025-07-29 11:44:21.411499
2025-07-29,127706,2025072904007049,GLH,Oxford Securities Pvt. Ltd.,Deevyaa Securities & Stock House Pvt. Ltd,500,298.1,149050.0,2025-07-29 11:44:21.411589
2025-07-29,127705,2025072904007050,GLH,Vision Securities Pvt. Ltd,Deevyaa Securities & Stock House Pvt. Ltd,50,298.0,14900.0,2025-07-29 11:44:21.411680
2025-07-29,127704,2025072904007051,GLH,Imperial Securities Company Pvt. Ltd.,Deevyaa Securities & Stock House Pvt. Ltd,300,298.0,89400.0,2025-07-29 11:44:21.411780
2025-07-29,127703,2025072904007052,GLH,Capital Max Securities Ltd,Deevyaa Securities & Stock House Pvt. Ltd,15,298.0,4470.0,2025-07-29 11:44:21.411868
2025-07-29,127702,2025072904007053,GLH,Investment Management Nepal Pvt. Ltd.,Deevyaa Securities & Stock House Pvt. Ltd,200,298.0,59600.0,2025-07-29 11:44:21.411962
2025-07-29,127701,2025072904007054,GLH,Secured Securities Ltd.,Deevyaa Securities & Stock House Pvt. Ltd,907,298.0,270286.0,2025-07-29 11:44:21.412048
2025-07-29,127047,2025072904007211,GLH,Sweta Securities Private Limited,SUN SECURITIES PVT LTD,10,298.1,2981.0,2025-07-29 11:45:17.363097
2025-07-29,126497,2025072904007343,GLH,Sweta Securities Private Limited,Online Securities Pvt. Ltd.,10,298.1,2981.0,2025-07-29 11:46:01.477073
2025-07-29,126438,2025072904007354,GLH,Sweta Securities Private Limited,Vision Securities Pvt. Ltd,80,298.1,23848.0,2025-07-29 11:46:05.792977
2025-07-29,126437,2025072904007355,GLH,Secured Securities Ltd.,Vision Securities Pvt. Ltd,93,298.0,27714.0,2025-07-29 11:46:05.793211
2025-07-29,126436,2025072904007356,GLH,Magnet Securities and Investment Company Private Limited,Vision Securities Pvt. Ltd,20,298.0,5960.0,2025-07-29 11:46:05.793302
2025-07-29,126288,2025072904007399,GLH,Aryatara Investment & Securities,Imperial Securities Company Pvt. Ltd.,10,299.0,2990.0,2025-07-29 11:46:18.577913
2025-07-29,126287,2025072904007400,GLH,Aryatara Investment & Securities,Oxford Securities Pvt. Ltd.,90,299.0,26910.0,2025-07-29 11:46:18.578410
2025-07-29,124579,2025072904007721,GLH,Thrive Brokerage House Pvt. Ltd,Ashutosh Brokerage & Securities (PVT) Ltd.,10,298.0,2980.0,2025-07-29 11:48:46.499911
2025-07-29,124271,2025072904007783,GLH,Nepal Investment And Securities Trading Private Limited,Online Securities Pvt. Ltd.,10,297.6,2976.0,2025-07-29 11:49:16.626886
2025-07-29,124194,2025072904007799,GLH,Nepal Investment And Securities Trading Private Limited,Sri Hari Securities Pvt. Ltd.,90,297.6,26784.0,2025-07-29 11:49:23.715398
2025-07-29,124193,2025072904007800,GLH,Siprabi Securities Pvt. Ltd.,Sri Hari Securities Pvt. Ltd.,210,297.6,62496.0,2025-07-29 11:49:23.715678
2025-07-29,122460,2025072904008126,GLH,Aryatara Investment & Securities,Sani Securities Company Ltd.,350,298.9,104615.0,2025-07-29 11:51:56.093143
2025-07-29,122459,2025072904008127,GLH,Aryatara Investment & Securities,Oxford Securities Pvt. Ltd.,150,299.0,44850.0,2025-07-29 11:51:56.093450
2025-07-29,122346,2025072904008180,GLH,Aryatara Investment & Securities,Oxford Securities Pvt. Ltd.,550,299.0,164450.0,2025-07-29 11:52:06.447409
2025-07-29,122345,2025072904008181,GLH,Aryatara Investment & Securities,Naasa Securities Co. Ltd.,10,299.0,2990.0,2025-07-29 11:52:06.447680
2025-07-29,122344,2025072904008182,GLH,Aryatara Investment & Securities,Stoxkarts Securities Limited,940,299.0,281060.0,2025-07-29 11:52:06.447795
2025-07-29,122163,2025072904008210,GLH,Thrive Brokerage House Pvt. Ltd,Stoxkarts Securities Limited,560,299.0,167440.0,2025-07-29 11:52:24.168416
2025-07-29,121805,2025072904008279,GLH,Thrive Brokerage House Pvt. Ltd,Market Securities & Exchange (PVT) Ltd.,140,299.0,41860.0,2025-07-29 11:52:52.378428
2025-07-29,121574,2025072904008327,GLH,Thrive Brokerage House Pvt. Ltd,Trisul Securities & Invt. Ltd.,100,299.0,29900.0,2025-07-29 11:53:12.024424
2025-07-29,121417,2025072904008357,GLH,Thrive Brokerage House Pvt. Ltd,Imperial Securities Company Pvt. Ltd.,100,299.0,29900.0,2025-07-29 11:53:29.003258
2025-07-29,121387,2025072904008364,GLH,Thrive Brokerage House Pvt. Ltd,Market Securities & Exchange (PVT) Ltd.,100,299.0,29900.0,2025-07-29 11:53:31.600145
2025-07-29,121301,2025072904008375,GLH,Sewa Securities Pvt. Ltd.,Sri Hari Securities Pvt. Ltd.,10,298.0,2980.0,2025-07-29 11:53:38.756356
2025-07-29,121103,2025072904008405,GLH,Sewa Securities Pvt. Ltd.,Sweta Securities Private Limited,450,298.0,134100.0,2025-07-29 11:53:58.739290
2025-07-29,120996,2025072904008420,GLH,Dipshikha Dhitopatra Karobar Co. Pvt Ltd.,Market Securities & Exchange (PVT) Ltd.,14,299.0,4186.0,2025-07-29 11:54:10.295608
2025-07-29,120991,2025072904008421,GLH,Sani Securities Company Ltd.,Market Securities & Exchange (PVT) Ltd.,746,299.0,223054.0,2025-07-29 11:54:11.021114
2025-07-29,120990,2025072904008422,GLH,Sani Securities Company Ltd.,Asian Securities Private Ltd.,10,299.5,2995.0,2025-07-29 11:54:11.021222
2025-07-29,120562,2025072904008486,GLH,Linch Stock Market Ltd.,Trisul Securities & Invt. Ltd.,100,299.0,29900.0,2025-07-29 11:54:49.412395
2025-07-29,119439,2025072904008673,GLH,Sewa Securities Pvt. Ltd.,Bhrikuti Stock Broking Co. Pvt. Ltd.,10,298.0,2980.0,2025-07-29 11:56:12.998917
2025-07-29,119223,2025072904008719,GLH,Sewa Securities Pvt. Ltd.,INDEX SECURITIES LIMITED,10,298.0,2980.0,2025-07-29 11:56:32.015103
2025-07-29,118650,2025072904008807,GLH,Sewa Securities Pvt. Ltd.,Sumeru Securities Pvt. Ltd.,10,298.0,2980.0,2025-07-29 11:57:12.745359
2025-07-29,118587,2025072904008827,GLH,Linch Stock Market Ltd.,Asian Securities Private Ltd.,97,299.8,29080.6,2025-07-29 11:57:20.536490
2025-07-29,118387,2025072904008866,GLH,Thrive Brokerage House Pvt. Ltd,Vision Securities Pvt. Ltd,400,299.8,119920.0,2025-07-29 11:57:37.848539
2025-07-29,118279,2025072904008892,GLH,Thrive Brokerage House Pvt. Ltd,Sharepro Securities Private Limited,100,299.8,29980.0,2025-07-29 11:57:45.942910
2025-07-29,118254,2025072904008896,GLH,Naasa Securities Co. Ltd.,ABC Securities Private Limited,10,299.0,2990.0,2025-07-29 11:57:50.312259
2025-07-29,117751,2025072904008988,GLH,Siprabi Securities Pvt. Ltd.,Agrawal Securities (PVT) Ltd.,12,299.1,3589.2,2025-07-29 11:58:23.485690
2025-07-29,117341,2025072904009079,GLH,Naasa Securities Co. Ltd.,Sharepro Securities Private Limited,900,299.7,269730.0,2025-07-29 11:58:55.196108
2025-07-29,117340,2025072904009080,GLH,Naasa Securities Co. Ltd.,Investment Management Nepal Pvt. Ltd.,230,299.9,68977.0,2025-07-29 11:58:55.196161
2025-07-29,117299,2025072904009088,GLH,Sewa Securities Pvt. Ltd.,Naasa Securities Co. Ltd.,10,299.2,2992.0,2025-07-29 11:58:57.460977
2025-07-29,116835,2025072904009176,GLH,Dipshikha Dhitopatra Karobar Co. Pvt Ltd.,Investment Management Nepal Pvt. Ltd.,70,299.9,20993.0,2025-07-29 11:59:29.939445
2025-07-29,116834,2025072904009177,GLH,Dipshikha Dhitopatra Karobar Co. Pvt Ltd.,Stoxkarts Securities Limited,1500,299.9,449850.0,2025-07-29 11:59:29.939720
2025-07-29,116833,2025072904009178,GLH,Dipshikha Dhitopatra Karobar Co. Pvt Ltd.,Midas Stock Broking Company Private Limited,2687,300.0,806100.0,2025-07-29 11:59:29.939826
2025-07-29,116832,2025072904009179,GLH,Dipshikha Dhitopatra Karobar Co. Pvt Ltd.,Siprabi Securities Pvt. Ltd.,300,300.0,90000.0,2025-07-29 11:59:29.939925
2025-07-29,116831,2025072904009180,GLH,Dipshikha Dhitopatra Karobar Co. Pvt Ltd.,Siprabi Securities Pvt. Ltd.,10,300.0,3000.0,2025-07-29 11:59:29.940022
2025-07-29,116830,2025072904009181,GLH,Dipshikha Dhitopatra Karobar Co. Pvt Ltd.,Vision Securities Pvt. Ltd,10,300.0,3000.0,2025-07-29 11:59:29.940113
2025-07-29,116829,2025072904009182,GLH,Dipshikha Dhitopatra Karobar Co. Pvt Ltd.,Deevyaa Securities & Stock House Pvt. Ltd,300,300.0,90000.0,2025-07-29 11:59:29.940241
2025-07-29,116828,2025072904009183,GLH,Dipshikha Dhitopatra Karobar Co. Pvt Ltd.,Online Securities Pvt. Ltd.,1000,300.0,300000.0,2025-07-29 11:59:29.940400
2025-07-29,116827,2025072904009184,GLH,Dipshikha Dhitopatra Karobar Co. Pvt Ltd.,Premier Securities Company Ltd.,10,300.0,3000.0,2025-07-29 11:59:29.940546
2025-07-29,116826,2025072904009185,GLH,Dipshikha Dhitopatra Karobar Co. Pvt Ltd.,Elite Stock House Limited,50,300.0,15000.0,2025-07-29 11:59:29.940680
2025-07-29,116825,2025072904009186,GLH,Dipshikha Dhitopatra Karobar Co. Pvt Ltd.,Oxford Securities Pvt. Ltd.,10,300.0,3000.0,2025-07-29 11:59:29.940782
2025-07-29,116824,2025072904009187,GLH,Dipshikha Dhitopatra Karobar Co. Pvt Ltd.,Linch Stock Market Ltd.,50,300.0,15000.0,2025-07-29 11:59:29.940889
2025-07-29,116823,2025072904009188,GLH,Dipshikha Dhitopatra Karobar Co. Pvt Ltd.,Siprabi Securities Pvt. Ltd.,1500,300.0,450000.0,2025-07-29 11:59:29.940985
2025-07-29,116822,2025072904009189,GLH,Dipshikha Dhitopatra Karobar Co. Pvt Ltd.,Aryatara Investment & Securities,10,300.0,3000.0,2025-07-29 11:59:29.941076
2025-07-29,116821,2025072904009190,GLH,Dipshikha Dhitopatra Karobar Co. Pvt Ltd.,Sani Securities Company Ltd.,18,300.0,5400.0,2025-07-29 11:59:29.941166
2025-07-29,116820,2025072904009191,GLH,Dipshikha Dhitopatra Karobar Co. Pvt Ltd.,Dakshinkali Investment & Securities Pvt. Ltd.,500,300.0,150000.0,2025-07-29 11:59:29.941266
2025-07-29,116819,2025072904009192,GLH,Dipshikha Dhitopatra Karobar Co. Pvt Ltd.,Investment Management Nepal Pvt. Ltd.,1000,300.0,300000.0,2025-07-29 11:59:29.941409
2025-07-29,116818,2025072904009193,GLH,Dipshikha Dhitopatra Karobar Co. Pvt Ltd.,Linch Stock Market Ltd.,10,300.0,3000.0,2025-07-29 11:59:29.941553
2025-07-29,116817,2025072904009194,GLH,Dipshikha Dhitopatra Karobar Co. Pvt Ltd.,Ashutosh Brokerage & Securities (PVT) Ltd.,250,300.0,75000.0,2025-07-29 11:59:29.941672
2025-07-29,116816,2025072904009195,GLH,Dipshikha Dhitopatra Karobar Co. Pvt Ltd.,S.P.S.A. Securities Limited,150,300.0,45000.0,2025-07-29 11:59:29.941766
2025-07-29,116815,2025072904009196,GLH,Dipshikha Dhitopatra Karobar Co. Pvt Ltd.,J.F. Securites (PVT) Ltd.,10,300.0,3000.0,2025-07-29 11:59:29.941858
2025-07-29,116814,2025072904009197,GLH,Dipshikha Dhitopatra Karobar Co. Pvt Ltd.,Sani Securities Company Ltd.,10,300.0,3000.0,2025-07-29 11:59:29.941944
2025-07-29,116813,2025072904009198,GLH,Dipshikha Dhitopatra Karobar Co. Pvt Ltd.,Malla & Malla Stock Broking Company Pvt. Limited,350,300.0,105000.0,2025-07-29 11:59:29.942032
2025-07-29,116812,2025072904009199,GLH,Dipshikha Dhitopatra Karobar Co. Pvt Ltd.,Naasa Securities Co. Ltd.,100,300.0,30000.0,2025-07-29 11:59:29.942118
2025-07-29,116811,2025072904009200,GLH,Dipshikha Dhitopatra Karobar Co. Pvt Ltd.,Premier Securities Company Ltd.,95,300.0,28500.0,2025-07-29 11:59:29.942235
2025-07-29,116666,2025072904009230,GLH,Sumeru Securities Pvt. Ltd.,Premier Securities Company Ltd.,505,300.0,151500.0,2025-07-29 11:59:40.810433
2025-07-29,116665,2025072904009231,GLH,Sumeru Securities Pvt. Ltd.,Sundhara Securities Limited,200,300.0,60000.0,2025-07-29 11:59:40.810701
2025-07-29,116664,2025072904009232,GLH,Sumeru Securities Pvt. Ltd.,Naasa Securities Co. Ltd.,295,300.0,88500.0,2025-07-29 11:59:40.810796
2025-07-29,116605,2025072904009237,GLH,Vision Securities Pvt. Ltd,Naasa Securities Co. Ltd.,64,300.0,19200.0,2025-07-29 11:59:45.081898
2025-07-29,116604,2025072904009238,GLH,Vision Securities Pvt. Ltd,Oxford Securities Pvt. Ltd.,10,300.0,3000.0,2025-07-29 11:59:45.082163
2025-07-29,116603,2025072904009239,GLH,Vision Securities Pvt. Ltd,Cristal Kanchanjanga Securites Pvt. Ltd.,10,300.0,3000.0,2025-07-29 11:59:45.082254
2025-07-29,116602,2025072904009240,GLH,Vision Securities Pvt. Ltd,Kohinoor Investment & Securities Pvt. Ltd.,10,300.0,3000.0,2025-07-29 11:59:45.082348
2025-07-29,116141,2025072904009292,GLH,Dakshinkali Investment & Securities Pvt. Ltd.,Naasa Securities Co. Ltd.,174,300.2,52234.8,2025-07-29 12:00:11.435622
2025-07-29,116140,2025072904009293,GLH,Dakshinkali Investment & Securities Pvt. Ltd.,Agrawal Securities (PVT) Ltd.,10,300.9,3009.0,2025-07-29 12:00:11.435729
2025-07-29,116139,2025072904009294,GLH,Dakshinkali Investment & Securities Pvt. Ltd.,Premier Securities Company Ltd.,10,300.9,3009.0,2025-07-29 12:00:11.435805
2025-07-29,116138,2025072904009295,GLH,Dakshinkali Investment & Securities Pvt. Ltd.,Imperial Securities Company Pvt. Ltd.,600,300.9,180540.0,2025-07-29 12:00:11.435869
2025-07-29,116137,2025072904009296,GLH,Dakshinkali Investment & Securities Pvt. Ltd.,Premier Securities Company Ltd.,10,301.0,3010.0,2025-07-29 12:00:11.435947
2025-07-29,116136,2025072904009297,GLH,Dakshinkali Investment & Securities Pvt. Ltd.,Dipshikha Dhitopatra Karobar Co. Pvt Ltd.,28,301.0,8428.0,2025-07-29 12:00:11.436019
2025-07-29,116135,2025072904009298,GLH,Dakshinkali Investment & Securities Pvt. Ltd.,Naasa Securities Co. Ltd.,10,301.0,3010.0,2025-07-29 12:00:11.436092
2025-07-29,116134,2025072904009299,GLH,Dakshinkali Investment & Securities Pvt. Ltd.,Kalika Securities Pvt. Ltd.,10,301.0,3010.0,2025-07-29 12:00:11.436172
2025-07-29,116133,2025072904009300,GLH,Dakshinkali Investment & Securities Pvt. Ltd.,Asian Securities Private Ltd.,148,301.0,44548.0,2025-07-29 12:00:11.436248
2025-07-29,116115,2025072904009308,GLH,Vision Securities Pvt. Ltd,Ashutosh Brokerage & Securities (PVT) Ltd.,10,300.0,3000.0,2025-07-29 12:00:14.900369
2025-07-29,115733,2025072904009361,GLH,Vision Securities Pvt. Ltd,Magnet Securities and Investment Company Private Limited,200,300.0,60000.0,2025-07-29 12:00:37.714592
2025-07-29,115288,2025072904009406,GLH,Malla & Malla Stock Broking Company Pvt. Limited,Pragyan Securities (PVT) Ltd.,10,300.1,3001.0,2025-07-29 12:01:03.737412
2025-07-29,115057,2025072904009451,GLH,Malla & Malla Stock Broking Company Pvt. Limited,Primo Securities (PVT) Ltd.,190,300.1,57019.0,2025-07-29 12:01:17.700940
2025-07-29,114085,2025072904009667,GLH,Sweta Securities Private Limited,Primo Securities (PVT) Ltd.,50,300.1,15005.0,2025-07-29 12:02:23.093803
2025-07-29,112899,2025072904009847,GLH,Vision Securities Pvt. Ltd,Magnet Securities and Investment Company Private Limited,50,300.0,15000.0,2025-07-29 12:03:33.280449
2025-07-29,112769,2025072904009872,GLH,Vision Securities Pvt. Ltd,Deevyaa Securities & Stock House Pvt. Ltd,646,300.0,193800.0,2025-07-29 12:03:42.136742
2025-07-29,112768,2025072904009873,GLH,Sundhara Securities Limited,Deevyaa Securities & Stock House Pvt. Ltd,200,300.0,60000.0,2025-07-29 12:03:42.136978
2025-07-29,111410,2025072904010142,GLH,Siprabi Securities Pvt. Ltd.,Deevyaa Securities & Stock House Pvt. Ltd,154,300.0,46200.0,2025-07-29 12:05:00.919182
2025-07-29,111409,2025072904010143,GLH,Siprabi Securities Pvt. Ltd.,Sri Hari Securities Pvt. Ltd.,246,300.0,73800.0,2025-07-29 12:05:00.919458
2025-07-29,110760,2025072904010270,GLH,Linch Stock Market Ltd.,Primo Securities (PVT) Ltd.,10,300.1,3001.0,2025-07-29 12:05:48.068841
2025-07-29,110759,2025072904010271,GLH,Linch Stock Market Ltd.,Investment Management Nepal Pvt. Ltd.,190,300.1,57019.0,2025-07-29 12:05:48.069109
2025-07-29,110747,2025072904010274,GLH,Sagarmatha Securities Private Limited,Online Securities Pvt. Ltd.,10,300.0,3000.0,2025-07-29 12:05:48.451708
2025-07-29,110100,2025072904010392,GLH,Sagarmatha Securities Private Limited,South Asian Bulls Pvt. Ltd.,10,300.0,3000.0,2025-07-29 12:06:28.202521
2025-07-29,109863,2025072904010442,GLH,Sagarmatha Securities Private Limited,Nepal Stock House (PVT) Ltd.,980,300.0,294000.0,2025-07-29 12:06:42.198517
2025-07-29,109862,2025072904010443,GLH,Kohinoor Investment & Securities Pvt. Ltd.,Nepal Stock House (PVT) Ltd.,20,300.0,6000.0,2025-07-29 12:06:42.198789
2025-07-29,109538,2025072904010491,GLH,Kohinoor Investment & Securities Pvt. Ltd.,Investment Management Nepal Pvt. Ltd.,200,300.0,60000.0,2025-07-29 12:07:01.622398
2025-07-29,109499,2025072904010500,GLH,Naasa Securities Co. Ltd.,Investment Management Nepal Pvt. Ltd.,10,300.1,3001.0,2025-07-29 12:07:04.545583
2025-07-29,109375,2025072904010530,GLH,Kohinoor Investment & Securities Pvt. Ltd.,Neev Securities Pvt. Ltd.,10,300.0,3000.0,2025-07-29 12:07:09.622174
2025-07-29,108694,2025072904010642,GLH,Siprabi Securities Pvt. Ltd.,Market Securities & Exchange (PVT) Ltd.,100,300.1,30010.0,2025-07-29 12:07:49.137229
2025-07-29,107942,2025072904010787,GLH,Capital Max Securities Ltd,Sharepro Securities Private Limited,250,300.9,75225.0,2025-07-29 12:08:36.137820
2025-07-29,107697,2025072904010824,GLH,Capital Max Securities Ltd,Kohinoor Investment & Securities Pvt. Ltd.,100,300.2,30020.0,2025-07-29 12:08:49.015134
2025-07-29,106935,2025072904010946,GLH,Nagarik Stock Dealer ,Sharepro Securities Private Limited,750,300.9,225675.0,2025-07-29 12:09:41.514515
2025-07-29,106934,2025072904010947,GLH,Nagarik Stock Dealer ,Asian Securities Private Ltd.,902,301.0,271502.0,2025-07-29 12:09:41.514792
2025-07-29,106933,2025072904010948,GLH,Nagarik Stock Dealer ,Imperial Securities Company Pvt. Ltd.,100,301.0,30100.0,2025-07-29 12:09:41.514901
2025-07-29,106932,2025072904010949,GLH,Nagarik Stock Dealer ,Trisul Securities & Invt. Ltd.,10,301.0,3010.0,2025-07-29 12:09:41.515001
2025-07-29,106931,2025072904010950,GLH,Nagarik Stock Dealer ,Primo Securities (PVT) Ltd.,250,301.0,75250.0,2025-07-29 12:09:41.515099
2025-07-29,106930,2025072904010951,GLH,Nagarik Stock Dealer ,Asian Securities Private Ltd.,1000,301.0,301000.0,2025-07-29 12:09:41.515195
2025-07-29,106929,2025072904010952,GLH,Nagarik Stock Dealer ,Asian Securities Private Ltd.,788,301.0,237188.0,2025-07-29 12:09:41.515295
2025-07-29,106419,2025072904011022,GLH,Kohinoor Investment & Securities Pvt. Ltd.,Arun Securities (PVT) Ltd.,10,300.3,3003.0,2025-07-29 12:10:08.455005
2025-07-29,106113,2025072904011055,GLH,Kohinoor Investment & Securities Pvt. Ltd.,Neev Securities Pvt. Ltd.,110,300.3,33033.0,2025-07-29 12:10:27.990666
2025-07-29,106112,2025072904011056,GLH,Capital Max Securities Ltd,Neev Securities Pvt. Ltd.,190,300.2,57038.0,2025-07-29 12:10:27.991137
2025-07-29,105917,2025072904011090,GLH,Aryatara Investment & Securities,South Asian Bulls Pvt. Ltd.,50,300.5,15025.0,2025-07-29 12:10:43.642738
2025-07-29,105916,2025072904011091,GLH,Aryatara Investment & Securities,Asian Securities Private Ltd.,212,301.0,63812.0,2025-07-29 12:10:43.643027
2025-07-29,105915,2025072904011092,GLH,Aryatara Investment & Securities,Sani Securities Company Ltd.,10,301.0,3010.0,2025-07-29 12:10:43.643132
2025-07-29,105827,2025072904011103,GLH,Aryatara Investment & Securities,Online Securities Pvt. Ltd.,10,301.0,3010.0,2025-07-29 12:10:48.943226
2025-07-29,105605,2025072904011142,GLH,Aryatara Investment & Securities,Linch Stock Market Ltd.,10,301.0,3010.0,2025-07-29 12:11:00.554924
2025-07-29,105493,2025072904011200,GLH,Asian Securities Private Ltd.,Naasa Securities Co. Ltd.,100,301.5,30150.0,2025-07-29 12:11:06.550769
2025-07-29,104672,2025072904011337,GLH,Sani Securities Company Ltd.,Magnet Securities and Investment Company Private Limited,50,301.1,15055.0,2025-07-29 12:11:58.904832
2025-07-29,104429,2025072904011405,GLH,Trisul Securities & Invt. Ltd.,Aryatara Investment & Securities,500,301.9,150950.0,2025-07-29 12:12:18.642207
2025-07-29,104399,2025072904011406,GLH,Sani Securities Company Ltd.,INDEX SECURITIES LIMITED,950,301.1,286045.0,2025-07-29 12:12:21.854687
2025-07-29,104398,2025072904011407,GLH,Aryatara Investment & Securities,INDEX SECURITIES LIMITED,60,301.0,18060.0,2025-07-29 12:12:21.854966
2025-07-29,103825,2025072904011525,GLH,Nepal Stock House (PVT) Ltd.,Aryatara Investment & Securities,500,301.9,150950.0,2025-07-29 12:12:58.776764
2025-07-29,103714,2025072904011554,GLH,Naasa Securities Co. Ltd.,Neev Securities Pvt. Ltd.,200,301.1,60220.0,2025-07-29 12:13:09.079134
2025-07-29,103578,2025072904011584,GLH,Naasa Securities Co. Ltd.,South Asian Bulls Pvt. Ltd.,50,301.9,15095.0,2025-07-29 12:13:19.683760
2025-07-29,103577,2025072904011585,GLH,Naasa Securities Co. Ltd.,Sundhara Securities Limited,150,302.0,45300.0,2025-07-29 12:13:19.684022
2025-07-29,103329,2025072904011669,GLH,Aryatara Investment & Securities,Sharepro Securities Private Limited,648,301.0,195048.0,2025-07-29 12:13:36.356159
2025-07-29,103327,2025072904011670,GLH,Aryatara Investment & Securities,Sharepro Securities Private Limited,750,301.0,225750.0,2025-07-29 12:13:36.356456
2025-07-29,103022,2025072904011723,GLH,Capital Max Securities Ltd,Sri Hari Securities Pvt. Ltd.,10,300.2,3002.0,2025-07-29 12:13:58.118141
2025-07-29,102391,2025072904011838,GLH,Sharepro Securities Private Limited,Linch Stock Market Ltd.,5000,300.3,1501500.0,2025-07-29 12:14:41.503288
2025-07-29,102390,2025072904011839,GLH,Siprabi Securities Pvt. Ltd.,Linch Stock Market Ltd.,188,300.1,56418.8,2025-07-29 12:14:41.503873
2025-07-29,102389,2025072904011840,GLH,Capital Max Securities Ltd,Linch Stock Market Ltd.,250,300.1,75025.0,2025-07-29 12:14:41.504247
2025-07-29,102388,2025072904011841,GLH,ABC Securities Private Limited,Linch Stock Market Ltd.,300,300.0,90000.0,2025-07-29 12:14:41.504644
2025-07-29,102387,2025072904011842,GLH,Naasa Securities Co. Ltd.,Linch Stock Market Ltd.,152,300.0,45600.0,2025-07-29 12:14:41.505028
2025-07-29,100606,2025072904012288,GLH,Sri Hari Securities Pvt. Ltd.,Sharepro Securities Private Limited,1000,300.9,300900.0,2025-07-29 12:16:52.562074
2025-07-29,100494,2025072904012301,GLH,Sri Hari Securities Pvt. Ltd.,Sharepro Securities Private Limited,102,301.0,30702.0,2025-07-29 12:16:59.776603
2025-07-29,100493,2025072904012302,GLH,Sri Hari Securities Pvt. Ltd.,Sani Securities Company Ltd.,50,301.0,15050.0,2025-07-29 12:16:59.776912
2025-07-29,100492,2025072904012303,GLH,Sri Hari Securities Pvt. Ltd.,Siprabi Securities Pvt. Ltd.,10,301.0,3010.0,2025-07-29 12:16:59.777027
2025-07-29,100124,2025072904012387,GLH,Sri Hari Securities Pvt. Ltd.,Sharepro Securities Private Limited,838,301.0,252238.0,2025-07-29 12:17:29.432097
2025-07-29,100097,2025072904012393,GLH,Sharepro Securities Private Limited,Malla & Malla Stock Broking Company Pvt. Limited,1316,300.3,395194.8,2025-07-29 12:17:31.319237
2025-07-29,100021,2025072904012403,GLH,Sharepro Securities Private Limited,Investment Management Nepal Pvt. Ltd.,200,300.3,60060.0,2025-07-29 12:17:37.937870
2025-07-29,99441,2025072904012512,GLH,Sharepro Securities Private Limited,Imperial Securities Company Pvt. Ltd.,10,300.3,3003.0,2025-07-29 12:18:28.557388
2025-07-29,98819,2025072904012670,GLH,Secured Securities Ltd.,South Asian Bulls Pvt. Ltd.,10,300.7,3007.0,2025-07-29 12:19:16.904123
2025-07-29,98640,2025072904012718,GLH,Sharepro Securities Private Limited,Imperial Securities Company Pvt. Ltd.,50,300.8,15040.0,2025-07-29 12:19:28.634701
2025-07-29,98271,2025072904012781,GLH,Sharepro Securities Private Limited,Thrive Brokerage House Pvt. Ltd,10,300.8,3008.0,2025-07-29 12:19:52.527148
2025-07-29,98268,2025072904012782,GLH,ABC Securities Private Limited,Sharepro Securities Private Limited,50,301.0,15050.0,2025-07-29 12:19:52.688474
2025-07-29,98178,2025072904012796,GLH,Sharepro Securities Private Limited,Dipshikha Dhitopatra Karobar Co. Pvt Ltd.,940,300.8,282752.0,2025-07-29 12:19:59.545836
2025-07-29,98177,2025072904012797,GLH,Secured Securities Ltd.,Dipshikha Dhitopatra Karobar Co. Pvt Ltd.,1560,300.7,469092.0,2025-07-29 12:19:59.545908
2025-07-29,97841,2025072904012865,GLH,Sumeru Securities Pvt. Ltd.,Sharepro Securities Private Limited,500,300.8,150400.0,2025-07-29 12:20:21.499280
2025-07-29,97840,2025072904012866,GLH,Secured Securities Ltd.,Sharepro Securities Private Limited,3000,300.7,902100.0,2025-07-29 12:20:21.499801
2025-07-29,97773,2025072904012874,GLH,Naasa Securities Co. Ltd.,Sharepro Securities Private Limited,99,301.0,29799.0,2025-07-29 12:20:25.496047
2025-07-29,97620,2025072904012907,GLH,Secured Securities Ltd.,Sharepro Securities Private Limited,403,300.7,121182.1,2025-07-29 12:20:37.441034
2025-07-29,97472,2025072904012948,GLH,Naasa Securities Co. Ltd.,Sharepro Securities Private Limited,597,300.7,179517.9,2025-07-29 12:20:47.116153
2025-07-29,97471,2025072904012949,GLH,Naasa Securities Co. Ltd.,Sharepro Securities Private Limited,13,301.0,3913.0,2025-07-29 12:20:47.116213
2025-07-29,97470,2025072904012950,GLH,Naasa Securities Co. Ltd.,Vision Securities Pvt. Ltd,100,301.0,30100.0,2025-07-29 12:20:47.116238
2025-07-29,97469,2025072904012951,GLH,Naasa Securities Co. Ltd.,Siprabi Securities Pvt. Ltd.,100,301.0,30100.0,2025-07-29 12:20:47.116261
2025-07-29,97468,2025072904012952,GLH,Naasa Securities Co. Ltd.,Miyo Securities Pvt Ltd,10,301.5,3015.0,2025-07-29 12:20:47.116286
2025-07-29,97467,2025072904012953,GLH,Naasa Securities Co. Ltd.,Midas Stock Broking Company Private Limited,680,301.7,205156.0,2025-07-29 12:20:47.116310
2025-07-29,96848,2025072904013067,GLH,Sharepro Securities Private Limited,Naasa Securities Co. Ltd.,10,300.5,3005.0,2025-07-29 12:21:25.636837
2025-07-29,96280,2025072904013201,GLH,Naasa Securities Co. Ltd.,Online Securities Pvt. Ltd.,10,301.0,3010.0,2025-07-29 12:22:06.844076
2025-07-29,96279,2025072904013202,GLH,Naasa Securities Co. Ltd.,Aryatara Investment & Securities,10,301.5,3015.0,2025-07-29 12:22:06.844144
2025-07-29,96278,2025072904013203,GLH,Naasa Securities Co. Ltd.,Sani Securities Company Ltd.,160,301.5,48240.0,2025-07-29 12:22:06.844186
2025-07-29,95350,2025072904013377,GLH,Sharepro Securities Private Limited,Thrive Brokerage House Pvt. Ltd,610,300.5,183305.0,2025-07-29 12:23:04.939535
2025-07-29,95222,2025072904013395,GLH,Sharepro Securities Private Limited,Sundhara Securities Limited,10,300.5,3005.0,2025-07-29 12:23:13.693892
2025-07-29,95128,2025072904013411,GLH,Sharepro Securities Private Limited,Ashutosh Brokerage & Securities (PVT) Ltd.,100,300.5,30050.0,2025-07-29 12:23:20.699132
2025-07-29,95099,2025072904013419,GLH,Sharepro Securities Private Limited,Investment Management Nepal Pvt. Ltd.,10,300.5,3005.0,2025-07-29 12:23:22.691699
2025-07-29,94913,2025072904013479,GLH,Sharepro Securities Private Limited,Trisul Securities & Invt. Ltd.,260,300.5,78130.0,2025-07-29 12:23:34.657857
2025-07-29,94912,2025072904013480,GLH,Linch Stock Market Ltd.,Trisul Securities & Invt. Ltd.,628,300.5,188714.0,2025-07-29 12:23:34.658141
2025-07-29,94592,2025072904013554,GLH,Sharepro Securities Private Limited,Nepal Stock House (PVT) Ltd.,500,300.3,150150.0,2025-07-29 12:23:59.593483
2025-07-29,94568,2025072904013558,GLH,Sharepro Securities Private Limited,Kumari Securities Private Limited,200,300.3,60060.0,2025-07-29 12:24:00.925083
2025-07-29,94435,2025072904013590,GLH,Sharepro Securities Private Limited,Naasa Securities Co. Ltd.,10,300.3,3003.0,2025-07-29 12:24:14.107875
2025-07-29,94345,2025072904013606,GLH,Sharepro Securities Private Limited,Aryatara Investment & Securities,500,300.3,150150.0,2025-07-29 12:24:19.495739
2025-07-29,94123,2025072904013658,GLH,Sharepro Securities Private Limited,Agrawal Securities (PVT) Ltd.,15,300.3,4504.5,2025-07-29 12:24:33.624694
2025-07-29,94076,2025072904013672,GLH,Sharepro Securities Private Limited,Nepal Stock House (PVT) Ltd.,500,300.3,150150.0,2025-07-29 12:24:37.270753
2025-07-29,94057,2025072904013680,GLH,Sharepro Securities Private Limited,Premier Securities Company Ltd.,200,300.3,60060.0,2025-07-29 12:24:38.504391
2025-07-29,93875,2025072904013723,GLH,Sharepro Securities Private Limited,Trisul Securities & Invt. Ltd.,1112,300.3,333933.6,2025-07-29 12:24:51.484924
2025-07-29,93686,2025072904013769,GLH,Sharepro Securities Private Limited,Thrive Brokerage House Pvt. Ltd,437,300.3,131231.1,2025-07-29 12:25:06.624538
2025-07-29,93623,2025072904013789,GLH,Naasa Securities Co. Ltd.,Imperial Securities Company Pvt. Ltd.,10,300.0,3000.0,2025-07-29 12:25:10.023153
2025-07-29,93315,2025072904013882,GLH,Naasa Securities Co. Ltd.,Thrive Brokerage House Pvt. Ltd,63,300.0,18900.0,2025-07-29 12:25:29.831689
2025-07-29,92423,2025072904014145,GLH,Naasa Securities Co. Ltd.,Imperial Securities Company Pvt. Ltd.,265,300.0,79500.0,2025-07-29 12:26:39.985028
2025-07-29,91910,2025072904014277,GLH,Sani Securities Company Ltd.,Sharepro Securities Private Limited,1700,299.7,509490.0,2025-07-29 12:27:14.062797
2025-07-29,91909,2025072904014278,GLH,Miyo Securities Pvt Ltd,Sharepro Securities Private Limited,30,299.6,8988.0,2025-07-29 12:27:14.063380
2025-07-29,91908,2025072904014279,GLH,Kalika Securities Pvt. Ltd.,Sharepro Securities Private Limited,30,299.3,8979.0,2025-07-29 12:27:14.063754
2025-07-29,91907,2025072904014280,GLH,Premier Securities Company Ltd.,Sharepro Securities Private Limited,2000,299.3,598600.0,2025-07-29 12:27:14.064120
2025-07-29,91906,2025072904014281,GLH,Naasa Securities Co. Ltd.,Sharepro Securities Private Limited,2000,299.2,598400.0,2025-07-29 12:27:14.064499
2025-07-29,91905,2025072904014282,GLH,Vision Securities Pvt. Ltd,Sharepro Securities Private Limited,2000,299.1,598200.0,2025-07-29 12:27:14.064872
2025-07-29,91904,2025072904014283,GLH,Imperial Securities Company Pvt. Ltd.,Sharepro Securities Private Limited,1500,299.0,448500.0,2025-07-29 12:27:14.065234
2025-07-29,91821,2025072904014303,GLH,Siprabi Securities Pvt. Ltd.,Sharepro Securities Private Limited,740,299.0,221260.0,2025-07-29 12:27:24.101882
2025-07-29,91820,2025072904014304,GLH,Siprabi Securities Pvt. Ltd.,Sundhara Securities Limited,100,300.0,30000.0,2025-07-29 12:27:24.102179
2025-07-29,91819,2025072904014305,GLH,Siprabi Securities Pvt. Ltd.,Imperial Securities Company Pvt. Ltd.,160,300.0,48000.0,2025-07-29 12:27:24.102299
2025-07-29,91271,2025072904014506,GLH,Sweta Securities Private Limited,Bhrikuti Stock Broking Co. Pvt. Ltd.,50,298.2,14910.0,2025-07-29 12:28:04.664839
2025-07-29,91270,2025072904014507,GLH,Online Securities Pvt. Ltd.,Bhrikuti Stock Broking Co. Pvt. Ltd.,450,298.1,134145.0,2025-07-29 12:28:04.665422
2025-07-29,91191,2025072904014520,GLH,Linch Stock Market Ltd.,Secured Securities Ltd.,100,299.7,29970.0,2025-07-29 12:28:11.213063
2025-07-29,91109,2025072904014542,GLH,Pragyan Securities (PVT) Ltd.,Imperial Securities Company Pvt. Ltd.,140,300.0,42000.0,2025-07-29 12:28:13.496688
2025-07-29,90913,2025072904014587,GLH,Linch Stock Market Ltd.,Sani Securities Company Ltd.,10,299.7,2997.0,2025-07-29 12:28:29.752113
2025-07-29,90885,2025072904014597,GLH,Linch Stock Market Ltd.,Naasa Securities Co. Ltd.,20,299.7,5994.0,2025-07-29 12:28:33.081769
2025-07-29,90719,2025072904014631,GLH,Linch Stock Market Ltd.,Dipshikha Dhitopatra Karobar Co. Pvt Ltd.,10,299.7,2997.0,2025-07-29 12:28:47.527610
2025-07-29,90669,2025072904014651,GLH,Linch Stock Market Ltd.,Neev Securities Pvt. Ltd.,10,299.7,2997.0,2025-07-29 12:28:52.055641
2025-07-29,90543,2025072904014665,GLH,Linch Stock Market Ltd.,Sharepro Securities Private Limited,350,299.7,104895.0,2025-07-29 12:29:01.690655
2025-07-29,90249,2025072904014728,GLH,Online Securities Pvt. Ltd.,Trisul Securities & Invt. Ltd.,10,298.1,2981.0,2025-07-29 12:29:21.152090
2025-07-29,89490,2025072904014910,GLH,Online Securities Pvt. Ltd.,Sani Securities Company Ltd.,10,298.1,2981.0,2025-07-29 12:30:06.688217
2025-07-29,89223,2025072904014952,GLH,Online Securities Pvt. Ltd.,Imperial Securities Company Pvt. Ltd.,30,298.1,8943.0,2025-07-29 12:30:24.241681
2025-07-29,88963,2025072904015015,GLH,Sumeru Securities Pvt. Ltd.,Nepal Investment And Securities Trading Private Limited,500,298.0,149000.0,2025-07-29 12:30:48.402500
2025-07-29,88961,2025072904015016,GLH,Vision Securities Pvt. Ltd,Nepal Investment And Securities Trading Private Limited,15,298.0,4470.0,2025-07-29 12:30:48.403096
2025-07-29,88801,2025072904015068,GLH,Naasa Securities Co. Ltd.,Nepal Investment And Securities Trading Private Limited,36,298.0,10728.0,2025-07-29 12:31:02.198469
2025-07-29,88797,2025072904015070,GLH,Stoxkarts Securities Limited,Sharepro Securities Private Limited,1000,297.5,297500.0,2025-07-29 12:31:02.751331
2025-07-29,87926,2025072904015292,GLH,Siprabi Securities Pvt. Ltd.,Nepal Investment And Securities Trading Private Limited,39,298.0,11622.0,2025-07-29 12:32:19.992460
2025-07-29,87894,2025072904015295,GLH,Malla & Malla Stock Broking Company Pvt. Limited,Sharepro Securities Private Limited,200,297.1,59420.0,2025-07-29 12:32:22.941225
2025-07-29,87893,2025072904015296,GLH,Sani Securities Company Ltd.,Sharepro Securities Private Limited,1000,297.0,297000.0,2025-07-29 12:32:22.941550
2025-07-29,87892,2025072904015297,GLH,Thrive Brokerage House Pvt. Ltd,Sharepro Securities Private Limited,300,297.0,89100.0,2025-07-29 12:32:22.941679
2025-07-29,87891,2025072904015298,GLH,Vision Securities Pvt. Ltd,Sharepro Securities Private Limited,90,297.0,26730.0,2025-07-29 12:32:22.941803
2025-07-29,87890,2025072904015299,GLH,Dipshikha Dhitopatra Karobar Co. Pvt Ltd.,Sharepro Securities Private Limited,300,297.0,89100.0,2025-07-29 12:32:22.941927
2025-07-29,87735,2025072904015338,GLH,Siprabi Securities Pvt. Ltd.,Sharepro Securities Private Limited,110,297.0,32670.0,2025-07-29 12:32:37.505757
2025-07-29,87008,2025072904015523,GLH,Cristal Kanchanjanga Securites Pvt. Ltd.,Naasa Securities Co. Ltd.,50,296.1,14805.0,2025-07-29 12:33:40.894666
2025-07-29,87007,2025072904015524,GLH,Sani Securities Company Ltd.,Naasa Securities Co. Ltd.,50,296.1,14805.0,2025-07-29 12:33:40.895257
2025-07-29,86966,2025072904015533,GLH,Naasa Securities Co. Ltd.,Naasa Securities Co. Ltd.,100,296.1,29610.0,2025-07-29 12:33:44.953988
2025-07-29,86810,2025072904015558,GLH,Nepal Stock House (PVT) Ltd.,Naasa Securities Co. Ltd.,200,296.0,59200.0,2025-07-29 12:34:01.290383
2025-07-29,85802,2025072904015816,GLH,Siprabi Securities Pvt. Ltd.,Naasa Securities Co. Ltd.,10,297.0,2970.0,2025-07-29 12:35:38.822009
2025-07-29,85801,2025072904015817,GLH,Siprabi Securities Pvt. Ltd.,Agrawal Securities (PVT) Ltd.,90,297.0,26730.0,2025-07-29 12:35:38.822656
2025-07-29,85155,2025072904015939,GLH,Primo Securities (PVT) Ltd.,Linch Stock Market Ltd.,10,296.3,2963.0,2025-07-29 12:36:37.448951
2025-07-29,84761,2025072904016062,GLH,Premier Securities Company Ltd.,Agrawal Securities (PVT) Ltd.,110,297.0,32670.0,2025-07-29 12:37:22.374278
2025-07-29,84760,2025072904016063,GLH,Premier Securities Company Ltd.,Investment Management Nepal Pvt. Ltd.,50,297.0,14850.0,2025-07-29 12:37:22.375039
2025-07-29,84702,2025072904016082,GLH,Premier Securities Company Ltd.,South Asian Bulls Pvt. Ltd.,10,297.0,2970.0,2025-07-29 12:37:28.599548
2025-07-29,84334,2025072904016202,GLH,Linch Stock Market Ltd.,Naasa Securities Co. Ltd.,3,299.8,899.4,2025-07-29 12:38:01.302656
2025-07-29,83724,2025072904016325,GLH,Premier Securities Company Ltd.,Citizens Share Broker Limited,330,297.0,98010.0,2025-07-29 12:39:02.158506
2025-07-29,83723,2025072904016326,GLH,Vision Securities Pvt. Ltd,Citizens Share Broker Limited,100,297.0,29700.0,2025-07-29 12:39:02.159084
2025-07-29,83722,2025072904016327,GLH,Asian Securities Private Ltd.,Citizens Share Broker Limited,300,297.0,89100.0,2025-07-29 12:39:02.159491
2025-07-29,83493,2025072904016378,GLH,Asian Securities Private Ltd.,Primo Securities (PVT) Ltd.,200,297.0,59400.0,2025-07-29 12:39:27.068145
2025-07-29,83231,2025072904016453,GLH,Vision Securities Pvt. Ltd,Primo Securities (PVT) Ltd.,50,297.0,14850.0,2025-07-29 12:39:49.819293
2025-07-29,83103,2025072904016470,GLH,Vision Securities Pvt. Ltd,Dynamic Money Managers Securities Pvt. Ltd.,10,297.1,2971.0,2025-07-29 12:40:02.429470
2025-07-29,82927,2025072904016516,GLH,Premier Securities Company Ltd.,Nepal Stock House (PVT) Ltd.,300,297.9,89370.0,2025-07-29 12:40:21.879690
2025-07-29,82516,2025072904016608,GLH,Premier Securities Company Ltd.,Nepal Stock House (PVT) Ltd.,100,297.9,29790.0,2025-07-29 12:40:54.229967
2025-07-29,82156,2025072904016698,GLH,Vision Securities Pvt. Ltd,Nepal Stock House (PVT) Ltd.,100,297.9,29790.0,2025-07-29 12:41:24.808675
2025-07-29,82155,2025072904016699,GLH,Vision Securities Pvt. Ltd,Nepal Stock House (PVT) Ltd.,340,297.9,101286.0,2025-07-29 12:41:24.809007
2025-07-29,81778,2025072904016762,GLH,Sani Securities Company Ltd.,Naasa Securities Co. Ltd.,10,297.2,2972.0,2025-07-29 12:41:59.734932
2025-07-29,81393,2025072904016871,GLH,Infinity Securities Limited,Nepal Stock House (PVT) Ltd.,160,297.9,47664.0,2025-07-29 12:42:41.163469
2025-07-29,80347,2025072904017054,GLH,Sani Securities Company Ltd.,Sani Securities Company Ltd.,10,297.4,2974.0,2025-07-29 12:44:14.371306
2025-07-29,79360,2025072904017237,GLH,Sharepro Securities Private Limited,Swarna Laxmi Securities Pvt. Ltd.,200,297.9,59580.0,2025-07-29 12:45:48.622247
2025-07-29,79359,2025072904017238,GLH,Primo Securities (PVT) Ltd.,Swarna Laxmi Securities Pvt. Ltd.,310,297.8,92318.0,2025-07-29 12:45:48.622550
2025-07-29,79352,2025072904017243,GLH,Primo Securities (PVT) Ltd.,Ashutosh Brokerage & Securities (PVT) Ltd.,10,297.8,2978.0,2025-07-29 12:45:49.563115
2025-07-29,79133,2025072904017307,GLH,Nepal Investment And Securities Trading Private Limited,Aryatara Investment & Securities,10,298.0,2980.0,2025-07-29 12:46:10.153235
2025-07-29,78063,2025072904017544,GLH,Nepal Investment And Securities Trading Private Limited,Citizens Share Broker Limited,990,298.2,295218.0,2025-07-29 12:47:53.255963
2025-07-29,78062,2025072904017545,GLH,Primo Securities (PVT) Ltd.,Citizens Share Broker Limited,210,298.2,62622.0,2025-07-29 12:47:53.256268
2025-07-29,77136,2025072904017760,GLH,Primo Securities (PVT) Ltd.,Trisul Securities & Invt. Ltd.,250,298.2,74550.0,2025-07-29 12:49:33.461844
2025-07-29,75552,2025072904018116,GLH,Primo Securities (PVT) Ltd.,Agrawal Securities (PVT) Ltd.,10,298.2,2982.0,2025-07-29 12:52:42.450978
2025-07-29,75042,2025072904018198,GLH,Kohinoor Investment & Securities Pvt. Ltd.,Primo Securities (PVT) Ltd.,10,298.5,2985.0,2025-07-29 12:53:49.323681
2025-07-29,75028,2025072904018202,GLH,Vision Securities Pvt. Ltd,Primo Securities (PVT) Ltd.,90,298.5,26865.0,2025-07-29 12:53:52.260164
2025-07-29,74021,2025072904018405,GLH,Vision Securities Pvt. Ltd,KALASH STOCK MARKET PVT. LTD.,110,298.5,32835.0,2025-07-29 12:55:34.084215
2025-07-29,74020,2025072904018406,GLH,Sharepro Securities Private Limited,KALASH STOCK MARKET PVT. LTD.,1890,298.4,563976.0,2025-07-29 12:55:34.084575
2025-07-29,73973,2025072904018418,GLH,Sharepro Securities Private Limited,Nagarik Stock Dealer ,50,298.7,14935.0,2025-07-29 12:55:39.288357
2025-07-29,73972,2025072904018419,GLH,Sharepro Securities Private Limited,Himalayan Securities Limited,10,299.0,2990.0,2025-07-29 12:55:39.289034
2025-07-29,73971,2025072904018420,GLH,Sharepro Securities Private Limited,Kalika Securities Pvt. Ltd.,50,299.0,14950.0,2025-07-29 12:55:39.289554
2025-07-29,73970,2025072904018421,GLH,Sharepro Securities Private Limited,Dynamic Money Managers Securities Pvt. Ltd.,150,299.0,44850.0,2025-07-29 12:55:39.290002
2025-07-29,73969,2025072904018422,GLH,Sharepro Securities Private Limited,J.F. Securites (PVT) Ltd.,10,299.0,2990.0,2025-07-29 12:55:39.290462
2025-07-29,73968,2025072904018423,GLH,Sharepro Securities Private Limited,Linch Stock Market Ltd.,15,299.0,4485.0,2025-07-29 12:55:39.290907
2025-07-29,73520,2025072904018518,GLH,ABC Securities Private Limited,Naasa Securities Co. Ltd.,10,299.0,2990.0,2025-07-29 12:56:29.954285
2025-07-29,73414,2025072904018537,GLH,ABC Securities Private Limited,NIMB Stock Markets Limited,10,299.0,2990.0,2025-07-29 12:56:38.733332
2025-07-29,72950,2025072904018633,GLH,ABC Securities Private Limited,Nepal Stock House (PVT) Ltd.,900,299.0,269100.0,2025-07-29 12:57:36.077091
2025-07-29,72669,2025072904018716,GLH,ABC Securities Private Limited,Sundhara Securities Limited,80,299.0,23920.0,2025-07-29 12:58:07.211827
2025-07-29,71867,2025072904018859,GLH,Pragyan Securities (PVT) Ltd.,Dipshikha Dhitopatra Karobar Co. Pvt Ltd.,100,298.7,29870.0,2025-07-29 12:59:07.803664
2025-07-29,71866,2025072904018860,GLH,Sagarmatha Securities Private Limited,Dipshikha Dhitopatra Karobar Co. Pvt Ltd.,500,298.5,149250.0,2025-07-29 12:59:07.804012
2025-07-29,71865,2025072904018861,GLH,Sharepro Securities Private Limited,Dipshikha Dhitopatra Karobar Co. Pvt Ltd.,400,298.4,119360.0,2025-07-29 12:59:07.804172
2025-07-29,71157,2025072904019041,GLH,Sharepro Securities Private Limited,Imperial Securities Company Pvt. Ltd.,420,298.4,125328.0,2025-07-29 13:00:23.877425
2025-07-29,69946,2025072904019244,GLH,Sharepro Securities Private Limited,Aryatara Investment & Securities,10,298.4,2984.0,2025-07-29 13:02:25.610979
2025-07-29,69630,2025072904019291,GLH,Sharepro Securities Private Limited,Sundhara Securities Limited,770,298.4,229768.0,2025-07-29 13:02:58.330147
2025-07-29,68508,2025072904019560,GLH,Deevyaa Securities & Stock House Pvt. Ltd,Cristal Kanchanjanga Securites Pvt. Ltd.,10,298.5,2985.0,2025-07-29 13:05:16.953020
2025-07-29,67264,2025072904019837,GLH,Deevyaa Securities & Stock House Pvt. Ltd,NIMB Stock Markets Limited,500,298.5,149250.0,2025-07-29 13:07:42.078378
2025-07-29,67261,2025072904019838,GLH,Siprabi Securities Pvt. Ltd.,Creative Securities Pvt Ltd,100,298.8,29880.0,2025-07-29 13:07:43.767863
2025-07-29,66848,2025072904019945,GLH,Siprabi Securities Pvt. Ltd.,Aryatara Investment & Securities,50,298.8,14940.0,2025-07-29 13:08:32.831624
2025-07-29,66650,2025072904019978,GLH,Siprabi Securities Pvt. Ltd.,Nepal Stock House (PVT) Ltd.,400,298.9,119560.0,2025-07-29 13:09:02.260863
2025-07-29,66053,2025072904020106,GLH,Siprabi Securities Pvt. Ltd.,Imperial Securities Company Pvt. Ltd.,200,298.8,59760.0,2025-07-29 13:10:20.197002
2025-07-29,65808,2025072904020136,GLH,Siprabi Securities Pvt. Ltd.,Dynamic Money Managers Securities Pvt. Ltd.,10,298.8,2988.0,2025-07-29 13:10:51.533035
2025-07-29,65269,2025072904020266,GLH,Siprabi Securities Pvt. Ltd.,Sumeru Securities Pvt. Ltd.,110,298.8,32868.0,2025-07-29 13:12:03.676632
2025-07-29,65104,2025072904020320,GLH,Siprabi Securities Pvt. Ltd.,Aryatara Investment & Securities,10,298.8,2988.0,2025-07-29 13:12:32.546116
2025-07-29,65074,2025072904020330,GLH,Siprabi Securities Pvt. Ltd.,Imperial Securities Company Pvt. Ltd.,10,298.8,2988.0,2025-07-29 13:12:36.810344
2025-07-29,64856,2025072904020360,GLH,SUN SECURITIES PVT LTD,Nepal Stock House (PVT) Ltd.,500,298.9,149450.0,2025-07-29 13:12:52.354492
2025-07-29,64771,2025072904020368,GLH,Siprabi Securities Pvt. Ltd.,Secured Securities Ltd.,50,298.8,14940.0,2025-07-29 13:13:01.206614
2025-07-29,64463,2025072904020445,GLH,Siprabi Securities Pvt. Ltd.,Oxford Securities Pvt. Ltd.,60,298.8,17928.0,2025-07-29 13:13:46.602926
2025-07-29,64462,2025072904020446,GLH,Sani Securities Company Ltd.,Oxford Securities Pvt. Ltd.,425,298.8,126990.0,2025-07-29 13:13:46.603347
2025-07-29,64193,2025072904020527,GLH,Sani Securities Company Ltd.,Sani Securities Company Ltd.,270,298.8,80676.0,2025-07-29 13:14:17.825861
2025-07-29,64177,2025072904020533,GLH,Sani Securities Company Ltd.,Creative Securities Pvt Ltd,105,298.8,31374.0,2025-07-29 13:14:19.788274
2025-07-29,64165,2025072904020538,GLH,Midas Stock Broking Company Private Limited,Creative Securities Pvt Ltd,212,298.8,63345.6,2025-07-29 13:14:22.037655
2025-07-29,64164,2025072904020539,GLH,Midas Stock Broking Company Private Limited,Nepal Stock House (PVT) Ltd.,148,298.9,44237.2,2025-07-29 13:14:22.038560
2025-07-29,64141,2025072904020547,GLH,Trishakti Securities Public Limited,Himalayan Securities Limited,450,298.6,134370.0,2025-07-29 13:14:24.900306
2025-07-29,64140,2025072904020548,GLH,Deevyaa Securities & Stock House Pvt. Ltd,Himalayan Securities Limited,1150,298.5,343275.0,2025-07-29 13:14:24.901032
2025-07-29,63936,2025072904020602,GLH,Deevyaa Securities & Stock House Pvt. Ltd,Imperial Securities Company Pvt. Ltd.,10,298.5,2985.0,2025-07-29 13:14:48.872064
2025-07-29,63933,2025072904020605,GLH,J.F. Securites (PVT) Ltd.,Malla & Malla Stock Broking Company Pvt. Limited,50,298.8,14940.0,2025-07-29 13:14:48.942501
2025-07-29,63838,2025072904020620,GLH,Midas Stock Broking Company Private Limited,Malla & Malla Stock Broking Company Pvt. Limited,160,298.8,47808.0,2025-07-29 13:15:01.280511
2025-07-29,63708,2025072904020641,GLH,Trisul Securities & Invt. Ltd.,Malla & Malla Stock Broking Company Pvt. Limited,80,298.8,23904.0,2025-07-29 13:15:17.488116
2025-07-29,63247,2025072904020720,GLH,Deevyaa Securities & Stock House Pvt. Ltd,Trishakti Securities Public Limited,2000,298.5,597000.0,2025-07-29 13:15:52.630159
2025-07-29,62946,2025072904020817,GLH,Premier Securities Company Ltd.,Nepal Stock House (PVT) Ltd.,221,298.9,66056.9,2025-07-29 13:16:20.232080
2025-07-29,62692,2025072904020900,GLH,Midas Stock Broking Company Private Limited,Aryatara Investment & Securities,10,299.0,2990.0,2025-07-29 13:16:46.137369
2025-07-29,62691,2025072904020901,GLH,Midas Stock Broking Company Private Limited,Agrawal Securities (PVT) Ltd.,100,299.0,29900.0,2025-07-29 13:16:46.137799
2025-07-29,62690,2025072904020902,GLH,Midas Stock Broking Company Private Limited,Stoxkarts Securities Limited,170,299.0,50830.0,2025-07-29 13:16:46.137973
2025-07-29,62528,2025072904020921,GLH,Naasa Securities Co. Ltd.,Stoxkarts Securities Limited,1330,299.0,397670.0,2025-07-29 13:17:08.548447
2025-07-29,62169,2025072904020998,GLH,Premier Securities Company Ltd.,Trishakti Securities Public Limited,100,298.9,29890.0,2025-07-29 13:17:45.785420
2025-07-29,61644,2025072904021094,GLH,Naasa Securities Co. Ltd.,Sani Securities Company Ltd.,320,299.0,95680.0,2025-07-29 13:18:52.031518
2025-07-29,61496,2025072904021126,GLH,Premier Securities Company Ltd.,Thrive Brokerage House Pvt. Ltd,50,298.9,14945.0,2025-07-29 13:19:05.715159
2025-07-29,60931,2025072904021223,GLH,Premier Securities Company Ltd.,Property Wiard Limited,20,298.9,5978.0,2025-07-29 13:20:05.674667
2025-07-29,60748,2025072904021253,GLH,Premier Securities Company Ltd.,Sani Securities Company Ltd.,109,299.0,32591.0,2025-07-29 13:20:30.532427
2025-07-29,60292,2025072904021351,GLH,Siprabi Securities Pvt. Ltd.,Bhrikuti Stock Broking Co. Pvt. Ltd.,290,298.8,86652.0,2025-07-29 13:21:27.672646
2025-07-29,60059,2025072904021435,GLH,Secured Securities Ltd.,Bhrikuti Stock Broking Co. Pvt. Ltd.,210,298.8,62748.0,2025-07-29 13:21:54.237734
2025-07-29,60058,2025072904021436,GLH,Secured Securities Ltd.,Property Wiard Limited,10,298.9,2989.0,2025-07-29 13:21:54.238494
2025-07-29,60057,2025072904021437,GLH,Secured Securities Ltd.,Sani Securities Company Ltd.,280,299.0,83720.0,2025-07-29 13:21:54.238986
2025-07-29,59848,2025072904021485,GLH,Imperial Securities Company Pvt. Ltd.,Sani Securities Company Ltd.,200,299.0,59800.0,2025-07-29 13:22:25.739937
2025-07-29,59565,2025072904021566,GLH,Ashutosh Brokerage & Securities (PVT) Ltd.,Dipshikha Dhitopatra Karobar Co. Pvt Ltd.,10,298.6,2986.0,2025-07-29 13:23:03.257552
2025-07-29,59328,2025072904021605,GLH,Ashutosh Brokerage & Securities (PVT) Ltd.,Thrive Brokerage House Pvt. Ltd,50,298.6,14930.0,2025-07-29 13:23:34.227651
2025-07-29,59238,2025072904021620,GLH,Secured Securities Ltd.,Property Wiard Limited,10,298.9,2989.0,2025-07-29 13:23:47.514347
2025-07-29,59237,2025072904021621,GLH,Secured Securities Ltd.,Sani Securities Company Ltd.,10,299.0,2990.0,2025-07-29 13:23:47.514754
2025-07-29,58525,2025072904021759,GLH,Ashutosh Brokerage & Securities (PVT) Ltd.,Vision Securities Pvt. Ltd,10,298.6,2986.0,2025-07-29 13:25:18.029628
2025-07-29,58350,2025072904021801,GLH,Blue Chip Securities Ltd,Siprabi Securities Pvt. Ltd.,10,298.8,2988.0,2025-07-29 13:25:43.562198
2025-07-29,57757,2025072904021929,GLH,Secured Securities Ltd.,Property Wiard Limited,10,298.9,2989.0,2025-07-29 13:27:00.398645
2025-07-29,57102,2025072904022037,GLH,Ashutosh Brokerage & Securities (PVT) Ltd.,Shree Krishna Securities Ltd.,10,298.6,2986.0,2025-07-29 13:28:40.336182
2025-07-29,56634,2025072904022148,GLH,Ashutosh Brokerage & Securities (PVT) Ltd.,Sundhara Securities Limited,10,298.6,2986.0,2025-07-29 13:29:36.317571
2025-07-29,56581,2025072904022172,GLH,Ashutosh Brokerage & Securities (PVT) Ltd.,Sundhara Securities Limited,10,298.6,2986.0,2025-07-29 13:29:43.372702
2025-07-29,56111,2025072904022292,GLH,Deevyaa Securities & Stock House Pvt. Ltd,Naasa Securities Co. Ltd.,10,298.5,2985.0,2025-07-29 13:30:47.927553
2025-07-29,55567,2025072904022423,GLH,Deevyaa Securities & Stock House Pvt. Ltd,J.F. Securites (PVT) Ltd.,10,298.5,2985.0,2025-07-29 13:32:06.717500
2025-07-29,54952,2025072904022555,GLH,Online Securities Pvt. Ltd.,Primo Securities (PVT) Ltd.,200,298.8,59760.0,2025-07-29 13:33:21.621916
2025-07-29,53958,2025072904022726,GLH,Deevyaa Securities & Stock House Pvt. Ltd,Bhrikuti Stock Broking Co. Pvt. Ltd.,10,298.5,2985.0,2025-07-29 13:35:01.835531
2025-07-29,53598,2025072904022778,GLH,Deevyaa Securities & Stock House Pvt. Ltd,Opal Securities Investment (PVT) Ltd.,10,298.5,2985.0,2025-07-29 13:35:43.689510
2025-07-29,53153,2025072904022955,GLH,Deevyaa Securities & Stock House Pvt. Ltd,Primo Securities (PVT) Ltd.,2790,298.5,832815.0,2025-07-29 13:36:20.537814
2025-07-29,53152,2025072904022956,GLH,Siprabi Securities Pvt. Ltd.,Primo Securities (PVT) Ltd.,100,298.5,29850.0,2025-07-29 13:36:20.538243
2025-07-29,53151,2025072904022957,GLH,ABC Securities Private Limited,Primo Securities (PVT) Ltd.,300,298.5,89550.0,2025-07-29 13:36:20.538446
2025-07-29,53150,2025072904022958,GLH,Imperial Securities Company Pvt. Ltd.,Primo Securities (PVT) Ltd.,200,298.5,59700.0,2025-07-29 13:36:20.538625
2025-07-29,52974,2025072904023005,GLH,Sharepro Securities Private Limited,Online Securities Pvt. Ltd.,1000,298.4,298400.0,2025-07-29 13:36:41.059715
2025-07-29,52845,2025072904023052,GLH,Sharepro Securities Private Limited,Linch Stock Market Ltd.,500,298.4,149200.0,2025-07-29 13:36:54.091345
2025-07-29,51906,2025072904023286,GLH,Sharepro Securities Private Limited,Linch Stock Market Ltd.,200,298.4,59680.0,2025-07-29 13:38:25.146072
2025-07-29,51591,2025072904023355,GLH,Sharepro Securities Private Limited,Asian Securities Private Ltd.,300,298.4,89520.0,2025-07-29 13:39:01.502662
2025-07-29,51338,2025072904023441,GLH,Agrawal Securities (PVT) Ltd.,Naasa Securities Co. Ltd.,50,298.5,14925.0,2025-07-29 13:39:31.011357
2025-07-29,51045,2025072904023500,GLH,Sharepro Securities Private Limited,Vision Securities Pvt. Ltd,100,298.4,29840.0,2025-07-29 13:40:07.452014
2025-07-29,50862,2025072904023535,GLH,Siprabi Securities Pvt. Ltd.,Naasa Securities Co. Ltd.,500,298.5,149250.0,2025-07-29 13:40:23.691512
2025-07-29,50640,2025072904023592,GLH,Sharepro Securities Private Limited,Sani Securities Company Ltd.,500,298.4,149200.0,2025-07-29 13:40:53.483165
2025-07-29,50313,2025072904023694,GLH,Sharepro Securities Private Limited,Linch Stock Market Ltd.,500,298.4,149200.0,2025-07-29 13:41:28.622249
2025-07-29,50126,2025072904023736,GLH,Sharepro Securities Private Limited,South Asian Bulls Pvt. Ltd.,500,298.4,149200.0,2025-07-29 13:41:46.787382
2025-07-29,50005,2025072904023777,GLH,Siprabi Securities Pvt. Ltd.,Naasa Securities Co. Ltd.,78,298.5,23283.0,2025-07-29 13:42:01.218913
2025-07-29,50004,2025072904023778,GLH,Siprabi Securities Pvt. Ltd.,Linch Stock Market Ltd.,11,298.5,3283.5,2025-07-29 13:42:01.219390
2025-07-29,49849,2025072904023814,GLH,Sharepro Securities Private Limited,Asian Securities Private Ltd.,500,298.4,149200.0,2025-07-29 13:42:20.737807
2025-07-29,49795,2025072904023849,GLH,Sharepro Securities Private Limited,Pragyan Securities (PVT) Ltd.,1000,298.4,298400.0,2025-07-29 13:42:24.791755
2025-07-29,49736,2025072904023872,GLH,Sharepro Securities Private Limited,Asian Securities Private Ltd.,200,298.4,59680.0,2025-07-29 13:42:29.814926
2025-07-29,49659,2025072904023890,GLH,Sharepro Securities Private Limited,Linch Stock Market Ltd.,200,298.4,59680.0,2025-07-29 13:42:40.759991
2025-07-29,49658,2025072904023891,GLH,Sharepro Securities Private Limited,Swarna Laxmi Securities Pvt. Ltd.,1010,298.4,301384.0,2025-07-29 13:42:41.027724
2025-07-29,49624,2025072904023896,GLH,Sani Securities Company Ltd.,Sumeru Securities Pvt. Ltd.,100,298.3,29830.0,2025-07-29 13:42:43.719644
2025-07-29,49581,2025072904023908,GLH,Imperial Securities Company Pvt. Ltd.,ABC Securities Private Limited,60,298.3,17898.0,2025-07-29 13:42:47.579755
2025-07-29,49580,2025072904023909,GLH,Primo Securities (PVT) Ltd.,ABC Securities Private Limited,240,298.2,71568.0,2025-07-29 13:42:47.580198
2025-07-29,49371,2025072904023942,GLH,Primo Securities (PVT) Ltd.,Siprabi Securities Pvt. Ltd.,50,298.2,14910.0,2025-07-29 13:43:08.336858
2025-07-29,49337,2025072904023953,GLH,Primo Securities (PVT) Ltd.,Swarna Laxmi Securities Pvt. Ltd.,240,298.2,71568.0,2025-07-29 13:43:12.214400
2025-07-29,49336,2025072904023954,GLH,Sewa Securities Pvt. Ltd.,Swarna Laxmi Securities Pvt. Ltd.,50,298.2,14910.0,2025-07-29 13:43:12.215176
2025-07-29,49310,2025072904023962,GLH,Primo Securities (PVT) Ltd.,South Asian Bulls Pvt. Ltd.,200,298.0,59600.0,2025-07-29 13:43:14.720692
2025-07-29,49309,2025072904023963,GLH,Siprabi Securities Pvt. Ltd.,South Asian Bulls Pvt. Ltd.,100,298.0,29800.0,2025-07-29 13:43:14.721112
2025-07-29,49308,2025072904023964,GLH,Malla & Malla Stock Broking Company Pvt. Limited,South Asian Bulls Pvt. Ltd.,100,298.0,29800.0,2025-07-29 13:43:14.721333
2025-07-29,49307,2025072904023965,GLH,Trisul Securities & Invt. Ltd.,South Asian Bulls Pvt. Ltd.,20,298.0,5960.0,2025-07-29 13:43:14.721556
2025-07-29,49306,2025072904023966,GLH,Primo Securities (PVT) Ltd.,South Asian Bulls Pvt. Ltd.,580,297.8,172724.0,2025-07-29 13:43:14.721755
2025-07-29,49097,2025072904024046,GLH,Primo Securities (PVT) Ltd.,Imperial Securities Company Pvt. Ltd.,100,297.8,29780.0,2025-07-29 13:43:47.417036
2025-07-29,48863,2025072904024095,GLH,Neev Securities Pvt. Ltd.,Kumari Securities Private Limited,10,297.2,2972.0,2025-07-29 13:44:12.459889
2025-07-29,48774,2025072904024108,GLH,Neev Securities Pvt. Ltd.,Naasa Securities Co. Ltd.,190,297.2,56468.0,2025-07-29 13:44:20.628914
2025-07-29,48773,2025072904024109,GLH,Primo Securities (PVT) Ltd.,Naasa Securities Co. Ltd.,110,297.1,32681.0,2025-07-29 13:44:20.629702
2025-07-29,48705,2025072904024132,GLH,Primo Securities (PVT) Ltd.,Trisul Securities & Invt. Ltd.,10,297.1,2971.0,2025-07-29 13:44:26.585931
2025-07-29,48443,2025072904024198,GLH,Primo Securities (PVT) Ltd.,Midas Stock Broking Company Private Limited,880,297.1,261448.0,2025-07-29 13:44:54.225258
2025-07-29,48442,2025072904024199,GLH,ABC Securities Private Limited,Midas Stock Broking Company Private Limited,14,297.0,4158.0,2025-07-29 13:44:54.226075
2025-07-29,48269,2025072904024247,GLH,ABC Securities Private Limited,Imperial Securities Company Pvt. Ltd.,36,297.0,10692.0,2025-07-29 13:45:12.099528
2025-07-29,48268,2025072904024248,GLH,Sani Securities Company Ltd.,Imperial Securities Company Pvt. Ltd.,400,297.0,118800.0,2025-07-29 13:45:12.100308
2025-07-29,48267,2025072904024249,GLH,Sani Securities Company Ltd.,Imperial Securities Company Pvt. Ltd.,200,297.0,59400.0,2025-07-29 13:45:12.100872
2025-07-29,47894,2025072904024307,GLH,Property Wiard Limited,Imperial Securities Company Pvt. Ltd.,364,297.0,108108.0,2025-07-29 13:45:36.249479
2025-07-29,47893,2025072904024308,GLH,Property Wiard Limited,Kohinoor Investment & Securities Pvt. Ltd.,136,297.0,40392.0,2025-07-29 13:45:36.249911
2025-07-29,47262,2025072904024488,GLH,Online Securities Pvt. Ltd.,Kohinoor Investment & Securities Pvt. Ltd.,12,297.0,3564.0,2025-07-29 13:46:47.679546
2025-07-29,47069,2025072904024543,GLH,Primo Securities (PVT) Ltd.,Dipshikha Dhitopatra Karobar Co. Pvt Ltd.,300,296.9,89070.0,2025-07-29 13:47:09.156047
2025-07-29,46734,2025072904024643,GLH,Primo Securities (PVT) Ltd.,Bhrikuti Stock Broking Co. Pvt. Ltd.,310,296.9,92039.0,2025-07-29 13:47:49.801812
2025-07-29,46593,2025072904024670,GLH,Primo Securities (PVT) Ltd.,Dipshikha Dhitopatra Karobar Co. Pvt Ltd.,350,296.9,103915.0,2025-07-29 13:48:04.569675
2025-07-29,46358,2025072904024737,GLH,Primo Securities (PVT) Ltd.,Sumeru Securities Pvt. Ltd.,10,296.9,2969.0,2025-07-29 13:48:29.178911
2025-07-29,45572,2025072904024906,GLH,Primo Securities (PVT) Ltd.,Online Securities Pvt. Ltd.,10,296.9,2969.0,2025-07-29 13:49:57.532084
2025-07-29,45415,2025072904024969,GLH,Property Wiard Limited,Kohinoor Investment & Securities Pvt. Ltd.,500,297.0,148500.0,2025-07-29 13:50:17.209015
2025-07-29,45376,2025072904024973,GLH,Primo Securities (PVT) Ltd.,Dakshinkali Investment & Securities Pvt. Ltd.,10,296.9,2969.0,2025-07-29 13:50:25.883851
2025-07-29,45199,2025072904025011,GLH,Primo Securities (PVT) Ltd.,Dakshinkali Investment & Securities Pvt. Ltd.,10,296.9,2969.0,2025-07-29 13:50:47.090018
2025-07-29,45034,2025072904025049,GLH,Primo Securities (PVT) Ltd.,Blue Chip Securities Ltd,100,296.8,29680.0,2025-07-29 13:51:08.177907
2025-07-29,44666,2025072904025119,GLH,Malla & Malla Stock Broking Company Pvt. Limited,Kohinoor Investment & Securities Pvt. Ltd.,200,297.0,59400.0,2025-07-29 13:51:51.192733
2025-07-29,44254,2025072904025215,GLH,Primo Securities (PVT) Ltd.,Kumari Securities Private Limited,10,296.8,2968.0,2025-07-29 13:52:51.761970
2025-07-29,43968,2025072904025303,GLH,Primo Securities (PVT) Ltd.,Agrawal Securities (PVT) Ltd.,890,296.8,264152.0,2025-07-29 13:53:25.859149
2025-07-29,43967,2025072904025304,GLH,Primo Securities (PVT) Ltd.,Agrawal Securities (PVT) Ltd.,1000,296.7,296700.0,2025-07-29 13:53:25.859572
2025-07-29,43966,2025072904025305,GLH,Nepal Stock House (PVT) Ltd.,Agrawal Securities (PVT) Ltd.,800,296.0,236800.0,2025-07-29 13:53:25.859876
2025-07-29,43965,2025072904025306,GLH,Sundhara Securities Limited,Agrawal Securities (PVT) Ltd.,200,296.0,59200.0,2025-07-29 13:53:25.860089
2025-07-29,43964,2025072904025307,GLH,Asian Securities Private Ltd.,Agrawal Securities (PVT) Ltd.,100,296.0,29600.0,2025-07-29 13:53:25.860364
2025-07-29,43963,2025072904025308,GLH,Online Securities Pvt. Ltd.,Agrawal Securities (PVT) Ltd.,10,296.0,2960.0,2025-07-29 13:53:25.860576
2025-07-29,43838,2025072904025350,GLH,Primo Securities (PVT) Ltd.,Kohinoor Investment & Securities Pvt. Ltd.,10,297.0,2970.0,2025-07-29 13:53:39.635738
2025-07-29,43326,2025072904025472,GLH,Sani Securities Company Ltd.,Primo Securities (PVT) Ltd.,180,296.3,53334.0,2025-07-29 13:54:39.075619
2025-07-29,43325,2025072904025473,GLH,Nepal Stock House (PVT) Ltd.,Primo Securities (PVT) Ltd.,100,296.2,29620.0,2025-07-29 13:54:39.076419
2025-07-29,43324,2025072904025474,GLH,Online Securities Pvt. Ltd.,Primo Securities (PVT) Ltd.,290,296.0,85840.0,2025-07-29 13:54:39.076987
2025-07-29,43323,2025072904025475,GLH,Linch Stock Market Ltd.,Primo Securities (PVT) Ltd.,190,296.0,56240.0,2025-07-29 13:54:39.077558
2025-07-29,43322,2025072904025476,GLH,Sweta Securities Private Limited,Primo Securities (PVT) Ltd.,240,296.0,71040.0,2025-07-29 13:54:39.078120
2025-07-29,42945,2025072904025576,GLH,Sweta Securities Private Limited,Shree Krishna Securities Ltd.,79,296.0,23384.0,2025-07-29 13:55:28.628401
2025-07-29,42539,2025072904025659,GLH,Sweta Securities Private Limited,Linch Stock Market Ltd.,100,296.0,29600.0,2025-07-29 13:56:26.350874
2025-07-29,42418,2025072904025698,GLH,Sharepro Securities Private Limited,Nepal Stock House (PVT) Ltd.,100,296.6,29660.0,2025-07-29 13:56:47.265723
2025-07-29,42388,2025072904025704,GLH,Sharepro Securities Private Limited,Thrive Brokerage House Pvt. Ltd,50,296.6,14830.0,2025-07-29 13:56:50.550186
2025-07-29,42279,2025072904025722,GLH,Sharepro Securities Private Limited,Stoxkarts Securities Limited,20,296.6,5932.0,2025-07-29 13:57:07.730799
2025-07-29,42278,2025072904025723,GLH,Sweta Securities Private Limited,Stoxkarts Securities Limited,81,296.0,23976.0,2025-07-29 13:57:07.731258
2025-07-29,42277,2025072904025724,GLH,Malla & Malla Stock Broking Company Pvt. Limited,Stoxkarts Securities Limited,50,296.0,14800.0,2025-07-29 13:57:07.731457
2025-07-29,42276,2025072904025725,GLH,Vision Securities Pvt. Ltd,Stoxkarts Securities Limited,100,296.0,29600.0,2025-07-29 13:57:07.731648
2025-07-29,42085,2025072904025765,GLH,Sharepro Securities Private Limited,Nepal Stock House (PVT) Ltd.,170,295.3,50201.0,2025-07-29 13:57:41.538696
2025-07-29,42084,2025072904025766,GLH,Kumari Securities Private Limited,Nepal Stock House (PVT) Ltd.,200,295.2,59040.0,2025-07-29 13:57:41.539160
2025-07-29,42083,2025072904025767,GLH,Secured Securities Ltd.,Nepal Stock House (PVT) Ltd.,500,295.2,147600.0,2025-07-29 13:57:41.539353
2025-07-29,42082,2025072904025768,GLH,Primo Securities (PVT) Ltd.,Nepal Stock House (PVT) Ltd.,130,295.1,38363.0,2025-07-29 13:57:41.539553
2025-07-29,41028,2025072904025997,GLH,Sweta Securities Private Limited,Aakashbhairab Securities Ltd.,200,295.2,59040.0,2025-07-29 13:59:50.406218
2025-07-29,41027,2025072904025998,GLH,Vision Securities Pvt. Ltd,Aakashbhairab Securities Ltd.,200,295.2,59040.0,2025-07-29 13:59:50.406722
2025-07-29,41026,2025072904025999,GLH,Primo Securities (PVT) Ltd.,Aakashbhairab Securities Ltd.,1600,295.1,472160.0,2025-07-29 13:59:50.406970
2025-07-29,41024,2025072904026001,GLH,Primo Securities (PVT) Ltd.,Vision Securities Pvt. Ltd,1000,295.1,295100.0,2025-07-29 13:59:50.744963
2025-07-29,40986,2025072904026005,GLH,Primo Securities (PVT) Ltd.,Dipshikha Dhitopatra Karobar Co. Pvt Ltd.,2270,295.1,669877.0,2025-07-29 13:59:57.108021
2025-07-29,40985,2025072904026006,GLH,Nepal Stock House (PVT) Ltd.,Dipshikha Dhitopatra Karobar Co. Pvt Ltd.,200,295.0,59000.0,2025-07-29 13:59:57.108130
2025-07-29,40984,2025072904026007,GLH,Sagarmatha Securities Private Limited,Dipshikha Dhitopatra Karobar Co. Pvt Ltd.,30,295.0,8850.0,2025-07-29 13:59:57.108207
2025-07-29,40635,2025072904026102,GLH,Nepal Investment And Securities Trading Private Limited,Sundhara Securities Limited,10,295.1,2951.0,2025-07-29 14:00:41.394487
2025-07-29,40494,2025072904026140,GLH,Nepal Investment And Securities Trading Private Limited,Pragyan Securities (PVT) Ltd.,90,295.1,26559.0,2025-07-29 14:01:00.003588
2025-07-29,40493,2025072904026141,GLH,Capital Max Securities Ltd,Pragyan Securities (PVT) Ltd.,128,295.1,37772.8,2025-07-29 14:01:00.004021
2025-07-29,40118,2025072904026239,GLH,Sharepro Securities Private Limited,Pragyan Securities (PVT) Ltd.,782,295.1,230768.2,2025-07-29 14:01:52.660097
2025-07-29,39512,2025072904026360,GLH,Sharepro Securities Private Limited,KALASH STOCK MARKET PVT. LTD.,10,295.1,2951.0,2025-07-29 14:03:09.589259
2025-07-29,38057,2025072904026720,GLH,Siprabi Securities Pvt. Ltd.,Stoxkarts Securities Limited,90,296.0,26640.0,2025-07-29 14:06:19.018754
2025-07-29,35658,2025072904027337,GLH,Siprabi Securities Pvt. Ltd.,Trisul Securities & Invt. Ltd.,10,296.0,2960.0,2025-07-29 14:11:07.711469
2025-07-29,35657,2025072904027338,GLH,Siprabi Securities Pvt. Ltd.,Imperial Securities Company Pvt. Ltd.,10,296.0,2960.0,2025-07-29 14:11:07.711904
2025-07-29,35656,2025072904027339,GLH,Siprabi Securities Pvt. Ltd.,ABC Securities Private Limited,80,296.0,23680.0,2025-07-29 14:11:07.712121
2025-07-29,35337,2025072904027420,GLH,Vision Securities Pvt. Ltd,Cristal Kanchanjanga Securites Pvt. Ltd.,200,295.3,59060.0,2025-07-29 14:11:49.964496
2025-07-29,34157,2025072904027760,GLH,Neev Securities Pvt. Ltd.,Aakashbhairab Securities Ltd.,100,295.2,29520.0,2025-07-29 14:14:17.410547
2025-07-29,34156,2025072904027761,GLH,Sani Securities Company Ltd.,Aakashbhairab Securities Ltd.,300,295.2,88560.0,2025-07-29 14:14:17.411388
2025-07-29,34155,2025072904027762,GLH,Sharepro Securities Private Limited,Aakashbhairab Securities Ltd.,208,295.1,61380.8,2025-07-29 14:14:17.411963
2025-07-29,34154,2025072904027763,GLH,Sagarmatha Securities Private Limited,Aakashbhairab Securities Ltd.,170,295.0,50150.0,2025-07-29 14:14:17.412527
2025-07-29,34153,2025072904027764,GLH,Arun Securities (PVT) Ltd.,Aakashbhairab Securities Ltd.,222,295.0,65490.0,2025-07-29 14:14:17.413086
2025-07-29,34087,2025072904027780,GLH,Arun Securities (PVT) Ltd.,Imperial Securities Company Pvt. Ltd.,10,295.0,2950.0,2025-07-29 14:14:26.926335
2025-07-29,33712,2025072904027870,GLH,Infinity Securities Limited,Thrive Brokerage House Pvt. Ltd,250,295.3,73825.0,2025-07-29 14:15:08.122153
2025-07-29,33711,2025072904027871,GLH,Arun Securities (PVT) Ltd.,Thrive Brokerage House Pvt. Ltd,768,295.0,226560.0,2025-07-29 14:15:08.122635
2025-07-29,33710,2025072904027872,GLH,Vision Securities Pvt. Ltd,Thrive Brokerage House Pvt. Ltd,200,295.0,59000.0,2025-07-29 14:15:08.122830
2025-07-29,33709,2025072904027873,GLH,ABC Securities Private Limited,Thrive Brokerage House Pvt. Ltd,500,295.0,147500.0,2025-07-29 14:15:08.123035
2025-07-29,33708,2025072904027874,GLH,Aryatara Investment & Securities,Thrive Brokerage House Pvt. Ltd,100,295.0,29500.0,2025-07-29 14:15:08.123275
2025-07-29,33707,2025072904027875,GLH,Aryatara Investment & Securities,Thrive Brokerage House Pvt. Ltd,100,295.0,29500.0,2025-07-29 14:15:08.123493
2025-07-29,33706,2025072904027876,GLH,Malla & Malla Stock Broking Company Pvt. Limited,Thrive Brokerage House Pvt. Ltd,82,295.0,24190.0,2025-07-29 14:15:08.123685
2025-07-29,33258,2025072904027954,GLH,Malla & Malla Stock Broking Company Pvt. Limited,Pragyan Securities (PVT) Ltd.,68,295.0,20060.0,2025-07-29 14:15:57.573538
2025-07-29,33257,2025072904027955,GLH,Sani Securities Company Ltd.,Pragyan Securities (PVT) Ltd.,50,295.0,14750.0,2025-07-29 14:15:57.574484
2025-07-29,33256,2025072904027956,GLH,Sani Securities Company Ltd.,Pragyan Securities (PVT) Ltd.,175,295.0,51625.0,2025-07-29 14:15:57.575417
2025-07-29,33255,2025072904027957,GLH,Shree Krishna Securities Ltd.,Pragyan Securities (PVT) Ltd.,100,295.0,29500.0,2025-07-29 14:15:57.576257
2025-07-29,33254,2025072904027958,GLH,Sani Securities Company Ltd.,Pragyan Securities (PVT) Ltd.,100,295.0,29500.0,2025-07-29 14:15:57.577102
2025-07-29,33253,2025072904027959,GLH,Opal Securities Investment (PVT) Ltd.,Pragyan Securities (PVT) Ltd.,170,295.0,50150.0,2025-07-29 14:15:57.577928
2025-07-29,33252,2025072904027960,GLH,BHOLE GANESH SECURITIES LTD,Pragyan Securities (PVT) Ltd.,337,295.0,99415.0,2025-07-29 14:15:57.578744
2025-07-29,32944,2025072904028030,GLH,Property Wiard Limited,Sewa Securities Pvt. Ltd.,25,295.5,7387.5,2025-07-29 14:16:31.442894
2025-07-29,32943,2025072904028031,GLH,Property Wiard Limited,Kohinoor Investment & Securities Pvt. Ltd.,50,296.0,14800.0,2025-07-29 14:16:31.443275
2025-07-29,32942,2025072904028032,GLH,Property Wiard Limited,ABC Securities Private Limited,125,296.0,37000.0,2025-07-29 14:16:31.443474
2025-07-29,32639,2025072904028096,GLH,Siprabi Securities Pvt. Ltd.,ABC Securities Private Limited,40,296.0,11840.0,2025-07-29 14:17:03.204575
2025-07-29,32638,2025072904028097,GLH,BHOLE GANESH SECURITIES LTD,ABC Securities Private Limited,10,295.0,2950.0,2025-07-29 14:17:03.326656
2025-07-29,32335,2025072904028167,GLH,BHOLE GANESH SECURITIES LTD,Agrawal Securities (PVT) Ltd.,53,295.0,15635.0,2025-07-29 14:17:31.651243
2025-07-29,32334,2025072904028168,GLH,Oxford Securities Pvt. Ltd.,Agrawal Securities (PVT) Ltd.,47,295.0,13865.0,2025-07-29 14:17:31.652064
2025-07-29,32222,2025072904028198,GLH,Oxford Securities Pvt. Ltd.,Thrive Brokerage House Pvt. Ltd,50,295.0,14750.0,2025-07-29 14:17:45.145366
2025-07-29,31953,2025072904028284,GLH,Oxford Securities Pvt. Ltd.,South Asian Bulls Pvt. Ltd.,30,295.0,8850.0,2025-07-29 14:18:14.139663
2025-07-29,30563,2025072904028582,GLH,Naasa Securities Co. Ltd.,Imperial Securities Company Pvt. Ltd.,30,295.2,8856.0,2025-07-29 14:20:51.771247
2025-07-29,30562,2025072904028583,GLH,Nagarik Stock Dealer ,Imperial Securities Company Pvt. Ltd.,970,295.1,286247.0,2025-07-29 14:20:51.771719
2025-07-29,30505,2025072904028604,GLH,Nepal Investment And Securities Trading Private Limited,Linch Stock Market Ltd.,10,296.9,2969.0,2025-07-29 14:20:58.850023
2025-07-29,30473,2025072904028615,GLH,Nagarik Stock Dealer ,Thrive Brokerage House Pvt. Ltd,10,295.1,2951.0,2025-07-29 14:21:02.496516
2025-07-29,30370,2025072904028642,GLH,Nagarik Stock Dealer ,Neev Securities Pvt. Ltd.,20,295.1,5902.0,2025-07-29 14:21:10.946410
2025-07-29,30369,2025072904028643,GLH,Oxford Securities Pvt. Ltd.,Neev Securities Pvt. Ltd.,323,295.0,95285.0,2025-07-29 14:21:10.946859
2025-07-29,30368,2025072904028644,GLH,Vision Securities Pvt. Ltd,Neev Securities Pvt. Ltd.,200,295.0,59000.0,2025-07-29 14:21:10.947050
2025-07-29,30367,2025072904028645,GLH,Shree Krishna Securities Ltd.,Neev Securities Pvt. Ltd.,457,295.0,134815.0,2025-07-29 14:21:10.947236
2025-07-29,30270,2025072904028670,GLH,Shree Krishna Securities Ltd.,Pragyan Securities (PVT) Ltd.,43,295.0,12685.0,2025-07-29 14:21:24.648136
2025-07-29,30269,2025072904028671,GLH,Kumari Securities Private Limited,Pragyan Securities (PVT) Ltd.,457,295.0,134815.0,2025-07-29 14:21:24.648998
2025-07-29,29997,2025072904028731,GLH,Kumari Securities Private Limited,Imperial Securities Company Pvt. Ltd.,43,295.0,12685.0,2025-07-29 14:21:56.769697
2025-07-29,29996,2025072904028732,GLH,Thrive Brokerage House Pvt. Ltd,Imperial Securities Company Pvt. Ltd.,97,295.0,28615.0,2025-07-29 14:21:56.770147
2025-07-29,29385,2025072904028868,GLH,Indira securities pvt. ltd,Pragyan Securities (PVT) Ltd.,15,294.7,4420.5,2025-07-29 14:22:55.288488
2025-07-29,29324,2025072904028877,GLH,Indira securities pvt. ltd,KALASH STOCK MARKET PVT. LTD.,10,294.7,2947.0,2025-07-29 14:23:01.354518
2025-07-29,29037,2025072904028948,GLH,Siprabi Securities Pvt. Ltd.,Naasa Securities Co. Ltd.,10,295.0,2950.0,2025-07-29 14:23:34.253556
2025-07-29,28892,2025072904028985,GLH,Siprabi Securities Pvt. Ltd.,Oxford Securities Pvt. Ltd.,50,296.0,14800.0,2025-07-29 14:23:53.563251
2025-07-29,28416,2025072904029077,GLH,Siprabi Securities Pvt. Ltd.,Secured Securities Ltd.,122,295.0,35990.0,2025-07-29 14:24:51.358161
2025-07-29,28021,2025072904029165,GLH,Sharepro Securities Private Limited,Secured Securities Ltd.,878,295.0,259010.0,2025-07-29 14:25:36.077756
2025-07-29,27823,2025072904029219,GLH,Nepal Investment And Securities Trading Private Limited,Thrive Brokerage House Pvt. Ltd,10,296.5,2965.0,2025-07-29 14:26:00.850845
2025-07-29,27238,2025072904029340,GLH,Sharepro Securities Private Limited,Sani Securities Company Ltd.,10,295.0,2950.0,2025-07-29 14:27:08.482522
2025-07-29,25888,2025072904029594,GLH,Sharepro Securities Private Limited,ABC Securities Private Limited,10,295.0,2950.0,2025-07-29 14:29:30.295126
2025-07-29,23515,2025072904030322,GLH,Linch Stock Market Ltd.,Nepal Stock House (PVT) Ltd.,500,295.1,147550.0,2025-07-29 14:33:17.733020
2025-07-29,23345,2025072904030362,GLH,Sharepro Securities Private Limited,Siprabi Securities Pvt. Ltd.,102,295.0,30090.0,2025-07-29 14:33:34.270014
2025-07-29,23344,2025072904030363,GLH,Aryatara Investment & Securities,Siprabi Securities Pvt. Ltd.,660,295.0,194700.0,2025-07-29 14:33:34.270494
2025-07-29,23343,2025072904030364,GLH,Kumari Securities Private Limited,Siprabi Securities Pvt. Ltd.,400,295.0,118000.0,2025-07-29 14:33:34.270695
2025-07-29,23342,2025072904030365,GLH,Opal Securities Investment (PVT) Ltd.,Siprabi Securities Pvt. Ltd.,90,295.0,26550.0,2025-07-29 14:33:34.270888
2025-07-29,23219,2025072904030430,GLH,Pragyan Securities (PVT) Ltd.,Siprabi Securities Pvt. Ltd.,100,295.0,29500.0,2025-07-29 14:33:43.974541
2025-07-29,23114,2025072904030462,GLH,Indira securities pvt. ltd,Siprabi Securities Pvt. Ltd.,25,294.7,7367.5,2025-07-29 14:33:54.532086
2025-07-29,23113,2025072904030463,GLH,Vision Securities Pvt. Ltd,Siprabi Securities Pvt. Ltd.,300,294.5,88350.0,2025-07-29 14:33:54.532575
2025-07-29,23112,2025072904030464,GLH,Kohinoor Investment & Securities Pvt. Ltd.,Siprabi Securities Pvt. Ltd.,80,294.5,23560.0,2025-07-29 14:33:54.532901
2025-07-29,23111,2025072904030465,GLH,Imperial Securities Company Pvt. Ltd.,Siprabi Securities Pvt. Ltd.,50,294.5,14725.0,2025-07-29 14:33:54.533119
2025-07-29,23110,2025072904030466,GLH,Pragyan Securities (PVT) Ltd.,Siprabi Securities Pvt. Ltd.,100,294.2,29420.0,2025-07-29 14:33:54.533322
2025-07-29,23109,2025072904030467,GLH,Sharepro Securities Private Limited,Siprabi Securities Pvt. Ltd.,263,294.1,77348.3,2025-07-29 14:33:54.533514
2025-07-29,22615,2025072904030666,GLH,Sharepro Securities Private Limited,Siprabi Securities Pvt. Ltd.,1000,294.1,294100.0,2025-07-29 14:34:35.389561
2025-07-29,22429,2025072904030724,GLH,Sharepro Securities Private Limited,Siprabi Securities Pvt. Ltd.,10,294.1,2941.0,2025-07-29 14:34:49.593617
2025-07-29,21960,2025072904030861,GLH,ABC Securities Private Limited,Thrive Brokerage House Pvt. Ltd,40,295.0,11800.0,2025-07-29 14:35:51.896507
2025-07-29,20224,2025072904031265,GLH,Siprabi Securities Pvt. Ltd.,Imperial Securities Company Pvt. Ltd.,10,295.5,2955.0,2025-07-29 14:38:50.773972
2025-07-29,20041,2025072904031316,GLH,KALASH STOCK MARKET PVT. LTD.,Naasa Securities Co. Ltd.,60,296.0,17760.0,2025-07-29 14:39:08.042912
2025-07-29,20040,2025072904031317,GLH,KALASH STOCK MARKET PVT. LTD.,Investment Management Nepal Pvt. Ltd.,40,296.0,11840.0,2025-07-29 14:39:08.043366
2025-07-29,19792,2025072904031373,GLH,Siprabi Securities Pvt. Ltd.,Thrive Brokerage House Pvt. Ltd,10,295.2,2952.0,2025-07-29 14:39:34.849997
2025-07-29,19117,2025072904031507,GLH,Property Wiard Limited,Investment Management Nepal Pvt. Ltd.,70,296.0,20720.0,2025-07-29 14:40:31.614625
2025-07-29,18840,2025072904031571,GLH,Nepal Stock House (PVT) Ltd.,Dipshikha Dhitopatra Karobar Co. Pvt Ltd.,10,296.0,2960.0,2025-07-29 14:40:59.480728
2025-07-29,18727,2025072904031591,GLH,Nepal Stock House (PVT) Ltd.,Thrive Brokerage House Pvt. Ltd,50,296.5,14825.0,2025-07-29 14:41:09.964231
2025-07-29,18294,2025072904031693,GLH,Vision Securities Pvt. Ltd,Dynamic Money Managers Securities Pvt. Ltd.,10,295.3,2953.0,2025-07-29 14:41:49.613914
2025-07-29,18230,2025072904031707,GLH,Infinity Securities Limited,Linch Stock Market Ltd.,160,296.9,47504.0,2025-07-29 14:41:56.927341
2025-07-29,17918,2025072904031803,GLH,Nepal Stock House (PVT) Ltd.,Midas Stock Broking Company Private Limited,20,297.0,5940.0,2025-07-29 14:42:29.003192
2025-07-29,17917,2025072904031804,GLH,Nepal Stock House (PVT) Ltd.,Imperial Securities Company Pvt. Ltd.,280,297.0,83160.0,2025-07-29 14:42:29.003675
2025-07-29,17512,2025072904031911,GLH,Property Wiard Limited,Sharepro Securities Private Limited,200,296.0,59200.0,2025-07-29 14:43:05.101706
2025-07-29,17511,2025072904031912,GLH,Imperial Securities Company Pvt. Ltd.,Sharepro Securities Private Limited,675,296.0,199800.0,2025-07-29 14:43:05.102557
2025-07-29,16723,2025072904032136,GLH,Primo Securities (PVT) Ltd.,Sharepro Securities Private Limited,200,296.9,59380.0,2025-07-29 14:44:16.244473
2025-07-29,16386,2025072904032207,GLH,Primo Securities (PVT) Ltd.,Sharepro Securities Private Limited,50,296.9,14845.0,2025-07-29 14:44:45.870211
2025-07-29,15687,2025072904032344,GLH,Malla & Malla Stock Broking Company Pvt. Limited,Sumeru Securities Pvt. Ltd.,50,296.0,14800.0,2025-07-29 14:45:29.514876
2025-07-29,15686,2025072904032345,GLH,Property Wiard Limited,Sumeru Securities Pvt. Ltd.,66,296.0,19536.0,2025-07-29 14:45:29.515342
2025-07-29,15685,2025072904032346,GLH,Pragyan Securities (PVT) Ltd.,Sumeru Securities Pvt. Ltd.,884,295.4,261133.6,2025-07-29 14:45:29.515551
2025-07-29,15506,2025072904032385,GLH,Market Securities & Exchange (PVT) Ltd.,Online Securities Pvt. Ltd.,10,296.0,2960.0,2025-07-29 14:45:44.778338
2025-07-29,15001,2025072904032527,GLH,Market Securities & Exchange (PVT) Ltd.,Sweta Securities Private Limited,190,296.0,56240.0,2025-07-29 14:46:26.823544
2025-07-29,14993,2025072904032531,GLH,Imperial Securities Company Pvt. Ltd.,Sweta Securities Private Limited,1000,296.0,296000.0,2025-07-29 14:46:28.309276
2025-07-29,14827,2025072904032558,GLH,Imperial Securities Company Pvt. Ltd.,Sweta Securities Private Limited,1000,296.0,296000.0,2025-07-29 14:46:43.740947
2025-07-29,14801,2025072904032567,GLH,Primo Securities (PVT) Ltd.,Sweta Securities Private Limited,10,296.0,2960.0,2025-07-29 14:46:45.457078
2025-07-29,14689,2025072904032587,GLH,Imperial Securities Company Pvt. Ltd.,Sweta Securities Private Limited,50,296.0,14800.0,2025-07-29 14:46:54.078621
2025-07-29,14551,2025072904032614,GLH,Imperial Securities Company Pvt. Ltd.,Sweta Securities Private Limited,450,296.0,133200.0,2025-07-29 14:47:05.452818
2025-07-29,14291,2025072904032669,GLH,Linch Stock Market Ltd.,Sharepro Securities Private Limited,10,296.9,2969.0,2025-07-29 14:47:27.517325
2025-07-29,14201,2025072904032690,GLH,Imperial Securities Company Pvt. Ltd.,Naasa Securities Co. Ltd.,10,296.0,2960.0,2025-07-29 14:47:35.664960
2025-07-29,13857,2025072904032796,GLH,Naasa Securities Co. Ltd.,Sharepro Securities Private Limited,440,296.9,130636.0,2025-07-29 14:48:06.495264
2025-07-29,13829,2025072904032807,GLH,Linch Stock Market Ltd.,Imperial Securities Company Pvt. Ltd.,10,297.0,2970.0,2025-07-29 14:48:09.113188
2025-07-29,13811,2025072904032812,GLH,Imperial Securities Company Pvt. Ltd.,Sri Hari Securities Pvt. Ltd.,10,296.0,2960.0,2025-07-29 14:48:11.268105
2025-07-29,13534,2025072904032868,GLH,Imperial Securities Company Pvt. Ltd.,Sri Hari Securities Pvt. Ltd.,30,296.0,8880.0,2025-07-29 14:48:34.729559
2025-07-29,13533,2025072904032869,GLH,Vision Securities Pvt. Ltd,Sri Hari Securities Pvt. Ltd.,450,296.0,133200.0,2025-07-29 14:48:34.730406
2025-07-29,13532,2025072904032870,GLH,Imperial Securities Company Pvt. Ltd.,Sri Hari Securities Pvt. Ltd.,300,296.0,88800.0,2025-07-29 14:48:34.731032
2025-07-29,13531,2025072904032871,GLH,Vision Securities Pvt. Ltd,Sri Hari Securities Pvt. Ltd.,250,295.5,73875.0,2025-07-29 14:48:34.731667
2025-07-29,13530,2025072904032872,GLH,Pragyan Securities (PVT) Ltd.,Sri Hari Securities Pvt. Ltd.,116,295.4,34266.4,2025-07-29 14:48:34.732279
2025-07-29,13529,2025072904032873,GLH,Vision Securities Pvt. Ltd,Sri Hari Securities Pvt. Ltd.,290,295.3,85637.0,2025-07-29 14:48:34.732883
2025-07-29,13528,2025072904032874,GLH,Sweta Securities Private Limited,Sri Hari Securities Pvt. Ltd.,500,295.3,147650.0,2025-07-29 14:48:34.733485
2025-07-29,13527,2025072904032875,GLH,Nagarik Stock Dealer ,Sri Hari Securities Pvt. Ltd.,64,295.2,18892.8,2025-07-29 14:48:34.734082
2025-07-29,13079,2025072904032998,GLH,Nepal Investment And Securities Trading Private Limited,Online Securities Pvt. Ltd.,10,296.0,2960.0,2025-07-29 14:49:11.648479
2025-07-29,13025,2025072904033013,GLH,Nepal Investment And Securities Trading Private Limited,Sharepro Securities Private Limited,10,296.9,2969.0,2025-07-29 14:49:18.909557
2025-07-29,12979,2025072904033029,GLH,Nepal Investment And Securities Trading Private Limited,Nepal Investment And Securities Trading Private Limited,10,296.0,2960.0,2025-07-29 14:49:21.935001
2025-07-29,12134,2025072904033220,GLH,Nepal Investment And Securities Trading Private Limited,Thrive Brokerage House Pvt. Ltd,10,296.0,2960.0,2025-07-29 14:50:27.212578
2025-07-29,10516,2025072904033637,GLH,Nepal Investment And Securities Trading Private Limited,Imperial Securities Company Pvt. Ltd.,70,296.0,20720.0,2025-07-29 14:52:18.760378
2025-07-29,10515,2025072904033638,GLH,ABC Securities Private Limited,Imperial Securities Company Pvt. Ltd.,133,296.0,39368.0,2025-07-29 14:52:18.760887
2025-07-29,10450,2025072904033648,GLH,ABC Securities Private Limited,Malla & Malla Stock Broking Company Pvt. Limited,70,296.0,20720.0,2025-07-29 14:52:22.213020
