Date,S.N.,Contract ID,Symbol,Buyer Broker,Seller Broker,quantity,rate,amount,transaction_time
2025-09-21,108305,2025092104000186,HDHPC,Nepal Stock House (PVT) Ltd.,Linch Stock Market Ltd.,200,162.0,32400.0,2025-09-21 10:46:00.076874
2025-09-21,108304,2025092104000187,HDHPC,Malla & Malla Stock Broking Company Pvt. Limited,Linch Stock Market Ltd.,200,162.0,32400.0,2025-09-21 10:46:00.076939
2025-09-21,108303,2025092104000188,HDHPC,Online Securities Pvt. Ltd.,Linch Stock Market Ltd.,30,162.0,4860.0,2025-09-21 10:46:00.076962
2025-09-21,108302,2025092104000189,HDHPC,Nepal Stock House (PVT) Ltd.,Linch Stock Market Ltd.,50,162.0,8100.0,2025-09-21 10:46:00.077004
2025-09-21,108301,2025092104000190,HDHPC,Premier Securities Company Ltd.,Linch Stock Market Ltd.,370,162.0,59940.0,2025-09-21 10:46:00.077026
2025-09-21,107937,2025092104000240,HDHPC,SHUBHAKAMANA SECURITIES PVT. LTD,Aryatara Investment & Securities,500,165.0,82500.0,2025-09-21 11:00:25.205696
2025-09-21,107936,2025092104000241,HDHPC,SHUBHAKAMANA SECURITIES PVT. LTD,Imperial Securities Company Pvt. Ltd.,500,165.0,82500.0,2025-09-21 11:00:25.205781
2025-09-21,107670,2025092104000310,HDHPC,Premier Securities Company Ltd.,Midas Stock Broking Company Private Limited,130,163.0,21190.0,2025-09-21 11:00:44.348812
2025-09-21,107669,2025092104000311,HDHPC,Secured Securities Ltd.,Midas Stock Broking Company Private Limited,45,162.0,7290.0,2025-09-21 11:00:44.348885
2025-09-21,107668,2025092104000312,HDHPC,Trishakti Securities Public Limited,Midas Stock Broking Company Private Limited,100,162.0,16200.0,2025-09-21 11:00:44.348915
2025-09-21,107667,2025092104000313,HDHPC,J.F. Securites (PVT) Ltd.,Midas Stock Broking Company Private Limited,1000,162.0,162000.0,2025-09-21 11:00:44.348938
2025-09-21,107666,2025092104000314,HDHPC,ABC Securities Private Limited,Midas Stock Broking Company Private Limited,1000,162.0,162000.0,2025-09-21 11:00:44.348960
2025-09-21,107665,2025092104000315,HDHPC,Sani Securities Company Ltd.,Midas Stock Broking Company Private Limited,10,162.0,1620.0,2025-09-21 11:00:44.348983
2025-09-21,107664,2025092104000316,HDHPC,Sundhara Securities Limited,Midas Stock Broking Company Private Limited,200,162.0,32400.0,2025-09-21 11:00:44.349006
2025-09-21,107663,2025092104000317,HDHPC,Primo Securities (PVT) Ltd.,Midas Stock Broking Company Private Limited,500,162.0,81000.0,2025-09-21 11:00:44.349030
2025-09-21,107662,2025092104000318,HDHPC,Sajilo Broker Limited,Midas Stock Broking Company Private Limited,15,162.0,2430.0,2025-09-21 11:00:44.349049
2025-09-21,107577,2025092104000341,HDHPC,Dipshikha Dhitopatra Karobar Co. Pvt Ltd.,Naasa Securities Co. Ltd.,371,164.0,60844.0,2025-09-21 11:00:49.070885
2025-09-21,107528,2025092104000355,HDHPC,Dipshikha Dhitopatra Karobar Co. Pvt Ltd.,Aryatara Investment & Securities,69,164.0,11316.0,2025-09-21 11:00:52.690780
2025-09-21,107526,2025092104000356,HDHPC,Sajilo Broker Limited,Agrawal Securities (PVT) Ltd.,10,162.0,1620.0,2025-09-21 11:00:52.949795
2025-09-21,107451,2025092104000371,HDHPC,Oxford Securities Pvt. Ltd.,Aryatara Investment & Securities,431,164.0,70684.0,2025-09-21 11:00:57.433711
2025-09-21,107450,2025092104000372,HDHPC,Oxford Securities Pvt. Ltd.,Nepal Investment And Securities Trading Private Limited,69,165.0,11385.0,2025-09-21 11:00:57.433767
2025-09-21,107047,2025092104000445,HDHPC,SHUBHAKAMANA SECURITIES PVT. LTD,Nepal Investment And Securities Trading Private Limited,931,165.0,153615.0,2025-09-21 11:01:20.324328
2025-09-21,107046,2025092104000446,HDHPC,SHUBHAKAMANA SECURITIES PVT. LTD,Global IME Securities Limited,50,165.0,8250.0,2025-09-21 11:01:20.324367
2025-09-21,106653,2025092104000534,HDHPC,SHUBHAKAMANA SECURITIES PVT. LTD,Dipshikha Dhitopatra Karobar Co. Pvt Ltd.,19,165.0,3135.0,2025-09-21 11:01:40.281722
2025-09-21,106652,2025092104000535,HDHPC,Imperial Securities Company Pvt. Ltd.,Dipshikha Dhitopatra Karobar Co. Pvt Ltd.,181,165.0,29865.0,2025-09-21 11:01:40.281772
2025-09-21,105455,2025092104000771,HDHPC,Sundhara Securities Limited,S.P.S.A. Securities Limited,10,168.0,1680.0,2025-09-21 11:02:42.972980
2025-09-21,104973,2025092104000875,HDHPC,Oxford Securities Pvt. Ltd.,Imperial Securities Company Pvt. Ltd.,80,168.1,13448.0,2025-09-21 11:03:08.835940
2025-09-21,104531,2025092104000949,HDHPC,Naasa Securities Co. Ltd.,S.P.S.A. Securities Limited,10,171.3,1713.0,2025-09-21 11:03:34.488487
2025-09-21,104525,2025092104000951,HDHPC,Naasa Securities Co. Ltd.,Kalika Securities Pvt. Ltd.,40,171.3,6852.0,2025-09-21 11:03:35.194930
2025-09-21,104182,2025092104001038,HDHPC,Sundhara Securities Limited,S.P.S.A. Securities Limited,10,174.7,1747.0,2025-09-21 11:03:56.142991
2025-09-21,103717,2025092104001152,HDHPC,Neev Securities Pvt. Ltd.,Sweta Securities Private Limited,27,175.0,4725.0,2025-09-21 11:04:22.847159
2025-09-21,103422,2025092104001230,HDHPC,Kumari Securities Private Limited,Primo Securities (PVT) Ltd.,50,178.1,8905.0,2025-09-21 11:04:40.541946
2025-09-21,103131,2025092104001317,HDHPC,Sundhara Securities Limited,Primo Securities (PVT) Ltd.,80,178.1,14248.0,2025-09-21 11:04:56.068382
2025-09-21,103079,2025092104001343,HDHPC,Neev Securities Pvt. Ltd.,Primo Securities (PVT) Ltd.,170,178.1,30277.0,2025-09-21 11:04:58.560274
2025-09-21,102622,2025092104001498,HDHPC,Kalika Securities Pvt. Ltd.,Naasa Securities Co. Ltd.,22,178.2,3920.4,2025-09-21 11:05:26.677562
2025-09-21,102411,2025092104001555,HDHPC,Imperial Securities Company Pvt. Ltd.,Dakshinkali Investment & Securities Pvt. Ltd.,100,180.0,18000.0,2025-09-21 11:05:39.986279
2025-09-21,102348,2025092104001564,HDHPC,Sani Securities Company Ltd.,Dakshinkali Investment & Securities Pvt. Ltd.,15,180.0,2700.0,2025-09-21 11:05:43.042881
2025-09-21,102334,2025092104001572,HDHPC,Global IME Securities Limited,Dakshinkali Investment & Securities Pvt. Ltd.,185,180.0,33300.0,2025-09-21 11:05:43.857851
2025-09-21,102126,2025092104001634,HDHPC,Creative Securities Pvt Ltd,Aryatara Investment & Securities,250,180.5,45125.0,2025-09-21 11:05:56.691101
2025-09-21,102125,2025092104001635,HDHPC,Global IME Securities Limited,Aryatara Investment & Securities,150,180.0,27000.0,2025-09-21 11:05:56.691208
2025-09-21,102119,2025092104001636,HDHPC,APPLE SECURITIES PRIVATE LIMITED,Linch Stock Market Ltd.,500,180.9,90450.0,2025-09-21 11:05:56.904478
2025-09-21,102017,2025092104001660,HDHPC,Online Securities Pvt. Ltd.,Oxford Securities Pvt. Ltd.,100,180.9,18090.0,2025-09-21 11:06:02.653492
2025-09-21,101971,2025092104001682,HDHPC,Global IME Securities Limited,Imperial Securities Company Pvt. Ltd.,165,180.0,29700.0,2025-09-21 11:06:05.297663
2025-09-21,101970,2025092104001683,HDHPC,Bhrikuti Stock Broking Co. Pvt. Ltd.,Imperial Securities Company Pvt. Ltd.,30,180.0,5400.0,2025-09-21 11:06:05.297771
2025-09-21,101969,2025092104001684,HDHPC,Cristal Kanchanjanga Securites Pvt. Ltd.,Imperial Securities Company Pvt. Ltd.,388,180.0,69840.0,2025-09-21 11:06:05.297805
2025-09-21,101965,2025092104001687,HDHPC,Naasa Securities Co. Ltd.,Imperial Securities Company Pvt. Ltd.,217,180.0,39060.0,2025-09-21 11:06:05.429170
2025-09-21,101862,2025092104001723,HDHPC,Naasa Securities Co. Ltd.,Cristal Kanchanjanga Securites Pvt. Ltd.,1783,180.0,320940.0,2025-09-21 11:06:11.119938
2025-09-21,101861,2025092104001724,HDHPC,Nepal Investment And Securities Trading Private Limited,Cristal Kanchanjanga Securites Pvt. Ltd.,160,180.0,28800.0,2025-09-21 11:06:11.120090
2025-09-21,101860,2025092104001725,HDHPC,Secured Securities Ltd.,Cristal Kanchanjanga Securites Pvt. Ltd.,10,180.0,1800.0,2025-09-21 11:06:11.120215
2025-09-21,101222,2025092104001922,HDHPC,Sundhara Securities Limited,Cristal Kanchanjanga Securites Pvt. Ltd.,47,180.0,8460.0,2025-09-21 11:06:46.426866
2025-09-21,101221,2025092104001923,HDHPC,Sundhara Securities Limited,Trisul Securities & Invt. Ltd.,153,180.0,27540.0,2025-09-21 11:06:46.426973
2025-09-21,101077,2025092104001981,HDHPC,Naasa Securities Co. Ltd.,Trisul Securities & Invt. Ltd.,847,180.0,152460.0,2025-09-21 11:06:53.958843
2025-09-21,100857,2025092104002056,HDHPC,Naasa Securities Co. Ltd.,Sani Securities Company Ltd.,100,180.0,18000.0,2025-09-21 11:07:07.105096
2025-09-21,100818,2025092104002081,HDHPC,Naasa Securities Co. Ltd.,Sumeru Securities Pvt. Ltd.,300,180.0,54000.0,2025-09-21 11:07:08.274611
2025-09-21,100782,2025092104002094,HDHPC,Naasa Securities Co. Ltd.,Imperial Securities Company Pvt. Ltd.,1753,180.0,315540.0,2025-09-21 11:07:10.544673
2025-09-21,100781,2025092104002095,HDHPC,Sani Securities Company Ltd.,Imperial Securities Company Pvt. Ltd.,247,180.0,44460.0,2025-09-21 11:07:10.544793
2025-09-21,100737,2025092104002107,HDHPC,Primo Securities (PVT) Ltd.,Oxford Securities Pvt. Ltd.,100,180.5,18050.0,2025-09-21 11:07:15.429373
2025-09-21,100724,2025092104002112,HDHPC,Sani Securities Company Ltd.,Malla & Malla Stock Broking Company Pvt. Limited,100,180.0,18000.0,2025-09-21 11:07:16.449743
2025-09-21,100682,2025092104002121,HDHPC,Sani Securities Company Ltd.,ABC Securities Private Limited,500,180.0,90000.0,2025-09-21 11:07:18.072593
2025-09-21,100668,2025092104002126,HDHPC,Sani Securities Company Ltd.,Trishakti Securities Public Limited,50,180.0,9000.0,2025-09-21 11:07:18.431651
2025-09-21,100662,2025092104002128,HDHPC,ABC Securities Private Limited,Dynamic Money Managers Securities Pvt. Ltd.,200,181.0,36200.0,2025-09-21 11:07:18.901133
2025-09-21,100661,2025092104002129,HDHPC,ABC Securities Private Limited,Premier Securities Company Ltd.,700,181.0,126700.0,2025-09-21 11:07:18.901218
2025-09-21,100660,2025092104002130,HDHPC,ABC Securities Private Limited,Trishakti Securities Public Limited,100,181.0,18100.0,2025-09-21 11:07:18.901263
2025-09-21,100611,2025092104002152,HDHPC,Sani Securities Company Ltd.,Aryatara Investment & Securities,103,180.0,18540.0,2025-09-21 11:07:22.337036
2025-09-21,100386,2025092104002233,HDHPC,Agrawal Securities (PVT) Ltd.,Aryatara Investment & Securities,500,180.0,90000.0,2025-09-21 11:07:31.833477
2025-09-21,100226,2025092104002288,HDHPC,APPLE SECURITIES PRIVATE LIMITED,Aryatara Investment & Securities,10,180.0,1800.0,2025-09-21 11:07:40.900401
2025-09-21,100035,2025092104002347,HDHPC,Imperial Securities Company Pvt. Ltd.,Dakshinkali Investment & Securities Pvt. Ltd.,200,178.3,35660.0,2025-09-21 11:07:52.222523
2025-09-21,100024,2025092104002351,HDHPC,Malla & Malla Stock Broking Company Pvt. Limited,Aryatara Investment & Securities,387,180.0,69660.0,2025-09-21 11:07:52.869988
2025-09-21,100023,2025092104002352,HDHPC,Malla & Malla Stock Broking Company Pvt. Limited,Cristal Kanchanjanga Securites Pvt. Ltd.,613,180.0,110340.0,2025-09-21 11:07:52.870060
2025-09-21,99660,2025092104002459,HDHPC,Premier Securities Company Ltd.,Cristal Kanchanjanga Securites Pvt. Ltd.,100,180.0,18000.0,2025-09-21 11:08:15.405869
2025-09-21,99548,2025092104002492,HDHPC,Opal Securities Investment (PVT) Ltd.,Imperial Securities Company Pvt. Ltd.,10,178.5,1785.0,2025-09-21 11:08:22.285200
2025-09-21,99546,2025092104002493,HDHPC,Imperial Securities Company Pvt. Ltd.,Cristal Kanchanjanga Securites Pvt. Ltd.,500,180.0,90000.0,2025-09-21 11:08:22.494949
2025-09-21,99477,2025092104002514,HDHPC,Imperial Securities Company Pvt. Ltd.,Cristal Kanchanjanga Securites Pvt. Ltd.,170,180.0,30600.0,2025-09-21 11:08:26.577594
2025-09-21,99233,2025092104002588,HDHPC,Imperial Securities Company Pvt. Ltd.,Sani Securities Company Ltd.,80,179.8,14384.0,2025-09-21 11:08:43.432578
2025-09-21,99184,2025092104002604,HDHPC,Investment Management Nepal Pvt. Ltd.,Sani Securities Company Ltd.,20,179.8,3596.0,2025-09-21 11:08:44.915771
2025-09-21,99076,2025092104002634,HDHPC,Midas Stock Broking Company Private Limited,Sani Securities Company Ltd.,100,179.8,17980.0,2025-09-21 11:08:50.904181
2025-09-21,98489,2025092104002801,HDHPC,Vision Securities Pvt. Ltd,Aryatara Investment & Securities,1000,179.5,179500.0,2025-09-21 11:09:26.513491
2025-09-21,98425,2025092104002829,HDHPC,Nepal Stock House (PVT) Ltd.,Creative Securities Pvt Ltd,110,179.0,19690.0,2025-09-21 11:09:30.757589
2025-09-21,98267,2025092104002881,HDHPC,Investment Management Nepal Pvt. Ltd.,Creative Securities Pvt Ltd,10,179.0,1790.0,2025-09-21 11:09:40.644203
2025-09-21,98085,2025092104002923,HDHPC,Opal Securities Investment (PVT) Ltd.,Dipshikha Dhitopatra Karobar Co. Pvt Ltd.,40,178.5,7140.0,2025-09-21 11:09:53.996153
2025-09-21,98084,2025092104002924,HDHPC,Kalika Securities Pvt. Ltd.,Dipshikha Dhitopatra Karobar Co. Pvt Ltd.,478,178.2,85179.6,2025-09-21 11:09:53.996243
2025-09-21,98083,2025092104002925,HDHPC,Neev Securities Pvt. Ltd.,Dipshikha Dhitopatra Karobar Co. Pvt Ltd.,103,178.1,18344.3,2025-09-21 11:09:53.996302
2025-09-21,98082,2025092104002926,HDHPC,Dipshikha Dhitopatra Karobar Co. Pvt Ltd.,Dipshikha Dhitopatra Karobar Co. Pvt Ltd.,15,178.1,2671.5,2025-09-21 11:09:53.996357
2025-09-21,98081,2025092104002927,HDHPC,Investment Management Nepal Pvt. Ltd.,Dipshikha Dhitopatra Karobar Co. Pvt Ltd.,500,178.0,89000.0,2025-09-21 11:09:53.996397
2025-09-21,98080,2025092104002928,HDHPC,Nepal Investment And Securities Trading Private Limited,Dipshikha Dhitopatra Karobar Co. Pvt Ltd.,200,178.0,35600.0,2025-09-21 11:09:53.996437
2025-09-21,98079,2025092104002929,HDHPC,Dynamic Money Managers Securities Pvt. Ltd.,Dipshikha Dhitopatra Karobar Co. Pvt Ltd.,100,178.0,17800.0,2025-09-21 11:09:53.996474
2025-09-21,98052,2025092104002937,HDHPC,Sweta Securities Private Limited,Dipshikha Dhitopatra Karobar Co. Pvt Ltd.,50,178.0,8900.0,2025-09-21 11:09:55.611647
2025-09-21,97961,2025092104002956,HDHPC,ABC Securities Private Limited,Malla & Malla Stock Broking Company Pvt. Limited,50,177.0,8850.0,2025-09-21 11:10:01.703354
2025-09-21,97849,2025092104002988,HDHPC,Dynamic Money Managers Securities Pvt. Ltd.,Dipshikha Dhitopatra Karobar Co. Pvt Ltd.,50,178.0,8900.0,2025-09-21 11:10:09.342133
2025-09-21,97543,2025092104003068,HDHPC,ABC Securities Private Limited,Vision Securities Pvt. Ltd,150,177.0,26550.0,2025-09-21 11:10:24.704077
2025-09-21,97542,2025092104003069,HDHPC,Aryatara Investment & Securities,Vision Securities Pvt. Ltd,500,177.0,88500.0,2025-09-21 11:10:24.704169
2025-09-21,97541,2025092104003070,HDHPC,South Asian Bulls Pvt. Ltd.,Vision Securities Pvt. Ltd,150,176.5,26475.0,2025-09-21 11:10:24.704216
2025-09-21,97540,2025092104003071,HDHPC,Imperial Securities Company Pvt. Ltd.,Vision Securities Pvt. Ltd,1000,176.4,176400.0,2025-09-21 11:10:24.704257
2025-09-21,97539,2025092104003072,HDHPC,Shree Krishna Securities Ltd.,Vision Securities Pvt. Ltd,75,176.4,13230.0,2025-09-21 11:10:24.704293
2025-09-21,97538,2025092104003073,HDHPC,Sundhara Securities Limited,Vision Securities Pvt. Ltd,125,176.4,22050.0,2025-09-21 11:10:24.704335
2025-09-21,97478,2025092104003090,HDHPC,Sundhara Securities Limited,Dipshikha Dhitopatra Karobar Co. Pvt Ltd.,875,176.4,154350.0,2025-09-21 11:10:26.706692
2025-09-21,97477,2025092104003091,HDHPC,Linch Stock Market Ltd.,Dipshikha Dhitopatra Karobar Co. Pvt Ltd.,100,176.4,17640.0,2025-09-21 11:10:26.706763
2025-09-21,97291,2025092104003144,HDHPC,Naasa Securities Co. Ltd.,Oxford Securities Pvt. Ltd.,30,175.5,5265.0,2025-09-21 11:10:35.206272
2025-09-21,97290,2025092104003145,HDHPC,J.F. Securites (PVT) Ltd.,Oxford Securities Pvt. Ltd.,70,175.5,12285.0,2025-09-21 11:10:35.206343
2025-09-21,97195,2025092104003174,HDHPC,APPLE SECURITIES PRIVATE LIMITED,Dipshikha Dhitopatra Karobar Co. Pvt Ltd.,500,176.0,88000.0,2025-09-21 11:10:38.524374
2025-09-21,97193,2025092104003175,HDHPC,J.F. Securites (PVT) Ltd.,Thrive Brokerage House Pvt. Ltd,130,175.5,22815.0,2025-09-21 11:10:38.557284
2025-09-21,97192,2025092104003176,HDHPC,South Asian Bulls Pvt. Ltd.,Thrive Brokerage House Pvt. Ltd,163,175.5,28606.5,2025-09-21 11:10:38.557348
2025-09-21,97118,2025092104003205,HDHPC,South Asian Bulls Pvt. Ltd.,Sri Hari Securities Pvt. Ltd.,37,175.5,6493.5,2025-09-21 11:10:41.341591
2025-09-21,97117,2025092104003206,HDHPC,Swarna Laxmi Securities Pvt. Ltd.,Sri Hari Securities Pvt. Ltd.,50,175.0,8750.0,2025-09-21 11:10:41.341757
2025-09-21,97116,2025092104003207,HDHPC,Linch Stock Market Ltd.,Sri Hari Securities Pvt. Ltd.,150,175.0,26250.0,2025-09-21 11:10:41.341861
2025-09-21,97074,2025092104003219,HDHPC,Investment Management Nepal Pvt. Ltd.,Sri Hari Securities Pvt. Ltd.,50,175.0,8750.0,2025-09-21 11:10:42.410979
2025-09-21,97055,2025092104003221,HDHPC,Thrive Brokerage House Pvt. Ltd,Sri Hari Securities Pvt. Ltd.,100,175.0,17500.0,2025-09-21 11:10:43.470285
2025-09-21,96602,2025092104003352,HDHPC,Agrawal Securities (PVT) Ltd.,Sri Hari Securities Pvt. Ltd.,200,175.0,35000.0,2025-09-21 11:11:04.058400
2025-09-21,96547,2025092104003371,HDHPC,Primo Securities (PVT) Ltd.,Naasa Securities Co. Ltd.,50,174.0,8700.0,2025-09-21 11:11:06.631629
2025-09-21,96485,2025092104003398,HDHPC,Nepal Stock House (PVT) Ltd.,Nepal Investment And Securities Trading Private Limited,43,172.0,7396.0,2025-09-21 11:11:09.120893
2025-09-21,96484,2025092104003399,HDHPC,ABC Securities Private Limited,Nepal Investment And Securities Trading Private Limited,957,172.0,164604.0,2025-09-21 11:11:09.121004
2025-09-21,96260,2025092104003472,HDHPC,ABC Securities Private Limited,Nepal Investment And Securities Trading Private Limited,43,172.0,7396.0,2025-09-21 11:11:15.740110
2025-09-21,96259,2025092104003473,HDHPC,Ashutosh Brokerage & Securities (PVT) Ltd.,Nepal Investment And Securities Trading Private Limited,100,171.9,17190.0,2025-09-21 11:11:15.740296
2025-09-21,96258,2025092104003474,HDHPC,South Asian Bulls Pvt. Ltd.,Nepal Investment And Securities Trading Private Limited,857,171.3,146804.1,2025-09-21 11:11:15.740434
2025-09-21,95981,2025092104003553,HDHPC,Secured Securities Ltd.,Siprabi Securities Pvt. Ltd.,22,172.0,3784.0,2025-09-21 11:11:28.660684
2025-09-21,95937,2025092104003576,HDHPC,Siprabi Securities Pvt. Ltd.,Siprabi Securities Pvt. Ltd.,108,172.0,18576.0,2025-09-21 11:11:30.426753
2025-09-21,95936,2025092104003577,HDHPC,Siprabi Securities Pvt. Ltd.,Naasa Securities Co. Ltd.,50,174.0,8700.0,2025-09-21 11:11:30.426833
2025-09-21,95935,2025092104003578,HDHPC,Siprabi Securities Pvt. Ltd.,Dynamic Money Managers Securities Pvt. Ltd.,127,174.6,22174.2,2025-09-21 11:11:30.426879
2025-09-21,95228,2025092104003775,HDHPC,Aryatara Investment & Securities,Imperial Securities Company Pvt. Ltd.,250,172.0,43000.0,2025-09-21 11:11:58.858986
2025-09-21,95218,2025092104003779,HDHPC,Aryatara Investment & Securities,Dipshikha Dhitopatra Karobar Co. Pvt Ltd.,250,172.0,43000.0,2025-09-21 11:11:59.263038
2025-09-21,95217,2025092104003780,HDHPC,Nepal Investment And Securities Trading Private Limited,Dipshikha Dhitopatra Karobar Co. Pvt Ltd.,200,172.0,34400.0,2025-09-21 11:11:59.263147
2025-09-21,95213,2025092104003783,HDHPC,Secured Securities Ltd.,Dipshikha Dhitopatra Karobar Co. Pvt Ltd.,50,172.0,8600.0,2025-09-21 11:11:59.747545
2025-09-21,94602,2025092104003948,HDHPC,Vision Securities Pvt. Ltd,Property Wiard Limited,50,171.3,8565.0,2025-09-21 11:12:21.143983
2025-09-21,94601,2025092104003949,HDHPC,ABC Securities Private Limited,Property Wiard Limited,1000,171.2,171200.0,2025-09-21 11:12:21.144037
2025-09-21,94600,2025092104003950,HDHPC,South Asian Bulls Pvt. Ltd.,Property Wiard Limited,143,171.2,24481.6,2025-09-21 11:12:21.144061
2025-09-21,94599,2025092104003951,HDHPC,Premier Securities Company Ltd.,Property Wiard Limited,200,170.0,34000.0,2025-09-21 11:12:21.144089
2025-09-21,94598,2025092104003952,HDHPC,Dakshinkali Investment & Securities Pvt. Ltd.,Property Wiard Limited,107,170.0,18190.0,2025-09-21 11:12:21.144113
2025-09-21,93880,2025092104004114,HDHPC,Dakshinkali Investment & Securities Pvt. Ltd.,Vision Securities Pvt. Ltd,300,170.0,51000.0,2025-09-21 11:12:54.337310
2025-09-21,93316,2025092104004299,HDHPC,Dakshinkali Investment & Securities Pvt. Ltd.,Imperial Securities Company Pvt. Ltd.,93,170.0,15810.0,2025-09-21 11:13:21.880891
2025-09-21,93315,2025092104004300,HDHPC,Investment Management Nepal Pvt. Ltd.,Imperial Securities Company Pvt. Ltd.,50,170.0,8500.0,2025-09-21 11:13:21.880981
2025-09-21,93314,2025092104004301,HDHPC,ABC Securities Private Limited,Imperial Securities Company Pvt. Ltd.,50,170.0,8500.0,2025-09-21 11:13:21.881033
2025-09-21,93313,2025092104004302,HDHPC,Naasa Securities Co. Ltd.,Imperial Securities Company Pvt. Ltd.,10,170.0,1700.0,2025-09-21 11:13:21.881065
2025-09-21,93307,2025092104004306,HDHPC,Secured Securities Ltd.,Trisul Securities & Invt. Ltd.,10,173.4,1734.0,2025-09-21 11:13:22.011713
2025-09-21,92943,2025092104004437,HDHPC,Bhrikuti Stock Broking Co. Pvt. Ltd.,Trisul Securities & Invt. Ltd.,10,173.4,1734.0,2025-09-21 11:13:38.470923
2025-09-21,90880,2025092104005057,HDHPC,Vision Securities Pvt. Ltd,ABC Securities Private Limited,40,171.3,6852.0,2025-09-21 11:15:21.916736
2025-09-21,90248,2025092104005259,HDHPC,Agrawal Securities (PVT) Ltd.,Dipshikha Dhitopatra Karobar Co. Pvt Ltd.,200,171.2,34240.0,2025-09-21 11:15:53.936295
2025-09-21,90035,2025092104005301,HDHPC,Agrawal Securities (PVT) Ltd.,Linch Stock Market Ltd.,88,171.2,15065.6,2025-09-21 11:16:05.302898
2025-09-21,89742,2025092104005366,HDHPC,Imperial Securities Company Pvt. Ltd.,SUN SECURITIES PVT LTD,200,171.3,34260.0,2025-09-21 11:16:21.591383
2025-09-21,89532,2025092104005417,HDHPC,Agrawal Securities (PVT) Ltd.,Sumeru Securities Pvt. Ltd.,120,171.2,20544.0,2025-09-21 11:16:32.918896
2025-09-21,89511,2025092104005424,HDHPC,Sani Securities Company Ltd.,SUN SECURITIES PVT LTD,100,171.3,17130.0,2025-09-21 11:16:34.840727
2025-09-21,89510,2025092104005425,HDHPC,Sani Securities Company Ltd.,Online Securities Pvt. Ltd.,80,172.7,13816.0,2025-09-21 11:16:34.840926
2025-09-21,88863,2025092104005572,HDHPC,Sweta Securities Private Limited,Naasa Securities Co. Ltd.,500,172.0,86000.0,2025-09-21 11:17:14.272701
2025-09-21,88144,2025092104005774,HDHPC,Imperial Securities Company Pvt. Ltd.,Bhrikuti Stock Broking Co. Pvt. Ltd.,50,172.2,8610.0,2025-09-21 11:18:02.097253
2025-09-21,88143,2025092104005775,HDHPC,Sweta Securities Private Limited,Bhrikuti Stock Broking Co. Pvt. Ltd.,50,172.0,8600.0,2025-09-21 11:18:02.097385
2025-09-21,88056,2025092104005797,HDHPC,Sweta Securities Private Limited,Sani Securities Company Ltd.,50,172.0,8600.0,2025-09-21 11:18:08.348592
2025-09-21,88055,2025092104005798,HDHPC,Malla & Malla Stock Broking Company Pvt. Limited,Sani Securities Company Ltd.,50,172.0,8600.0,2025-09-21 11:18:08.348721
2025-09-21,87994,2025092104005812,HDHPC,Dipshikha Dhitopatra Karobar Co. Pvt Ltd.,Sani Securities Company Ltd.,200,172.0,34400.0,2025-09-21 11:18:13.121923
2025-09-21,87819,2025092104005855,HDHPC,Agrawal Securities (PVT) Ltd.,Sani Securities Company Ltd.,92,171.2,15750.4,2025-09-21 11:18:25.357569
2025-09-21,87818,2025092104005856,HDHPC,Investment Management Nepal Pvt. Ltd.,Sani Securities Company Ltd.,50,171.0,8550.0,2025-09-21 11:18:25.357796
2025-09-21,87817,2025092104005857,HDHPC,Primo Securities (PVT) Ltd.,Sani Securities Company Ltd.,300,170.1,51030.0,2025-09-21 11:18:25.357931
2025-09-21,87816,2025092104005858,HDHPC,Nepal Investment And Securities Trading Private Limited,Sani Securities Company Ltd.,200,170.0,34000.0,2025-09-21 11:18:25.358058
2025-09-21,87815,2025092104005859,HDHPC,Premier Securities Company Ltd.,Sani Securities Company Ltd.,100,170.0,17000.0,2025-09-21 11:18:25.358179
2025-09-21,87814,2025092104005860,HDHPC,Sajilo Broker Limited,Sani Securities Company Ltd.,258,170.0,43860.0,2025-09-21 11:18:25.358296
2025-09-21,87693,2025092104005896,HDHPC,Sajilo Broker Limited,ABC Securities Private Limited,717,170.0,121890.0,2025-09-21 11:18:32.545697
2025-09-21,87692,2025092104005897,HDHPC,Secured Securities Ltd.,ABC Securities Private Limited,1000,170.0,170000.0,2025-09-21 11:18:32.545842
2025-09-21,87691,2025092104005898,HDHPC,Online Securities Pvt. Ltd.,ABC Securities Private Limited,100,170.0,17000.0,2025-09-21 11:18:32.545885
2025-09-21,87690,2025092104005899,HDHPC,Opal Securities Investment (PVT) Ltd.,ABC Securities Private Limited,122,170.0,20740.0,2025-09-21 11:18:32.545927
2025-09-21,87689,2025092104005900,HDHPC,Investment Management Nepal Pvt. Ltd.,ABC Securities Private Limited,50,170.0,8500.0,2025-09-21 11:18:32.545969
2025-09-21,87688,2025092104005901,HDHPC,Naasa Securities Co. Ltd.,ABC Securities Private Limited,750,170.0,127500.0,2025-09-21 11:18:32.546006
2025-09-21,87687,2025092104005902,HDHPC,Secured Securities Ltd.,ABC Securities Private Limited,10,170.0,1700.0,2025-09-21 11:18:32.546043
2025-09-21,87686,2025092104005903,HDHPC,Naasa Securities Co. Ltd.,ABC Securities Private Limited,251,170.0,42670.0,2025-09-21 11:18:32.546084
2025-09-21,87634,2025092104005918,HDHPC,Naasa Securities Co. Ltd.,Sani Securities Company Ltd.,749,170.0,127330.0,2025-09-21 11:18:36.046172
2025-09-21,87632,2025092104005920,HDHPC,Sani Securities Company Ltd.,Sani Securities Company Ltd.,251,170.0,42670.0,2025-09-21 11:18:36.432220
2025-09-21,87628,2025092104005922,HDHPC,Sani Securities Company Ltd.,Dipshikha Dhitopatra Karobar Co. Pvt Ltd.,249,170.0,42330.0,2025-09-21 11:18:36.728370
2025-09-21,87414,2025092104005993,HDHPC,Imperial Securities Company Pvt. Ltd.,Dipshikha Dhitopatra Karobar Co. Pvt Ltd.,69,170.0,11730.0,2025-09-21 11:18:50.192849
2025-09-21,86937,2025092104006120,HDHPC,Asian Securities Private Ltd.,Dipshikha Dhitopatra Karobar Co. Pvt Ltd.,10,169.9,1699.0,2025-09-21 11:19:22.048235
2025-09-21,86936,2025092104006121,HDHPC,Nepal Stock House (PVT) Ltd.,Dipshikha Dhitopatra Karobar Co. Pvt Ltd.,70,169.8,11886.0,2025-09-21 11:19:22.048366
2025-09-21,86935,2025092104006122,HDHPC,Naasa Securities Co. Ltd.,Dipshikha Dhitopatra Karobar Co. Pvt Ltd.,10,169.5,1695.0,2025-09-21 11:19:22.048412
2025-09-21,86934,2025092104006123,HDHPC,Siprabi Securities Pvt. Ltd.,Dipshikha Dhitopatra Karobar Co. Pvt Ltd.,300,169.0,50700.0,2025-09-21 11:19:22.048447
2025-09-21,86933,2025092104006124,HDHPC,Vision Securities Pvt. Ltd,Dipshikha Dhitopatra Karobar Co. Pvt Ltd.,50,169.0,8450.0,2025-09-21 11:19:22.048505
2025-09-21,86723,2025092104006160,HDHPC,Investment Management Nepal Pvt. Ltd.,Dipshikha Dhitopatra Karobar Co. Pvt Ltd.,20,169.0,3380.0,2025-09-21 11:19:39.493285
2025-09-21,86620,2025092104006195,HDHPC,Trisul Securities & Invt. Ltd.,Dipshikha Dhitopatra Karobar Co. Pvt Ltd.,100,169.0,16900.0,2025-09-21 11:19:45.100210
2025-09-21,86453,2025092104006241,HDHPC,Linch Stock Market Ltd.,Sani Securities Company Ltd.,200,168.7,33740.0,2025-09-21 11:19:55.528238
2025-09-21,86452,2025092104006242,HDHPC,Primo Securities (PVT) Ltd.,Sani Securities Company Ltd.,300,168.2,50460.0,2025-09-21 11:19:55.528397
2025-09-21,86451,2025092104006243,HDHPC,Dipshikha Dhitopatra Karobar Co. Pvt Ltd.,Sani Securities Company Ltd.,50,168.0,8400.0,2025-09-21 11:19:55.528464
2025-09-21,86450,2025092104006244,HDHPC,Kumari Securities Private Limited,Sani Securities Company Ltd.,50,168.0,8400.0,2025-09-21 11:19:55.528528
2025-09-21,86449,2025092104006245,HDHPC,Premier Securities Company Ltd.,Sani Securities Company Ltd.,100,167.0,16700.0,2025-09-21 11:19:55.528582
2025-09-21,86448,2025092104006246,HDHPC,Opal Securities Investment (PVT) Ltd.,Sani Securities Company Ltd.,200,167.0,33400.0,2025-09-21 11:19:55.528633
2025-09-21,86447,2025092104006247,HDHPC,Sundhara Securities Limited,Sani Securities Company Ltd.,100,167.0,16700.0,2025-09-21 11:19:55.528695
2025-09-21,86236,2025092104006302,HDHPC,J.F. Securites (PVT) Ltd.,Dipshikha Dhitopatra Karobar Co. Pvt Ltd.,100,169.0,16900.0,2025-09-21 11:20:12.680973
2025-09-21,86188,2025092104006323,HDHPC,Agrawal Securities (PVT) Ltd.,Dipshikha Dhitopatra Karobar Co. Pvt Ltd.,22,169.0,3718.0,2025-09-21 11:20:15.576529
2025-09-21,86187,2025092104006324,HDHPC,Agrawal Securities (PVT) Ltd.,Cristal Kanchanjanga Securites Pvt. Ltd.,70,169.0,11830.0,2025-09-21 11:20:15.576605
2025-09-21,85996,2025092104006374,HDHPC,Dakshinkali Investment & Securities Pvt. Ltd.,Naasa Securities Co. Ltd.,200,170.0,34000.0,2025-09-21 11:20:30.636871
2025-09-21,85693,2025092104006464,HDHPC,Agrawal Securities (PVT) Ltd.,Online Securities Pvt. Ltd.,260,169.0,43940.0,2025-09-21 11:20:52.139897
2025-09-21,85614,2025092104006478,HDHPC,Agrawal Securities (PVT) Ltd.,Capital Max Securities Ltd,340,169.0,57460.0,2025-09-21 11:20:58.915568
2025-09-21,85552,2025092104006489,HDHPC,Naasa Securities Co. Ltd.,Naasa Securities Co. Ltd.,20,170.0,3400.0,2025-09-21 11:21:03.063611
2025-09-21,85361,2025092104006532,HDHPC,Trishakti Securities Public Limited,Naasa Securities Co. Ltd.,180,170.0,30600.0,2025-09-21 11:21:16.744519
2025-09-21,84835,2025092104006699,HDHPC,Naasa Securities Co. Ltd.,Bhrikuti Stock Broking Co. Pvt. Ltd.,100,170.1,17010.0,2025-09-21 11:21:56.121644
2025-09-21,84834,2025092104006700,HDHPC,Trishakti Securities Public Limited,Bhrikuti Stock Broking Co. Pvt. Ltd.,39,170.0,6630.0,2025-09-21 11:21:56.121812
2025-09-21,84808,2025092104006712,HDHPC,Naasa Securities Co. Ltd.,Sani Securities Company Ltd.,200,172.0,34400.0,2025-09-21 11:21:59.333267
2025-09-21,84491,2025092104006800,HDHPC,Vision Securities Pvt. Ltd,Sani Securities Company Ltd.,50,172.0,8600.0,2025-09-21 11:22:21.004794
2025-09-21,84282,2025092104006862,HDHPC,Imperial Securities Company Pvt. Ltd.,Dipshikha Dhitopatra Karobar Co. Pvt Ltd.,116,171.0,19836.0,2025-09-21 11:22:33.007666
2025-09-21,84150,2025092104006901,HDHPC,Opal Securities Investment (PVT) Ltd.,Dipshikha Dhitopatra Karobar Co. Pvt Ltd.,112,171.0,19152.0,2025-09-21 11:22:42.119567
2025-09-21,83892,2025092104006975,HDHPC,Sani Securities Company Ltd.,Dipshikha Dhitopatra Karobar Co. Pvt Ltd.,200,171.0,34200.0,2025-09-21 11:23:00.318523
2025-09-21,83870,2025092104006984,HDHPC,APPLE SECURITIES PRIVATE LIMITED,Dipshikha Dhitopatra Karobar Co. Pvt Ltd.,500,171.0,85500.0,2025-09-21 11:23:02.226270
2025-09-21,83641,2025092104007044,HDHPC,Naasa Securities Co. Ltd.,Dipshikha Dhitopatra Karobar Co. Pvt Ltd.,58,171.0,9918.0,2025-09-21 11:23:17.115083
2025-09-21,83604,2025092104007054,HDHPC,Midas Stock Broking Company Private Limited,Dipshikha Dhitopatra Karobar Co. Pvt Ltd.,14,171.0,2394.0,2025-09-21 11:23:21.751103
2025-09-21,83603,2025092104007055,HDHPC,Midas Stock Broking Company Private Limited,Malla & Malla Stock Broking Company Pvt. Limited,36,171.0,6156.0,2025-09-21 11:23:21.751206
2025-09-21,83581,2025092104007058,HDHPC,Naasa Securities Co. Ltd.,Naasa Securities Co. Ltd.,16,170.6,2729.6,2025-09-21 11:23:22.822248
2025-09-21,83441,2025092104007101,HDHPC,Agrawal Securities (PVT) Ltd.,Malla & Malla Stock Broking Company Pvt. Limited,64,171.0,10944.0,2025-09-21 11:23:30.854406
2025-09-21,83312,2025092104007142,HDHPC,Naasa Securities Co. Ltd.,Sani Securities Company Ltd.,86,172.0,14792.0,2025-09-21 11:23:41.152470
2025-09-21,83170,2025092104007180,HDHPC,Kumari Securities Private Limited,Sani Securities Company Ltd.,134,172.0,23048.0,2025-09-21 11:23:50.251419
2025-09-21,83169,2025092104007181,HDHPC,Kumari Securities Private Limited,Vision Securities Pvt. Ltd,100,172.0,17200.0,2025-09-21 11:23:50.251521
2025-09-21,83168,2025092104007182,HDHPC,Kumari Securities Private Limited,Sagarmatha Securities Private Limited,266,172.0,45752.0,2025-09-21 11:23:50.251577
2025-09-21,83015,2025092104007225,HDHPC,Sewa Securities Pvt. Ltd.,Sagarmatha Securities Private Limited,234,172.0,40248.0,2025-09-21 11:24:00.390490
2025-09-21,82563,2025092104007340,HDHPC,ABC Securities Private Limited,Aryatara Investment & Securities,10,173.0,1730.0,2025-09-21 11:24:33.773988
2025-09-21,82562,2025092104007341,HDHPC,ABC Securities Private Limited,Investment Management Nepal Pvt. Ltd.,100,173.0,17300.0,2025-09-21 11:24:33.774106
2025-09-21,82432,2025092104007379,HDHPC,Online Securities Pvt. Ltd.,Nepal Stock House (PVT) Ltd.,140,174.0,24360.0,2025-09-21 11:24:46.005873
2025-09-21,82301,2025092104007409,HDHPC,Naasa Securities Co. Ltd.,Dynamic Money Managers Securities Pvt. Ltd.,13,174.6,2269.8,2025-09-21 11:24:58.788782
2025-09-21,82207,2025092104007440,HDHPC,Sani Securities Company Ltd.,ABC Securities Private Limited,500,175.0,87500.0,2025-09-21 11:25:07.842148
2025-09-21,82133,2025092104007458,HDHPC,Naasa Securities Co. Ltd.,ABC Securities Private Limited,37,175.0,6475.0,2025-09-21 11:25:15.875823
2025-09-21,82120,2025092104007464,HDHPC,Naasa Securities Co. Ltd.,ABC Securities Private Limited,10,175.0,1750.0,2025-09-21 11:25:17.064384
2025-09-21,82042,2025092104007480,HDHPC,Aryatara Investment & Securities,ABC Securities Private Limited,200,175.0,35000.0,2025-09-21 11:25:23.524797
2025-09-21,81861,2025092104007510,HDHPC,Kohinoor Investment & Securities Pvt. Ltd.,ABC Securities Private Limited,300,175.0,52500.0,2025-09-21 11:25:40.016448
2025-09-21,81855,2025092104007512,HDHPC,Vision Securities Pvt. Ltd,ABC Securities Private Limited,300,175.0,52500.0,2025-09-21 11:25:41.029119
2025-09-21,81771,2025092104007527,HDHPC,K.B.L. Securities Limited ,ABC Securities Private Limited,250,175.0,43750.0,2025-09-21 11:25:50.706130
2025-09-21,81737,2025092104007536,HDHPC,Market Securities & Exchange (PVT) Ltd.,ABC Securities Private Limited,403,175.0,70525.0,2025-09-21 11:25:53.461575
2025-09-21,81736,2025092104007537,HDHPC,Market Securities & Exchange (PVT) Ltd.,Capital Max Securities Ltd,200,175.0,35000.0,2025-09-21 11:25:53.461644
2025-09-21,81735,2025092104007538,HDHPC,Market Securities & Exchange (PVT) Ltd.,Trisul Securities & Invt. Ltd.,397,175.4,69633.8,2025-09-21 11:25:53.461686
2025-09-21,81473,2025092104007602,HDHPC,Market Securities & Exchange (PVT) Ltd.,Trisul Securities & Invt. Ltd.,83,175.4,14558.2,2025-09-21 11:26:20.236789
2025-09-21,81472,2025092104007603,HDHPC,Market Securities & Exchange (PVT) Ltd.,Dipshikha Dhitopatra Karobar Co. Pvt Ltd.,639,176.0,112464.0,2025-09-21 11:26:20.236922
2025-09-21,81471,2025092104007604,HDHPC,Market Securities & Exchange (PVT) Ltd.,Agrawal Securities (PVT) Ltd.,278,176.0,48928.0,2025-09-21 11:26:20.236996
2025-09-21,81337,2025092104007640,HDHPC,Market Securities & Exchange (PVT) Ltd.,Agrawal Securities (PVT) Ltd.,400,176.0,70400.0,2025-09-21 11:26:31.871078
2025-09-21,81298,2025092104007650,HDHPC,Online Securities Pvt. Ltd.,Agrawal Securities (PVT) Ltd.,50,176.0,8800.0,2025-09-21 11:26:34.728711
2025-09-21,81067,2025092104007714,HDHPC,Dipshikha Dhitopatra Karobar Co. Pvt Ltd.,Agrawal Securities (PVT) Ltd.,672,176.0,118272.0,2025-09-21 11:26:57.719871
2025-09-21,81022,2025092104007725,HDHPC,Naasa Securities Co. Ltd.,Sri Hari Securities Pvt. Ltd.,100,177.0,17700.0,2025-09-21 11:27:01.444994
2025-09-21,80863,2025092104007778,HDHPC,Thrive Brokerage House Pvt. Ltd,Vision Securities Pvt. Ltd,50,178.0,8900.0,2025-09-21 11:27:14.231633
2025-09-21,80862,2025092104007779,HDHPC,Thrive Brokerage House Pvt. Ltd,Primo Securities (PVT) Ltd.,150,178.0,26700.0,2025-09-21 11:27:14.231859
2025-09-21,80515,2025092104007868,HDHPC,Agrawal Securities (PVT) Ltd.,Primo Securities (PVT) Ltd.,10,178.0,1780.0,2025-09-21 11:27:50.185528
2025-09-21,80333,2025092104007919,HDHPC,Dipshikha Dhitopatra Karobar Co. Pvt Ltd.,Nabil Stock Dealer Ltd.,18,176.0,3168.0,2025-09-21 11:28:07.206177
2025-09-21,79658,2025092104008094,HDHPC,Aryatara Investment & Securities,Nepal Stock House (PVT) Ltd.,100,177.0,17700.0,2025-09-21 11:29:19.125474
2025-09-21,79604,2025092104008102,HDHPC,Siprabi Securities Pvt. Ltd.,Nepal Stock House (PVT) Ltd.,20,177.0,3540.0,2025-09-21 11:29:24.001138
2025-09-21,79432,2025092104008164,HDHPC,Naasa Securities Co. Ltd.,Nepal Stock House (PVT) Ltd.,180,177.0,31860.0,2025-09-21 11:29:41.802042
2025-09-21,79431,2025092104008165,HDHPC,Naasa Securities Co. Ltd.,Primo Securities (PVT) Ltd.,140,178.0,24920.0,2025-09-21 11:29:41.802256
2025-09-21,79430,2025092104008166,HDHPC,Naasa Securities Co. Ltd.,Linch Stock Market Ltd.,200,178.0,35600.0,2025-09-21 11:29:41.802415
2025-09-21,79429,2025092104008167,HDHPC,Naasa Securities Co. Ltd.,Sumeru Securities Pvt. Ltd.,480,178.0,85440.0,2025-09-21 11:29:42.175349
2025-09-21,79428,2025092104008168,HDHPC,APPLE SECURITIES PRIVATE LIMITED,Sumeru Securities Pvt. Ltd.,483,176.0,85008.0,2025-09-21 11:29:42.175580
2025-09-21,79395,2025092104008184,HDHPC,APPLE SECURITIES PRIVATE LIMITED,Naasa Securities Co. Ltd.,17,176.0,2992.0,2025-09-21 11:29:44.270864
2025-09-21,79394,2025092104008185,HDHPC,Sumeru Securities Pvt. Ltd.,Naasa Securities Co. Ltd.,50,176.0,8800.0,2025-09-21 11:29:44.270993
2025-09-21,79393,2025092104008186,HDHPC,Naasa Securities Co. Ltd.,Naasa Securities Co. Ltd.,53,176.0,9328.0,2025-09-21 11:29:44.271044
2025-09-21,79354,2025092104008193,HDHPC,Naasa Securities Co. Ltd.,Kalika Securities Pvt. Ltd.,116,176.0,20416.0,2025-09-21 11:29:47.037908
2025-09-21,79199,2025092104008247,HDHPC,Online Securities Pvt. Ltd.,Dipshikha Dhitopatra Karobar Co. Pvt Ltd.,100,178.0,17800.0,2025-09-21 11:30:01.811381
2025-09-21,79117,2025092104008267,HDHPC,Online Securities Pvt. Ltd.,S.P.S.A. Securities Limited,100,178.0,17800.0,2025-09-21 11:30:11.515638
2025-09-21,79116,2025092104008268,HDHPC,Asian Securities Private Ltd.,S.P.S.A. Securities Limited,60,177.1,10626.0,2025-09-21 11:30:11.515776
2025-09-21,78966,2025092104008299,HDHPC,Aryatara Investment & Securities,Online Securities Pvt. Ltd.,100,177.9,17790.0,2025-09-21 11:30:30.308051
2025-09-21,78965,2025092104008300,HDHPC,Aryatara Investment & Securities,Sani Securities Company Ltd.,100,178.0,17800.0,2025-09-21 11:30:30.308170
2025-09-21,78942,2025092104008307,HDHPC,Cristal Kanchanjanga Securites Pvt. Ltd.,Sani Securities Company Ltd.,400,178.0,71200.0,2025-09-21 11:30:33.273172
2025-09-21,78836,2025092104008336,HDHPC,Asian Securities Private Ltd.,Sani Securities Company Ltd.,400,177.1,70840.0,2025-09-21 11:30:43.350756
2025-09-21,78426,2025092104008416,HDHPC,Asian Securities Private Ltd.,Vision Securities Pvt. Ltd,40,177.1,7084.0,2025-09-21 11:31:22.478511
2025-09-21,78425,2025092104008417,HDHPC,Oxford Securities Pvt. Ltd.,Vision Securities Pvt. Ltd,50,177.1,8855.0,2025-09-21 11:31:22.478617
2025-09-21,78424,2025092104008418,HDHPC,Siprabi Securities Pvt. Ltd.,Vision Securities Pvt. Ltd,500,177.0,88500.0,2025-09-21 11:31:22.478706
2025-09-21,78423,2025092104008419,HDHPC,Online Securities Pvt. Ltd.,Vision Securities Pvt. Ltd,410,177.0,72570.0,2025-09-21 11:31:22.478775
2025-09-21,78150,2025092104008470,HDHPC,Online Securities Pvt. Ltd.,Imperial Securities Company Pvt. Ltd.,10,177.0,1770.0,2025-09-21 11:31:45.578445
2025-09-21,78007,2025092104008496,HDHPC,Naasa Securities Co. Ltd.,Aryatara Investment & Securities,20,178.0,3560.0,2025-09-21 11:32:01.662052
2025-09-21,77374,2025092104008663,HDHPC,Online Securities Pvt. Ltd.,Thrive Brokerage House Pvt. Ltd,30,177.0,5310.0,2025-09-21 11:33:11.028024
2025-09-21,77373,2025092104008664,HDHPC,Sewa Securities Pvt. Ltd.,Thrive Brokerage House Pvt. Ltd,25,177.0,4425.0,2025-09-21 11:33:11.028304
2025-09-21,77372,2025092104008665,HDHPC,ABC Securities Private Limited,Thrive Brokerage House Pvt. Ltd,300,177.0,53100.0,2025-09-21 11:33:11.028509
2025-09-21,77270,2025092104008689,HDHPC,Trisul Securities & Invt. Ltd.,Thrive Brokerage House Pvt. Ltd,200,177.0,35400.0,2025-09-21 11:33:22.260338
2025-09-21,77221,2025092104008699,HDHPC,Imperial Securities Company Pvt. Ltd.,Thrive Brokerage House Pvt. Ltd,100,177.0,17700.0,2025-09-21 11:33:26.049554
2025-09-21,76884,2025092104008794,HDHPC,Naasa Securities Co. Ltd.,Shree Krishna Securities Ltd.,27,176.0,4752.0,2025-09-21 11:33:58.126568
2025-09-21,76837,2025092104008823,HDHPC,Naasa Securities Co. Ltd.,Online Securities Pvt. Ltd.,70,176.0,12320.0,2025-09-21 11:34:01.372836
2025-09-21,76700,2025092104008859,HDHPC,Naasa Securities Co. Ltd.,ABC Securities Private Limited,250,176.0,44000.0,2025-09-21 11:34:11.813467
2025-09-21,76680,2025092104008867,HDHPC,Naasa Securities Co. Ltd.,Sumeru Securities Pvt. Ltd.,10,176.5,1765.0,2025-09-21 11:34:14.854877
2025-09-21,76679,2025092104008868,HDHPC,Naasa Securities Co. Ltd.,Sumeru Securities Pvt. Ltd.,74,176.0,13024.0,2025-09-21 11:34:14.854998
2025-09-21,76678,2025092104008869,HDHPC,Naasa Securities Co. Ltd.,Sumeru Securities Pvt. Ltd.,20,176.0,3520.0,2025-09-21 11:34:14.855049
2025-09-21,76677,2025092104008870,HDHPC,Online Securities Pvt. Ltd.,Sumeru Securities Pvt. Ltd.,10,176.0,1760.0,2025-09-21 11:34:14.855100
2025-09-21,76676,2025092104008871,HDHPC,Dipshikha Dhitopatra Karobar Co. Pvt Ltd.,Sumeru Securities Pvt. Ltd.,86,176.0,15136.0,2025-09-21 11:34:14.855155
2025-09-21,76611,2025092104008890,HDHPC,Dipshikha Dhitopatra Karobar Co. Pvt Ltd.,Asian Securities Private Ltd.,114,176.0,20064.0,2025-09-21 11:34:20.142540
2025-09-21,76474,2025092104008925,HDHPC,Dipshikha Dhitopatra Karobar Co. Pvt Ltd.,Asian Securities Private Ltd.,50,176.0,8800.0,2025-09-21 11:34:37.171283
2025-09-21,76227,2025092104009007,HDHPC,Aryatara Investment & Securities,Asian Securities Private Ltd.,200,176.0,35200.0,2025-09-21 11:34:56.392139
2025-09-21,75402,2025092104009163,HDHPC,Dipshikha Dhitopatra Karobar Co. Pvt Ltd.,Sumeru Securities Pvt. Ltd.,83,175.1,14533.3,2025-09-21 11:36:37.783993
2025-09-21,75269,2025092104009191,HDHPC,Dipshikha Dhitopatra Karobar Co. Pvt Ltd.,Midas Stock Broking Company Private Limited,227,175.1,39747.7,2025-09-21 11:36:52.679037
2025-09-21,75268,2025092104009192,HDHPC,Naasa Securities Co. Ltd.,Midas Stock Broking Company Private Limited,20,175.1,3502.0,2025-09-21 11:36:52.679239
2025-09-21,75267,2025092104009193,HDHPC,Dakshinkali Investment & Securities Pvt. Ltd.,Midas Stock Broking Company Private Limited,100,175.0,17500.0,2025-09-21 11:36:52.679296
2025-09-21,75266,2025092104009194,HDHPC,Market Securities & Exchange (PVT) Ltd.,Midas Stock Broking Company Private Limited,2000,175.0,350000.0,2025-09-21 11:36:52.679357
2025-09-21,75265,2025092104009195,HDHPC,Investment Management Nepal Pvt. Ltd.,Midas Stock Broking Company Private Limited,100,175.0,17500.0,2025-09-21 11:36:52.679434
2025-09-21,75264,2025092104009196,HDHPC,Thrive Brokerage House Pvt. Ltd,Midas Stock Broking Company Private Limited,25,175.0,4375.0,2025-09-21 11:36:52.679487
2025-09-21,75263,2025092104009197,HDHPC,Imperial Securities Company Pvt. Ltd.,Midas Stock Broking Company Private Limited,700,175.0,122500.0,2025-09-21 11:36:52.679539
2025-09-21,75262,2025092104009198,HDHPC,Aryatara Investment & Securities,Midas Stock Broking Company Private Limited,50,175.0,8750.0,2025-09-21 11:36:52.679590
2025-09-21,75261,2025092104009199,HDHPC,Siprabi Securities Pvt. Ltd.,Midas Stock Broking Company Private Limited,30,175.0,5250.0,2025-09-21 11:36:52.679639
2025-09-21,75260,2025092104009200,HDHPC,Imperial Securities Company Pvt. Ltd.,Midas Stock Broking Company Private Limited,1000,175.0,175000.0,2025-09-21 11:36:52.679690
2025-09-21,75080,2025092104009241,HDHPC,Online Securities Pvt. Ltd.,Midas Stock Broking Company Private Limited,83,175.0,14525.0,2025-09-21 11:37:12.901487
2025-09-21,75079,2025092104009242,HDHPC,Online Securities Pvt. Ltd.,Asian Securities Private Ltd.,31,176.0,5456.0,2025-09-21 11:37:12.901613
2025-09-21,74662,2025092104009337,HDHPC,Dipshikha Dhitopatra Karobar Co. Pvt Ltd.,Deevyaa Securities & Stock House Pvt. Ltd,10,175.0,1750.0,2025-09-21 11:38:15.877602
2025-09-21,74567,2025092104009362,HDHPC,Sani Securities Company Ltd.,Deevyaa Securities & Stock House Pvt. Ltd,1090,175.0,190750.0,2025-09-21 11:38:26.823167
2025-09-21,74104,2025092104009495,HDHPC,Vision Securities Pvt. Ltd,Deevyaa Securities & Stock House Pvt. Ltd,565,175.0,98875.0,2025-09-21 11:39:34.901171
2025-09-21,73973,2025092104009528,HDHPC,Deevyaa Securities & Stock House Pvt. Ltd,Deevyaa Securities & Stock House Pvt. Ltd,100,175.0,17500.0,2025-09-21 11:39:54.769753
2025-09-21,73780,2025092104009582,HDHPC,Neev Securities Pvt. Ltd.,ABC Securities Private Limited,25,174.9,4372.5,2025-09-21 11:40:18.737558
2025-09-21,73779,2025092104009583,HDHPC,Naasa Securities Co. Ltd.,ABC Securities Private Limited,13,174.6,2269.8,2025-09-21 11:40:18.737726
2025-09-21,73104,2025092104009758,HDHPC,Shree Krishna Securities Ltd.,Deevyaa Securities & Stock House Pvt. Ltd,200,174.2,34840.0,2025-09-21 11:41:48.544969
2025-09-21,73103,2025092104009759,HDHPC,ABC Securities Private Limited,Deevyaa Securities & Stock House Pvt. Ltd,100,174.0,17400.0,2025-09-21 11:41:48.545130
2025-09-21,73102,2025092104009760,HDHPC,Investment Management Nepal Pvt. Ltd.,Deevyaa Securities & Stock House Pvt. Ltd,20,174.0,3480.0,2025-09-21 11:41:48.545188
2025-09-21,73101,2025092104009761,HDHPC,Imperial Securities Company Pvt. Ltd.,Deevyaa Securities & Stock House Pvt. Ltd,100,174.0,17400.0,2025-09-21 11:41:48.545250
2025-09-21,73100,2025092104009762,HDHPC,ABC Securities Private Limited,Deevyaa Securities & Stock House Pvt. Ltd,80,174.0,13920.0,2025-09-21 11:41:48.545300
2025-09-21,72858,2025092104009839,HDHPC,ABC Securities Private Limited,Midas Stock Broking Company Private Limited,20,174.0,3480.0,2025-09-21 11:42:15.742050
2025-09-21,72857,2025092104009840,HDHPC,Sipla Securities Private Limited,Midas Stock Broking Company Private Limited,20,174.0,3480.0,2025-09-21 11:42:15.742193
2025-09-21,72856,2025092104009841,HDHPC,Naasa Securities Co. Ltd.,Midas Stock Broking Company Private Limited,10,174.0,1740.0,2025-09-21 11:42:15.742248
2025-09-21,72855,2025092104009842,HDHPC,Online Securities Pvt. Ltd.,Midas Stock Broking Company Private Limited,150,174.0,26100.0,2025-09-21 11:42:15.742300
2025-09-21,72854,2025092104009843,HDHPC,South Asian Bulls Pvt. Ltd.,Midas Stock Broking Company Private Limited,100,173.6,17360.0,2025-09-21 11:42:15.742361
2025-09-21,72853,2025092104009844,HDHPC,Premier Securities Company Ltd.,Midas Stock Broking Company Private Limited,165,173.6,28644.0,2025-09-21 11:42:15.742411
2025-09-21,72478,2025092104009951,HDHPC,Oxford Securities Pvt. Ltd.,Deevyaa Securities & Stock House Pvt. Ltd,10,175.0,1750.0,2025-09-21 11:43:01.666610
2025-09-21,72428,2025092104009963,HDHPC,Bhrikuti Stock Broking Co. Pvt. Ltd.,Thrive Brokerage House Pvt. Ltd,50,174.0,8700.0,2025-09-21 11:43:07.341444
2025-09-21,72366,2025092104009972,HDHPC,Bhrikuti Stock Broking Co. Pvt. Ltd.,Dipshikha Dhitopatra Karobar Co. Pvt Ltd.,1000,174.0,174000.0,2025-09-21 11:43:15.623442
2025-09-21,71950,2025092104010074,HDHPC,Aryatara Investment & Securities,Deevyaa Securities & Stock House Pvt. Ltd,100,175.0,17500.0,2025-09-21 11:44:04.292145
2025-09-21,71672,2025092104010132,HDHPC,Bhrikuti Stock Broking Co. Pvt. Ltd.,Trishakti Securities Public Limited,500,174.0,87000.0,2025-09-21 11:44:42.635769
2025-09-21,71343,2025092104010199,HDHPC,J.F. Securites (PVT) Ltd.,ABC Securities Private Limited,100,174.5,17450.0,2025-09-21 11:45:19.551644
2025-09-21,71342,2025092104010200,HDHPC,Bhrikuti Stock Broking Co. Pvt. Ltd.,ABC Securities Private Limited,50,174.0,8700.0,2025-09-21 11:45:19.551916
2025-09-21,71123,2025092104010267,HDHPC,Midas Stock Broking Company Private Limited,Naasa Securities Co. Ltd.,480,174.5,83760.0,2025-09-21 11:45:51.747446
2025-09-21,70907,2025092104010311,HDHPC,Midas Stock Broking Company Private Limited,Imperial Securities Company Pvt. Ltd.,520,174.5,90740.0,2025-09-21 11:46:20.936835
2025-09-21,70906,2025092104010312,HDHPC,Vision Securities Pvt. Ltd,Imperial Securities Company Pvt. Ltd.,95,174.5,16577.5,2025-09-21 11:46:20.937002
2025-09-21,70611,2025092104010392,HDHPC,Imperial Securities Company Pvt. Ltd.,Deevyaa Securities & Stock House Pvt. Ltd,15,175.0,2625.0,2025-09-21 11:47:04.098062
2025-09-21,70233,2025092104010502,HDHPC,Trishakti Securities Public Limited,Agrawal Securities (PVT) Ltd.,100,174.6,17460.0,2025-09-21 11:48:02.854826
2025-09-21,70232,2025092104010503,HDHPC,Dynamic Money Managers Securities Pvt. Ltd.,Agrawal Securities (PVT) Ltd.,200,174.5,34900.0,2025-09-21 11:48:02.854976
2025-09-21,70231,2025092104010504,HDHPC,Vision Securities Pvt. Ltd,Agrawal Securities (PVT) Ltd.,100,174.2,17420.0,2025-09-21 11:48:02.855035
2025-09-21,70230,2025092104010505,HDHPC,Pragyan Securities (PVT) Ltd.,Agrawal Securities (PVT) Ltd.,100,174.1,17410.0,2025-09-21 11:48:02.855104
2025-09-21,70132,2025092104010528,HDHPC,Vision Securities Pvt. Ltd,Deevyaa Securities & Stock House Pvt. Ltd,100,175.0,17500.0,2025-09-21 11:48:13.950577
2025-09-21,70002,2025092104010572,HDHPC,Pragyan Securities (PVT) Ltd.,Imperial Securities Company Pvt. Ltd.,1400,174.1,243740.0,2025-09-21 11:48:27.427773
2025-09-21,69958,2025092104010588,HDHPC,Pragyan Securities (PVT) Ltd.,Deevyaa Securities & Stock House Pvt. Ltd,10,175.0,1750.0,2025-09-21 11:48:33.971940
2025-09-21,69957,2025092104010589,HDHPC,Pragyan Securities (PVT) Ltd.,J.F. Securites (PVT) Ltd.,200,175.0,35000.0,2025-09-21 11:48:33.972111
2025-09-21,69956,2025092104010590,HDHPC,Pragyan Securities (PVT) Ltd.,Imperial Securities Company Pvt. Ltd.,50,175.0,8750.0,2025-09-21 11:48:33.972173
2025-09-21,69711,2025092104010654,HDHPC,Naasa Securities Co. Ltd.,Kumari Securities Private Limited,10,175.9,1759.0,2025-09-21 11:49:04.962071
2025-09-21,69545,2025092104010701,HDHPC,Naasa Securities Co. Ltd.,Kumari Securities Private Limited,497,175.9,87422.3,2025-09-21 11:49:25.427674
2025-09-21,69544,2025092104010702,HDHPC,Naasa Securities Co. Ltd.,South Asian Bulls Pvt. Ltd.,993,175.9,174668.7,2025-09-21 11:49:25.427965
2025-09-21,69249,2025092104010790,HDHPC,Pragyan Securities (PVT) Ltd.,Naasa Securities Co. Ltd.,240,175.0,42000.0,2025-09-21 11:50:01.857631
2025-09-21,69248,2025092104010791,HDHPC,Market Securities & Exchange (PVT) Ltd.,Naasa Securities Co. Ltd.,20,175.0,3500.0,2025-09-21 11:50:01.857814
2025-09-21,68414,2025092104010975,HDHPC,Pragyan Securities (PVT) Ltd.,Nepal Stock House (PVT) Ltd.,200,174.1,34820.0,2025-09-21 11:51:44.631948
2025-09-21,68299,2025092104011003,HDHPC,Oxford Securities Pvt. Ltd.,Deevyaa Securities & Stock House Pvt. Ltd,250,175.0,43750.0,2025-09-21 11:52:05.798781
2025-09-21,68287,2025092104011006,HDHPC,Sani Securities Company Ltd.,Deevyaa Securities & Stock House Pvt. Ltd,49,175.0,8575.0,2025-09-21 11:52:08.325331
2025-09-21,68281,2025092104011007,HDHPC,Vision Securities Pvt. Ltd,Trishakti Securities Public Limited,100,175.0,17500.0,2025-09-21 11:52:08.516499
2025-09-21,68041,2025092104011082,HDHPC,Online Securities Pvt. Ltd.,Trishakti Securities Public Limited,34,175.0,5950.0,2025-09-21 11:52:39.450445
2025-09-21,67960,2025092104011117,HDHPC,Pragyan Securities (PVT) Ltd.,Sani Securities Company Ltd.,300,174.1,52230.0,2025-09-21 11:52:50.468399
2025-09-21,67959,2025092104011118,HDHPC,Bhrikuti Stock Broking Co. Pvt. Ltd.,Sani Securities Company Ltd.,400,174.0,69600.0,2025-09-21 11:52:50.468569
2025-09-21,67958,2025092104011119,HDHPC,Pragyan Securities (PVT) Ltd.,Sani Securities Company Ltd.,300,174.0,52200.0,2025-09-21 11:52:50.468628
2025-09-21,67840,2025092104011148,HDHPC,Dipshikha Dhitopatra Karobar Co. Pvt Ltd.,Trishakti Securities Public Limited,10,175.0,1750.0,2025-09-21 11:53:07.064193
2025-09-21,67669,2025092104011189,HDHPC,Pragyan Securities (PVT) Ltd.,Sani Securities Company Ltd.,300,174.0,52200.0,2025-09-21 11:53:33.439036
2025-09-21,67484,2025092104011232,HDHPC,Naasa Securities Co. Ltd.,Trishakti Securities Public Limited,450,175.0,78750.0,2025-09-21 11:53:58.622603
2025-09-21,67128,2025092104011307,HDHPC,Naasa Securities Co. Ltd.,Trishakti Securities Public Limited,10,175.0,1750.0,2025-09-21 11:55:02.501473
2025-09-21,66629,2025092104011421,HDHPC,Kumari Securities Private Limited,Sewa Securities Pvt. Ltd.,1000,174.9,174900.0,2025-09-21 11:56:16.918510
2025-09-21,66092,2025092104011551,HDHPC,Sani Securities Company Ltd.,Sewa Securities Pvt. Ltd.,582,174.9,101791.8,2025-09-21 11:57:36.942792
2025-09-21,66016,2025092104011571,HDHPC,Trisul Securities & Invt. Ltd.,Sewa Securities Pvt. Ltd.,418,174.9,73108.2,2025-09-21 11:57:50.019274
2025-09-21,66015,2025092104011572,HDHPC,Trisul Securities & Invt. Ltd.,Trishakti Securities Public Limited,2396,175.0,419300.0,2025-09-21 11:57:50.019655
2025-09-21,66014,2025092104011573,HDHPC,Trisul Securities & Invt. Ltd.,Nepal Stock House (PVT) Ltd.,2000,175.0,350000.0,2025-09-21 11:57:50.019855
2025-09-21,66013,2025092104011574,HDHPC,Trisul Securities & Invt. Ltd.,Neev Securities Pvt. Ltd.,45,175.0,7875.0,2025-09-21 11:57:50.020073
2025-09-21,65816,2025092104011616,HDHPC,Trisul Securities & Invt. Ltd.,Naasa Securities Co. Ltd.,141,175.0,24675.0,2025-09-21 11:58:22.577553
2025-09-21,65815,2025092104011617,HDHPC,Deevyaa Securities & Stock House Pvt. Ltd,Naasa Securities Co. Ltd.,200,175.0,35000.0,2025-09-21 11:58:22.577600
2025-09-21,65814,2025092104011618,HDHPC,Trishakti Securities Public Limited,Naasa Securities Co. Ltd.,100,174.3,17430.0,2025-09-21 11:58:22.577626
2025-09-21,65813,2025092104011619,HDHPC,Imperial Securities Company Pvt. Ltd.,Naasa Securities Co. Ltd.,39,174.2,6793.8,2025-09-21 11:58:22.577660
2025-09-21,65746,2025092104011635,HDHPC,Naasa Securities Co. Ltd.,Deevyaa Securities & Stock House Pvt. Ltd,40,175.9,7036.0,2025-09-21 11:58:38.093734
2025-09-21,65524,2025092104011697,HDHPC,Trishakti Securities Public Limited,Deevyaa Securities & Stock House Pvt. Ltd,60,175.9,10554.0,2025-09-21 11:59:15.990377
2025-09-21,65523,2025092104011698,HDHPC,Trishakti Securities Public Limited,Asian Securities Private Ltd.,105,176.0,18480.0,2025-09-21 11:59:15.990546
2025-09-21,65522,2025092104011699,HDHPC,Trishakti Securities Public Limited,Trisul Securities & Invt. Ltd.,1835,176.0,322960.0,2025-09-21 11:59:15.990609
2025-09-21,65280,2025092104011746,HDHPC,Secured Securities Ltd.,Trisul Securities & Invt. Ltd.,165,176.0,29040.0,2025-09-21 12:00:03.829149
2025-09-21,65279,2025092104011747,HDHPC,Secured Securities Ltd.,Thrive Brokerage House Pvt. Ltd,961,177.0,170097.0,2025-09-21 12:00:03.829499
2025-09-21,65217,2025092104011767,HDHPC,Vision Securities Pvt. Ltd,Thrive Brokerage House Pvt. Ltd,384,177.0,67968.0,2025-09-21 12:00:14.110537
2025-09-21,65216,2025092104011768,HDHPC,Vision Securities Pvt. Ltd,Online Securities Pvt. Ltd.,616,177.0,109032.0,2025-09-21 12:00:14.110736
2025-09-21,65004,2025092104011845,HDHPC,Pragyan Securities (PVT) Ltd.,Sweta Securities Private Limited,100,176.0,17600.0,2025-09-21 12:00:53.548673
2025-09-21,65003,2025092104011846,HDHPC,Linch Stock Market Ltd.,Sweta Securities Private Limited,12,176.0,2112.0,2025-09-21 12:00:53.548858
2025-09-21,64733,2025092104011911,HDHPC,Nepal Stock House (PVT) Ltd.,Sweta Securities Private Limited,188,176.0,33088.0,2025-09-21 12:01:39.918664
2025-09-21,64732,2025092104011912,HDHPC,Nepal Stock House (PVT) Ltd.,Online Securities Pvt. Ltd.,1384,177.0,244968.0,2025-09-21 12:01:39.918969
2025-09-21,64731,2025092104011913,HDHPC,Nepal Stock House (PVT) Ltd.,Kumari Securities Private Limited,50,177.0,8850.0,2025-09-21 12:01:39.919181
2025-09-21,64730,2025092104011914,HDHPC,Nepal Stock House (PVT) Ltd.,Bhrikuti Stock Broking Co. Pvt. Ltd.,1350,177.0,238950.0,2025-09-21 12:01:39.919392
2025-09-21,64729,2025092104011915,HDHPC,Nepal Stock House (PVT) Ltd.,Nepal Stock House (PVT) Ltd.,1028,177.0,181956.0,2025-09-21 12:01:39.919588
2025-09-21,64393,2025092104011988,HDHPC,Online Securities Pvt. Ltd.,Naasa Securities Co. Ltd.,18,176.0,3168.0,2025-09-21 12:02:32.869528
2025-09-21,64078,2025092104012078,HDHPC,Linch Stock Market Ltd.,Nepal Stock House (PVT) Ltd.,672,177.0,118944.0,2025-09-21 12:03:25.435761
2025-09-21,64077,2025092104012079,HDHPC,Linch Stock Market Ltd.,Vision Securities Pvt. Ltd,180,177.0,31860.0,2025-09-21 12:03:25.435959
2025-09-21,63674,2025092104012190,HDHPC,Linch Stock Market Ltd.,Sweta Securities Private Limited,1000,177.0,177000.0,2025-09-21 12:04:38.373210
2025-09-21,62569,2025092104012545,HDHPC,Imperial Securities Company Pvt. Ltd.,ABC Securities Private Limited,50,177.1,8855.0,2025-09-21 12:07:37.794733
2025-09-21,62297,2025092104012644,HDHPC,Dakshinkali Investment & Securities Pvt. Ltd.,Aryatara Investment & Securities,20,177.5,3550.0,2025-09-21 12:08:18.838182
2025-09-21,62028,2025092104012727,HDHPC,Kumari Securities Private Limited,Linch Stock Market Ltd.,10,177.9,1779.0,2025-09-21 12:08:59.009194
2025-09-21,61869,2025092104012763,HDHPC,Dakshinkali Investment & Securities Pvt. Ltd.,Linch Stock Market Ltd.,78,177.9,13876.2,2025-09-21 12:09:21.616128
2025-09-21,61863,2025092104012768,HDHPC,Siprabi Securities Pvt. Ltd.,Aryatara Investment & Securities,500,178.0,89000.0,2025-09-21 12:09:22.599615
2025-09-21,61804,2025092104012773,HDHPC,Malla & Malla Stock Broking Company Pvt. Limited,Trisul Securities & Invt. Ltd.,25,177.5,4437.5,2025-09-21 12:09:28.355228
2025-09-21,61803,2025092104012774,HDHPC,Online Securities Pvt. Ltd.,Trisul Securities & Invt. Ltd.,15,177.5,2662.5,2025-09-21 12:09:28.355430
2025-09-21,61681,2025092104012805,HDHPC,Naasa Securities Co. Ltd.,Aryatara Investment & Securities,100,178.0,17800.0,2025-09-21 12:09:41.922795
2025-09-21,61608,2025092104012823,HDHPC,Shree Krishna Securities Ltd.,Aryatara Investment & Securities,100,178.0,17800.0,2025-09-21 12:09:52.020273
2025-09-21,61527,2025092104012848,HDHPC,ABC Securities Private Limited,Siprabi Securities Pvt. Ltd.,100,178.0,17800.0,2025-09-21 12:10:02.066134
2025-09-21,61526,2025092104012849,HDHPC,ABC Securities Private Limited,Cristal Kanchanjanga Securites Pvt. Ltd.,50,178.0,8900.0,2025-09-21 12:10:02.066485
2025-09-21,61525,2025092104012850,HDHPC,ABC Securities Private Limited,Sumeru Securities Pvt. Ltd.,750,178.0,133500.0,2025-09-21 12:10:02.066686
2025-09-21,60328,2025092104013168,HDHPC,Aryatara Investment & Securities,Aryatara Investment & Securities,200,178.4,35680.0,2025-09-21 12:12:50.333925
2025-09-21,60256,2025092104013189,HDHPC,Naasa Securities Co. Ltd.,Aryatara Investment & Securities,92,178.4,16412.8,2025-09-21 12:13:01.300536
2025-09-21,60235,2025092104013198,HDHPC,Online Securities Pvt. Ltd.,Aryatara Investment & Securities,17,178.4,3032.8,2025-09-21 12:13:06.515817
2025-09-21,60161,2025092104013231,HDHPC,Naasa Securities Co. Ltd.,Sewa Securities Pvt. Ltd.,91,178.2,16216.2,2025-09-21 12:13:18.625543
2025-09-21,60093,2025092104013244,HDHPC,Online Securities Pvt. Ltd.,Aryatara Investment & Securities,560,178.4,99904.0,2025-09-21 12:13:27.974729
2025-09-21,60039,2025092104013259,HDHPC,Aryatara Investment & Securities,Aryatara Investment & Securities,30,178.4,5352.0,2025-09-21 12:13:37.174463
2025-09-21,59897,2025092104013289,HDHPC,Imperial Securities Company Pvt. Ltd.,Aryatara Investment & Securities,101,178.4,18018.4,2025-09-21 12:13:54.963887
2025-09-21,59896,2025092104013290,HDHPC,Imperial Securities Company Pvt. Ltd.,Linch Stock Market Ltd.,80,178.5,14280.0,2025-09-21 12:13:54.963945
2025-09-21,59895,2025092104013291,HDHPC,Imperial Securities Company Pvt. Ltd.,Thrive Brokerage House Pvt. Ltd,1000,178.5,178500.0,2025-09-21 12:13:54.963967
2025-09-21,59894,2025092104013292,HDHPC,Imperial Securities Company Pvt. Ltd.,J.F. Securites (PVT) Ltd.,100,178.5,17850.0,2025-09-21 12:13:54.963989
2025-09-21,59893,2025092104013293,HDHPC,Imperial Securities Company Pvt. Ltd.,Sweta Securities Private Limited,499,178.8,89221.2,2025-09-21 12:13:54.964010
2025-09-21,59598,2025092104013377,HDHPC,Sani Securities Company Ltd.,Primo Securities (PVT) Ltd.,100,178.9,17890.0,2025-09-21 12:14:40.406067
2025-09-21,59513,2025092104013414,HDHPC,Aryatara Investment & Securities,Primo Securities (PVT) Ltd.,750,178.9,134175.0,2025-09-21 12:14:52.582410
2025-09-21,59468,2025092104013424,HDHPC,Pragyan Securities (PVT) Ltd.,Sewa Securities Pvt. Ltd.,1000,178.8,178800.0,2025-09-21 12:14:57.425992
2025-09-21,59467,2025092104013425,HDHPC,Pragyan Securities (PVT) Ltd.,Primo Securities (PVT) Ltd.,250,178.9,44725.0,2025-09-21 12:14:57.426350
2025-09-21,59082,2025092104013530,HDHPC,Pragyan Securities (PVT) Ltd.,Imperial Securities Company Pvt. Ltd.,750,178.9,134175.0,2025-09-21 12:15:46.711938
2025-09-21,58582,2025092104013646,HDHPC,Agrawal Securities (PVT) Ltd.,Creative Securities Pvt Ltd,30,179.0,5370.0,2025-09-21 12:16:49.203560
2025-09-21,58581,2025092104013647,HDHPC,Agrawal Securities (PVT) Ltd.,Asian Securities Private Ltd.,10,179.0,1790.0,2025-09-21 12:16:49.203811
2025-09-21,58580,2025092104013648,HDHPC,Agrawal Securities (PVT) Ltd.,Siprabi Securities Pvt. Ltd.,100,179.0,17900.0,2025-09-21 12:16:49.203924
2025-09-21,58520,2025092104013664,HDHPC,Agrawal Securities (PVT) Ltd.,SUN SECURITIES PVT LTD,10,179.0,1790.0,2025-09-21 12:16:59.188100
2025-09-21,58229,2025092104013735,HDHPC,Sani Securities Company Ltd.,Dakshinkali Investment & Securities Pvt. Ltd.,200,179.5,35900.0,2025-09-21 12:17:42.434826
2025-09-21,58228,2025092104013736,HDHPC,Sani Securities Company Ltd.,Vision Securities Pvt. Ltd,50,179.5,8975.0,2025-09-21 12:17:42.435056
2025-09-21,58227,2025092104013737,HDHPC,Sani Securities Company Ltd.,Capital Max Securities Ltd,20,179.5,3590.0,2025-09-21 12:17:42.435136
2025-09-21,58226,2025092104013738,HDHPC,Sani Securities Company Ltd.,Imperial Securities Company Pvt. Ltd.,730,180.0,131400.0,2025-09-21 12:17:42.435216
2025-09-21,57732,2025092104013836,HDHPC,Naasa Securities Co. Ltd.,ABC Securities Private Limited,209,179.2,37452.8,2025-09-21 12:18:48.143638
2025-09-21,57731,2025092104013837,HDHPC,Siprabi Securities Pvt. Ltd.,ABC Securities Private Limited,41,179.2,7347.2,2025-09-21 12:18:48.144001
2025-09-21,57603,2025092104013865,HDHPC,Agrawal Securities (PVT) Ltd.,South Asian Bulls Pvt. Ltd.,25,179.2,4480.0,2025-09-21 12:19:05.243031
2025-09-21,57280,2025092104013912,HDHPC,Naasa Securities Co. Ltd.,South Asian Bulls Pvt. Ltd.,15,179.2,2688.0,2025-09-21 12:19:46.217943
2025-09-21,57141,2025092104013938,HDHPC,Dipshikha Dhitopatra Karobar Co. Pvt Ltd.,South Asian Bulls Pvt. Ltd.,55,179.2,9856.0,2025-09-21 12:20:02.723684
2025-09-21,57043,2025092104013958,HDHPC,Primo Securities (PVT) Ltd.,Nepal Stock House (PVT) Ltd.,1000,179.1,179100.0,2025-09-21 12:20:15.293461
2025-09-21,57042,2025092104013959,HDHPC,Market Securities & Exchange (PVT) Ltd.,Nepal Stock House (PVT) Ltd.,35,179.1,6268.5,2025-09-21 12:20:15.293714
2025-09-21,57041,2025092104013960,HDHPC,Sani Securities Company Ltd.,Nepal Stock House (PVT) Ltd.,150,179.1,26865.0,2025-09-21 12:20:15.293797
2025-09-21,56930,2025092104013990,HDHPC,Agrawal Securities (PVT) Ltd.,ABC Securities Private Limited,250,179.0,44750.0,2025-09-21 12:20:34.513322
2025-09-21,56883,2025092104014016,HDHPC,Kohinoor Investment & Securities Pvt. Ltd.,Nepal Stock House (PVT) Ltd.,50,179.1,8955.0,2025-09-21 12:20:39.271640
2025-09-21,56806,2025092104014047,HDHPC,Agrawal Securities (PVT) Ltd.,Vision Securities Pvt. Ltd,10,179.0,1790.0,2025-09-21 12:20:51.545338
2025-09-21,56436,2025092104014115,HDHPC,Arun Securities (PVT) Ltd.,Nepal Stock House (PVT) Ltd.,200,179.1,35820.0,2025-09-21 12:21:35.466549
2025-09-21,56398,2025092104014117,HDHPC,Agrawal Securities (PVT) Ltd.,Opal Securities Investment (PVT) Ltd.,100,179.0,17900.0,2025-09-21 12:21:37.690611
2025-09-21,56374,2025092104014119,HDHPC,Nepal Stock House (PVT) Ltd.,Nepal Stock House (PVT) Ltd.,50,179.1,8955.0,2025-09-21 12:21:41.540179
2025-09-21,56329,2025092104014122,HDHPC,Naasa Securities Co. Ltd.,Nepal Stock House (PVT) Ltd.,30,179.1,5373.0,2025-09-21 12:21:46.853431
2025-09-21,56302,2025092104014125,HDHPC,Sri Hari Securities Pvt. Ltd.,Nepal Stock House (PVT) Ltd.,100,179.1,17910.0,2025-09-21 12:21:50.491736
2025-09-21,56059,2025092104014198,HDHPC,Naasa Securities Co. Ltd.,Nepal Stock House (PVT) Ltd.,84,179.1,15044.4,2025-09-21 12:22:22.127291
2025-09-21,56004,2025092104014208,HDHPC,Agrawal Securities (PVT) Ltd.,Imperial Securities Company Pvt. Ltd.,1990,179.0,356210.0,2025-09-21 12:22:27.680911
2025-09-21,56003,2025092104014209,HDHPC,Naasa Securities Co. Ltd.,Imperial Securities Company Pvt. Ltd.,160,179.0,28640.0,2025-09-21 12:22:27.681157
2025-09-21,56002,2025092104014210,HDHPC,J.F. Securites (PVT) Ltd.,Imperial Securities Company Pvt. Ltd.,200,179.0,35800.0,2025-09-21 12:22:27.681245
2025-09-21,56001,2025092104014211,HDHPC,J.F. Securites (PVT) Ltd.,Imperial Securities Company Pvt. Ltd.,100,179.0,17900.0,2025-09-21 12:22:27.681330
2025-09-21,56000,2025092104014212,HDHPC,Imperial Securities Company Pvt. Ltd.,Imperial Securities Company Pvt. Ltd.,500,179.0,89500.0,2025-09-21 12:22:27.681404
2025-09-21,55999,2025092104014213,HDHPC,Swarna Laxmi Securities Pvt. Ltd.,Imperial Securities Company Pvt. Ltd.,100,179.0,17900.0,2025-09-21 12:22:27.681482
2025-09-21,55998,2025092104014214,HDHPC,Sri Hari Securities Pvt. Ltd.,Imperial Securities Company Pvt. Ltd.,100,179.0,17900.0,2025-09-21 12:22:27.681556
2025-09-21,55997,2025092104014215,HDHPC,Imperial Securities Company Pvt. Ltd.,Imperial Securities Company Pvt. Ltd.,100,179.0,17900.0,2025-09-21 12:22:27.681631
2025-09-21,55996,2025092104014216,HDHPC,Online Securities Pvt. Ltd.,Imperial Securities Company Pvt. Ltd.,560,179.0,100240.0,2025-09-21 12:22:27.681722
2025-09-21,55995,2025092104014217,HDHPC,Sweta Securities Private Limited,Imperial Securities Company Pvt. Ltd.,100,179.0,17900.0,2025-09-21 12:22:27.681797
2025-09-21,55994,2025092104014218,HDHPC,Malla & Malla Stock Broking Company Pvt. Limited,Imperial Securities Company Pvt. Ltd.,65,179.0,11635.0,2025-09-21 12:22:27.681867
2025-09-21,55925,2025092104014243,HDHPC,Online Securities Pvt. Ltd.,Imperial Securities Company Pvt. Ltd.,60,179.0,10740.0,2025-09-21 12:22:35.909172
2025-09-21,55713,2025092104014311,HDHPC,Market Securities & Exchange (PVT) Ltd.,Imperial Securities Company Pvt. Ltd.,24,179.0,4296.0,2025-09-21 12:23:02.308966
2025-09-21,55712,2025092104014312,HDHPC,Market Securities & Exchange (PVT) Ltd.,Sewa Securities Pvt. Ltd.,100,179.0,17900.0,2025-09-21 12:23:02.309183
2025-09-21,55345,2025092104014379,HDHPC,Kohinoor Investment & Securities Pvt. Ltd.,Nepal Stock House (PVT) Ltd.,20,179.1,3582.0,2025-09-21 12:23:53.903956
2025-09-21,55082,2025092104014448,HDHPC,Magnet Securities and Investment Company Private Limited,Nepal Stock House (PVT) Ltd.,100,179.1,17910.0,2025-09-21 12:24:27.381969
2025-09-21,55063,2025092104014465,HDHPC,Market Securities & Exchange (PVT) Ltd.,Imperial Securities Company Pvt. Ltd.,25,179.0,4475.0,2025-09-21 12:24:27.626956
2025-09-21,54947,2025092104014497,HDHPC,Nepal Stock House (PVT) Ltd.,Nepal Stock House (PVT) Ltd.,100,179.1,17910.0,2025-09-21 12:24:43.657818
2025-09-21,54816,2025092104014539,HDHPC,Market Securities & Exchange (PVT) Ltd.,pahiinvestment,280,179.0,50120.0,2025-09-21 12:24:55.213692
2025-09-21,54380,2025092104014631,HDHPC,Sri Hari Securities Pvt. Ltd.,Nepal Stock House (PVT) Ltd.,100,179.1,17910.0,2025-09-21 12:25:52.634410
2025-09-21,54329,2025092104014641,HDHPC,Shree Krishna Securities Ltd.,Nepal Stock House (PVT) Ltd.,200,179.1,35820.0,2025-09-21 12:26:00.628250
2025-09-21,54172,2025092104014686,HDHPC,Market Securities & Exchange (PVT) Ltd.,Dipshikha Dhitopatra Karobar Co. Pvt Ltd.,71,179.0,12709.0,2025-09-21 12:26:22.294454
2025-09-21,54171,2025092104014687,HDHPC,Aryatara Investment & Securities,Dipshikha Dhitopatra Karobar Co. Pvt Ltd.,200,179.0,35800.0,2025-09-21 12:26:22.294644
2025-09-21,54170,2025092104014688,HDHPC,Naasa Securities Co. Ltd.,Dipshikha Dhitopatra Karobar Co. Pvt Ltd.,22,179.0,3938.0,2025-09-21 12:26:22.294756
2025-09-21,54169,2025092104014689,HDHPC,Naasa Securities Co. Ltd.,Dipshikha Dhitopatra Karobar Co. Pvt Ltd.,36,179.0,6444.0,2025-09-21 12:26:22.294837
2025-09-21,54168,2025092104014690,HDHPC,Deevyaa Securities & Stock House Pvt. Ltd,Dipshikha Dhitopatra Karobar Co. Pvt Ltd.,171,179.0,30609.0,2025-09-21 12:26:22.294911
2025-09-21,54103,2025092104014705,HDHPC,Deevyaa Securities & Stock House Pvt. Ltd,Online Securities Pvt. Ltd.,100,179.0,17900.0,2025-09-21 12:26:30.770369
2025-09-21,54099,2025092104014707,HDHPC,Kohinoor Investment & Securities Pvt. Ltd.,Nepal Stock House (PVT) Ltd.,20,179.1,3582.0,2025-09-21 12:26:31.456606
2025-09-21,53883,2025092104014779,HDHPC,South Asian Bulls Pvt. Ltd.,Nepal Stock House (PVT) Ltd.,761,179.1,136295.1,2025-09-21 12:26:57.437467
2025-09-21,53547,2025092104014875,HDHPC,Naasa Securities Co. Ltd.,ABC Securities Private Limited,90,179.1,16119.0,2025-09-21 12:27:46.372144
2025-09-21,53546,2025092104014876,HDHPC,Deevyaa Securities & Stock House Pvt. Ltd,ABC Securities Private Limited,20,179.0,3580.0,2025-09-21 12:27:46.372374
2025-09-21,53431,2025092104014913,HDHPC,Naasa Securities Co. Ltd.,South Asian Bulls Pvt. Ltd.,105,179.2,18816.0,2025-09-21 12:28:04.179542
2025-09-21,53181,2025092104015005,HDHPC,Imperial Securities Company Pvt. Ltd.,J.F. Securites (PVT) Ltd.,200,179.9,35980.0,2025-09-21 12:28:37.438429
2025-09-21,53124,2025092104015029,HDHPC,Sundhara Securities Limited,J.F. Securites (PVT) Ltd.,111,179.9,19968.9,2025-09-21 12:28:47.496443
2025-09-21,52968,2025092104015072,HDHPC,Sri Hari Securities Pvt. Ltd.,J.F. Securites (PVT) Ltd.,659,179.9,118554.1,2025-09-21 12:29:04.943393
2025-09-21,52967,2025092104015073,HDHPC,Sri Hari Securities Pvt. Ltd.,Imperial Securities Company Pvt. Ltd.,270,180.0,48600.0,2025-09-21 12:29:04.943637
2025-09-21,52966,2025092104015074,HDHPC,Sri Hari Securities Pvt. Ltd.,Secured Securities Ltd.,71,180.0,12780.0,2025-09-21 12:29:04.943715
2025-09-21,52791,2025092104015105,HDHPC,Trishakti Securities Public Limited,Secured Securities Ltd.,329,180.0,59220.0,2025-09-21 12:29:24.569368
2025-09-21,52790,2025092104015106,HDHPC,Trishakti Securities Public Limited,ABC Securities Private Limited,371,180.0,66780.0,2025-09-21 12:29:24.569584
2025-09-21,52766,2025092104015115,HDHPC,Kalika Securities Pvt. Ltd.,Imperial Securities Company Pvt. Ltd.,200,179.2,35840.0,2025-09-21 12:29:26.896267
2025-09-21,52765,2025092104015116,HDHPC,Sani Securities Company Ltd.,Imperial Securities Company Pvt. Ltd.,110,179.2,19712.0,2025-09-21 12:29:26.896655
2025-09-21,52588,2025092104015157,HDHPC,Sumeru Securities Pvt. Ltd.,ABC Securities Private Limited,129,180.0,23220.0,2025-09-21 12:29:48.378350
2025-09-21,52587,2025092104015158,HDHPC,Sumeru Securities Pvt. Ltd.,Neev Securities Pvt. Ltd.,45,180.0,8100.0,2025-09-21 12:29:48.378772
2025-09-21,52586,2025092104015159,HDHPC,Sumeru Securities Pvt. Ltd.,Naasa Securities Co. Ltd.,20,180.0,3600.0,2025-09-21 12:29:48.379061
2025-09-21,52585,2025092104015160,HDHPC,Sumeru Securities Pvt. Ltd.,Nepal Investment And Securities Trading Private Limited,1000,180.0,180000.0,2025-09-21 12:29:48.379389
2025-09-21,52584,2025092104015161,HDHPC,Sumeru Securities Pvt. Ltd.,Siprabi Securities Pvt. Ltd.,180,180.0,32400.0,2025-09-21 12:29:48.379673
2025-09-21,52583,2025092104015162,HDHPC,Sumeru Securities Pvt. Ltd.,Opal Securities Investment (PVT) Ltd.,240,180.0,43200.0,2025-09-21 12:29:48.379948
2025-09-21,52573,2025092104015166,HDHPC,Sipla Securities Private Limited,Opal Securities Investment (PVT) Ltd.,200,180.0,36000.0,2025-09-21 12:29:51.071183
2025-09-21,52543,2025092104015170,HDHPC,Naasa Securities Co. Ltd.,Opal Securities Investment (PVT) Ltd.,60,180.0,10800.0,2025-09-21 12:29:54.899253
2025-09-21,52542,2025092104015171,HDHPC,Naasa Securities Co. Ltd.,Online Securities Pvt. Ltd.,24,180.0,4320.0,2025-09-21 12:29:54.899457
2025-09-21,52506,2025092104015182,HDHPC,Opal Securities Investment (PVT) Ltd.,Online Securities Pvt. Ltd.,176,180.0,31680.0,2025-09-21 12:30:00.047170
2025-09-21,52505,2025092104015183,HDHPC,Opal Securities Investment (PVT) Ltd.,Linch Stock Market Ltd.,124,180.0,22320.0,2025-09-21 12:30:00.047413
2025-09-21,52029,2025092104015315,HDHPC,Imperial Securities Company Pvt. Ltd.,Imperial Securities Company Pvt. Ltd.,500,179.3,89650.0,2025-09-21 12:30:59.803826
2025-09-21,51849,2025092104015366,HDHPC,Aryatara Investment & Securities,Imperial Securities Company Pvt. Ltd.,50,179.3,8965.0,2025-09-21 12:31:23.103428
2025-09-21,51761,2025092104015390,HDHPC,Aryatara Investment & Securities,Imperial Securities Company Pvt. Ltd.,1254,179.3,224842.2,2025-09-21 12:31:36.876932
2025-09-21,51592,2025092104015429,HDHPC,Sani Securities Company Ltd.,Linch Stock Market Ltd.,100,180.0,18000.0,2025-09-21 12:31:56.255719
2025-09-21,51445,2025092104015463,HDHPC,Creative Securities Pvt Ltd,Linch Stock Market Ltd.,400,180.0,72000.0,2025-09-21 12:32:15.754742
2025-09-21,50950,2025092104015609,HDHPC,Cristal Kanchanjanga Securites Pvt. Ltd.,Linch Stock Market Ltd.,300,180.0,54000.0,2025-09-21 12:33:15.325617
2025-09-21,50899,2025092104015621,HDHPC,Dakshinkali Investment & Securities Pvt. Ltd.,Nepal Stock House (PVT) Ltd.,1007,179.4,180655.8,2025-09-21 12:33:19.739863
2025-09-21,50813,2025092104015634,HDHPC,Dakshinkali Investment & Securities Pvt. Ltd.,Sundhara Securities Limited,500,179.4,89700.0,2025-09-21 12:33:28.114301
2025-09-21,50318,2025092104015754,HDHPC,Capital Hub P. Ltd,Linch Stock Market Ltd.,76,180.0,13680.0,2025-09-21 12:34:34.692096
2025-09-21,50317,2025092104015755,HDHPC,Capital Hub P. Ltd,Kalika Securities Pvt. Ltd.,424,180.0,76320.0,2025-09-21 12:34:34.692295
2025-09-21,50200,2025092104015789,HDHPC,ABC Securities Private Limited,Kalika Securities Pvt. Ltd.,1376,180.0,247680.0,2025-09-21 12:34:47.132058
2025-09-21,50199,2025092104015790,HDHPC,ABC Securities Private Limited,Trisul Securities & Invt. Ltd.,50,180.0,9000.0,2025-09-21 12:34:47.132147
2025-09-21,50198,2025092104015791,HDHPC,ABC Securities Private Limited,Sani Securities Company Ltd.,400,180.0,72000.0,2025-09-21 12:34:47.132220
2025-09-21,50197,2025092104015792,HDHPC,ABC Securities Private Limited,Imperial Securities Company Pvt. Ltd.,500,180.0,90000.0,2025-09-21 12:34:47.132284
2025-09-21,50196,2025092104015793,HDHPC,ABC Securities Private Limited,Asian Securities Private Ltd.,500,180.0,90000.0,2025-09-21 12:34:47.132374
2025-09-21,50195,2025092104015794,HDHPC,ABC Securities Private Limited,Dakshinkali Investment & Securities Pvt. Ltd.,174,180.5,31407.0,2025-09-21 12:34:47.132447
2025-09-21,50061,2025092104015824,HDHPC,Dakshinkali Investment & Securities Pvt. Ltd.,Sani Securities Company Ltd.,1000,180.0,180000.0,2025-09-21 12:35:01.473337
2025-09-21,49832,2025092104015909,HDHPC,Secured Securities Ltd.,Dakshinkali Investment & Securities Pvt. Ltd.,30,180.5,5415.0,2025-09-21 12:35:28.509422
2025-09-21,49831,2025092104015910,HDHPC,Secured Securities Ltd.,Investment Management Nepal Pvt. Ltd.,70,180.5,12635.0,2025-09-21 12:35:28.509655
2025-09-21,49810,2025092104015922,HDHPC,Linch Stock Market Ltd.,Investment Management Nepal Pvt. Ltd.,130,180.5,23465.0,2025-09-21 12:35:32.826632
2025-09-21,49809,2025092104015923,HDHPC,Linch Stock Market Ltd.,Blue Chip Securities Ltd,500,180.5,90250.0,2025-09-21 12:35:32.826838
2025-09-21,49670,2025092104015960,HDHPC,Linch Stock Market Ltd.,Premier Securities Company Ltd.,100,180.5,18050.0,2025-09-21 12:35:53.668349
2025-09-21,49416,2025092104016046,HDHPC,Online Securities Pvt. Ltd.,Premier Securities Company Ltd.,10,180.9,1809.0,2025-09-21 12:36:25.574506
2025-09-21,49369,2025092104016063,HDHPC,Trishakti Securities Public Limited,Trishakti Securities Public Limited,100,181.0,18100.0,2025-09-21 12:36:31.829280
2025-09-21,49073,2025092104016167,HDHPC,Nepal Stock House (PVT) Ltd.,Trishakti Securities Public Limited,300,181.0,54300.0,2025-09-21 12:37:04.754934
2025-09-21,49072,2025092104016168,HDHPC,Nepal Stock House (PVT) Ltd.,ABC Securities Private Limited,100,181.0,18100.0,2025-09-21 12:37:04.755425
2025-09-21,49037,2025092104016180,HDHPC,Creative Securities Pvt Ltd,ABC Securities Private Limited,750,181.0,135750.0,2025-09-21 12:37:08.651021
2025-09-21,49034,2025092104016181,HDHPC,Aryatara Investment & Securities,ABC Securities Private Limited,150,181.0,27150.0,2025-09-21 12:37:09.073522
2025-09-21,49033,2025092104016182,HDHPC,Aryatara Investment & Securities,SHUBHAKAMANA SECURITIES PVT. LTD,46,181.0,8326.0,2025-09-21 12:37:09.073741
2025-09-21,48642,2025092104016294,HDHPC,Aryatara Investment & Securities,South Asian Bulls Pvt. Ltd.,696,180.9,125906.4,2025-09-21 12:37:55.493200
2025-09-21,48615,2025092104016301,HDHPC,ABC Securities Private Limited,Swarna Laxmi Securities Pvt. Ltd.,32,180.6,5779.2,2025-09-21 12:38:00.364888
2025-09-21,48604,2025092104016304,HDHPC,Kohinoor Investment & Securities Pvt. Ltd.,SHUBHAKAMANA SECURITIES PVT. LTD,20,181.0,3620.0,2025-09-21 12:38:03.635133
2025-09-21,48471,2025092104016339,HDHPC,Aryatara Investment & Securities,Dipshikha Dhitopatra Karobar Co. Pvt Ltd.,200,180.9,36180.0,2025-09-21 12:38:25.535146
2025-09-21,48372,2025092104016373,HDHPC,Dakshinkali Investment & Securities Pvt. Ltd.,SHUBHAKAMANA SECURITIES PVT. LTD,493,181.0,89233.0,2025-09-21 12:38:38.136567
2025-09-21,48231,2025092104016410,HDHPC,ABC Securities Private Limited,SHUBHAKAMANA SECURITIES PVT. LTD,1441,181.0,260821.0,2025-09-21 12:39:02.824998
2025-09-21,48230,2025092104016411,HDHPC,ABC Securities Private Limited,Dipshikha Dhitopatra Karobar Co. Pvt Ltd.,527,181.0,95387.0,2025-09-21 12:39:02.825178
2025-09-21,48222,2025092104016414,HDHPC,Trishakti Securities Public Limited,Dipshikha Dhitopatra Karobar Co. Pvt Ltd.,200,181.0,36200.0,2025-09-21 12:39:04.615415
2025-09-21,48204,2025092104016423,HDHPC,Prabhu Stock Market Limited,Dipshikha Dhitopatra Karobar Co. Pvt Ltd.,200,181.0,36200.0,2025-09-21 12:39:08.257368
2025-09-21,48187,2025092104016430,HDHPC,Aryatara Investment & Securities,Sani Securities Company Ltd.,496,180.9,89726.4,2025-09-21 12:39:10.449583
2025-09-21,48061,2025092104016471,HDHPC,Online Securities Pvt. Ltd.,Sani Securities Company Ltd.,304,180.9,54993.6,2025-09-21 12:39:25.618802
2025-09-21,48060,2025092104016472,HDHPC,Online Securities Pvt. Ltd.,Dipshikha Dhitopatra Karobar Co. Pvt Ltd.,173,181.0,31313.0,2025-09-21 12:39:25.619009
2025-09-21,48059,2025092104016473,HDHPC,Online Securities Pvt. Ltd.,Vision Securities Pvt. Ltd,500,181.0,90500.0,2025-09-21 12:39:25.619086
2025-09-21,48058,2025092104016474,HDHPC,Online Securities Pvt. Ltd.,Aryatara Investment & Securities,100,181.0,18100.0,2025-09-21 12:39:25.619159
2025-09-21,48057,2025092104016475,HDHPC,Online Securities Pvt. Ltd.,Aryatara Investment & Securities,13,181.0,2353.0,2025-09-21 12:39:25.619244
2025-09-21,47986,2025092104016499,HDHPC,Aryatara Investment & Securities,Aryatara Investment & Securities,100,181.0,18100.0,2025-09-21 12:39:34.615206
2025-09-21,47822,2025092104016538,HDHPC,Kohinoor Investment & Securities Pvt. Ltd.,Aryatara Investment & Securities,10,181.0,1810.0,2025-09-21 12:39:51.931840
2025-09-21,47690,2025092104016587,HDHPC,Kalika Securities Pvt. Ltd.,Vision Securities Pvt. Ltd,550,180.9,99495.0,2025-09-21 12:40:11.121116
2025-09-21,47689,2025092104016588,HDHPC,Kohinoor Investment & Securities Pvt. Ltd.,Vision Securities Pvt. Ltd,20,180.7,3614.0,2025-09-21 12:40:11.121346
2025-09-21,47688,2025092104016589,HDHPC,Secured Securities Ltd.,Vision Securities Pvt. Ltd,30,180.5,5415.0,2025-09-21 12:40:11.121429
2025-09-21,47687,2025092104016590,HDHPC,J.F. Securites (PVT) Ltd.,Vision Securities Pvt. Ltd,500,180.1,90050.0,2025-09-21 12:40:11.121505
2025-09-21,47686,2025092104016591,HDHPC,Dakshinkali Investment & Securities Pvt. Ltd.,Vision Securities Pvt. Ltd,900,180.0,162000.0,2025-09-21 12:40:11.121578
2025-09-21,47670,2025092104016596,HDHPC,Vision Securities Pvt. Ltd,Aryatara Investment & Securities,491,181.0,88871.0,2025-09-21 12:40:12.739021
2025-09-21,47630,2025092104016610,HDHPC,Dakshinkali Investment & Securities Pvt. Ltd.,Sani Securities Company Ltd.,100,180.0,18000.0,2025-09-21 12:40:18.195157
2025-09-21,47629,2025092104016611,HDHPC,Vision Securities Pvt. Ltd,Sani Securities Company Ltd.,200,180.0,36000.0,2025-09-21 12:40:18.195398
2025-09-21,47628,2025092104016612,HDHPC,Naasa Securities Co. Ltd.,Sani Securities Company Ltd.,100,180.0,18000.0,2025-09-21 12:40:18.195470
2025-09-21,47627,2025092104016613,HDHPC,South Asian Bulls Pvt. Ltd.,Sani Securities Company Ltd.,400,180.0,72000.0,2025-09-21 12:40:18.195542
2025-09-21,47626,2025092104016614,HDHPC,Sweta Securities Private Limited,Sani Securities Company Ltd.,110,180.0,19800.0,2025-09-21 12:40:18.195612
2025-09-21,47625,2025092104016615,HDHPC,Dipshikha Dhitopatra Karobar Co. Pvt Ltd.,Sani Securities Company Ltd.,100,180.0,18000.0,2025-09-21 12:40:18.195684
2025-09-21,47624,2025092104016616,HDHPC,Naasa Securities Co. Ltd.,Sani Securities Company Ltd.,20,180.0,3600.0,2025-09-21 12:40:18.195754
2025-09-21,47623,2025092104016617,HDHPC,Dipshikha Dhitopatra Karobar Co. Pvt Ltd.,Sani Securities Company Ltd.,200,180.0,36000.0,2025-09-21 12:40:18.195822
2025-09-21,47537,2025092104016639,HDHPC,ABC Securities Private Limited,Sani Securities Company Ltd.,1270,180.0,228600.0,2025-09-21 12:40:27.384634
2025-09-21,47147,2025092104016740,HDHPC,Aryatara Investment & Securities,Aryatara Investment & Securities,50,181.0,9050.0,2025-09-21 12:41:18.126043
2025-09-21,46649,2025092104016896,HDHPC,Asian Securities Private Ltd.,Aryatara Investment & Securities,1500,181.0,271500.0,2025-09-21 12:42:23.529477
2025-09-21,46633,2025092104016903,HDHPC,Vision Securities Pvt. Ltd,Aryatara Investment & Securities,1000,181.0,181000.0,2025-09-21 12:42:25.091118
2025-09-21,46451,2025092104016930,HDHPC,Asian Securities Private Ltd.,Aryatara Investment & Securities,411,181.0,74391.0,2025-09-21 12:42:48.250218
2025-09-21,46450,2025092104016931,HDHPC,Asian Securities Private Ltd.,Imperial Securities Company Pvt. Ltd.,500,181.0,90500.0,2025-09-21 12:42:48.250463
2025-09-21,46449,2025092104016932,HDHPC,Asian Securities Private Ltd.,Trisul Securities & Invt. Ltd.,150,181.0,27150.0,2025-09-21 12:42:48.250560
2025-09-21,46448,2025092104016933,HDHPC,Asian Securities Private Ltd.,South Asian Bulls Pvt. Ltd.,200,181.0,36200.0,2025-09-21 12:42:48.250635
2025-09-21,46295,2025092104016967,HDHPC,Asian Securities Private Ltd.,ABC Securities Private Limited,239,181.3,43330.7,2025-09-21 12:43:07.140397
2025-09-21,46285,2025092104016968,HDHPC,Deevyaa Securities & Stock House Pvt. Ltd,ABC Securities Private Limited,11,181.3,1994.3,2025-09-21 12:43:08.599609
2025-09-21,46284,2025092104016969,HDHPC,Deevyaa Securities & Stock House Pvt. Ltd,Sumeru Securities Pvt. Ltd.,260,181.4,47164.0,2025-09-21 12:43:08.599888
2025-09-21,46283,2025092104016970,HDHPC,Deevyaa Securities & Stock House Pvt. Ltd,Creative Securities Pvt Ltd,1000,181.4,181400.0,2025-09-21 12:43:08.600098
2025-09-21,46282,2025092104016971,HDHPC,Deevyaa Securities & Stock House Pvt. Ltd,Naasa Securities Co. Ltd.,729,181.4,132240.6,2025-09-21 12:43:08.600298
2025-09-21,46213,2025092104016988,HDHPC,Midas Stock Broking Company Private Limited,Naasa Securities Co. Ltd.,20,181.4,3628.0,2025-09-21 12:43:19.168859
2025-09-21,46173,2025092104017006,HDHPC,Asian Securities Private Ltd.,Naasa Securities Co. Ltd.,1401,181.4,254141.4,2025-09-21 12:43:25.335426
2025-09-21,46172,2025092104017007,HDHPC,Asian Securities Private Ltd.,Bhrikuti Stock Broking Co. Pvt. Ltd.,99,181.5,17968.5,2025-09-21 12:43:25.335645
2025-09-21,45997,2025092104017059,HDHPC,Aryatara Investment & Securities,Bhrikuti Stock Broking Co. Pvt. Ltd.,100,181.5,18150.0,2025-09-21 12:43:52.619467
2025-09-21,45948,2025092104017069,HDHPC,Nepal Investment And Securities Trading Private Limited,Bhrikuti Stock Broking Co. Pvt. Ltd.,55,181.5,9982.5,2025-09-21 12:44:01.845038
2025-09-21,45896,2025092104017085,HDHPC,Online Securities Pvt. Ltd.,Vision Securities Pvt. Ltd,500,181.0,90500.0,2025-09-21 12:44:10.659286
2025-09-21,45839,2025092104017107,HDHPC,Pragyan Securities (PVT) Ltd.,ABC Securities Private Limited,250,181.4,45350.0,2025-09-21 12:44:19.862262
2025-09-21,45838,2025092104017108,HDHPC,Pragyan Securities (PVT) Ltd.,Bhrikuti Stock Broking Co. Pvt. Ltd.,46,181.5,8349.0,2025-09-21 12:44:19.862485
2025-09-21,45830,2025092104017114,HDHPC,Asian Securities Private Ltd.,Online Securities Pvt. Ltd.,250,181.0,45250.0,2025-09-21 12:44:21.138121
2025-09-21,45769,2025092104017138,HDHPC,Midas Stock Broking Company Private Limited,Nepal Investment And Securities Trading Private Limited,135,181.5,24502.5,2025-09-21 12:44:28.241238
2025-09-21,45700,2025092104017156,HDHPC,Thrive Brokerage House Pvt. Ltd,Nepal Investment And Securities Trading Private Limited,365,181.5,66247.5,2025-09-21 12:44:39.801137
2025-09-21,45699,2025092104017157,HDHPC,Thrive Brokerage House Pvt. Ltd,South Asian Bulls Pvt. Ltd.,135,181.5,24502.5,2025-09-21 12:44:39.801364
2025-09-21,45678,2025092104017168,HDHPC,Naasa Securities Co. Ltd.,South Asian Bulls Pvt. Ltd.,365,181.5,66247.5,2025-09-21 12:44:43.232419
2025-09-21,45677,2025092104017169,HDHPC,Naasa Securities Co. Ltd.,Nepal Stock House (PVT) Ltd.,300,181.5,54450.0,2025-09-21 12:44:43.232774
2025-09-21,45676,2025092104017170,HDHPC,Naasa Securities Co. Ltd.,Sani Securities Company Ltd.,435,181.5,78952.5,2025-09-21 12:44:43.232978
2025-09-21,45624,2025092104017187,HDHPC,Midas Stock Broking Company Private Limited,Sani Securities Company Ltd.,10,181.5,1815.0,2025-09-21 12:44:51.707949
2025-09-21,45586,2025092104017200,HDHPC,ABC Securities Private Limited,Sani Securities Company Ltd.,555,181.5,100732.5,2025-09-21 12:45:00.077850
2025-09-21,45585,2025092104017201,HDHPC,ABC Securities Private Limited,Premier Securities Company Ltd.,445,181.5,80767.5,2025-09-21 12:45:00.078090
2025-09-21,45577,2025092104017202,HDHPC,Premier Securities Company Ltd.,Premier Securities Company Ltd.,55,181.5,9982.5,2025-09-21 12:45:01.834387
2025-09-21,45576,2025092104017203,HDHPC,Premier Securities Company Ltd.,Naasa Securities Co. Ltd.,100,181.5,18150.0,2025-09-21 12:45:01.834482
2025-09-21,45575,2025092104017204,HDHPC,Premier Securities Company Ltd.,Neev Securities Pvt. Ltd.,45,181.5,8167.5,2025-09-21 12:45:01.834549
2025-09-21,45570,2025092104017205,HDHPC,Online Securities Pvt. Ltd.,Vision Securities Pvt. Ltd,20,181.4,3628.0,2025-09-21 12:45:02.329391
2025-09-21,45551,2025092104017211,HDHPC,Sani Securities Company Ltd.,Vision Securities Pvt. Ltd,800,181.4,145120.0,2025-09-21 12:45:06.602998
2025-09-21,45328,2025092104017278,HDHPC,Nepal Stock House (PVT) Ltd.,Nepal Stock House (PVT) Ltd.,500,181.3,90650.0,2025-09-21 12:45:43.326694
2025-09-21,45205,2025092104017312,HDHPC,Sani Securities Company Ltd.,Nepal Stock House (PVT) Ltd.,1330,181.3,241129.0,2025-09-21 12:46:02.320043
2025-09-21,45195,2025092104017316,HDHPC,Naasa Securities Co. Ltd.,Nepal Stock House (PVT) Ltd.,170,181.3,30821.0,2025-09-21 12:46:05.567742
2025-09-21,45194,2025092104017317,HDHPC,Naasa Securities Co. Ltd.,Vision Securities Pvt. Ltd,1180,181.4,214052.0,2025-09-21 12:46:05.567779
2025-09-21,45193,2025092104017318,HDHPC,Naasa Securities Co. Ltd.,Kohinoor Investment & Securities Pvt. Ltd.,100,181.4,18140.0,2025-09-21 12:46:05.567805
2025-09-21,45192,2025092104017319,HDHPC,Naasa Securities Co. Ltd.,Neev Securities Pvt. Ltd.,50,181.5,9075.0,2025-09-21 12:46:05.567827
2025-09-21,45164,2025092104017323,HDHPC,Sani Securities Company Ltd.,Neev Securities Pvt. Ltd.,205,181.5,37207.5,2025-09-21 12:46:08.358626
2025-09-21,45163,2025092104017324,HDHPC,Sani Securities Company Ltd.,Premier Securities Company Ltd.,50,181.5,9075.0,2025-09-21 12:46:08.358805
2025-09-21,45126,2025092104017337,HDHPC,Sani Securities Company Ltd.,Imperial Securities Company Pvt. Ltd.,224,181.5,40656.0,2025-09-21 12:46:15.254596
2025-09-21,45125,2025092104017338,HDHPC,Asian Securities Private Ltd.,Imperial Securities Company Pvt. Ltd.,250,181.0,45250.0,2025-09-21 12:46:15.254852
2025-09-21,45124,2025092104017339,HDHPC,Midas Stock Broking Company Private Limited,Imperial Securities Company Pvt. Ltd.,275,181.0,49775.0,2025-09-21 12:46:15.254946
2025-09-21,45123,2025092104017340,HDHPC,J.F. Securites (PVT) Ltd.,Imperial Securities Company Pvt. Ltd.,300,181.0,54300.0,2025-09-21 12:46:15.255017
2025-09-21,45122,2025092104017341,HDHPC,Investment Management Nepal Pvt. Ltd.,Imperial Securities Company Pvt. Ltd.,250,181.0,45250.0,2025-09-21 12:46:15.255088
2025-09-21,45121,2025092104017342,HDHPC,Sani Securities Company Ltd.,Imperial Securities Company Pvt. Ltd.,161,181.0,29141.0,2025-09-21 12:46:15.255156
2025-09-21,45081,2025092104017345,HDHPC,Investment Management Nepal Pvt. Ltd.,Sewa Securities Pvt. Ltd.,50,181.3,9065.0,2025-09-21 12:46:18.544418
2025-09-21,44436,2025092104017519,HDHPC,K.B.L. Securities Limited ,Premier Securities Company Ltd.,50,181.4,9070.0,2025-09-21 12:47:54.089144
2025-09-21,44433,2025092104017520,HDHPC,K.B.L. Securities Limited ,Vision Securities Pvt. Ltd,190,181.4,34466.0,2025-09-21 12:47:54.301116
2025-09-21,44432,2025092104017521,HDHPC,Investment Management Nepal Pvt. Ltd.,Vision Securities Pvt. Ltd,950,181.3,172235.0,2025-09-21 12:47:54.301327
2025-09-21,44431,2025092104017522,HDHPC,Naasa Securities Co. Ltd.,Vision Securities Pvt. Ltd,100,181.3,18130.0,2025-09-21 12:47:54.301401
2025-09-21,44430,2025092104017523,HDHPC,Dipshikha Dhitopatra Karobar Co. Pvt Ltd.,Vision Securities Pvt. Ltd,110,181.3,19943.0,2025-09-21 12:47:54.301473
2025-09-21,44253,2025092104017572,HDHPC,Naasa Securities Co. Ltd.,ABC Securities Private Limited,10,181.5,1815.0,2025-09-21 12:48:21.656417
2025-09-21,44246,2025092104017574,HDHPC,Naasa Securities Co. Ltd.,ABC Securities Private Limited,240,181.5,43560.0,2025-09-21 12:48:21.986845
2025-09-21,44245,2025092104017575,HDHPC,Naasa Securities Co. Ltd.,Imperial Securities Company Pvt. Ltd.,260,181.5,47190.0,2025-09-21 12:48:21.987020
2025-09-21,44211,2025092104017582,HDHPC,Dipshikha Dhitopatra Karobar Co. Pvt Ltd.,Citizens Share Broker Limited,10,181.3,1813.0,2025-09-21 12:48:28.208457
2025-09-21,44170,2025092104017590,HDHPC,Sri Hari Securities Pvt. Ltd.,Imperial Securities Company Pvt. Ltd.,195,181.5,35392.5,2025-09-21 12:48:35.397309
2025-09-21,44168,2025092104017592,HDHPC,Cristal Kanchanjanga Securites Pvt. Ltd.,Imperial Securities Company Pvt. Ltd.,45,181.5,8167.5,2025-09-21 12:48:36.880996
2025-09-21,43943,2025092104017714,HDHPC,Cristal Kanchanjanga Securites Pvt. Ltd.,Citizens Share Broker Limited,10,181.5,1815.0,2025-09-21 12:49:00.884412
2025-09-21,43778,2025092104017784,HDHPC,Cristal Kanchanjanga Securites Pvt. Ltd.,ABC Securities Private Limited,145,181.5,26317.5,2025-09-21 12:49:22.693208
2025-09-21,43777,2025092104017785,HDHPC,Imperial Securities Company Pvt. Ltd.,ABC Securities Private Limited,50,181.5,9075.0,2025-09-21 12:49:22.693578
2025-09-21,43769,2025092104017789,HDHPC,Dakshinkali Investment & Securities Pvt. Ltd.,ABC Securities Private Limited,55,181.5,9982.5,2025-09-21 12:49:24.096667
2025-09-21,43175,2025092104017959,HDHPC,Dakshinkali Investment & Securities Pvt. Ltd.,Vision Securities Pvt. Ltd,45,181.5,8167.5,2025-09-21 12:50:53.905558
2025-09-21,43174,2025092104017960,HDHPC,Cristal Kanchanjanga Securites Pvt. Ltd.,Vision Securities Pvt. Ltd,240,181.4,43536.0,2025-09-21 12:50:53.905823
2025-09-21,43173,2025092104017961,HDHPC,Dipshikha Dhitopatra Karobar Co. Pvt Ltd.,Vision Securities Pvt. Ltd,180,181.3,32634.0,2025-09-21 12:50:53.905917
2025-09-21,43172,2025092104017962,HDHPC,Linch Stock Market Ltd.,Vision Securities Pvt. Ltd,515,181.3,93369.5,2025-09-21 12:50:53.905992
2025-09-21,42933,2025092104018041,HDHPC,Linch Stock Market Ltd.,Thrive Brokerage House Pvt. Ltd,200,181.3,36260.0,2025-09-21 12:51:29.834741
2025-09-21,42712,2025092104018110,HDHPC,Dipshikha Dhitopatra Karobar Co. Pvt Ltd.,Sani Securities Company Ltd.,122,181.5,22143.0,2025-09-21 12:51:54.159001
2025-09-21,41562,2025092104018424,HDHPC,Dipshikha Dhitopatra Karobar Co. Pvt Ltd.,Trishakti Securities Public Limited,78,181.5,14157.0,2025-09-21 12:54:16.802228
2025-09-21,41561,2025092104018425,HDHPC,Aryatara Investment & Securities,Trishakti Securities Public Limited,120,181.5,21780.0,2025-09-21 12:54:16.802468
2025-09-21,41560,2025092104018426,HDHPC,Vision Securities Pvt. Ltd,Trishakti Securities Public Limited,132,181.5,23958.0,2025-09-21 12:54:16.802554
2025-09-21,41559,2025092104018427,HDHPC,Nepal Stock House (PVT) Ltd.,Trishakti Securities Public Limited,170,181.5,30855.0,2025-09-21 12:54:16.802624
2025-09-21,41096,2025092104018551,HDHPC,Nepal Stock House (PVT) Ltd.,Sani Securities Company Ltd.,330,181.5,59895.0,2025-09-21 12:55:23.907940
2025-09-21,41095,2025092104018552,HDHPC,Deevyaa Securities & Stock House Pvt. Ltd,Sani Securities Company Ltd.,10,181.5,1815.0,2025-09-21 12:55:23.908166
2025-09-21,40812,2025092104018627,HDHPC,Vision Securities Pvt. Ltd,Sani Securities Company Ltd.,572,181.5,103818.0,2025-09-21 12:56:04.670260
2025-09-21,40472,2025092104018722,HDHPC,Vision Securities Pvt. Ltd,Agrawal Securities (PVT) Ltd.,928,181.5,168432.0,2025-09-21 12:57:00.852555
2025-09-21,40471,2025092104018723,HDHPC,Agrawal Securities (PVT) Ltd.,Agrawal Securities (PVT) Ltd.,72,181.5,13068.0,2025-09-21 12:57:00.852766
2025-09-21,39875,2025092104018885,HDHPC,Agrawal Securities (PVT) Ltd.,Nepal Investment And Securities Trading Private Limited,28,181.5,5082.0,2025-09-21 12:58:23.130150
2025-09-21,39874,2025092104018886,HDHPC,Kalika Securities Pvt. Ltd.,Nepal Investment And Securities Trading Private Limited,72,181.5,13068.0,2025-09-21 12:58:23.130368
2025-09-21,38573,2025092104019273,HDHPC,Kalika Securities Pvt. Ltd.,Naasa Securities Co. Ltd.,78,181.5,14157.0,2025-09-21 13:01:41.634240
2025-09-21,38572,2025092104019274,HDHPC,Naasa Securities Co. Ltd.,Naasa Securities Co. Ltd.,18,181.5,3267.0,2025-09-21 13:01:41.634554
2025-09-21,38571,2025092104019275,HDHPC,South Asian Bulls Pvt. Ltd.,Naasa Securities Co. Ltd.,200,181.5,36300.0,2025-09-21 13:01:41.634671
2025-09-21,38570,2025092104019276,HDHPC,J.F. Securites (PVT) Ltd.,Naasa Securities Co. Ltd.,200,181.5,36300.0,2025-09-21 13:01:41.634747
2025-09-21,38569,2025092104019277,HDHPC,Trishakti Securities Public Limited,Naasa Securities Co. Ltd.,354,181.5,64251.0,2025-09-21 13:01:41.634819
2025-09-21,34877,2025092104020237,HDHPC,Trishakti Securities Public Limited,Dynamic Money Managers Securities Pvt. Ltd.,15,181.5,2722.5,2025-09-21 13:10:02.875122
2025-09-21,34087,2025092104020494,HDHPC,Trishakti Securities Public Limited,Neev Securities Pvt. Ltd.,1631,181.5,296026.5,2025-09-21 13:11:21.034412
2025-09-21,34086,2025092104020495,HDHPC,Naasa Securities Co. Ltd.,Neev Securities Pvt. Ltd.,137,181.5,24865.5,2025-09-21 13:11:21.034631
2025-09-21,34085,2025092104020496,HDHPC,Deevyaa Securities & Stock House Pvt. Ltd,Neev Securities Pvt. Ltd.,100,181.5,18150.0,2025-09-21 13:11:21.034721
2025-09-21,34084,2025092104020497,HDHPC,Aryatara Investment & Securities,Neev Securities Pvt. Ltd.,200,181.5,36300.0,2025-09-21 13:11:21.034801
2025-09-21,34083,2025092104020498,HDHPC,Agrawal Securities (PVT) Ltd.,Neev Securities Pvt. Ltd.,200,181.5,36300.0,2025-09-21 13:11:21.034881
2025-09-21,34082,2025092104020499,HDHPC,Sweta Securities Private Limited,Neev Securities Pvt. Ltd.,2000,181.5,363000.0,2025-09-21 13:11:21.034957
2025-09-21,34081,2025092104020500,HDHPC,ABC Securities Private Limited,Neev Securities Pvt. Ltd.,300,181.5,54450.0,2025-09-21 13:11:21.035045
2025-09-21,34080,2025092104020501,HDHPC,Aryatara Investment & Securities,Neev Securities Pvt. Ltd.,450,181.5,81675.0,2025-09-21 13:11:21.035132
2025-09-21,34079,2025092104020502,HDHPC,Dynamic Money Managers Securities Pvt. Ltd.,Neev Securities Pvt. Ltd.,500,181.5,90750.0,2025-09-21 13:11:21.035223
2025-09-21,34078,2025092104020503,HDHPC,Cristal Kanchanjanga Securites Pvt. Ltd.,Neev Securities Pvt. Ltd.,500,181.5,90750.0,2025-09-21 13:11:21.035417
2025-09-21,34077,2025092104020504,HDHPC,Sundhara Securities Limited,Neev Securities Pvt. Ltd.,10,181.5,1815.0,2025-09-21 13:11:21.035531
2025-09-21,34076,2025092104020505,HDHPC,Vision Securities Pvt. Ltd,Neev Securities Pvt. Ltd.,2000,181.5,363000.0,2025-09-21 13:11:21.035637
2025-09-21,34075,2025092104020506,HDHPC,Naasa Securities Co. Ltd.,Neev Securities Pvt. Ltd.,10,181.5,1815.0,2025-09-21 13:11:21.035716
2025-09-21,34074,2025092104020507,HDHPC,Secured Securities Ltd.,Neev Securities Pvt. Ltd.,1000,181.5,181500.0,2025-09-21 13:11:21.035800
2025-09-21,34073,2025092104020508,HDHPC,Siprabi Securities Pvt. Ltd.,Neev Securities Pvt. Ltd.,200,181.5,36300.0,2025-09-21 13:11:21.035929
2025-09-21,34072,2025092104020509,HDHPC,Dynamic Money Managers Securities Pvt. Ltd.,Neev Securities Pvt. Ltd.,50,181.5,9075.0,2025-09-21 13:11:21.036027
2025-09-21,34071,2025092104020510,HDHPC,Aryatara Investment & Securities,Neev Securities Pvt. Ltd.,10,181.5,1815.0,2025-09-21 13:11:21.036130
2025-09-21,34070,2025092104020511,HDHPC,SUN SECURITIES PVT LTD,Neev Securities Pvt. Ltd.,100,181.5,18150.0,2025-09-21 13:11:21.036211
2025-09-21,34069,2025092104020512,HDHPC,Kalika Securities Pvt. Ltd.,Neev Securities Pvt. Ltd.,100,181.5,18150.0,2025-09-21 13:11:21.036277
2025-09-21,34068,2025092104020513,HDHPC,ABC Securities Private Limited,Neev Securities Pvt. Ltd.,500,181.5,90750.0,2025-09-21 13:11:21.036354
2025-09-21,34013,2025092104020531,HDHPC,Trishakti Securities Public Limited,Neev Securities Pvt. Ltd.,1187,181.5,215440.5,2025-09-21 13:11:25.396225
2025-09-21,34012,2025092104020532,HDHPC,Trishakti Securities Public Limited,Oxford Securities Pvt. Ltd.,463,181.5,84034.5,2025-09-21 13:11:25.396430
2025-09-21,33712,2025092104020627,HDHPC,Linch Stock Market Ltd.,Oxford Securities Pvt. Ltd.,85,181.3,15410.5,2025-09-21 13:11:49.550968
2025-09-21,33593,2025092104020664,HDHPC,Sani Securities Company Ltd.,Oxford Securities Pvt. Ltd.,224,181.0,40544.0,2025-09-21 13:12:03.057387
2025-09-21,33592,2025092104020665,HDHPC,Naasa Securities Co. Ltd.,Oxford Securities Pvt. Ltd.,10,181.0,1810.0,2025-09-21 13:12:03.057719
2025-09-21,33591,2025092104020666,HDHPC,Dipshikha Dhitopatra Karobar Co. Pvt Ltd.,Oxford Securities Pvt. Ltd.,500,181.0,90500.0,2025-09-21 13:12:03.057929
2025-09-21,33590,2025092104020667,HDHPC,Vision Securities Pvt. Ltd,Oxford Securities Pvt. Ltd.,500,181.0,90500.0,2025-09-21 13:12:03.058131
2025-09-21,33589,2025092104020668,HDHPC,Secured Securities Ltd.,Oxford Securities Pvt. Ltd.,233,181.0,42173.0,2025-09-21 13:12:03.058342
2025-09-21,33568,2025092104020673,HDHPC,Secured Securities Ltd.,Sumeru Securities Pvt. Ltd.,300,181.0,54300.0,2025-09-21 13:12:04.321650
2025-09-21,33182,2025092104020799,HDHPC,Trisul Securities & Invt. Ltd.,Nabil Stock Dealer Ltd.,1000,181.0,181000.0,2025-09-21 13:12:39.322539
2025-09-21,33022,2025092104020860,HDHPC,Arun Securities (PVT) Ltd.,ABC Securities Private Limited,23,181.4,4172.2,2025-09-21 13:12:50.865264
2025-09-21,32974,2025092104020864,HDHPC,Dipshikha Dhitopatra Karobar Co. Pvt Ltd.,Sani Securities Company Ltd.,100,181.0,18100.0,2025-09-21 13:12:53.909018
2025-09-21,32874,2025092104020901,HDHPC,Oxford Securities Pvt. Ltd.,Sani Securities Company Ltd.,198,181.0,35838.0,2025-09-21 13:13:00.935383
2025-09-21,32674,2025092104020949,HDHPC,Sundhara Securities Limited,Sani Securities Company Ltd.,600,181.0,108600.0,2025-09-21 13:13:16.136963
2025-09-21,32589,2025092104020973,HDHPC,Opal Securities Investment (PVT) Ltd.,Secured Securities Ltd.,25,180.5,4512.5,2025-09-21 13:13:24.125839
2025-09-21,32588,2025092104020974,HDHPC,ABC Securities Private Limited,Secured Securities Ltd.,730,180.0,131400.0,2025-09-21 13:13:24.126167
2025-09-21,32587,2025092104020975,HDHPC,J.F. Securites (PVT) Ltd.,Secured Securities Ltd.,25,180.0,4500.0,2025-09-21 13:13:24.126385
2025-09-21,32586,2025092104020976,HDHPC,Sundhara Securities Limited,Secured Securities Ltd.,135,180.0,24300.0,2025-09-21 13:13:24.126566
2025-09-21,32585,2025092104020977,HDHPC,South Asian Bulls Pvt. Ltd.,Secured Securities Ltd.,85,180.0,15300.0,2025-09-21 13:13:24.126752
2025-09-21,32463,2025092104021012,HDHPC,Ashutosh Brokerage & Securities (PVT) Ltd.,Thrive Brokerage House Pvt. Ltd,100,181.0,18100.0,2025-09-21 13:13:32.849303
2025-09-21,31856,2025092104021206,HDHPC,Nepal Investment And Securities Trading Private Limited,Sani Securities Company Ltd.,500,181.2,90600.0,2025-09-21 13:14:21.302823
2025-09-21,31855,2025092104021207,HDHPC,Kalika Securities Pvt. Ltd.,Sani Securities Company Ltd.,2000,181.0,362000.0,2025-09-21 13:14:21.303035
2025-09-21,31759,2025092104021249,HDHPC,Aryatara Investment & Securities,ABC Securities Private Limited,30,181.4,5442.0,2025-09-21 13:14:29.500325
2025-09-21,31521,2025092104021321,HDHPC,Dynamic Money Managers Securities Pvt. Ltd.,ABC Securities Private Limited,200,181.4,36280.0,2025-09-21 13:14:48.960620
2025-09-21,31339,2025092104021370,HDHPC,Sani Securities Company Ltd.,South Asian Bulls Pvt. Ltd.,85,181.2,15402.0,2025-09-21 13:15:04.084988
2025-09-21,31223,2025092104021418,HDHPC,Sani Securities Company Ltd.,Sani Securities Company Ltd.,715,181.2,129558.0,2025-09-21 13:15:13.295557
2025-09-21,31027,2025092104021481,HDHPC,Ashutosh Brokerage & Securities (PVT) Ltd.,Sani Securities Company Ltd.,285,181.2,51642.0,2025-09-21 13:15:30.311968
