contract_id,symbol,buyer_member_id,seller_member_id,volume,price,amount,buyer_broker,seller_broker,transaction_time
2026042904000004,AKJCL,36,14,10,404.1,4041.0,Secured Securities Ltd.,Nepal Stock House (PVT) Ltd.,2026-04-29 10:46:00.087652
2026042904000036,AKJCL,97,50,10,392.0,3920.0,R.B.B. Securities Company Ltd,Cristal Kanchanjanga Securites Pvt. Ltd.,2026-04-29 11:01:54.875701
2026042904000044,AKJCL,97,94,10,380.3,3803.0,R.B.B. Securities Company Ltd,K.B.L. Securities Limited ,2026-04-29 11:02:19.090700
2026042904000052,AKJCL,42,8,10,388.0,3880.0,Sani Securities Company Ltd.,Brilliant Securities Pvt. Ltd.,2026-04-29 11:02:32.753290
2026042904000075,AKJCL,97,35,10,382.0,3820.0,R.B.B. Securities Company Ltd,Kohinoor Investment & Securities Pvt. Ltd.,2026-04-29 11:03:56.750933
2026042904000076,AKJCL,97,35,10,381.0,3810.0,R.B.B. Securities Company Ltd,Kohinoor Investment & Securities Pvt. Ltd.,2026-04-29 11:03:56.751399
2026042904000077,AKJCL,97,35,110,381.0,41910.0,R.B.B. Securities Company Ltd,Kohinoor Investment & Securities Pvt. Ltd.,2026-04-29 11:03:56.751721
2026042904000078,AKJCL,16,35,130,380.4,49452.0,Primo Securities (PVT) Ltd.,Kohinoor Investment & Securities Pvt. Ltd.,2026-04-29 11:03:56.752042
2026042904000098,AKJCL,97,28,10,380.5,3805.0,R.B.B. Securities Company Ltd,Shree Krishna Securities Ltd.,2026-04-29 11:04:38.059532
2026042904000143,AKJCL,97,45,10,380.8,3808.0,R.B.B. Securities Company Ltd,Imperial Securities Company Pvt. Ltd.,2026-04-29 11:05:44.765513
2026042904000144,AKJCL,97,45,10,380.7,3807.0,R.B.B. Securities Company Ltd,Imperial Securities Company Pvt. Ltd.,2026-04-29 11:05:44.765640
2026042904000297,AKJCL,4,45,10,382.0,3820.0,Opal Securities Investment (PVT) Ltd.,Imperial Securities Company Pvt. Ltd.,2026-04-29 11:09:10.991348
2026042904000312,AKJCL,48,99,300,381.3,114390.0,Trishakti Securities Public Limited,Prabhu Stock Market Limited,2026-04-29 11:09:30.246658
2026042904000313,AKJCL,67,99,2000,381.2,762400.0,Property Wiard Limited,Prabhu Stock Market Limited,2026-04-29 11:09:30.246917
2026042904000314,AKJCL,41,99,200,381.1,76220.0,Linch Stock Market Ltd.,Prabhu Stock Market Limited,2026-04-29 11:09:30.247054
2026042904000315,AKJCL,29,99,250,381.1,95275.0,Trisul Securities & Invt. Ltd.,Prabhu Stock Market Limited,2026-04-29 11:09:30.247166
2026042904000316,AKJCL,91,99,1300,381.0,495300.0,Citizens Share Broker Limited,Prabhu Stock Market Limited,2026-04-29 11:09:30.247302
2026042904000317,AKJCL,97,99,10,380.6,3806.0,R.B.B. Securities Company Ltd,Prabhu Stock Market Limited,2026-04-29 11:09:30.247425
2026042904000318,AKJCL,97,99,10,380.5,3805.0,R.B.B. Securities Company Ltd,Prabhu Stock Market Limited,2026-04-29 11:09:30.247552
2026042904000319,AKJCL,41,99,200,380.5,76100.0,Linch Stock Market Ltd.,Prabhu Stock Market Limited,2026-04-29 11:09:30.247661
2026042904000320,AKJCL,16,99,870,380.4,330948.0,Primo Securities (PVT) Ltd.,Prabhu Stock Market Limited,2026-04-29 11:09:30.247783
2026042904000321,AKJCL,64,99,1500,380.3,570450.0,SUN SECURITIES PVT LTD,Prabhu Stock Market Limited,2026-04-29 11:09:30.247909
2026042904000322,AKJCL,45,99,1315,380.2,499963.0,Imperial Securities Company Pvt. Ltd.,Prabhu Stock Market Limited,2026-04-29 11:09:30.248022
2026042904000323,AKJCL,1,99,200,380.0,76000.0,Kumari Securities Private Limited,Prabhu Stock Market Limited,2026-04-29 11:09:30.248156
2026042904000324,AKJCL,35,99,845,380.0,321100.0,Kohinoor Investment & Securities Pvt. Ltd.,Prabhu Stock Market Limited,2026-04-29 11:09:30.248281
2026042904000331,AKJCL,35,99,1000,380.0,380000.0,Kohinoor Investment & Securities Pvt. Ltd.,Prabhu Stock Market Limited,2026-04-29 11:09:39.545939
2026042904000426,AKJCL,61,14,50,381.0,19050.0,BHOLE GANESH SECURITIES LTD,Nepal Stock House (PVT) Ltd.,2026-04-29 11:11:49.990490
2026042904000427,AKJCL,61,45,30,382.0,11460.0,BHOLE GANESH SECURITIES LTD,Imperial Securities Company Pvt. Ltd.,2026-04-29 11:11:49.990804
2026042904000554,AKJCL,60,45,422,382.0,161204.0,Nagarik Stock Dealer ,Imperial Securities Company Pvt. Ltd.,2026-04-29 11:15:35.419424
2026042904000555,AKJCL,60,48,810,382.0,309420.0,Nagarik Stock Dealer ,Trishakti Securities Public Limited,2026-04-29 11:15:35.419962
2026042904000556,AKJCL,60,45,68,382.0,25976.0,Nagarik Stock Dealer ,Imperial Securities Company Pvt. Ltd.,2026-04-29 11:15:35.420344
2026042904000628,AKJCL,60,45,127,382.0,48514.0,Nagarik Stock Dealer ,Imperial Securities Company Pvt. Ltd.,2026-04-29 11:17:02.349108
2026042904000629,AKJCL,60,5,25,382.0,9550.0,Nagarik Stock Dealer ,Market Securities & Exchange (PVT) Ltd.,2026-04-29 11:17:02.349455
2026042904000737,AKJCL,64,36,1500,380.2,570300.0,SUN SECURITIES PVT LTD,Secured Securities Ltd.,2026-04-29 11:19:46.667997
2026042904000746,AKJCL,14,42,10,383.0,3830.0,Nepal Stock House (PVT) Ltd.,Sani Securities Company Ltd.,2026-04-29 11:19:59.656673
2026042904000795,AKJCL,60,42,15,383.0,5745.0,Nagarik Stock Dealer ,Sani Securities Company Ltd.,2026-04-29 11:21:33.161592
2026042904000796,AKJCL,60,92,200,383.0,76600.0,Nagarik Stock Dealer ,Roadshow securities limited,2026-04-29 11:21:33.162174
2026042904000797,AKJCL,60,88,2000,383.0,766000.0,Nagarik Stock Dealer ,Blue Chip Securities Ltd,2026-04-29 11:21:33.162585
2026042904000887,AKJCL,60,57,1000,381.1,381100.0,Nagarik Stock Dealer ,Aryatara Investment & Securities,2026-04-29 11:23:24.884749
2026042904000888,AKJCL,40,57,2000,381.0,762000.0,Creative Securities Pvt Ltd,Aryatara Investment & Securities,2026-04-29 11:23:24.885349
2026042904000889,AKJCL,11,57,25,381.0,9525.0,Malla & Malla Stock Broking Company Pvt. Limited,Aryatara Investment & Securities,2026-04-29 11:23:24.885727
2026042904000890,AKJCL,34,57,500,381.0,190500.0,Vision Securities Pvt. Ltd,Aryatara Investment & Securities,2026-04-29 11:23:24.886115
2026042904000891,AKJCL,59,57,500,381.0,190500.0,Deevyaa Securities & Stock House Pvt. Ltd,Aryatara Investment & Securities,2026-04-29 11:23:24.886518
2026042904000892,AKJCL,67,57,2000,380.7,761400.0,Property Wiard Limited,Aryatara Investment & Securities,2026-04-29 11:23:24.886897
2026042904000893,AKJCL,58,57,1000,380.6,380600.0,Naasa Securities Co. Ltd.,Aryatara Investment & Securities,2026-04-29 11:23:24.887274
2026042904000894,AKJCL,91,57,2975,380.5,1131987.5,Citizens Share Broker Limited,Aryatara Investment & Securities,2026-04-29 11:23:24.887673
2026042904000946,AKJCL,60,100,1500,380.6,570900.0,Nagarik Stock Dealer ,Sunrise Securities Limited,2026-04-29 11:24:27.171055
2026042904001047,AKJCL,95,88,350,380.9,133315.0,Magnet Securities and Investment Company Private Limited,Blue Chip Securities Ltd,2026-04-29 11:26:11.172336
2026042904001048,AKJCL,60,88,4500,380.6,1712700.0,Nagarik Stock Dealer ,Blue Chip Securities Ltd,2026-04-29 11:26:11.172919
2026042904001049,AKJCL,91,88,3025,380.5,1151012.5,Citizens Share Broker Limited,Blue Chip Securities Ltd,2026-04-29 11:26:11.173585
2026042904001050,AKJCL,91,88,2000,380.3,760600.0,Citizens Share Broker Limited,Blue Chip Securities Ltd,2026-04-29 11:26:11.174012
2026042904001051,AKJCL,64,88,125,380.2,47525.0,SUN SECURITIES PVT LTD,Blue Chip Securities Ltd,2026-04-29 11:26:11.174420
2026042904001074,AKJCL,13,74,73,380.6,27783.8,Thrive Brokerage House Pvt. Ltd,KALASH STOCK MARKET PVT. LTD.,2026-04-29 11:26:38.778099
2026042904001086,AKJCL,64,88,375,380.2,142575.0,SUN SECURITIES PVT LTD,Blue Chip Securities Ltd,2026-04-29 11:27:01.828003
2026042904001087,AKJCL,16,88,1000,380.1,380100.0,Primo Securities (PVT) Ltd.,Blue Chip Securities Ltd,2026-04-29 11:27:01.828320
2026042904001093,AKJCL,60,88,625,380.0,237500.0,Nagarik Stock Dealer ,Blue Chip Securities Ltd,2026-04-29 11:27:28.656043
2026042904001130,AKJCL,58,35,17,380.0,6460.0,Naasa Securities Co. Ltd.,Kohinoor Investment & Securities Pvt. Ltd.,2026-04-29 11:28:19.163877
2026042904001165,AKJCL,49,35,20,380.0,7600.0,Online Securities Pvt. Ltd.,Kohinoor Investment & Securities Pvt. Ltd.,2026-04-29 11:30:06.922714
2026042904001225,AKJCL,48,35,100,380.0,38000.0,Trishakti Securities Public Limited,Kohinoor Investment & Securities Pvt. Ltd.,2026-04-29 11:31:26.431930
2026042904001252,AKJCL,17,35,50,380.0,19000.0,ABC Securities Private Limited,Kohinoor Investment & Securities Pvt. Ltd.,2026-04-29 11:32:06.705861
2026042904001316,AKJCL,10,39,50,379.7,18985.0,Pragyan Securities (PVT) Ltd.,Sumeru Securities Pvt. Ltd.,2026-04-29 11:34:15.068138
2026042904001319,AKJCL,38,39,100,379.7,37970.0,Dipshikha Dhitopatra Karobar Co. Pvt Ltd.,Sumeru Securities Pvt. Ltd.,2026-04-29 11:34:27.878838
2026042904001349,AKJCL,45,35,313,380.0,118940.0,Imperial Securities Company Pvt. Ltd.,Kohinoor Investment & Securities Pvt. Ltd.,2026-04-29 11:35:16.898258
2026042904001350,AKJCL,45,41,25,380.0,9500.0,Imperial Securities Company Pvt. Ltd.,Linch Stock Market Ltd.,2026-04-29 11:35:16.898611
2026042904001351,AKJCL,45,91,86,380.0,32680.0,Imperial Securities Company Pvt. Ltd.,Citizens Share Broker Limited,2026-04-29 11:35:16.898754
2026042904001358,AKJCL,45,94,76,380.0,28880.0,Imperial Securities Company Pvt. Ltd.,K.B.L. Securities Limited ,2026-04-29 11:35:38.866938
2026042904001404,AKJCL,58,57,1000,379.3,379300.0,Naasa Securities Co. Ltd.,Aryatara Investment & Securities,2026-04-29 11:36:01.630331
2026042904001405,AKJCL,16,57,1000,379.2,379200.0,Primo Securities (PVT) Ltd.,Aryatara Investment & Securities,2026-04-29 11:36:01.630656
2026042904001436,AKJCL,58,48,42,379.2,15926.4,Naasa Securities Co. Ltd.,Trishakti Securities Public Limited,2026-04-29 11:36:33.617276
2026042904001437,AKJCL,14,48,33,379.0,12507.0,Nepal Stock House (PVT) Ltd.,Trishakti Securities Public Limited,2026-04-29 11:36:33.617934
2026042904001466,AKJCL,14,57,467,379.0,176993.0,Nepal Stock House (PVT) Ltd.,Aryatara Investment & Securities,2026-04-29 11:37:23.528300
2026042904001502,AKJCL,34,81,300,378.0,113400.0,Vision Securities Pvt. Ltd,Aakashbhairab Securities Ltd.,2026-04-29 11:37:54.982016
2026042904001503,AKJCL,11,81,500,378.0,189000.0,Malla & Malla Stock Broking Company Pvt. Limited,Aakashbhairab Securities Ltd.,2026-04-29 11:37:54.982638
2026042904001504,AKJCL,50,81,10,378.0,3780.0,Cristal Kanchanjanga Securites Pvt. Ltd.,Aakashbhairab Securities Ltd.,2026-04-29 11:37:54.983054
2026042904001505,AKJCL,42,81,190,377.5,71725.0,Sani Securities Company Ltd.,Aakashbhairab Securities Ltd.,2026-04-29 11:37:54.983493
2026042904001679,AKJCL,42,94,60,377.8,22668.0,Sani Securities Company Ltd.,K.B.L. Securities Limited ,2026-04-29 11:41:56.924293
2026042904001680,AKJCL,98,94,300,377.7,113310.0,Trademow Securities Private Limited,K.B.L. Securities Limited ,2026-04-29 11:41:56.924936
2026042904001683,AKJCL,42,57,200,377.6,75520.0,Sani Securities Company Ltd.,Aryatara Investment & Securities,2026-04-29 11:42:08.648425
2026042904001684,AKJCL,86,57,1000,377.6,377600.0,Stoxkarts Securities Limited,Aryatara Investment & Securities,2026-04-29 11:42:08.649034
2026042904001685,AKJCL,42,57,310,377.5,117025.0,Sani Securities Company Ltd.,Aryatara Investment & Securities,2026-04-29 11:42:08.649507
2026042904001686,AKJCL,80,57,500,377.5,188750.0,Indira securities pvt. ltd,Aryatara Investment & Securities,2026-04-29 11:42:08.649913
2026042904001687,AKJCL,70,57,990,377.5,373725.0,Infinity Securities Limited,Aryatara Investment & Securities,2026-04-29 11:42:08.650300
2026042904001710,AKJCL,70,81,1310,377.5,494525.0,Infinity Securities Limited,Aakashbhairab Securities Ltd.,2026-04-29 11:42:21.785506
2026042904001711,AKJCL,80,81,200,377.3,75460.0,Indira securities pvt. ltd,Aakashbhairab Securities Ltd.,2026-04-29 11:42:21.786140
2026042904001712,AKJCL,68,81,500,377.3,188650.0,Elite Stock House Limited,Aakashbhairab Securities Ltd.,2026-04-29 11:42:21.786594
2026042904001713,AKJCL,64,81,1000,377.3,377300.0,SUN SECURITIES PVT LTD,Aakashbhairab Securities Ltd.,2026-04-29 11:42:21.787033
2026042904001714,AKJCL,64,81,1000,377.2,377200.0,SUN SECURITIES PVT LTD,Aakashbhairab Securities Ltd.,2026-04-29 11:42:21.787483
2026042904001715,AKJCL,16,81,1000,377.2,377200.0,Primo Securities (PVT) Ltd.,Aakashbhairab Securities Ltd.,2026-04-29 11:42:21.787877
2026042904001716,AKJCL,80,81,200,377.0,75400.0,Indira securities pvt. ltd,Aakashbhairab Securities Ltd.,2026-04-29 11:42:21.788294
2026042904001717,AKJCL,91,81,200,377.0,75400.0,Citizens Share Broker Limited,Aakashbhairab Securities Ltd.,2026-04-29 11:42:21.788696
2026042904001718,AKJCL,40,81,590,377.0,222430.0,Creative Securities Pvt Ltd,Aakashbhairab Securities Ltd.,2026-04-29 11:42:21.789097
2026042904001729,AKJCL,48,94,50,377.7,18885.0,Trishakti Securities Public Limited,K.B.L. Securities Limited ,2026-04-29 11:42:31.303860
2026042904001750,AKJCL,40,57,410,377.0,154570.0,Creative Securities Pvt Ltd,Aryatara Investment & Securities,2026-04-29 11:43:07.907440
2026042904001751,AKJCL,7,57,50,377.0,18850.0,J.F. Securites (PVT) Ltd.,Aryatara Investment & Securities,2026-04-29 11:43:07.908046
2026042904001752,AKJCL,10,57,423,377.0,159471.0,Pragyan Securities (PVT) Ltd.,Aryatara Investment & Securities,2026-04-29 11:43:07.908492
2026042904001753,AKJCL,36,57,190,377.0,71630.0,Secured Securities Ltd.,Aryatara Investment & Securities,2026-04-29 11:43:07.908897
2026042904001754,AKJCL,64,57,427,377.0,160979.0,SUN SECURITIES PVT LTD,Aryatara Investment & Securities,2026-04-29 11:43:07.909295
2026042904001755,AKJCL,64,94,24,377.0,9048.0,SUN SECURITIES PVT LTD,K.B.L. Securities Limited ,2026-04-29 11:43:09.135487
2026042904001817,AKJCL,42,62,10,377.1,3771.0,Sani Securities Company Ltd.,Capital Max Securities Ltd,2026-04-29 11:44:26.310147
2026042904001837,AKJCL,64,58,49,377.0,18473.0,SUN SECURITIES PVT LTD,Naasa Securities Co. Ltd.,2026-04-29 11:44:47.387918
2026042904001838,AKJCL,57,58,480,377.0,180960.0,Aryatara Investment & Securities,Naasa Securities Co. Ltd.,2026-04-29 11:44:47.388540
2026042904001906,AKJCL,59,21,1000,375.6,375600.0,Deevyaa Securities & Stock House Pvt. Ltd,Midas Stock Broking Company Private Limited,2026-04-29 11:45:49.025290
2026042904001907,AKJCL,28,21,500,375.5,187750.0,Shree Krishna Securities Ltd.,Midas Stock Broking Company Private Limited,2026-04-29 11:45:49.025337
2026042904001908,AKJCL,32,21,100,375.4,37540.0,Premier Securities Company Ltd.,Midas Stock Broking Company Private Limited,2026-04-29 11:45:49.025367
2026042904001909,AKJCL,45,21,50,375.3,18765.0,Imperial Securities Company Pvt. Ltd.,Midas Stock Broking Company Private Limited,2026-04-29 11:45:49.025393
2026042904001910,AKJCL,68,21,500,375.3,187650.0,Elite Stock House Limited,Midas Stock Broking Company Private Limited,2026-04-29 11:45:49.025418
2026042904001911,AKJCL,7,21,50,375.2,18760.0,J.F. Securites (PVT) Ltd.,Midas Stock Broking Company Private Limited,2026-04-29 11:45:49.025449
2026042904001912,AKJCL,14,21,1000,375.2,375200.0,Nepal Stock House (PVT) Ltd.,Midas Stock Broking Company Private Limited,2026-04-29 11:45:49.025473
2026042904001913,AKJCL,10,21,200,375.1,75020.0,Pragyan Securities (PVT) Ltd.,Midas Stock Broking Company Private Limited,2026-04-29 11:45:49.025498
2026042904001914,AKJCL,68,21,500,375.1,187550.0,Elite Stock House Limited,Midas Stock Broking Company Private Limited,2026-04-29 11:45:49.025520
2026042904001915,AKJCL,91,21,150,375.0,56250.0,Citizens Share Broker Limited,Midas Stock Broking Company Private Limited,2026-04-29 11:45:49.025547
2026042904001916,AKJCL,58,21,150,375.0,56250.0,Naasa Securities Co. Ltd.,Midas Stock Broking Company Private Limited,2026-04-29 11:45:49.025573
2026042904001917,AKJCL,48,21,100,375.0,37500.0,Trishakti Securities Public Limited,Midas Stock Broking Company Private Limited,2026-04-29 11:45:49.025599
2026042904001918,AKJCL,97,21,2930,375.0,1098750.0,R.B.B. Securities Company Ltd,Midas Stock Broking Company Private Limited,2026-04-29 11:45:49.025622
2026042904001919,AKJCL,13,21,101,375.0,37875.0,Thrive Brokerage House Pvt. Ltd,Midas Stock Broking Company Private Limited,2026-04-29 11:45:49.025646
2026042904001920,AKJCL,64,21,1000,375.0,375000.0,SUN SECURITIES PVT LTD,Midas Stock Broking Company Private Limited,2026-04-29 11:45:49.025669
2026042904001921,AKJCL,52,21,15,375.0,5625.0,Sundhara Securities Limited,Midas Stock Broking Company Private Limited,2026-04-29 11:45:49.025694
2026042904001922,AKJCL,49,21,265,374.5,99242.5,Online Securities Pvt. Ltd.,Midas Stock Broking Company Private Limited,2026-04-29 11:45:49.025718
2026042904001923,AKJCL,16,21,389,374.0,145486.0,Primo Securities (PVT) Ltd.,Midas Stock Broking Company Private Limited,2026-04-29 11:45:49.025741
2026042904001954,AKJCL,48,91,300,374.1,112230.0,Trishakti Securities Public Limited,Citizens Share Broker Limited,2026-04-29 11:46:45.651182
2026042904001955,AKJCL,16,91,611,374.0,228514.0,Primo Securities (PVT) Ltd.,Citizens Share Broker Limited,2026-04-29 11:46:45.651807
2026042904001956,AKJCL,64,91,500,374.0,187000.0,SUN SECURITIES PVT LTD,Citizens Share Broker Limited,2026-04-29 11:46:45.652222
2026042904001957,AKJCL,49,91,10,374.0,3740.0,Online Securities Pvt. Ltd.,Citizens Share Broker Limited,2026-04-29 11:46:45.652631
2026042904002065,AKJCL,48,91,500,374.0,187000.0,Trishakti Securities Public Limited,Citizens Share Broker Limited,2026-04-29 11:48:21.037143
2026042904002066,AKJCL,8,91,79,374.0,29546.0,Brilliant Securities Pvt. Ltd.,Citizens Share Broker Limited,2026-04-29 11:48:25.255988
2026042904002203,AKJCL,58,94,14,374.0,5236.0,Naasa Securities Co. Ltd.,K.B.L. Securities Limited ,2026-04-29 11:50:35.813213
2026042904002204,AKJCL,70,94,1000,374.0,374000.0,Infinity Securities Limited,K.B.L. Securities Limited ,2026-04-29 11:50:35.813905
2026042904002205,AKJCL,64,94,200,374.0,74800.0,SUN SECURITIES PVT LTD,K.B.L. Securities Limited ,2026-04-29 11:50:35.814370
2026042904002206,AKJCL,8,94,171,373.2,63817.2,Brilliant Securities Pvt. Ltd.,K.B.L. Securities Limited ,2026-04-29 11:50:35.814789
2026042904002207,AKJCL,80,94,500,373.1,186550.0,Indira securities pvt. ltd,K.B.L. Securities Limited ,2026-04-29 11:50:35.815233
2026042904002208,AKJCL,7,94,35,373.1,13058.5,J.F. Securites (PVT) Ltd.,K.B.L. Securities Limited ,2026-04-29 11:50:35.815683
2026042904002209,AKJCL,58,94,80,373.0,29840.0,Naasa Securities Co. Ltd.,K.B.L. Securities Limited ,2026-04-29 11:50:35.816099
2026042904002254,AKJCL,58,45,10,373.0,3730.0,Naasa Securities Co. Ltd.,Imperial Securities Company Pvt. Ltd.,2026-04-29 11:51:41.085479
2026042904002370,AKJCL,34,58,100,374.0,37400.0,Vision Securities Pvt. Ltd,Naasa Securities Co. Ltd.,2026-04-29 11:54:26.927346
2026042904002371,AKJCL,42,58,500,373.2,186600.0,Sani Securities Company Ltd.,Naasa Securities Co. Ltd.,2026-04-29 11:54:26.927419
2026042904002372,AKJCL,16,58,500,373.1,186550.0,Primo Securities (PVT) Ltd.,Naasa Securities Co. Ltd.,2026-04-29 11:54:26.927447
2026042904002373,AKJCL,28,58,200,373.1,74620.0,Shree Krishna Securities Ltd.,Naasa Securities Co. Ltd.,2026-04-29 11:54:26.927477
2026042904002374,AKJCL,58,58,500,373.1,186550.0,Naasa Securities Co. Ltd.,Naasa Securities Co. Ltd.,2026-04-29 11:54:26.927501
2026042904002375,AKJCL,58,58,400,373.0,149200.0,Naasa Securities Co. Ltd.,Naasa Securities Co. Ltd.,2026-04-29 11:54:26.927527
2026042904002376,AKJCL,80,58,500,373.0,186500.0,Indira securities pvt. ltd,Naasa Securities Co. Ltd.,2026-04-29 11:54:26.927552
2026042904002377,AKJCL,66,58,100,373.0,37300.0,Miyo Securities Pvt Ltd,Naasa Securities Co. Ltd.,2026-04-29 11:54:26.927577
2026042904002378,AKJCL,70,58,1200,373.0,447600.0,Infinity Securities Limited,Naasa Securities Co. Ltd.,2026-04-29 11:54:26.927602
2026042904002392,AKJCL,64,57,500,375.0,187500.0,SUN SECURITIES PVT LTD,Aryatara Investment & Securities,2026-04-29 11:54:30.964845
2026042904002393,AKJCL,26,94,1000,374.0,374000.0,Asian Securities Private Ltd.,K.B.L. Securities Limited ,2026-04-29 11:54:31.873002
2026042904002394,AKJCL,70,94,1000,373.0,373000.0,Infinity Securities Limited,K.B.L. Securities Limited ,2026-04-29 11:54:31.873643
2026042904002433,AKJCL,26,66,50,373.1,18655.0,Asian Securities Private Ltd.,Miyo Securities Pvt Ltd,2026-04-29 11:55:17.957647
2026042904002434,AKJCL,70,66,50,373.0,18650.0,Infinity Securities Limited,Miyo Securities Pvt Ltd,2026-04-29 11:55:17.958048
2026042904002453,AKJCL,70,42,1050,373.0,391650.0,Infinity Securities Limited,Sani Securities Company Ltd.,2026-04-29 11:55:24.492523
2026042904002454,AKJCL,47,42,50,373.0,18650.0,Neev Securities Pvt. Ltd.,Sani Securities Company Ltd.,2026-04-29 11:55:24.492882
2026042904002455,AKJCL,14,42,850,373.0,317050.0,Nepal Stock House (PVT) Ltd.,Sani Securities Company Ltd.,2026-04-29 11:55:24.493031
2026042904002456,AKJCL,64,42,50,373.0,18650.0,SUN SECURITIES PVT LTD,Sani Securities Company Ltd.,2026-04-29 11:55:24.493175
2026042904002484,AKJCL,64,22,120,373.0,44760.0,SUN SECURITIES PVT LTD,Siprabi Securities Pvt. Ltd.,2026-04-29 11:56:01.404168
2026042904002509,AKJCL,45,46,500,373.5,186750.0,Imperial Securities Company Pvt. Ltd.,Kalika Securities Pvt. Ltd.,2026-04-29 11:56:27.391609
2026042904002530,AKJCL,57,46,100,373.5,37350.0,Aryatara Investment & Securities,Kalika Securities Pvt. Ltd.,2026-04-29 11:56:47.749720
2026042904002537,AKJCL,64,46,100,373.5,37350.0,SUN SECURITIES PVT LTD,Kalika Securities Pvt. Ltd.,2026-04-29 11:56:50.304180
2026042904002568,AKJCL,57,46,384,373.5,143424.0,Aryatara Investment & Securities,Kalika Securities Pvt. Ltd.,2026-04-29 11:57:06.756660
2026042904002588,AKJCL,57,1,100,373.5,37350.0,Aryatara Investment & Securities,Kumari Securities Private Limited,2026-04-29 11:57:22.323681
2026042904002589,AKJCL,42,1,380,373.1,141778.0,Sani Securities Company Ltd.,Kumari Securities Private Limited,2026-04-29 11:57:22.324345
2026042904002590,AKJCL,64,1,22,373.0,8206.0,SUN SECURITIES PVT LTD,Kumari Securities Private Limited,2026-04-29 11:57:22.324812
2026042904002603,AKJCL,59,48,1000,373.2,373200.0,Deevyaa Securities & Stock House Pvt. Ltd,Trishakti Securities Public Limited,2026-04-29 11:57:32.820280
2026042904002604,AKJCL,64,48,1808,373.0,674384.0,SUN SECURITIES PVT LTD,Trishakti Securities Public Limited,2026-04-29 11:57:32.820940
2026042904002605,AKJCL,34,48,192,373.0,71616.0,Vision Securities Pvt. Ltd,Trishakti Securities Public Limited,2026-04-29 11:57:32.821410
2026042904002755,AKJCL,57,42,500,374.0,187000.0,Aryatara Investment & Securities,Sani Securities Company Ltd.,2026-04-29 11:59:46.129494
2026042904002774,AKJCL,57,94,16,374.0,5984.0,Aryatara Investment & Securities,K.B.L. Securities Limited ,2026-04-29 12:00:13.037603
2026042904002822,AKJCL,42,94,74,374.0,27676.0,Sani Securities Company Ltd.,K.B.L. Securities Limited ,2026-04-29 12:00:53.320018
2026042904002834,AKJCL,42,94,100,374.0,37400.0,Sani Securities Company Ltd.,K.B.L. Securities Limited ,2026-04-29 12:01:17.280612
2026042904002852,AKJCL,42,17,26,374.0,9724.0,Sani Securities Company Ltd.,ABC Securities Private Limited,2026-04-29 12:01:46.778334
2026042904002978,AKJCL,57,41,250,374.0,93500.0,Aryatara Investment & Securities,Linch Stock Market Ltd.,2026-04-29 12:05:17.836274
2026042904003070,AKJCL,32,29,20,373.4,7468.0,Premier Securities Company Ltd.,Trisul Securities & Invt. Ltd.,2026-04-29 12:07:41.813490
2026042904003071,AKJCL,32,29,15,373.4,5601.0,Premier Securities Company Ltd.,Trisul Securities & Invt. Ltd.,2026-04-29 12:07:41.813843
2026042904003072,AKJCL,26,29,50,373.3,18665.0,Asian Securities Private Ltd.,Trisul Securities & Invt. Ltd.,2026-04-29 12:07:41.814002
2026042904003073,AKJCL,26,29,50,373.2,18660.0,Asian Securities Private Ltd.,Trisul Securities & Invt. Ltd.,2026-04-29 12:07:41.814210
2026042904003074,AKJCL,43,29,95,373.2,35454.0,South Asian Bulls Pvt. Ltd.,Trisul Securities & Invt. Ltd.,2026-04-29 12:07:41.814476
2026042904003080,AKJCL,68,81,1000,374.9,374900.0,Elite Stock House Limited,Aakashbhairab Securities Ltd.,2026-04-29 12:07:53.341483
2026042904003172,AKJCL,45,94,64,374.0,23936.0,Imperial Securities Company Pvt. Ltd.,K.B.L. Securities Limited ,2026-04-29 12:09:26.655640
2026042904003173,AKJCL,42,94,86,374.0,32164.0,Sani Securities Company Ltd.,K.B.L. Securities Limited ,2026-04-29 12:09:26.656008
2026042904003208,AKJCL,42,58,414,374.0,154836.0,Sani Securities Company Ltd.,Naasa Securities Co. Ltd.,2026-04-29 12:10:05.142715
2026042904003209,AKJCL,42,58,50,374.0,18700.0,Sani Securities Company Ltd.,Naasa Securities Co. Ltd.,2026-04-29 12:10:05.143075
2026042904003214,AKJCL,59,58,27,374.0,10098.0,Deevyaa Securities & Stock House Pvt. Ltd,Naasa Securities Co. Ltd.,2026-04-29 12:10:13.507096
2026042904003226,AKJCL,57,58,500,374.0,187000.0,Aryatara Investment & Securities,Naasa Securities Co. Ltd.,2026-04-29 12:10:30.876373
2026042904003247,AKJCL,42,29,100,373.3,37330.0,Sani Securities Company Ltd.,Trisul Securities & Invt. Ltd.,2026-04-29 12:10:55.046438
2026042904003287,AKJCL,29,14,300,374.9,112470.0,Trisul Securities & Invt. Ltd.,Nepal Stock House (PVT) Ltd.,2026-04-29 12:12:08.748122
2026042904003288,AKJCL,29,64,700,375.0,262500.0,Trisul Securities & Invt. Ltd.,SUN SECURITIES PVT LTD,2026-04-29 12:12:08.748811
2026042904003528,AKJCL,13,94,150,374.9,56235.0,Thrive Brokerage House Pvt. Ltd,K.B.L. Securities Limited ,2026-04-29 12:18:03.564246
2026042904003535,AKJCL,58,36,50,374.9,18745.0,Naasa Securities Co. Ltd.,Secured Securities Ltd.,2026-04-29 12:18:08.150856
2026042904003536,AKJCL,25,36,300,374.1,112230.0,Sweta Securities Private Limited,Secured Securities Ltd.,2026-04-29 12:18:08.151201
2026042904003537,AKJCL,57,36,150,374.0,56100.0,Aryatara Investment & Securities,Secured Securities Ltd.,2026-04-29 12:18:08.151377
2026042904003567,AKJCL,58,64,10,375.0,3750.0,Naasa Securities Co. Ltd.,SUN SECURITIES PVT LTD,2026-04-29 12:18:53.770251
2026042904003584,AKJCL,86,64,290,375.0,108750.0,Stoxkarts Securities Limited,SUN SECURITIES PVT LTD,2026-04-29 12:19:27.887669
2026042904003585,AKJCL,86,48,26,375.0,9750.0,Stoxkarts Securities Limited,Trishakti Securities Public Limited,2026-04-29 12:19:27.888498
2026042904003586,AKJCL,86,49,45,375.0,16875.0,Stoxkarts Securities Limited,Online Securities Pvt. Ltd.,2026-04-29 12:19:27.889200
2026042904003587,AKJCL,86,43,10,375.0,3750.0,Stoxkarts Securities Limited,South Asian Bulls Pvt. Ltd.,2026-04-29 12:19:27.889824
2026042904003588,AKJCL,86,58,10,375.0,3750.0,Stoxkarts Securities Limited,Naasa Securities Co. Ltd.,2026-04-29 12:19:27.890436
2026042904003589,AKJCL,86,34,119,375.0,44625.0,Stoxkarts Securities Limited,Vision Securities Pvt. Ltd,2026-04-29 12:19:27.891027
2026042904003595,AKJCL,62,34,100,375.0,37500.0,Capital Max Securities Ltd,Vision Securities Pvt. Ltd,2026-04-29 12:19:34.163956
2026042904003596,AKJCL,64,34,281,375.0,105375.0,SUN SECURITIES PVT LTD,Vision Securities Pvt. Ltd,2026-04-29 12:19:35.241385
2026042904003636,AKJCL,58,14,16,375.7,6011.2,Naasa Securities Co. Ltd.,Nepal Stock House (PVT) Ltd.,2026-04-29 12:20:26.044221
2026042904003709,AKJCL,64,58,17,375.0,6375.0,SUN SECURITIES PVT LTD,Naasa Securities Co. Ltd.,2026-04-29 12:22:01.489432
2026042904003818,AKJCL,41,14,284,375.7,106698.8,Linch Stock Market Ltd.,Nepal Stock House (PVT) Ltd.,2026-04-29 12:24:41.958162
2026042904003834,AKJCL,41,62,16,375.7,6011.2,Linch Stock Market Ltd.,Capital Max Securities Ltd,2026-04-29 12:24:49.222464
2026042904003854,AKJCL,60,62,184,375.7,69128.8,Nagarik Stock Dealer ,Capital Max Securities Ltd,2026-04-29 12:25:16.818507
2026042904003855,AKJCL,60,42,300,375.8,112740.0,Nagarik Stock Dealer ,Sani Securities Company Ltd.,2026-04-29 12:25:16.819246
2026042904003856,AKJCL,60,58,120,376.5,45180.0,Nagarik Stock Dealer ,Naasa Securities Co. Ltd.,2026-04-29 12:25:16.819737
2026042904003857,AKJCL,60,14,400,376.6,150640.0,Nagarik Stock Dealer ,Nepal Stock House (PVT) Ltd.,2026-04-29 12:25:16.820188
2026042904003858,AKJCL,60,58,50,376.8,18840.0,Nagarik Stock Dealer ,Naasa Securities Co. Ltd.,2026-04-29 12:25:16.820676
2026042904003868,AKJCL,60,94,200,376.8,75360.0,Nagarik Stock Dealer ,K.B.L. Securities Limited ,2026-04-29 12:25:38.595608
2026042904003906,AKJCL,66,94,300,376.9,113070.0,Miyo Securities Pvt Ltd,K.B.L. Securities Limited ,2026-04-29 12:26:17.387805
2026042904003911,AKJCL,41,58,200,377.0,75400.0,Linch Stock Market Ltd.,Naasa Securities Co. Ltd.,2026-04-29 12:26:36.576599
2026042904003938,AKJCL,57,58,20,377.0,7540.0,Aryatara Investment & Securities,Naasa Securities Co. Ltd.,2026-04-29 12:27:35.508937
2026042904003945,AKJCL,66,34,10,376.9,3769.0,Miyo Securities Pvt Ltd,Vision Securities Pvt. Ltd,2026-04-29 12:27:37.260098
2026042904003951,AKJCL,66,58,190,376.9,71611.0,Miyo Securities Pvt Ltd,Naasa Securities Co. Ltd.,2026-04-29 12:27:49.060790
2026042904003952,AKJCL,60,58,746,376.8,281092.8,Nagarik Stock Dealer ,Naasa Securities Co. Ltd.,2026-04-29 12:27:49.061585
2026042904004038,AKJCL,50,58,10,376.8,3768.0,Cristal Kanchanjanga Securites Pvt. Ltd.,Naasa Securities Co. Ltd.,2026-04-29 12:29:31.916074
2026042904004101,AKJCL,66,58,63,376.8,23738.4,Miyo Securities Pvt Ltd,Naasa Securities Co. Ltd.,2026-04-29 12:31:09.017035
2026042904004224,AKJCL,60,57,2000,376.9,753800.0,Nagarik Stock Dealer ,Aryatara Investment & Securities,2026-04-29 12:35:11.527210
2026042904004225,AKJCL,60,58,251,377.0,94627.0,Nagarik Stock Dealer ,Naasa Securities Co. Ltd.,2026-04-29 12:35:11.527646
2026042904004226,AKJCL,60,34,500,377.0,188500.0,Nagarik Stock Dealer ,Vision Securities Pvt. Ltd,2026-04-29 12:35:11.527854
2026042904004227,AKJCL,60,48,749,377.0,282373.0,Nagarik Stock Dealer ,Trishakti Securities Public Limited,2026-04-29 12:35:11.528032
2026042904004246,AKJCL,43,48,251,377.0,94627.0,South Asian Bulls Pvt. Ltd.,Trishakti Securities Public Limited,2026-04-29 12:36:02.541541
2026042904004247,AKJCL,43,58,10,377.0,3770.0,South Asian Bulls Pvt. Ltd.,Naasa Securities Co. Ltd.,2026-04-29 12:36:02.541997
2026042904004248,AKJCL,43,70,739,377.0,278603.0,South Asian Bulls Pvt. Ltd.,Infinity Securities Limited,2026-04-29 12:36:02.542173
2026042904004279,AKJCL,66,81,37,376.8,13941.6,Miyo Securities Pvt Ltd,Aakashbhairab Securities Ltd.,2026-04-29 12:37:26.451802
2026042904004280,AKJCL,4,81,463,376.8,174458.4,Opal Securities Investment (PVT) Ltd.,Aakashbhairab Securities Ltd.,2026-04-29 12:37:26.452590
2026042904004285,AKJCL,57,74,2000,376.9,753800.0,Aryatara Investment & Securities,KALASH STOCK MARKET PVT. LTD.,2026-04-29 12:37:32.067212
2026042904004302,AKJCL,28,58,25,375.6,9390.0,Shree Krishna Securities Ltd.,Naasa Securities Co. Ltd.,2026-04-29 12:37:40.179096
2026042904004347,AKJCL,6,81,500,375.8,187900.0,Agrawal Securities (PVT) Ltd.,Aakashbhairab Securities Ltd.,2026-04-29 12:38:47.912585
2026042904004385,AKJCL,28,74,275,375.6,103290.0,Shree Krishna Securities Ltd.,KALASH STOCK MARKET PVT. LTD.,2026-04-29 12:39:13.232493
2026042904004386,AKJCL,58,74,30,375.5,11265.0,Naasa Securities Co. Ltd.,KALASH STOCK MARKET PVT. LTD.,2026-04-29 12:39:13.233230
2026042904004387,AKJCL,64,74,1000,375.5,375500.0,SUN SECURITIES PVT LTD,KALASH STOCK MARKET PVT. LTD.,2026-04-29 12:39:13.233769
2026042904004388,AKJCL,43,74,1000,375.4,375400.0,South Asian Bulls Pvt. Ltd.,KALASH STOCK MARKET PVT. LTD.,2026-04-29 12:39:13.234260
2026042904004389,AKJCL,22,74,2000,375.3,750600.0,Siprabi Securities Pvt. Ltd.,KALASH STOCK MARKET PVT. LTD.,2026-04-29 12:39:13.234757
2026042904004390,AKJCL,58,74,2000,375.1,750200.0,Naasa Securities Co. Ltd.,KALASH STOCK MARKET PVT. LTD.,2026-04-29 12:39:13.235242
2026042904004391,AKJCL,64,74,202,375.0,75750.0,SUN SECURITIES PVT LTD,KALASH STOCK MARKET PVT. LTD.,2026-04-29 12:39:13.235750
2026042904004392,AKJCL,66,74,100,375.0,37500.0,Miyo Securities Pvt Ltd,KALASH STOCK MARKET PVT. LTD.,2026-04-29 12:39:13.236272
2026042904004393,AKJCL,42,74,30,375.0,11250.0,Sani Securities Company Ltd.,KALASH STOCK MARKET PVT. LTD.,2026-04-29 12:39:13.236765
2026042904004394,AKJCL,38,74,363,375.0,136125.0,Dipshikha Dhitopatra Karobar Co. Pvt Ltd.,KALASH STOCK MARKET PVT. LTD.,2026-04-29 12:39:13.237263
2026042904004401,AKJCL,38,17,137,375.0,51375.0,Dipshikha Dhitopatra Karobar Co. Pvt Ltd.,ABC Securities Private Limited,2026-04-29 12:39:37.659385
2026042904004458,AKJCL,41,39,10,374.3,3743.0,Linch Stock Market Ltd.,Sumeru Securities Pvt. Ltd.,2026-04-29 12:40:42.440720
2026042904004459,AKJCL,42,39,115,374.1,43021.5,Sani Securities Company Ltd.,Sumeru Securities Pvt. Ltd.,2026-04-29 12:40:42.441643
2026042904004616,AKJCL,57,32,350,374.0,130900.0,Aryatara Investment & Securities,Premier Securities Company Ltd.,2026-04-29 12:44:35.312531
2026042904004617,AKJCL,48,32,150,373.6,56040.0,Trishakti Securities Public Limited,Premier Securities Company Ltd.,2026-04-29 12:44:35.312605
2026042904004662,AKJCL,57,44,200,374.0,74800.0,Aryatara Investment & Securities,Dynamic Money Managers Securities Pvt. Ltd.,2026-04-29 12:45:24.531521
2026042904004693,AKJCL,34,74,30,374.5,11235.0,Vision Securities Pvt. Ltd,KALASH STOCK MARKET PVT. LTD.,2026-04-29 12:47:04.528715
2026042904004694,AKJCL,57,94,50,374.0,18700.0,Aryatara Investment & Securities,K.B.L. Securities Limited ,2026-04-29 12:47:13.633999
2026042904004699,AKJCL,57,94,950,374.0,355300.0,Aryatara Investment & Securities,K.B.L. Securities Limited ,2026-04-29 12:47:29.415117
2026042904004754,AKJCL,13,74,60,374.5,22470.0,Thrive Brokerage House Pvt. Ltd,KALASH STOCK MARKET PVT. LTD.,2026-04-29 12:49:03.907156
2026042904004765,AKJCL,57,25,50,374.0,18700.0,Aryatara Investment & Securities,Sweta Securities Private Limited,2026-04-29 12:49:06.260906
2026042904004808,AKJCL,48,57,100,373.6,37360.0,Trishakti Securities Public Limited,Aryatara Investment & Securities,2026-04-29 12:50:04.012551
2026042904004809,AKJCL,63,57,550,373.6,205480.0,Himalayan Brokerage Company Limited,Aryatara Investment & Securities,2026-04-29 12:50:04.013281
2026042904004813,AKJCL,57,25,1050,374.0,392700.0,Aryatara Investment & Securities,Sweta Securities Private Limited,2026-04-29 12:50:14.011426
2026042904004814,AKJCL,57,71,450,374.0,168300.0,Aryatara Investment & Securities,SHUBHAKAMANA SECURITIES PVT. LTD,2026-04-29 12:50:14.012180
2026042904004837,AKJCL,63,26,200,373.6,74720.0,Himalayan Brokerage Company Limited,Asian Securities Private Ltd.,2026-04-29 12:50:45.388927
2026042904004856,AKJCL,69,71,10,374.0,3740.0,INDEX SECURITIES LIMITED,SHUBHAKAMANA SECURITIES PVT. LTD,2026-04-29 12:50:51.216882
2026042904004904,AKJCL,48,71,40,374.0,14960.0,Trishakti Securities Public Limited,SHUBHAKAMANA SECURITIES PVT. LTD,2026-04-29 12:51:40.153127
2026042904004905,AKJCL,48,74,30,374.5,11235.0,Trishakti Securities Public Limited,KALASH STOCK MARKET PVT. LTD.,2026-04-29 12:51:40.153585
2026042904004944,AKJCL,48,74,40,374.5,14980.0,Trishakti Securities Public Limited,KALASH STOCK MARKET PVT. LTD.,2026-04-29 12:52:32.986735
2026042904004985,AKJCL,57,42,30,374.0,11220.0,Aryatara Investment & Securities,Sani Securities Company Ltd.,2026-04-29 12:53:43.535198
2026042904005080,AKJCL,57,58,43,374.0,16082.0,Aryatara Investment & Securities,Naasa Securities Co. Ltd.,2026-04-29 12:56:15.920444
2026042904005342,AKJCL,57,54,20,374.0,7480.0,Aryatara Investment & Securities,Sewa Securities Pvt. Ltd.,2026-04-29 13:00:26.220872
2026042904005477,AKJCL,57,59,207,374.0,77418.0,Aryatara Investment & Securities,Deevyaa Securities & Stock House Pvt. Ltd,2026-04-29 13:04:09.677983
2026042904005478,AKJCL,22,59,50,374.0,18700.0,Siprabi Securities Pvt. Ltd.,Deevyaa Securities & Stock House Pvt. Ltd,2026-04-29 13:04:09.678421
2026042904005486,AKJCL,63,59,250,373.6,93400.0,Himalayan Brokerage Company Limited,Deevyaa Securities & Stock House Pvt. Ltd,2026-04-29 13:04:28.995188
2026042904005487,AKJCL,5,59,100,373.5,37350.0,Market Securities & Exchange (PVT) Ltd.,Deevyaa Securities & Stock House Pvt. Ltd,2026-04-29 13:04:28.995627
2026042904005488,AKJCL,32,59,393,373.5,146785.5,Premier Securities Company Ltd.,Deevyaa Securities & Stock House Pvt. Ltd,2026-04-29 13:04:28.995811
2026042904005613,AKJCL,49,74,40,374.5,14980.0,Online Securities Pvt. Ltd.,KALASH STOCK MARKET PVT. LTD.,2026-04-29 13:08:46.782367
2026042904005660,AKJCL,32,74,188,374.5,70406.0,Premier Securities Company Ltd.,KALASH STOCK MARKET PVT. LTD.,2026-04-29 13:09:25.892717
2026042904005661,AKJCL,32,49,120,374.5,44940.0,Premier Securities Company Ltd.,Online Securities Pvt. Ltd.,2026-04-29 13:09:25.893638
2026042904005662,AKJCL,32,4,1000,374.5,374500.0,Premier Securities Company Ltd.,Opal Securities Investment (PVT) Ltd.,2026-04-29 13:09:25.894335
2026042904005663,AKJCL,32,17,63,375.0,23625.0,Premier Securities Company Ltd.,ABC Securities Private Limited,2026-04-29 13:09:25.894944
2026042904005664,AKJCL,32,94,1000,375.0,375000.0,Premier Securities Company Ltd.,K.B.L. Securities Limited ,2026-04-29 13:09:25.895552
2026042904005665,AKJCL,32,32,1000,375.0,375000.0,Premier Securities Company Ltd.,Premier Securities Company Ltd.,2026-04-29 13:09:25.896119
2026042904005679,AKJCL,32,32,1000,375.0,375000.0,Premier Securities Company Ltd.,Premier Securities Company Ltd.,2026-04-29 13:10:11.951721
2026042904005680,AKJCL,32,72,1000,375.0,375000.0,Premier Securities Company Ltd.,Hatemalo Financial Services Private Limited,2026-04-29 13:10:11.952133
2026042904005684,AKJCL,69,72,100,375.0,37500.0,INDEX SECURITIES LIMITED,Hatemalo Financial Services Private Limited,2026-04-29 13:10:23.458908
2026042904005696,AKJCL,32,45,1000,373.6,373600.0,Premier Securities Company Ltd.,Imperial Securities Company Pvt. Ltd.,2026-04-29 13:10:40.396365
2026042904005697,AKJCL,32,45,1000,373.6,373600.0,Premier Securities Company Ltd.,Imperial Securities Company Pvt. Ltd.,2026-04-29 13:10:40.396816
2026042904005764,AKJCL,32,48,1000,373.8,373800.0,Premier Securities Company Ltd.,Trishakti Securities Public Limited,2026-04-29 13:13:02.884582
2026042904005791,AKJCL,42,62,100,374.0,37400.0,Sani Securities Company Ltd.,Capital Max Securities Ltd,2026-04-29 13:14:12.475114
2026042904005792,AKJCL,66,62,1335,373.9,499156.5,Miyo Securities Pvt Ltd,Capital Max Securities Ltd,2026-04-29 13:14:12.475179
2026042904005793,AKJCL,32,62,1000,373.8,373800.0,Premier Securities Company Ltd.,Capital Max Securities Ltd,2026-04-29 13:14:12.475208
2026042904005794,AKJCL,40,62,200,373.8,74760.0,Creative Securities Pvt Ltd,Capital Max Securities Ltd,2026-04-29 13:14:12.475233
2026042904005795,AKJCL,53,62,20,373.7,7474.0,Investment Management Nepal Pvt. Ltd.,Capital Max Securities Ltd,2026-04-29 13:14:12.475259
2026042904005796,AKJCL,40,62,100,373.6,37360.0,Creative Securities Pvt Ltd,Capital Max Securities Ltd,2026-04-29 13:14:12.475283
2026042904005797,AKJCL,63,62,1000,373.6,373600.0,Himalayan Brokerage Company Limited,Capital Max Securities Ltd,2026-04-29 13:14:12.475309
2026042904005798,AKJCL,40,62,200,373.6,74720.0,Creative Securities Pvt Ltd,Capital Max Securities Ltd,2026-04-29 13:14:12.475343
2026042904005799,AKJCL,40,62,200,373.6,74720.0,Creative Securities Pvt Ltd,Capital Max Securities Ltd,2026-04-29 13:14:12.475373
2026042904005800,AKJCL,40,62,100,373.6,37360.0,Creative Securities Pvt Ltd,Capital Max Securities Ltd,2026-04-29 13:14:12.475394
2026042904005801,AKJCL,32,62,607,373.5,226714.5,Premier Securities Company Ltd.,Capital Max Securities Ltd,2026-04-29 13:14:12.475418
2026042904005802,AKJCL,68,62,138,373.5,51543.0,Elite Stock House Limited,Capital Max Securities Ltd,2026-04-29 13:14:12.475444
2026042904005817,AKJCL,32,17,2000,373.6,747200.0,Premier Securities Company Ltd.,ABC Securities Private Limited,2026-04-29 13:14:37.184571
2026042904005818,AKJCL,68,17,362,373.5,135207.0,Elite Stock House Limited,ABC Securities Private Limited,2026-04-29 13:14:37.185055
2026042904005819,AKJCL,41,17,137,373.5,51169.5,Linch Stock Market Ltd.,ABC Securities Private Limited,2026-04-29 13:14:37.185232
2026042904005820,AKJCL,44,17,30,373.3,11199.0,Dynamic Money Managers Securities Pvt. Ltd.,ABC Securities Private Limited,2026-04-29 13:14:37.185418
2026042904005821,AKJCL,28,17,200,373.3,74660.0,Shree Krishna Securities Ltd.,ABC Securities Private Limited,2026-04-29 13:14:37.185612
2026042904005822,AKJCL,49,17,10,373.3,3733.0,Online Securities Pvt. Ltd.,ABC Securities Private Limited,2026-04-29 13:14:37.185800
2026042904005823,AKJCL,59,17,100,373.3,37330.0,Deevyaa Securities & Stock House Pvt. Ltd,ABC Securities Private Limited,2026-04-29 13:14:37.185968
2026042904005824,AKJCL,43,17,905,373.2,337746.0,South Asian Bulls Pvt. Ltd.,ABC Securities Private Limited,2026-04-29 13:14:37.186172
2026042904005825,AKJCL,66,17,100,373.1,37310.0,Miyo Securities Pvt Ltd,ABC Securities Private Limited,2026-04-29 13:14:37.186351
2026042904005826,AKJCL,74,17,100,373.1,37310.0,KALASH STOCK MARKET PVT. LTD.,ABC Securities Private Limited,2026-04-29 13:14:37.186550
2026042904005827,AKJCL,42,17,56,373.1,20893.6,Sani Securities Company Ltd.,ABC Securities Private Limited,2026-04-29 13:14:37.186767
2026042904005861,AKJCL,65,58,10,373.3,3733.0,Sharepro Securities Private Limited,Naasa Securities Co. Ltd.,2026-04-29 13:15:30.172109
2026042904005924,AKJCL,32,58,50,373.6,18680.0,Premier Securities Company Ltd.,Naasa Securities Co. Ltd.,2026-04-29 13:18:02.436537
2026042904006068,AKJCL,43,72,400,375.0,150000.0,South Asian Bulls Pvt. Ltd.,Hatemalo Financial Services Private Limited,2026-04-29 13:23:11.511139
2026042904006069,AKJCL,43,36,250,375.0,93750.0,South Asian Bulls Pvt. Ltd.,Secured Securities Ltd.,2026-04-29 13:23:11.512164
2026042904006076,AKJCL,58,81,999,374.1,373725.9,Naasa Securities Co. Ltd.,Aakashbhairab Securities Ltd.,2026-04-29 13:23:16.377466
2026042904006083,AKJCL,43,56,350,375.8,131530.0,South Asian Bulls Pvt. Ltd.,Sri Hari Securities Pvt. Ltd.,2026-04-29 13:23:39.468202
2026042904006210,AKJCL,43,58,11,375.7,4132.7,South Asian Bulls Pvt. Ltd.,Naasa Securities Co. Ltd.,2026-04-29 13:25:49.996364
2026042904006211,AKJCL,19,58,800,374.0,299200.0,Nepal Investment And Securities Trading Private Limited,Naasa Securities Co. Ltd.,2026-04-29 13:25:49.996417
2026042904006212,AKJCL,32,58,289,374.0,108086.0,Premier Securities Company Ltd.,Naasa Securities Co. Ltd.,2026-04-29 13:25:49.996441
2026042904006252,AKJCL,82,56,10,375.8,3758.0,N.M.B. SECURITIES LIMITED,Sri Hari Securities Pvt. Ltd.,2026-04-29 13:26:59.729754
2026042904006489,AKJCL,16,36,300,374.1,112230.0,Primo Securities (PVT) Ltd.,Secured Securities Ltd.,2026-04-29 13:32:05.990205
2026042904006618,AKJCL,16,19,700,374.1,261870.0,Primo Securities (PVT) Ltd.,Nepal Investment And Securities Trading Private Limited,2026-04-29 13:35:24.914549
2026042904006619,AKJCL,58,19,800,374.1,299280.0,Naasa Securities Co. Ltd.,Nepal Investment And Securities Trading Private Limited,2026-04-29 13:35:24.915000
2026042904006620,AKJCL,32,19,161,374.0,60214.0,Premier Securities Company Ltd.,Nepal Investment And Securities Trading Private Limited,2026-04-29 13:35:24.915190
2026042904006621,AKJCL,38,19,20,374.0,7480.0,Dipshikha Dhitopatra Karobar Co. Pvt Ltd.,Nepal Investment And Securities Trading Private Limited,2026-04-29 13:35:24.915413
2026042904006622,AKJCL,40,19,100,374.0,37400.0,Creative Securities Pvt Ltd,Nepal Investment And Securities Trading Private Limited,2026-04-29 13:35:24.915614
2026042904006623,AKJCL,40,19,100,374.0,37400.0,Creative Securities Pvt Ltd,Nepal Investment And Securities Trading Private Limited,2026-04-29 13:35:24.915796
2026042904006624,AKJCL,58,19,56,374.0,20944.0,Naasa Securities Co. Ltd.,Nepal Investment And Securities Trading Private Limited,2026-04-29 13:35:24.915974
2026042904006640,AKJCL,16,19,133,374.0,49742.0,Primo Securities (PVT) Ltd.,Nepal Investment And Securities Trading Private Limited,2026-04-29 13:35:43.345781
2026042904006642,AKJCL,32,42,2000,373.6,747200.0,Premier Securities Company Ltd.,Sani Securities Company Ltd.,2026-04-29 13:35:44.565298
2026042904006690,AKJCL,32,19,1950,374.0,729300.0,Premier Securities Company Ltd.,Nepal Investment And Securities Trading Private Limited,2026-04-29 13:38:17.964629
2026042904006694,AKJCL,32,19,500,374.0,187000.0,Premier Securities Company Ltd.,Nepal Investment And Securities Trading Private Limited,2026-04-29 13:38:38.022463
2026042904006717,AKJCL,40,17,100,373.6,37360.0,Creative Securities Pvt Ltd,ABC Securities Private Limited,2026-04-29 13:39:36.093969
2026042904006718,AKJCL,13,17,100,373.6,37360.0,Thrive Brokerage House Pvt. Ltd,ABC Securities Private Limited,2026-04-29 13:39:36.094417
2026042904006724,AKJCL,58,19,11,374.0,4114.0,Naasa Securities Co. Ltd.,Nepal Investment And Securities Trading Private Limited,2026-04-29 13:39:40.324660
2026042904006739,AKJCL,58,19,118,374.0,44132.0,Naasa Securities Co. Ltd.,Nepal Investment And Securities Trading Private Limited,2026-04-29 13:40:22.995595
2026042904006745,AKJCL,38,19,20,374.0,7480.0,Dipshikha Dhitopatra Karobar Co. Pvt Ltd.,Nepal Investment And Securities Trading Private Limited,2026-04-29 13:40:38.595343
2026042904006762,AKJCL,35,19,331,373.6,123661.6,Kohinoor Investment & Securities Pvt. Ltd.,Nepal Investment And Securities Trading Private Limited,2026-04-29 13:41:21.351345
2026042904006788,AKJCL,57,81,50,374.0,18700.0,Aryatara Investment & Securities,Aakashbhairab Securities Ltd.,2026-04-29 13:41:58.467492
2026042904006797,AKJCL,22,81,200,374.0,74800.0,Siprabi Securities Pvt. Ltd.,Aakashbhairab Securities Ltd.,2026-04-29 13:42:21.777838
2026042904006808,AKJCL,17,81,50,374.0,18700.0,ABC Securities Private Limited,Aakashbhairab Securities Ltd.,2026-04-29 13:42:29.422332
2026042904006846,AKJCL,45,17,500,374.0,187000.0,Imperial Securities Company Pvt. Ltd.,ABC Securities Private Limited,2026-04-29 13:43:34.856330
2026042904006908,AKJCL,82,38,500,375.0,187500.0,N.M.B. SECURITIES LIMITED,Dipshikha Dhitopatra Karobar Co. Pvt Ltd.,2026-04-29 13:46:34.223582
2026042904006934,AKJCL,50,58,50,374.0,18700.0,Cristal Kanchanjanga Securites Pvt. Ltd.,Naasa Securities Co. Ltd.,2026-04-29 13:46:55.732307
2026042904006935,AKJCL,37,58,340,374.0,127160.0,Swarna Laxmi Securities Pvt. Ltd.,Naasa Securities Co. Ltd.,2026-04-29 13:46:55.733100
2026042904006936,AKJCL,17,58,500,374.0,187000.0,ABC Securities Private Limited,Naasa Securities Co. Ltd.,2026-04-29 13:46:55.733678
2026042904006939,AKJCL,82,58,500,374.0,187000.0,N.M.B. SECURITIES LIMITED,Naasa Securities Co. Ltd.,2026-04-29 13:47:03.816636
2026042904006947,AKJCL,28,58,60,374.0,22440.0,Shree Krishna Securities Ltd.,Naasa Securities Co. Ltd.,2026-04-29 13:47:19.756650
2026042904006962,AKJCL,35,19,1169,373.6,436738.4,Kohinoor Investment & Securities Pvt. Ltd.,Nepal Investment And Securities Trading Private Limited,2026-04-29 13:47:50.601643
2026042904006963,AKJCL,40,19,200,373.6,74720.0,Creative Securities Pvt Ltd,Nepal Investment And Securities Trading Private Limited,2026-04-29 13:47:50.602088
2026042904006964,AKJCL,40,19,100,373.6,37360.0,Creative Securities Pvt Ltd,Nepal Investment And Securities Trading Private Limited,2026-04-29 13:47:50.602272
2026042904006965,AKJCL,40,19,200,373.6,74720.0,Creative Securities Pvt Ltd,Nepal Investment And Securities Trading Private Limited,2026-04-29 13:47:50.602465
2026042904006966,AKJCL,38,19,60,373.6,22416.0,Dipshikha Dhitopatra Karobar Co. Pvt Ltd.,Nepal Investment And Securities Trading Private Limited,2026-04-29 13:47:50.602649
2026042904006967,AKJCL,71,19,1000,373.5,373500.0,SHUBHAKAMANA SECURITIES PVT. LTD,Nepal Investment And Securities Trading Private Limited,2026-04-29 13:47:50.602829
2026042904006968,AKJCL,34,19,10,373.5,3735.0,Vision Securities Pvt. Ltd,Nepal Investment And Securities Trading Private Limited,2026-04-29 13:47:50.603004
2026042904006969,AKJCL,16,19,1000,373.4,373400.0,Primo Securities (PVT) Ltd.,Nepal Investment And Securities Trading Private Limited,2026-04-29 13:47:50.603186
2026042904006970,AKJCL,65,19,1990,373.3,742867.0,Sharepro Securities Private Limited,Nepal Investment And Securities Trading Private Limited,2026-04-29 13:47:50.603370
2026042904006971,AKJCL,42,19,44,373.1,16416.4,Sani Securities Company Ltd.,Nepal Investment And Securities Trading Private Limited,2026-04-29 13:47:50.603548
2026042904006972,AKJCL,10,19,200,373.1,74620.0,Pragyan Securities (PVT) Ltd.,Nepal Investment And Securities Trading Private Limited,2026-04-29 13:47:50.603732
2026042904006973,AKJCL,20,19,40,373.0,14920.0,Sipla Securities Private Limited,Nepal Investment And Securities Trading Private Limited,2026-04-29 13:47:50.603909
2026042904006974,AKJCL,58,19,500,373.0,186500.0,Naasa Securities Co. Ltd.,Nepal Investment And Securities Trading Private Limited,2026-04-29 13:47:50.604099
2026042904006975,AKJCL,42,19,500,373.0,186500.0,Sani Securities Company Ltd.,Nepal Investment And Securities Trading Private Limited,2026-04-29 13:47:50.604273
2026042904006976,AKJCL,66,19,100,373.0,37300.0,Miyo Securities Pvt Ltd,Nepal Investment And Securities Trading Private Limited,2026-04-29 13:47:50.604459
2026042904006977,AKJCL,47,19,20,373.0,7460.0,Neev Securities Pvt. Ltd.,Nepal Investment And Securities Trading Private Limited,2026-04-29 13:47:50.604632
2026042904006978,AKJCL,47,19,50,373.0,18650.0,Neev Securities Pvt. Ltd.,Nepal Investment And Securities Trading Private Limited,2026-04-29 13:47:50.604801
2026042904006979,AKJCL,56,19,317,373.0,118241.0,Sri Hari Securities Pvt. Ltd.,Nepal Investment And Securities Trading Private Limited,2026-04-29 13:47:50.604978
2026042904006989,AKJCL,58,62,230,374.0,86020.0,Naasa Securities Co. Ltd.,Capital Max Securities Ltd,2026-04-29 13:48:18.582893
2026042904007038,AKJCL,56,38,783,373.0,292059.0,Sri Hari Securities Pvt. Ltd.,Dipshikha Dhitopatra Karobar Co. Pvt Ltd.,2026-04-29 13:49:33.199970
2026042904007039,AKJCL,86,38,100,373.0,37300.0,Stoxkarts Securities Limited,Dipshikha Dhitopatra Karobar Co. Pvt Ltd.,2026-04-29 13:49:33.200433
2026042904007040,AKJCL,16,38,200,373.0,74600.0,Primo Securities (PVT) Ltd.,Dipshikha Dhitopatra Karobar Co. Pvt Ltd.,2026-04-29 13:49:33.200618
2026042904007041,AKJCL,71,38,680,373.0,253640.0,SHUBHAKAMANA SECURITIES PVT. LTD,Dipshikha Dhitopatra Karobar Co. Pvt Ltd.,2026-04-29 13:49:33.200792
2026042904007042,AKJCL,70,38,875,373.0,326375.0,Infinity Securities Limited,Dipshikha Dhitopatra Karobar Co. Pvt Ltd.,2026-04-29 13:49:33.200984
2026042904007043,AKJCL,69,38,400,373.0,149200.0,INDEX SECURITIES LIMITED,Dipshikha Dhitopatra Karobar Co. Pvt Ltd.,2026-04-29 13:49:33.201210
2026042904007044,AKJCL,58,38,120,373.0,44760.0,Naasa Securities Co. Ltd.,Dipshikha Dhitopatra Karobar Co. Pvt Ltd.,2026-04-29 13:49:33.201444
2026042904007045,AKJCL,58,38,31,373.0,11563.0,Naasa Securities Co. Ltd.,Dipshikha Dhitopatra Karobar Co. Pvt Ltd.,2026-04-29 13:49:33.201674
2026042904007046,AKJCL,71,38,100,373.0,37300.0,SHUBHAKAMANA SECURITIES PVT. LTD,Dipshikha Dhitopatra Karobar Co. Pvt Ltd.,2026-04-29 13:49:33.201875
2026042904007047,AKJCL,11,38,100,373.0,37300.0,Malla & Malla Stock Broking Company Pvt. Limited,Dipshikha Dhitopatra Karobar Co. Pvt Ltd.,2026-04-29 13:49:33.202114
2026042904007048,AKJCL,4,38,12,373.0,4476.0,Opal Securities Investment (PVT) Ltd.,Dipshikha Dhitopatra Karobar Co. Pvt Ltd.,2026-04-29 13:49:33.202349
2026042904007049,AKJCL,34,38,500,373.0,186500.0,Vision Securities Pvt. Ltd,Dipshikha Dhitopatra Karobar Co. Pvt Ltd.,2026-04-29 13:49:33.202563
2026042904007050,AKJCL,68,38,100,373.0,37300.0,Elite Stock House Limited,Dipshikha Dhitopatra Karobar Co. Pvt Ltd.,2026-04-29 13:49:33.202770
2026042904007051,AKJCL,64,38,999,373.0,372627.0,SUN SECURITIES PVT LTD,Dipshikha Dhitopatra Karobar Co. Pvt Ltd.,2026-04-29 13:49:33.202966
2026042904007062,AKJCL,64,58,1001,373.0,373373.0,SUN SECURITIES PVT LTD,Naasa Securities Co. Ltd.,2026-04-29 13:49:49.589196
2026042904007063,AKJCL,74,58,200,373.0,74600.0,KALASH STOCK MARKET PVT. LTD.,Naasa Securities Co. Ltd.,2026-04-29 13:49:49.589922
2026042904007064,AKJCL,28,58,300,372.8,111840.0,Shree Krishna Securities Ltd.,Naasa Securities Co. Ltd.,2026-04-29 13:49:49.590443
2026042904007065,AKJCL,80,58,49,372.8,18267.2,Indira securities pvt. ltd,Naasa Securities Co. Ltd.,2026-04-29 13:49:49.590933
2026042904007073,AKJCL,80,19,451,372.8,168132.8,Indira securities pvt. ltd,Nepal Investment And Securities Trading Private Limited,2026-04-29 13:50:08.170106
2026042904007074,AKJCL,68,19,500,372.8,186400.0,Elite Stock House Limited,Nepal Investment And Securities Trading Private Limited,2026-04-29 13:50:08.170508
2026042904007075,AKJCL,67,19,3000,372.7,1118100.0,Property Wiard Limited,Nepal Investment And Securities Trading Private Limited,2026-04-29 13:50:08.170685
2026042904007076,AKJCL,35,19,534,372.5,198915.0,Kohinoor Investment & Securities Pvt. Ltd.,Nepal Investment And Securities Trading Private Limited,2026-04-29 13:50:08.170851
2026042904007077,AKJCL,71,19,1000,372.5,372500.0,SHUBHAKAMANA SECURITIES PVT. LTD,Nepal Investment And Securities Trading Private Limited,2026-04-29 13:50:08.171020
2026042904007078,AKJCL,16,19,1000,372.4,372400.0,Primo Securities (PVT) Ltd.,Nepal Investment And Securities Trading Private Limited,2026-04-29 13:50:08.171190
2026042904007079,AKJCL,71,19,515,372.2,191683.0,SHUBHAKAMANA SECURITIES PVT. LTD,Nepal Investment And Securities Trading Private Limited,2026-04-29 13:50:08.171365
2026042904007082,AKJCL,71,19,485,372.2,180517.0,SHUBHAKAMANA SECURITIES PVT. LTD,Nepal Investment And Securities Trading Private Limited,2026-04-29 13:50:18.425506
2026042904007083,AKJCL,91,19,35,372.0,13020.0,Citizens Share Broker Limited,Nepal Investment And Securities Trading Private Limited,2026-04-29 13:50:18.426288
2026042904007084,AKJCL,37,19,2000,372.0,744000.0,Swarna Laxmi Securities Pvt. Ltd.,Nepal Investment And Securities Trading Private Limited,2026-04-29 13:50:18.426815
2026042904007085,AKJCL,6,19,2000,372.0,744000.0,Agrawal Securities (PVT) Ltd.,Nepal Investment And Securities Trading Private Limited,2026-04-29 13:50:18.427356
2026042904007086,AKJCL,34,19,50,372.0,18600.0,Vision Securities Pvt. Ltd,Nepal Investment And Securities Trading Private Limited,2026-04-29 13:50:18.427854
2026042904007087,AKJCL,57,19,430,372.0,159960.0,Aryatara Investment & Securities,Nepal Investment And Securities Trading Private Limited,2026-04-29 13:50:18.428371
2026042904007158,AKJCL,58,38,10,372.1,3721.0,Naasa Securities Co. Ltd.,Dipshikha Dhitopatra Karobar Co. Pvt Ltd.,2026-04-29 13:52:04.985978
2026042904007159,AKJCL,57,38,570,372.0,212040.0,Aryatara Investment & Securities,Dipshikha Dhitopatra Karobar Co. Pvt Ltd.,2026-04-29 13:52:04.986414
2026042904007160,AKJCL,101,38,150,372.0,55800.0,APPLE SECURITIES PRIVATE LIMITED,Dipshikha Dhitopatra Karobar Co. Pvt Ltd.,2026-04-29 13:52:04.986584
2026042904007161,AKJCL,14,38,60,372.0,22320.0,Nepal Stock House (PVT) Ltd.,Dipshikha Dhitopatra Karobar Co. Pvt Ltd.,2026-04-29 13:52:04.986747
2026042904007162,AKJCL,57,38,210,372.0,78120.0,Aryatara Investment & Securities,Dipshikha Dhitopatra Karobar Co. Pvt Ltd.,2026-04-29 13:52:04.986912
2026042904007197,AKJCL,57,56,140,372.0,52080.0,Aryatara Investment & Securities,Sri Hari Securities Pvt. Ltd.,2026-04-29 13:52:40.416749
2026042904007200,AKJCL,57,38,150,372.0,55800.0,Aryatara Investment & Securities,Dipshikha Dhitopatra Karobar Co. Pvt Ltd.,2026-04-29 13:52:50.264699
2026042904007201,AKJCL,64,38,500,372.0,186000.0,SUN SECURITIES PVT LTD,Dipshikha Dhitopatra Karobar Co. Pvt Ltd.,2026-04-29 13:52:50.265140
2026042904007202,AKJCL,41,38,350,372.0,130200.0,Linch Stock Market Ltd.,Dipshikha Dhitopatra Karobar Co. Pvt Ltd.,2026-04-29 13:52:50.265323
2026042904007211,AKJCL,42,17,30,373.0,11190.0,Sani Securities Company Ltd.,ABC Securities Private Limited,2026-04-29 13:52:53.211101
2026042904007250,AKJCL,47,17,100,373.0,37300.0,Neev Securities Pvt. Ltd.,ABC Securities Private Limited,2026-04-29 13:53:12.543741
2026042904007288,AKJCL,39,81,500,372.0,186000.0,Sumeru Securities Pvt. Ltd.,Aakashbhairab Securities Ltd.,2026-04-29 13:54:09.846507
2026042904007289,AKJCL,53,81,500,372.0,186000.0,Investment Management Nepal Pvt. Ltd.,Aakashbhairab Securities Ltd.,2026-04-29 13:54:09.847244
2026042904007290,AKJCL,44,81,1100,371.9,409090.0,Dynamic Money Managers Securities Pvt. Ltd.,Aakashbhairab Securities Ltd.,2026-04-29 13:54:09.847765
2026042904007300,AKJCL,34,58,100,371.6,37160.0,Vision Securities Pvt. Ltd,Naasa Securities Co. Ltd.,2026-04-29 13:54:20.889386
2026042904007301,AKJCL,68,58,500,371.6,185800.0,Elite Stock House Limited,Naasa Securities Co. Ltd.,2026-04-29 13:54:20.889832
2026042904007302,AKJCL,42,58,300,371.0,111300.0,Sani Securities Company Ltd.,Naasa Securities Co. Ltd.,2026-04-29 13:54:20.890004
2026042904007303,AKJCL,58,58,200,371.0,74200.0,Naasa Securities Co. Ltd.,Naasa Securities Co. Ltd.,2026-04-29 13:54:20.890224
2026042904007304,AKJCL,58,58,20,371.0,7420.0,Naasa Securities Co. Ltd.,Naasa Securities Co. Ltd.,2026-04-29 13:54:20.890430
2026042904007305,AKJCL,71,58,5000,371.0,1855000.0,SHUBHAKAMANA SECURITIES PVT. LTD,Naasa Securities Co. Ltd.,2026-04-29 13:54:20.890625
2026042904007306,AKJCL,4,58,3880,371.0,1439480.0,Opal Securities Investment (PVT) Ltd.,Naasa Securities Co. Ltd.,2026-04-29 13:54:20.890858
2026042904007484,AKJCL,16,17,135,372.0,50220.0,Primo Securities (PVT) Ltd.,ABC Securities Private Limited,2026-04-29 13:58:26.761164
2026042904007518,AKJCL,48,28,20,371.2,7424.0,Trishakti Securities Public Limited,Shree Krishna Securities Ltd.,2026-04-29 13:59:02.954719
2026042904007519,AKJCL,64,28,100,371.1,37110.0,SUN SECURITIES PVT LTD,Shree Krishna Securities Ltd.,2026-04-29 13:59:02.955477
2026042904007520,AKJCL,4,28,300,371.1,111330.0,Opal Securities Investment (PVT) Ltd.,Shree Krishna Securities Ltd.,2026-04-29 13:59:02.955988
2026042904007521,AKJCL,4,28,1080,371.0,400680.0,Opal Securities Investment (PVT) Ltd.,Shree Krishna Securities Ltd.,2026-04-29 13:59:02.956579
2026042904007579,AKJCL,4,19,40,371.0,14840.0,Opal Securities Investment (PVT) Ltd.,Nepal Investment And Securities Trading Private Limited,2026-04-29 13:59:26.652015
2026042904007580,AKJCL,16,19,1000,371.0,371000.0,Primo Securities (PVT) Ltd.,Nepal Investment And Securities Trading Private Limited,2026-04-29 13:59:26.652429
2026042904007581,AKJCL,54,19,200,371.0,74200.0,Sewa Securities Pvt. Ltd.,Nepal Investment And Securities Trading Private Limited,2026-04-29 13:59:26.652601
2026042904007582,AKJCL,47,19,1000,371.0,371000.0,Neev Securities Pvt. Ltd.,Nepal Investment And Securities Trading Private Limited,2026-04-29 13:59:26.652780
2026042904007583,AKJCL,38,19,100,371.0,37100.0,Dipshikha Dhitopatra Karobar Co. Pvt Ltd.,Nepal Investment And Securities Trading Private Limited,2026-04-29 13:59:26.652994
2026042904007584,AKJCL,45,19,50,371.0,18550.0,Imperial Securities Company Pvt. Ltd.,Nepal Investment And Securities Trading Private Limited,2026-04-29 13:59:26.653159
2026042904007585,AKJCL,7,19,20,371.0,7420.0,J.F. Securites (PVT) Ltd.,Nepal Investment And Securities Trading Private Limited,2026-04-29 13:59:26.653330
2026042904007586,AKJCL,42,19,200,371.0,74200.0,Sani Securities Company Ltd.,Nepal Investment And Securities Trading Private Limited,2026-04-29 13:59:26.653522
2026042904007587,AKJCL,64,19,500,371.0,185500.0,SUN SECURITIES PVT LTD,Nepal Investment And Securities Trading Private Limited,2026-04-29 13:59:26.653697
2026042904007701,AKJCL,42,64,300,371.1,111330.0,Sani Securities Company Ltd.,SUN SECURITIES PVT LTD,2026-04-29 14:01:52.240231
2026042904007702,AKJCL,49,64,50,371.0,18550.0,Online Securities Pvt. Ltd.,SUN SECURITIES PVT LTD,2026-04-29 14:01:52.241114
2026042904007703,AKJCL,64,64,201,371.0,74571.0,SUN SECURITIES PVT LTD,SUN SECURITIES PVT LTD,2026-04-29 14:01:52.241893
2026042904007709,AKJCL,64,65,299,371.0,110929.0,SUN SECURITIES PVT LTD,Sharepro Securities Private Limited,2026-04-29 14:02:01.405253
2026042904007710,AKJCL,49,65,20,371.0,7420.0,Online Securities Pvt. Ltd.,Sharepro Securities Private Limited,2026-04-29 14:02:01.405648
2026042904007711,AKJCL,6,65,1000,371.0,371000.0,Agrawal Securities (PVT) Ltd.,Sharepro Securities Private Limited,2026-04-29 14:02:01.405811
2026042904007712,AKJCL,49,65,500,371.0,185500.0,Online Securities Pvt. Ltd.,Sharepro Securities Private Limited,2026-04-29 14:02:01.405976
2026042904007713,AKJCL,86,65,100,371.0,37100.0,Stoxkarts Securities Limited,Sharepro Securities Private Limited,2026-04-29 14:02:01.406141
2026042904007722,AKJCL,32,64,40,370.8,14832.0,Premier Securities Company Ltd.,SUN SECURITIES PVT LTD,2026-04-29 14:02:20.514401
2026042904007723,AKJCL,68,64,500,370.8,185400.0,Elite Stock House Limited,SUN SECURITIES PVT LTD,2026-04-29 14:02:20.515152
2026042904007724,AKJCL,34,64,50,370.5,18525.0,Vision Securities Pvt. Ltd,SUN SECURITIES PVT LTD,2026-04-29 14:02:20.515801
2026042904007725,AKJCL,64,64,1000,370.1,370100.0,SUN SECURITIES PVT LTD,SUN SECURITIES PVT LTD,2026-04-29 14:02:20.516348
2026042904007726,AKJCL,80,64,500,370.1,185050.0,Indira securities pvt. ltd,SUN SECURITIES PVT LTD,2026-04-29 14:02:20.517036
2026042904007727,AKJCL,59,64,100,370.1,37010.0,Deevyaa Securities & Stock House Pvt. Ltd,SUN SECURITIES PVT LTD,2026-04-29 14:02:20.517678
2026042904007728,AKJCL,35,64,310,370.1,114731.0,Kohinoor Investment & Securities Pvt. Ltd.,SUN SECURITIES PVT LTD,2026-04-29 14:02:20.518243
2026042904007740,AKJCL,35,96,505,370.1,186900.5,Kohinoor Investment & Securities Pvt. Ltd.,Himalayan Securities Limited,2026-04-29 14:02:26.579279
2026042904007741,AKJCL,92,96,500,370.0,185000.0,Roadshow securities limited,Himalayan Securities Limited,2026-04-29 14:02:26.579996
2026042904007742,AKJCL,61,96,1000,370.0,370000.0,BHOLE GANESH SECURITIES LTD,Himalayan Securities Limited,2026-04-29 14:02:26.580499
2026042904007743,AKJCL,45,96,600,370.0,222000.0,Imperial Securities Company Pvt. Ltd.,Himalayan Securities Limited,2026-04-29 14:02:26.580980
2026042904007744,AKJCL,45,96,1000,370.0,370000.0,Imperial Securities Company Pvt. Ltd.,Himalayan Securities Limited,2026-04-29 14:02:26.581475
2026042904007745,AKJCL,92,96,500,370.0,185000.0,Roadshow securities limited,Himalayan Securities Limited,2026-04-29 14:02:26.581955
2026042904007746,AKJCL,45,96,1000,370.0,370000.0,Imperial Securities Company Pvt. Ltd.,Himalayan Securities Limited,2026-04-29 14:02:26.582450
2026042904007747,AKJCL,44,96,150,370.0,55500.0,Dynamic Money Managers Securities Pvt. Ltd.,Himalayan Securities Limited,2026-04-29 14:02:26.582928
2026042904007748,AKJCL,74,96,500,370.0,185000.0,KALASH STOCK MARKET PVT. LTD.,Himalayan Securities Limited,2026-04-29 14:02:26.583412
2026042904007749,AKJCL,86,96,5000,370.0,1850000.0,Stoxkarts Securities Limited,Himalayan Securities Limited,2026-04-29 14:02:26.583886
2026042904007750,AKJCL,60,96,35,370.0,12950.0,Nagarik Stock Dealer ,Himalayan Securities Limited,2026-04-29 14:02:26.584366
2026042904007751,AKJCL,56,96,1000,370.0,370000.0,Sri Hari Securities Pvt. Ltd.,Himalayan Securities Limited,2026-04-29 14:02:26.584832
2026042904007752,AKJCL,8,96,250,370.0,92500.0,Brilliant Securities Pvt. Ltd.,Himalayan Securities Limited,2026-04-29 14:02:26.585300
2026042904007753,AKJCL,48,96,500,370.0,185000.0,Trishakti Securities Public Limited,Himalayan Securities Limited,2026-04-29 14:02:26.585499
2026042904007754,AKJCL,4,96,400,370.0,148000.0,Opal Securities Investment (PVT) Ltd.,Himalayan Securities Limited,2026-04-29 14:02:26.585662
2026042904007755,AKJCL,16,96,50,370.0,18500.0,Primo Securities (PVT) Ltd.,Himalayan Securities Limited,2026-04-29 14:02:26.585816
2026042904007756,AKJCL,43,96,1500,370.0,555000.0,South Asian Bulls Pvt. Ltd.,Himalayan Securities Limited,2026-04-29 14:02:26.585967
2026042904007757,AKJCL,16,96,2000,370.0,740000.0,Primo Securities (PVT) Ltd.,Himalayan Securities Limited,2026-04-29 14:02:26.586132
2026042904007758,AKJCL,92,96,300,370.0,111000.0,Roadshow securities limited,Himalayan Securities Limited,2026-04-29 14:02:26.586285
2026042904007759,AKJCL,64,96,2500,370.0,925000.0,SUN SECURITIES PVT LTD,Himalayan Securities Limited,2026-04-29 14:02:26.586440
2026042904007760,AKJCL,13,96,100,370.0,37000.0,Thrive Brokerage House Pvt. Ltd,Himalayan Securities Limited,2026-04-29 14:02:26.586589
2026042904007761,AKJCL,81,96,200,370.0,74000.0,Aakashbhairab Securities Ltd.,Himalayan Securities Limited,2026-04-29 14:02:26.586734
2026042904007762,AKJCL,49,96,50,370.0,18500.0,Online Securities Pvt. Ltd.,Himalayan Securities Limited,2026-04-29 14:02:26.586900
2026042904007763,AKJCL,13,96,1000,370.0,370000.0,Thrive Brokerage House Pvt. Ltd,Himalayan Securities Limited,2026-04-29 14:02:26.587050
2026042904007764,AKJCL,57,96,10,370.0,3700.0,Aryatara Investment & Securities,Himalayan Securities Limited,2026-04-29 14:02:26.587201
2026042904007765,AKJCL,32,96,1000,370.0,370000.0,Premier Securities Company Ltd.,Himalayan Securities Limited,2026-04-29 14:02:26.587353
2026042904007766,AKJCL,32,96,150,370.0,55500.0,Premier Securities Company Ltd.,Himalayan Securities Limited,2026-04-29 14:02:26.587496
2026042904007767,AKJCL,34,96,50,370.0,18500.0,Vision Securities Pvt. Ltd,Himalayan Securities Limited,2026-04-29 14:02:26.587642
2026042904007768,AKJCL,38,96,260,370.0,96200.0,Dipshikha Dhitopatra Karobar Co. Pvt Ltd.,Himalayan Securities Limited,2026-04-29 14:02:26.587793
2026042904007769,AKJCL,35,96,1000,370.0,370000.0,Kohinoor Investment & Securities Pvt. Ltd.,Himalayan Securities Limited,2026-04-29 14:02:26.587940
2026042904007770,AKJCL,58,96,2000,370.0,740000.0,Naasa Securities Co. Ltd.,Himalayan Securities Limited,2026-04-29 14:02:26.588086
2026042904007771,AKJCL,80,96,200,370.0,74000.0,Indira securities pvt. ltd,Himalayan Securities Limited,2026-04-29 14:02:26.588231
2026042904007772,AKJCL,6,96,500,370.0,185000.0,Agrawal Securities (PVT) Ltd.,Himalayan Securities Limited,2026-04-29 14:02:26.588379
2026042904007773,AKJCL,62,96,150,370.0,55500.0,Capital Max Securities Ltd,Himalayan Securities Limited,2026-04-29 14:02:26.588524
2026042904007785,AKJCL,58,45,150,369.5,55425.0,Naasa Securities Co. Ltd.,Imperial Securities Company Pvt. Ltd.,2026-04-29 14:02:37.351885
2026042904007824,AKJCL,6,96,1000,370.0,370000.0,Agrawal Securities (PVT) Ltd.,Himalayan Securities Limited,2026-04-29 14:03:01.959105
2026042904007825,AKJCL,58,42,500,369.5,184750.0,Naasa Securities Co. Ltd.,Sani Securities Company Ltd.,2026-04-29 14:03:02.242100
2026042904007828,AKJCL,58,96,100,370.0,37000.0,Naasa Securities Co. Ltd.,Himalayan Securities Limited,2026-04-29 14:03:09.651050
2026042904007830,AKJCL,64,96,500,370.0,185000.0,SUN SECURITIES PVT LTD,Himalayan Securities Limited,2026-04-29 14:03:13.717512
2026042904007843,AKJCL,34,96,1000,370.0,370000.0,Vision Securities Pvt. Ltd,Himalayan Securities Limited,2026-04-29 14:03:20.935138
2026042904007848,AKJCL,58,81,350,369.5,129325.0,Naasa Securities Co. Ltd.,Aakashbhairab Securities Ltd.,2026-04-29 14:03:33.818177
2026042904007849,AKJCL,40,81,25,369.5,9237.5,Creative Securities Pvt Ltd,Aakashbhairab Securities Ltd.,2026-04-29 14:03:33.818574
2026042904007850,AKJCL,8,81,100,369.3,36930.0,Brilliant Securities Pvt. Ltd.,Aakashbhairab Securities Ltd.,2026-04-29 14:03:33.818732
2026042904007851,AKJCL,77,81,863,369.3,318705.9,Nabil Stock Dealer Ltd.,Aakashbhairab Securities Ltd.,2026-04-29 14:03:33.818886
2026042904007871,AKJCL,77,29,137,369.3,50594.1,Nabil Stock Dealer Ltd.,Trisul Securities & Invt. Ltd.,2026-04-29 14:04:06.471828
2026042904007872,AKJCL,49,29,500,369.3,184650.0,Online Securities Pvt. Ltd.,Trisul Securities & Invt. Ltd.,2026-04-29 14:04:06.471916
2026042904007873,AKJCL,17,29,50,369.0,18450.0,ABC Securities Private Limited,Trisul Securities & Invt. Ltd.,2026-04-29 14:04:06.471990
2026042904007874,AKJCL,19,29,500,369.0,184500.0,Nepal Investment And Securities Trading Private Limited,Trisul Securities & Invt. Ltd.,2026-04-29 14:04:06.472061
2026042904007875,AKJCL,72,29,200,369.0,73800.0,Hatemalo Financial Services Private Limited,Trisul Securities & Invt. Ltd.,2026-04-29 14:04:06.472130
2026042904007876,AKJCL,34,29,150,369.0,55350.0,Vision Securities Pvt. Ltd,Trisul Securities & Invt. Ltd.,2026-04-29 14:04:06.472193
2026042904007877,AKJCL,57,29,100,369.0,36900.0,Aryatara Investment & Securities,Trisul Securities & Invt. Ltd.,2026-04-29 14:04:06.472257
2026042904007878,AKJCL,26,29,300,369.0,110700.0,Asian Securities Private Ltd.,Trisul Securities & Invt. Ltd.,2026-04-29 14:04:06.472337
2026042904007879,AKJCL,7,29,10,368.6,3686.0,J.F. Securites (PVT) Ltd.,Trisul Securities & Invt. Ltd.,2026-04-29 14:04:06.472393
2026042904007880,AKJCL,89,29,20,368.6,7372.0,Global IME Securities Limited,Trisul Securities & Invt. Ltd.,2026-04-29 14:04:06.472446
2026042904007881,AKJCL,68,29,500,368.6,184300.0,Elite Stock House Limited,Trisul Securities & Invt. Ltd.,2026-04-29 14:04:06.472501
2026042904007882,AKJCL,70,29,533,368.6,196463.8,Infinity Securities Limited,Trisul Securities & Invt. Ltd.,2026-04-29 14:04:06.472555
2026042904007937,AKJCL,38,96,50,369.3,18465.0,Dipshikha Dhitopatra Karobar Co. Pvt Ltd.,Himalayan Securities Limited,2026-04-29 14:04:38.200096
2026042904007938,AKJCL,70,96,467,368.6,172136.2,Infinity Securities Limited,Himalayan Securities Limited,2026-04-29 14:04:38.200785
2026042904007939,AKJCL,99,96,500,368.1,184050.0,Prabhu Stock Market Limited,Himalayan Securities Limited,2026-04-29 14:04:38.201232
2026042904007940,AKJCL,65,96,2000,368.0,736000.0,Sharepro Securities Private Limited,Himalayan Securities Limited,2026-04-29 14:04:38.201675
2026042904007941,AKJCL,41,96,600,368.0,220800.0,Linch Stock Market Ltd.,Himalayan Securities Limited,2026-04-29 14:04:38.202102
2026042904007942,AKJCL,58,96,1123,368.0,413264.0,Naasa Securities Co. Ltd.,Himalayan Securities Limited,2026-04-29 14:04:38.202533
2026042904007949,AKJCL,58,66,1000,368.0,368000.0,Naasa Securities Co. Ltd.,Miyo Securities Pvt Ltd,2026-04-29 14:04:50.184141
2026042904007953,AKJCL,58,81,1000,368.0,368000.0,Naasa Securities Co. Ltd.,Aakashbhairab Securities Ltd.,2026-04-29 14:04:52.973132
2026042904007954,AKJCL,58,13,1877,368.0,690736.0,Naasa Securities Co. Ltd.,Thrive Brokerage House Pvt. Ltd,2026-04-29 14:04:58.683147
2026042904007955,AKJCL,64,13,800,368.0,294400.0,SUN SECURITIES PVT LTD,Thrive Brokerage House Pvt. Ltd,2026-04-29 14:04:58.683831
2026042904007962,AKJCL,64,13,100,368.0,36800.0,SUN SECURITIES PVT LTD,Thrive Brokerage House Pvt. Ltd,2026-04-29 14:05:03.725751
2026042904007987,AKJCL,59,19,1000,367.5,367500.0,Deevyaa Securities & Stock House Pvt. Ltd,Nepal Investment And Securities Trading Private Limited,2026-04-29 14:05:34.092847
2026042904007988,AKJCL,80,19,890,367.0,326630.0,Indira securities pvt. ltd,Nepal Investment And Securities Trading Private Limited,2026-04-29 14:05:34.093196
2026042904008050,AKJCL,80,36,110,367.0,40370.0,Indira securities pvt. ltd,Secured Securities Ltd.,2026-04-29 14:05:58.343729
2026042904008051,AKJCL,52,36,100,367.0,36700.0,Sundhara Securities Limited,Secured Securities Ltd.,2026-04-29 14:05:58.344413
2026042904008068,AKJCL,22,81,700,368.0,257600.0,Siprabi Securities Pvt. Ltd.,Aakashbhairab Securities Ltd.,2026-04-29 14:06:19.455150
2026042904008154,AKJCL,34,26,15,368.1,5521.5,Vision Securities Pvt. Ltd,Asian Securities Private Ltd.,2026-04-29 14:07:18.485241
2026042904008179,AKJCL,34,13,985,368.1,362578.5,Vision Securities Pvt. Ltd,Thrive Brokerage House Pvt. Ltd,2026-04-29 14:07:45.951800
2026042904008180,AKJCL,49,13,110,368.1,40491.0,Online Securities Pvt. Ltd.,Thrive Brokerage House Pvt. Ltd,2026-04-29 14:07:45.952514
2026042904008181,AKJCL,64,13,500,368.0,184000.0,SUN SECURITIES PVT LTD,Thrive Brokerage House Pvt. Ltd,2026-04-29 14:07:45.952984
2026042904008189,AKJCL,66,28,15,367.1,5506.5,Miyo Securities Pvt Ltd,Shree Krishna Securities Ltd.,2026-04-29 14:07:48.214361
2026042904008190,AKJCL,80,28,500,367.0,183500.0,Indira securities pvt. ltd,Shree Krishna Securities Ltd.,2026-04-29 14:07:48.214452
2026042904008191,AKJCL,84,28,1485,367.0,544995.0,MILKY WAY SHARE BROKER COMPANY LTD ,Shree Krishna Securities Ltd.,2026-04-29 14:07:48.214523
2026042904008208,AKJCL,64,28,500,367.2,183600.0,SUN SECURITIES PVT LTD,Shree Krishna Securities Ltd.,2026-04-29 14:08:09.683440
2026042904008209,AKJCL,60,13,628,368.0,231104.0,Nagarik Stock Dealer ,Thrive Brokerage House Pvt. Ltd,2026-04-29 14:08:10.421495
2026042904008210,AKJCL,60,26,50,368.0,18400.0,Nagarik Stock Dealer ,Asian Securities Private Ltd.,2026-04-29 14:08:10.421862
2026042904008211,AKJCL,60,41,4322,369.0,1594818.0,Nagarik Stock Dealer ,Linch Stock Market Ltd.,2026-04-29 14:08:10.422015
2026042904008225,AKJCL,64,25,500,367.2,183600.0,SUN SECURITIES PVT LTD,Sweta Securities Private Limited,2026-04-29 14:08:51.993032
2026042904008241,AKJCL,60,41,338,369.0,124722.0,Nagarik Stock Dealer ,Linch Stock Market Ltd.,2026-04-29 14:09:06.545843
2026042904008242,AKJCL,60,13,84,369.6,31046.4,Nagarik Stock Dealer ,Thrive Brokerage House Pvt. Ltd,2026-04-29 14:09:06.546245
2026042904008243,AKJCL,60,14,333,369.7,123110.1,Nagarik Stock Dealer ,Nepal Stock House (PVT) Ltd.,2026-04-29 14:09:06.546414
2026042904008248,AKJCL,60,25,100,370.0,37000.0,Nagarik Stock Dealer ,Sweta Securities Private Limited,2026-04-29 14:09:18.277170
2026042904008253,AKJCL,60,13,100,370.0,37000.0,Nagarik Stock Dealer ,Thrive Brokerage House Pvt. Ltd,2026-04-29 14:09:27.908843
2026042904008256,AKJCL,60,25,45,370.0,16650.0,Nagarik Stock Dealer ,Sweta Securities Private Limited,2026-04-29 14:09:37.601529
2026042904008263,AKJCL,65,25,100,368.0,36800.0,Sharepro Securities Private Limited,Sweta Securities Private Limited,2026-04-29 14:09:56.126856
2026042904008273,AKJCL,58,25,30,368.0,11040.0,Naasa Securities Co. Ltd.,Sweta Securities Private Limited,2026-04-29 14:10:31.217800
2026042904008277,AKJCL,21,25,500,367.2,183600.0,Midas Stock Broking Company Private Limited,Sweta Securities Private Limited,2026-04-29 14:10:48.801735
2026042904008291,AKJCL,42,25,200,368.0,73600.0,Sani Securities Company Ltd.,Sweta Securities Private Limited,2026-04-29 14:11:08.785516
2026042904008296,AKJCL,64,25,1000,367.3,367300.0,SUN SECURITIES PVT LTD,Sweta Securities Private Limited,2026-04-29 14:11:30.499620
2026042904008327,AKJCL,6,25,100,367.4,36740.0,Agrawal Securities (PVT) Ltd.,Sweta Securities Private Limited,2026-04-29 14:11:56.014923
2026042904008381,AKJCL,64,65,10,370.8,3708.0,SUN SECURITIES PVT LTD,Sharepro Securities Private Limited,2026-04-29 14:13:23.219161
2026042904008383,AKJCL,49,17,70,368.0,25760.0,Online Securities Pvt. Ltd.,ABC Securities Private Limited,2026-04-29 14:13:24.772369
2026042904008562,AKJCL,82,25,10,369.0,3690.0,N.M.B. SECURITIES LIMITED,Sweta Securities Private Limited,2026-04-29 14:18:05.549815
2026042904008563,AKJCL,94,25,40,369.0,14760.0,K.B.L. Securities Limited ,Sweta Securities Private Limited,2026-04-29 14:18:05.550270
2026042904008575,AKJCL,58,57,145,368.6,53447.0,Naasa Securities Co. Ltd.,Aryatara Investment & Securities,2026-04-29 14:18:26.816545
2026042904008612,AKJCL,58,42,355,368.6,130853.0,Naasa Securities Co. Ltd.,Sani Securities Company Ltd.,2026-04-29 14:19:15.726144
2026042904008613,AKJCL,35,42,145,368.5,53432.5,Kohinoor Investment & Securities Pvt. Ltd.,Sani Securities Company Ltd.,2026-04-29 14:19:15.726903
2026042904008760,AKJCL,38,25,25,369.0,9225.0,Dipshikha Dhitopatra Karobar Co. Pvt Ltd.,Sweta Securities Private Limited,2026-04-29 14:20:36.660719
2026042904008807,AKJCL,34,43,1000,370.0,370000.0,Vision Securities Pvt. Ltd,South Asian Bulls Pvt. Ltd.,2026-04-29 14:21:23.728791
2026042904008848,AKJCL,42,65,268,370.0,99160.0,Sani Securities Company Ltd.,Sharepro Securities Private Limited,2026-04-29 14:22:08.031085
2026042904008896,AKJCL,45,81,710,370.0,262700.0,Imperial Securities Company Pvt. Ltd.,Aakashbhairab Securities Ltd.,2026-04-29 14:22:45.265018
2026042904008911,AKJCL,14,42,500,369.0,184500.0,Nepal Stock House (PVT) Ltd.,Sani Securities Company Ltd.,2026-04-29 14:22:53.872827
2026042904008963,AKJCL,14,94,93,369.0,34317.0,Nepal Stock House (PVT) Ltd.,K.B.L. Securities Limited ,2026-04-29 14:23:22.963835
2026042904008976,AKJCL,14,58,73,369.0,26937.0,Nepal Stock House (PVT) Ltd.,Naasa Securities Co. Ltd.,2026-04-29 14:23:29.525258
2026042904008977,AKJCL,92,58,500,369.0,184500.0,Roadshow securities limited,Naasa Securities Co. Ltd.,2026-04-29 14:23:29.525692
2026042904008978,AKJCL,92,58,500,369.0,184500.0,Roadshow securities limited,Naasa Securities Co. Ltd.,2026-04-29 14:23:29.525868
2026042904008979,AKJCL,94,58,30,369.0,11070.0,K.B.L. Securities Limited ,Naasa Securities Co. Ltd.,2026-04-29 14:23:29.526039
2026042904009009,AKJCL,7,58,500,369.0,184500.0,J.F. Securites (PVT) Ltd.,Naasa Securities Co. Ltd.,2026-04-29 14:24:11.615747
2026042904009106,AKJCL,39,19,200,368.6,73720.0,Sumeru Securities Pvt. Ltd.,Nepal Investment And Securities Trading Private Limited,2026-04-29 14:24:47.384530
2026042904009107,AKJCL,35,19,55,368.5,20267.5,Kohinoor Investment & Securities Pvt. Ltd.,Nepal Investment And Securities Trading Private Limited,2026-04-29 14:24:47.384984
2026042904009108,AKJCL,86,19,270,368.5,99495.0,Stoxkarts Securities Limited,Nepal Investment And Securities Trading Private Limited,2026-04-29 14:24:47.385306
2026042904009109,AKJCL,95,19,50,368.5,18425.0,Magnet Securities and Investment Company Private Limited,Nepal Investment And Securities Trading Private Limited,2026-04-29 14:24:47.385527
2026042904009110,AKJCL,64,19,500,368.2,184100.0,SUN SECURITIES PVT LTD,Nepal Investment And Securities Trading Private Limited,2026-04-29 14:24:47.385719
2026042904009111,AKJCL,6,19,1000,368.1,368100.0,Agrawal Securities (PVT) Ltd.,Nepal Investment And Securities Trading Private Limited,2026-04-29 14:24:47.385922
2026042904009112,AKJCL,42,19,150,368.1,55215.0,Sani Securities Company Ltd.,Nepal Investment And Securities Trading Private Limited,2026-04-29 14:24:47.386146
2026042904009113,AKJCL,3,19,100,368.0,36800.0,Arun Securities (PVT) Ltd.,Nepal Investment And Securities Trading Private Limited,2026-04-29 14:24:47.386372
2026042904009114,AKJCL,42,19,200,368.0,73600.0,Sani Securities Company Ltd.,Nepal Investment And Securities Trading Private Limited,2026-04-29 14:24:47.386575
2026042904009115,AKJCL,1,19,300,368.0,110400.0,Kumari Securities Private Limited,Nepal Investment And Securities Trading Private Limited,2026-04-29 14:24:47.386781
2026042904009116,AKJCL,87,19,250,368.0,92000.0,S.P.S.A. Securities Limited,Nepal Investment And Securities Trading Private Limited,2026-04-29 14:24:47.386980
2026042904009117,AKJCL,57,19,1000,368.0,368000.0,Aryatara Investment & Securities,Nepal Investment And Securities Trading Private Limited,2026-04-29 14:24:47.387168
2026042904009118,AKJCL,58,19,21,368.0,7728.0,Naasa Securities Co. Ltd.,Nepal Investment And Securities Trading Private Limited,2026-04-29 14:24:47.387377
2026042904009119,AKJCL,80,19,300,368.0,110400.0,Indira securities pvt. ltd,Nepal Investment And Securities Trading Private Limited,2026-04-29 14:24:47.387610
2026042904009120,AKJCL,95,19,604,368.0,222272.0,Magnet Securities and Investment Company Private Limited,Nepal Investment And Securities Trading Private Limited,2026-04-29 14:24:47.387793
2026042904009137,AKJCL,95,19,396,368.0,145728.0,Magnet Securities and Investment Company Private Limited,Nepal Investment And Securities Trading Private Limited,2026-04-29 14:25:01.967874
2026042904009138,AKJCL,47,19,30,368.0,11040.0,Neev Securities Pvt. Ltd.,Nepal Investment And Securities Trading Private Limited,2026-04-29 14:25:01.968630
2026042904009139,AKJCL,64,19,300,368.0,110400.0,SUN SECURITIES PVT LTD,Nepal Investment And Securities Trading Private Limited,2026-04-29 14:25:01.969126
2026042904009145,AKJCL,14,19,390,368.0,143520.0,Nepal Stock House (PVT) Ltd.,Nepal Investment And Securities Trading Private Limited,2026-04-29 14:25:09.769813
2026042904009149,AKJCL,26,19,50,368.0,18400.0,Asian Securities Private Ltd.,Nepal Investment And Securities Trading Private Limited,2026-04-29 14:25:14.796423
2026042904009194,AKJCL,97,4,50,367.8,18390.0,R.B.B. Securities Company Ltd,Opal Securities Investment (PVT) Ltd.,2026-04-29 14:26:09.239832
2026042904009271,AKJCL,97,58,450,367.8,165510.0,R.B.B. Securities Company Ltd,Naasa Securities Co. Ltd.,2026-04-29 14:27:12.077013
2026042904009272,AKJCL,87,58,250,367.8,91950.0,S.P.S.A. Securities Limited,Naasa Securities Co. Ltd.,2026-04-29 14:27:12.077796
2026042904009273,AKJCL,97,58,1000,367.8,367800.0,R.B.B. Securities Company Ltd,Naasa Securities Co. Ltd.,2026-04-29 14:27:12.078302
2026042904009274,AKJCL,64,58,300,367.7,110310.0,SUN SECURITIES PVT LTD,Naasa Securities Co. Ltd.,2026-04-29 14:27:12.078820
2026042904009295,AKJCL,64,25,100,367.7,36770.0,SUN SECURITIES PVT LTD,Sweta Securities Private Limited,2026-04-29 14:27:22.522373
2026042904009346,AKJCL,64,58,397,367.7,145976.9,SUN SECURITIES PVT LTD,Naasa Securities Co. Ltd.,2026-04-29 14:27:42.404899
2026042904009408,AKJCL,64,21,203,367.7,74643.1,SUN SECURITIES PVT LTD,Midas Stock Broking Company Private Limited,2026-04-29 14:28:09.186509
2026042904009409,AKJCL,42,21,100,367.6,36760.0,Sani Securities Company Ltd.,Midas Stock Broking Company Private Limited,2026-04-29 14:28:09.186613
2026042904009410,AKJCL,92,21,500,367.5,183750.0,Roadshow securities limited,Midas Stock Broking Company Private Limited,2026-04-29 14:28:09.186672
2026042904009411,AKJCL,42,21,500,367.5,183750.0,Sani Securities Company Ltd.,Midas Stock Broking Company Private Limited,2026-04-29 14:28:09.186738
2026042904009412,AKJCL,6,21,397,367.4,145857.8,Agrawal Securities (PVT) Ltd.,Midas Stock Broking Company Private Limited,2026-04-29 14:28:09.186804
2026042904009517,AKJCL,97,19,1000,368.0,368000.0,R.B.B. Securities Company Ltd,Nepal Investment And Securities Trading Private Limited,2026-04-29 14:28:41.889811
2026042904009665,AKJCL,14,19,94,368.0,34592.0,Nepal Stock House (PVT) Ltd.,Nepal Investment And Securities Trading Private Limited,2026-04-29 14:29:41.801924
2026042904009682,AKJCL,60,19,2740,368.0,1008320.0,Nagarik Stock Dealer ,Nepal Investment And Securities Trading Private Limited,2026-04-29 14:29:46.736711
2026042904009683,AKJCL,60,13,10,368.0,3680.0,Nagarik Stock Dealer ,Thrive Brokerage House Pvt. Ltd,2026-04-29 14:29:46.737520
2026042904009684,AKJCL,60,50,1250,368.0,460000.0,Nagarik Stock Dealer ,Cristal Kanchanjanga Securites Pvt. Ltd.,2026-04-29 14:29:46.738015
2026042904009732,AKJCL,86,50,2000,368.0,736000.0,Stoxkarts Securities Limited,Cristal Kanchanjanga Securites Pvt. Ltd.,2026-04-29 14:30:16.007424
2026042904009739,AKJCL,60,50,2150,368.0,791200.0,Nagarik Stock Dealer ,Cristal Kanchanjanga Securites Pvt. Ltd.,2026-04-29 14:30:20.748039
2026042904009755,AKJCL,60,58,180,368.0,66240.0,Nagarik Stock Dealer ,Naasa Securities Co. Ltd.,2026-04-29 14:30:43.017141
2026042904009820,AKJCL,60,81,200,368.0,73600.0,Nagarik Stock Dealer ,Aakashbhairab Securities Ltd.,2026-04-29 14:31:13.560263
2026042904009824,AKJCL,60,49,20,368.0,7360.0,Nagarik Stock Dealer ,Online Securities Pvt. Ltd.,2026-04-29 14:31:17.974550
2026042904009825,AKJCL,60,58,990,368.0,364320.0,Nagarik Stock Dealer ,Naasa Securities Co. Ltd.,2026-04-29 14:31:21.610777
2026042904009830,AKJCL,60,56,460,368.0,169280.0,Nagarik Stock Dealer ,Sri Hari Securities Pvt. Ltd.,2026-04-29 14:31:26.817136
2026042904009895,AKJCL,60,56,740,368.0,272320.0,Nagarik Stock Dealer ,Sri Hari Securities Pvt. Ltd.,2026-04-29 14:31:43.815976
2026042904009919,AKJCL,42,20,100,367.3,36730.0,Sani Securities Company Ltd.,Sipla Securities Private Limited,2026-04-29 14:31:54.787327
2026042904009920,AKJCL,42,20,84,367.3,30853.2,Sani Securities Company Ltd.,Sipla Securities Private Limited,2026-04-29 14:31:54.787696
2026042904009921,AKJCL,14,20,16,367.2,5875.2,Nepal Stock House (PVT) Ltd.,Sipla Securities Private Limited,2026-04-29 14:31:54.787871
2026042904009981,AKJCL,14,20,84,367.2,30844.8,Nepal Stock House (PVT) Ltd.,Sipla Securities Private Limited,2026-04-29 14:32:19.301987
2026042904009982,AKJCL,34,20,16,367.1,5873.6,Vision Securities Pvt. Ltd,Sipla Securities Private Limited,2026-04-29 14:32:19.302038
2026042904009995,AKJCL,34,58,25,367.1,9177.5,Vision Securities Pvt. Ltd,Naasa Securities Co. Ltd.,2026-04-29 14:32:31.804563
2026042904010058,AKJCL,28,62,300,367.2,110160.0,Shree Krishna Securities Ltd.,Capital Max Securities Ltd,2026-04-29 14:32:57.181784
2026042904010059,AKJCL,34,62,959,367.1,352048.9,Vision Securities Pvt. Ltd,Capital Max Securities Ltd,2026-04-29 14:32:57.182546
2026042904010060,AKJCL,59,62,100,367.1,36710.0,Deevyaa Securities & Stock House Pvt. Ltd,Capital Max Securities Ltd,2026-04-29 14:32:57.183078
2026042904010061,AKJCL,48,62,1000,367.1,367100.0,Trishakti Securities Public Limited,Capital Max Securities Ltd,2026-04-29 14:32:57.183617
2026042904010062,AKJCL,84,62,502,367.0,184234.0,MILKY WAY SHARE BROKER COMPANY LTD ,Capital Max Securities Ltd,2026-04-29 14:32:57.184148
2026042904010063,AKJCL,86,62,500,367.0,183500.0,Stoxkarts Securities Limited,Capital Max Securities Ltd,2026-04-29 14:32:57.184671
2026042904010064,AKJCL,52,62,100,367.0,36700.0,Sundhara Securities Limited,Capital Max Securities Ltd,2026-04-29 14:32:57.185191
2026042904010065,AKJCL,58,62,40,367.0,14680.0,Naasa Securities Co. Ltd.,Capital Max Securities Ltd,2026-04-29 14:32:57.185696
2026042904010066,AKJCL,64,62,300,367.0,110100.0,SUN SECURITIES PVT LTD,Capital Max Securities Ltd,2026-04-29 14:32:57.186182
2026042904010067,AKJCL,17,62,199,367.0,73033.0,ABC Securities Private Limited,Capital Max Securities Ltd,2026-04-29 14:32:57.186708
2026042904010108,AKJCL,17,62,101,367.0,37067.0,ABC Securities Private Limited,Capital Max Securities Ltd,2026-04-29 14:33:16.129916
2026042904010109,AKJCL,6,62,899,367.0,329933.0,Agrawal Securities (PVT) Ltd.,Capital Max Securities Ltd,2026-04-29 14:33:16.129973
2026042904010244,AKJCL,32,33,300,367.1,110130.0,Premier Securities Company Ltd.,Dakshinkali Investment & Securities Pvt. Ltd.,2026-04-29 14:35:14.060967
2026042904010245,AKJCL,58,33,100,367.1,36710.0,Naasa Securities Co. Ltd.,Dakshinkali Investment & Securities Pvt. Ltd.,2026-04-29 14:35:14.061376
2026042904010246,AKJCL,62,33,200,367.1,73420.0,Capital Max Securities Ltd,Dakshinkali Investment & Securities Pvt. Ltd.,2026-04-29 14:35:14.061545
2026042904010247,AKJCL,6,33,101,367.0,37067.0,Agrawal Securities (PVT) Ltd.,Dakshinkali Investment & Securities Pvt. Ltd.,2026-04-29 14:35:14.061721
2026042904010248,AKJCL,56,33,1100,367.0,403700.0,Sri Hari Securities Pvt. Ltd.,Dakshinkali Investment & Securities Pvt. Ltd.,2026-04-29 14:35:14.061886
2026042904010249,AKJCL,5,33,500,367.0,183500.0,Market Securities & Exchange (PVT) Ltd.,Dakshinkali Investment & Securities Pvt. Ltd.,2026-04-29 14:35:14.062049
2026042904010250,AKJCL,42,33,100,367.0,36700.0,Sani Securities Company Ltd.,Dakshinkali Investment & Securities Pvt. Ltd.,2026-04-29 14:35:14.062213
2026042904010251,AKJCL,6,33,1000,366.6,366600.0,Agrawal Securities (PVT) Ltd.,Dakshinkali Investment & Securities Pvt. Ltd.,2026-04-29 14:35:14.062386
2026042904010252,AKJCL,1,33,200,366.5,73300.0,Kumari Securities Private Limited,Dakshinkali Investment & Securities Pvt. Ltd.,2026-04-29 14:35:14.062549
2026042904010253,AKJCL,70,33,1000,366.5,366500.0,Infinity Securities Limited,Dakshinkali Investment & Securities Pvt. Ltd.,2026-04-29 14:35:14.062715
2026042904010254,AKJCL,5,33,399,366.5,146233.5,Market Securities & Exchange (PVT) Ltd.,Dakshinkali Investment & Securities Pvt. Ltd.,2026-04-29 14:35:14.062879
2026042904010300,AKJCL,5,33,500,366.5,183250.0,Market Securities & Exchange (PVT) Ltd.,Dakshinkali Investment & Securities Pvt. Ltd.,2026-04-29 14:35:43.036146
2026042904010400,AKJCL,43,57,620,366.6,227292.0,South Asian Bulls Pvt. Ltd.,Aryatara Investment & Securities,2026-04-29 14:36:59.556165
2026042904010421,AKJCL,64,57,380,366.6,139308.0,SUN SECURITIES PVT LTD,Aryatara Investment & Securities,2026-04-29 14:37:12.756953
2026042904010422,AKJCL,64,60,980,367.9,360542.0,SUN SECURITIES PVT LTD,Nagarik Stock Dealer ,2026-04-29 14:37:12.757044
2026042904010423,AKJCL,64,81,640,368.0,235520.0,SUN SECURITIES PVT LTD,Aakashbhairab Securities Ltd.,2026-04-29 14:37:12.757077
2026042904010505,AKJCL,5,57,13,366.5,4764.5,Market Securities & Exchange (PVT) Ltd.,Aryatara Investment & Securities,2026-04-29 14:37:59.114075
2026042904010575,AKJCL,37,99,60,367.0,22020.0,Swarna Laxmi Securities Pvt. Ltd.,Prabhu Stock Market Limited,2026-04-29 14:38:31.973701
2026042904010578,AKJCL,5,38,88,366.5,32252.0,Market Securities & Exchange (PVT) Ltd.,Dipshikha Dhitopatra Karobar Co. Pvt Ltd.,2026-04-29 14:38:36.550214
2026042904010579,AKJCL,64,38,300,366.5,109950.0,SUN SECURITIES PVT LTD,Dipshikha Dhitopatra Karobar Co. Pvt Ltd.,2026-04-29 14:38:36.550987
2026042904010580,AKJCL,58,38,500,366.1,183050.0,Naasa Securities Co. Ltd.,Dipshikha Dhitopatra Karobar Co. Pvt Ltd.,2026-04-29 14:38:36.551503
2026042904010581,AKJCL,5,38,112,366.1,41003.2,Market Securities & Exchange (PVT) Ltd.,Dipshikha Dhitopatra Karobar Co. Pvt Ltd.,2026-04-29 14:38:36.552006
2026042904010810,AKJCL,64,99,443,367.0,162581.0,SUN SECURITIES PVT LTD,Prabhu Stock Market Limited,2026-04-29 14:40:29.307017
2026042904010811,AKJCL,64,52,1000,367.0,367000.0,SUN SECURITIES PVT LTD,Sundhara Securities Limited,2026-04-29 14:40:29.307063
2026042904010829,AKJCL,45,63,150,367.0,55050.0,Imperial Securities Company Pvt. Ltd.,Himalayan Brokerage Company Limited,2026-04-29 14:40:49.874051
2026042904010830,AKJCL,41,63,200,366.2,73240.0,Linch Stock Market Ltd.,Himalayan Brokerage Company Limited,2026-04-29 14:40:49.874913
2026042904010831,AKJCL,49,63,650,366.2,238030.0,Online Securities Pvt. Ltd.,Himalayan Brokerage Company Limited,2026-04-29 14:40:49.875476
2026042904010937,AKJCL,14,45,500,367.0,183500.0,Nepal Stock House (PVT) Ltd.,Imperial Securities Company Pvt. Ltd.,2026-04-29 14:41:28.709798
2026042904010973,AKJCL,26,26,100,367.1,36710.0,Asian Securities Private Ltd.,Asian Securities Private Ltd.,2026-04-29 14:41:48.336271
2026042904011001,AKJCL,29,26,100,367.0,36700.0,Trisul Securities & Invt. Ltd.,Asian Securities Private Ltd.,2026-04-29 14:42:00.882720
2026042904011091,AKJCL,29,62,400,367.0,146800.0,Trisul Securities & Invt. Ltd.,Capital Max Securities Ltd,2026-04-29 14:42:56.501303
2026042904011092,AKJCL,64,62,500,367.0,183500.0,SUN SECURITIES PVT LTD,Capital Max Securities Ltd,2026-04-29 14:42:56.501358
2026042904011093,AKJCL,57,62,100,366.5,36650.0,Aryatara Investment & Securities,Capital Max Securities Ltd,2026-04-29 14:42:56.501388
2026042904011094,AKJCL,39,62,500,366.4,183200.0,Sumeru Securities Pvt. Ltd.,Capital Max Securities Ltd,2026-04-29 14:42:56.501419
2026042904011095,AKJCL,49,62,10,366.3,3663.0,Online Securities Pvt. Ltd.,Capital Max Securities Ltd,2026-04-29 14:42:56.501446
2026042904011096,AKJCL,35,62,700,366.3,256410.0,Kohinoor Investment & Securities Pvt. Ltd.,Capital Max Securities Ltd,2026-04-29 14:42:56.501475
2026042904011097,AKJCL,49,62,1350,366.2,494370.0,Online Securities Pvt. Ltd.,Capital Max Securities Ltd,2026-04-29 14:42:56.501505
2026042904011098,AKJCL,63,62,2000,366.2,732400.0,Himalayan Brokerage Company Limited,Capital Max Securities Ltd,2026-04-29 14:42:56.501532
2026042904011099,AKJCL,39,62,200,366.2,73240.0,Sumeru Securities Pvt. Ltd.,Capital Max Securities Ltd,2026-04-29 14:42:56.501556
2026042904011100,AKJCL,45,62,10,366.2,3662.0,Imperial Securities Company Pvt. Ltd.,Capital Max Securities Ltd,2026-04-29 14:42:56.501583
2026042904011101,AKJCL,5,62,388,366.1,142046.8,Market Securities & Exchange (PVT) Ltd.,Capital Max Securities Ltd,2026-04-29 14:42:56.501606
2026042904011102,AKJCL,92,62,500,366.1,183050.0,Roadshow securities limited,Capital Max Securities Ltd,2026-04-29 14:42:56.501631
2026042904011103,AKJCL,67,62,2000,366.0,732000.0,Property Wiard Limited,Capital Max Securities Ltd,2026-04-29 14:42:56.501686
2026042904011104,AKJCL,64,62,100,366.0,36600.0,SUN SECURITIES PVT LTD,Capital Max Securities Ltd,2026-04-29 14:42:56.501737
2026042904011105,AKJCL,7,62,700,366.0,256200.0,J.F. Securites (PVT) Ltd.,Capital Max Securities Ltd,2026-04-29 14:42:56.501760
2026042904011106,AKJCL,58,62,100,366.0,36600.0,Naasa Securities Co. Ltd.,Capital Max Securities Ltd,2026-04-29 14:42:56.501787
2026042904011107,AKJCL,97,62,1400,366.0,512400.0,R.B.B. Securities Company Ltd,Capital Max Securities Ltd,2026-04-29 14:42:56.501810
2026042904011108,AKJCL,39,62,400,366.0,146400.0,Sumeru Securities Pvt. Ltd.,Capital Max Securities Ltd,2026-04-29 14:42:56.501834
2026042904011109,AKJCL,64,62,300,366.0,109800.0,SUN SECURITIES PVT LTD,Capital Max Securities Ltd,2026-04-29 14:42:56.501857
2026042904011110,AKJCL,62,62,1000,365.9,365900.0,Capital Max Securities Ltd,Capital Max Securities Ltd,2026-04-29 14:42:56.501885
2026042904011111,AKJCL,58,62,1000,365.9,365900.0,Naasa Securities Co. Ltd.,Capital Max Securities Ltd,2026-04-29 14:42:56.501909
2026042904011112,AKJCL,64,62,1000,365.8,365800.0,SUN SECURITIES PVT LTD,Capital Max Securities Ltd,2026-04-29 14:42:56.501935
2026042904011113,AKJCL,98,62,300,365.7,109710.0,Trademow Securities Private Limited,Capital Max Securities Ltd,2026-04-29 14:42:56.501967
2026042904011114,AKJCL,64,62,4000,365.1,1460400.0,SUN SECURITIES PVT LTD,Capital Max Securities Ltd,2026-04-29 14:42:56.501996
2026042904011115,AKJCL,34,62,1000,365.1,365100.0,Vision Securities Pvt. Ltd,Capital Max Securities Ltd,2026-04-29 14:42:56.502023
2026042904011116,AKJCL,44,62,1100,365.1,401610.0,Dynamic Money Managers Securities Pvt. Ltd.,Capital Max Securities Ltd,2026-04-29 14:42:56.502052
2026042904011117,AKJCL,58,62,100,365.1,36510.0,Naasa Securities Co. Ltd.,Capital Max Securities Ltd,2026-04-29 14:42:56.502079
2026042904011118,AKJCL,70,62,1000,365.1,365100.0,Infinity Securities Limited,Capital Max Securities Ltd,2026-04-29 14:42:56.502103
2026042904011119,AKJCL,62,62,1000,365.0,365000.0,Capital Max Securities Ltd,Capital Max Securities Ltd,2026-04-29 14:42:56.502127
2026042904011120,AKJCL,48,62,1000,365.0,365000.0,Trishakti Securities Public Limited,Capital Max Securities Ltd,2026-04-29 14:42:56.502153
2026042904011121,AKJCL,48,62,200,365.0,73000.0,Trishakti Securities Public Limited,Capital Max Securities Ltd,2026-04-29 14:42:56.502176
2026042904011122,AKJCL,43,62,500,365.0,182500.0,South Asian Bulls Pvt. Ltd.,Capital Max Securities Ltd,2026-04-29 14:42:56.502201
2026042904011123,AKJCL,35,62,100,365.0,36500.0,Kohinoor Investment & Securities Pvt. Ltd.,Capital Max Securities Ltd,2026-04-29 14:42:56.502227
2026042904011124,AKJCL,53,62,42,365.0,15330.0,Investment Management Nepal Pvt. Ltd.,Capital Max Securities Ltd,2026-04-29 14:42:56.502254
2026042904011307,AKJCL,98,95,30,367.0,11010.0,Trademow Securities Private Limited,Magnet Securities and Investment Company Private Limited,2026-04-29 14:44:47.605549
2026042904011533,AKJCL,58,14,42,367.9,15451.8,Naasa Securities Co. Ltd.,Nepal Stock House (PVT) Ltd.,2026-04-29 14:46:27.412462
2026042904011580,AKJCL,48,95,300,366.0,109800.0,Trishakti Securities Public Limited,Magnet Securities and Investment Company Private Limited,2026-04-29 14:46:57.911079
2026042904011581,AKJCL,96,95,1000,366.0,366000.0,Himalayan Securities Limited,Magnet Securities and Investment Company Private Limited,2026-04-29 14:46:57.911924
2026042904011582,AKJCL,3,95,1000,366.0,366000.0,Arun Securities (PVT) Ltd.,Magnet Securities and Investment Company Private Limited,2026-04-29 14:46:57.912730
2026042904011583,AKJCL,66,95,500,366.0,183000.0,Miyo Securities Pvt Ltd,Magnet Securities and Investment Company Private Limited,2026-04-29 14:46:57.913487
2026042904011980,AKJCL,54,42,20,366.9,7338.0,Sewa Securities Pvt. Ltd.,Sani Securities Company Ltd.,2026-04-29 14:49:35.872844
2026042904012129,AKJCL,48,95,300,366.2,109860.0,Trishakti Securities Public Limited,Magnet Securities and Investment Company Private Limited,2026-04-29 14:50:33.093656
2026042904012130,AKJCL,64,95,100,366.1,36610.0,SUN SECURITIES PVT LTD,Magnet Securities and Investment Company Private Limited,2026-04-29 14:50:33.094426
2026042904012131,AKJCL,53,95,20,366.1,7322.0,Investment Management Nepal Pvt. Ltd.,Magnet Securities and Investment Company Private Limited,2026-04-29 14:50:33.094954
2026042904012132,AKJCL,56,95,1000,366.1,366100.0,Sri Hari Securities Pvt. Ltd.,Magnet Securities and Investment Company Private Limited,2026-04-29 14:50:33.095481
2026042904012133,AKJCL,59,95,12,366.0,4392.0,Deevyaa Securities & Stock House Pvt. Ltd,Magnet Securities and Investment Company Private Limited,2026-04-29 14:50:33.095997
2026042904012134,AKJCL,32,95,300,366.0,109800.0,Premier Securities Company Ltd.,Magnet Securities and Investment Company Private Limited,2026-04-29 14:50:33.096509
2026042904012135,AKJCL,54,95,20,366.0,7320.0,Sewa Securities Pvt. Ltd.,Magnet Securities and Investment Company Private Limited,2026-04-29 14:50:33.097023
2026042904012136,AKJCL,3,95,148,366.0,54168.0,Arun Securities (PVT) Ltd.,Magnet Securities and Investment Company Private Limited,2026-04-29 14:50:33.097538
2026042904012308,AKJCL,3,34,102,367.0,37434.0,Arun Securities (PVT) Ltd.,Vision Securities Pvt. Ltd,2026-04-29 14:51:58.075765
2026042904012417,AKJCL,6,34,50,367.5,18375.0,Agrawal Securities (PVT) Ltd.,Vision Securities Pvt. Ltd,2026-04-29 14:52:38.790423
2026042904012510,AKJCL,28,56,300,366.4,109920.0,Shree Krishna Securities Ltd.,Sri Hari Securities Pvt. Ltd.,2026-04-29 14:52:59.792236
2026042904012511,AKJCL,59,56,215,366.3,78754.5,Deevyaa Securities & Stock House Pvt. Ltd,Sri Hari Securities Pvt. Ltd.,2026-04-29 14:52:59.792645
2026042904012524,AKJCL,57,34,848,367.5,311640.0,Aryatara Investment & Securities,Vision Securities Pvt. Ltd,2026-04-29 14:53:08.550521
2026042904012525,AKJCL,57,14,258,367.7,94866.6,Aryatara Investment & Securities,Nepal Stock House (PVT) Ltd.,2026-04-29 14:53:08.550902
2026042904012526,AKJCL,57,70,2561,367.8,941935.8,Aryatara Investment & Securities,Infinity Securities Limited,2026-04-29 14:53:08.551087
2026042904012527,AKJCL,57,81,650,368.0,239200.0,Aryatara Investment & Securities,Aakashbhairab Securities Ltd.,2026-04-29 14:53:08.551288
2026042904012528,AKJCL,57,5,683,368.0,251344.0,Aryatara Investment & Securities,Market Securities & Exchange (PVT) Ltd.,2026-04-29 14:53:08.551477
2026042904012563,AKJCL,38,5,50,368.0,18400.0,Dipshikha Dhitopatra Karobar Co. Pvt Ltd.,Market Securities & Exchange (PVT) Ltd.,2026-04-29 14:53:28.206658
2026042904012700,AKJCL,45,5,190,368.0,69920.0,Imperial Securities Company Pvt. Ltd.,Market Securities & Exchange (PVT) Ltd.,2026-04-29 14:54:11.899857
2026042904012844,AKJCL,26,5,77,368.0,28336.0,Asian Securities Private Ltd.,Market Securities & Exchange (PVT) Ltd.,2026-04-29 14:55:12.056279
2026042904012863,AKJCL,48,34,10,368.0,3680.0,Trishakti Securities Public Limited,Vision Securities Pvt. Ltd,2026-04-29 14:55:16.816836
2026042904012868,AKJCL,29,34,990,368.0,364320.0,Trisul Securities & Invt. Ltd.,Vision Securities Pvt. Ltd,2026-04-29 14:55:19.889640
2026042904012920,AKJCL,29,66,10,368.0,3680.0,Trisul Securities & Invt. Ltd.,Miyo Securities Pvt Ltd,2026-04-29 14:55:39.452158
2026042904012921,AKJCL,54,66,30,368.0,11040.0,Sewa Securities Pvt. Ltd.,Miyo Securities Pvt Ltd,2026-04-29 14:55:39.452555
2026042904012922,AKJCL,3,66,40,368.0,14720.0,Arun Securities (PVT) Ltd.,Miyo Securities Pvt Ltd,2026-04-29 14:55:39.452733
2026042904012924,AKJCL,4,21,66,367.2,24235.2,Opal Securities Investment (PVT) Ltd.,Midas Stock Broking Company Private Limited,2026-04-29 14:55:41.419930
2026042904012925,AKJCL,36,21,10,367.2,3672.0,Secured Securities Ltd.,Midas Stock Broking Company Private Limited,2026-04-29 14:55:41.420037
2026042904012926,AKJCL,38,21,424,367.2,155692.8,Dipshikha Dhitopatra Karobar Co. Pvt Ltd.,Midas Stock Broking Company Private Limited,2026-04-29 14:55:41.420104
2026042904013023,AKJCL,88,70,1100,367.4,404140.0,Blue Chip Securities Ltd,Infinity Securities Limited,2026-04-29 14:56:10.131017
2026042904013024,AKJCL,38,70,576,367.2,211507.2,Dipshikha Dhitopatra Karobar Co. Pvt Ltd.,Infinity Securities Limited,2026-04-29 14:56:10.131545
2026042904013025,AKJCL,98,70,70,367.0,25690.0,Trademow Securities Private Limited,Infinity Securities Limited,2026-04-29 14:56:10.131868
2026042904013026,AKJCL,41,70,10,367.0,3670.0,Linch Stock Market Ltd.,Infinity Securities Limited,2026-04-29 14:56:10.132109
2026042904013027,AKJCL,62,70,150,367.0,55050.0,Capital Max Securities Ltd,Infinity Securities Limited,2026-04-29 14:56:10.132359
2026042904013028,AKJCL,37,70,60,367.0,22020.0,Swarna Laxmi Securities Pvt. Ltd.,Infinity Securities Limited,2026-04-29 14:56:10.132604
2026042904013078,AKJCL,6,29,10,366.8,3668.0,Agrawal Securities (PVT) Ltd.,Trisul Securities & Invt. Ltd.,2026-04-29 14:56:29.915671
2026042904013115,AKJCL,68,66,70,368.0,25760.0,Elite Stock House Limited,Miyo Securities Pvt Ltd,2026-04-29 14:56:49.100380
