contractId,stockSymbol,buyerMemberId,sellerMemberId,quantity,rate,amount,businessDate,tradeBookId,stockId,buyerBrokerName,sellerBrokerName,transaction_time,securityName
2026042904000004,AKJCL,36,14,10,404.1,4041.0,2026-04-29,188418044,2788,Secured Securities Ltd.,Nepal Stock House (PVT) Ltd.,2026-04-29 10:46:00.087652,Ankhu Khola Jalvidhyut Company Ltd
2026042904000036,AKJCL,97,50,10,392.0,3920.0,2026-04-29,188419644,2788,R.B.B. Securities Company Ltd,Cristal Kanchanjanga Securites Pvt. Ltd.,2026-04-29 11:01:54.875701,Ankhu Khola Jalvidhyut Company Ltd
2026042904000044,AKJCL,97,94,10,380.3,3803.0,2026-04-29,188420147,2788,R.B.B. Securities Company Ltd,K.B.L. Securities Limited ,2026-04-29 11:02:19.090700,Ankhu Khola Jalvidhyut Company Ltd
2026042904000052,AKJCL,42,8,10,388.0,3880.0,2026-04-29,188420400,2788,Sani Securities Company Ltd.,Brilliant Securities Pvt. Ltd.,2026-04-29 11:02:32.753290,Ankhu Khola Jalvidhyut Company Ltd
2026042904000075,AKJCL,97,35,10,382.0,3820.0,2026-04-29,188422258,2788,R.B.B. Securities Company Ltd,Kohinoor Investment & Securities Pvt. Ltd.,2026-04-29 11:03:56.750933,Ankhu Khola Jalvidhyut Company Ltd
2026042904000076,AKJCL,97,35,10,381.0,3810.0,2026-04-29,188422260,2788,R.B.B. Securities Company Ltd,Kohinoor Investment & Securities Pvt. Ltd.,2026-04-29 11:03:56.751399,Ankhu Khola Jalvidhyut Company Ltd
2026042904000077,AKJCL,97,35,110,381.0,41910.0,2026-04-29,188422262,2788,R.B.B. Securities Company Ltd,Kohinoor Investment & Securities Pvt. Ltd.,2026-04-29 11:03:56.751721,Ankhu Khola Jalvidhyut Company Ltd
2026042904000078,AKJCL,16,35,130,380.4,49452.0,2026-04-29,188422263,2788,Primo Securities (PVT) Ltd.,Kohinoor Investment & Securities Pvt. Ltd.,2026-04-29 11:03:56.752042,Ankhu Khola Jalvidhyut Company Ltd
2026042904000098,AKJCL,97,28,10,380.5,3805.0,2026-04-29,188423109,2788,R.B.B. Securities Company Ltd,Shree Krishna Securities Ltd.,2026-04-29 11:04:38.059532,Ankhu Khola Jalvidhyut Company Ltd
2026042904000143,AKJCL,97,45,10,380.8,3808.0,2026-04-29,188424386,2788,R.B.B. Securities Company Ltd,Imperial Securities Company Pvt. Ltd.,2026-04-29 11:05:44.765513,Ankhu Khola Jalvidhyut Company Ltd
2026042904000144,AKJCL,97,45,10,380.7,3807.0,2026-04-29,188424387,2788,R.B.B. Securities Company Ltd,Imperial Securities Company Pvt. Ltd.,2026-04-29 11:05:44.765640,Ankhu Khola Jalvidhyut Company Ltd
2026042904000297,AKJCL,4,45,10,382.0,3820.0,2026-04-29,188428610,2788,Opal Securities Investment (PVT) Ltd.,Imperial Securities Company Pvt. Ltd.,2026-04-29 11:09:10.991348,Ankhu Khola Jalvidhyut Company Ltd
2026042904000312,AKJCL,48,99,300,381.3,114390.0,2026-04-29,188429084,2788,Trishakti Securities Public Limited,Prabhu Stock Market Limited,2026-04-29 11:09:30.246658,Ankhu Khola Jalvidhyut Company Ltd
2026042904000313,AKJCL,67,99,2000,381.2,762400.0,2026-04-29,188429086,2788,Property Wiard Limited,Prabhu Stock Market Limited,2026-04-29 11:09:30.246917,Ankhu Khola Jalvidhyut Company Ltd
2026042904000314,AKJCL,41,99,200,381.1,76220.0,2026-04-29,188429088,2788,Linch Stock Market Ltd.,Prabhu Stock Market Limited,2026-04-29 11:09:30.247054,Ankhu Khola Jalvidhyut Company Ltd
2026042904000315,AKJCL,29,99,250,381.1,95275.0,2026-04-29,188429090,2788,Trisul Securities & Invt. Ltd.,Prabhu Stock Market Limited,2026-04-29 11:09:30.247166,Ankhu Khola Jalvidhyut Company Ltd
2026042904000316,AKJCL,91,99,1300,381.0,495300.0,2026-04-29,188429092,2788,Citizens Share Broker Limited,Prabhu Stock Market Limited,2026-04-29 11:09:30.247302,Ankhu Khola Jalvidhyut Company Ltd
2026042904000317,AKJCL,97,99,10,380.6,3806.0,2026-04-29,188429094,2788,R.B.B. Securities Company Ltd,Prabhu Stock Market Limited,2026-04-29 11:09:30.247425,Ankhu Khola Jalvidhyut Company Ltd
2026042904000318,AKJCL,97,99,10,380.5,3805.0,2026-04-29,188429096,2788,R.B.B. Securities Company Ltd,Prabhu Stock Market Limited,2026-04-29 11:09:30.247552,Ankhu Khola Jalvidhyut Company Ltd
2026042904000319,AKJCL,41,99,200,380.5,76100.0,2026-04-29,188429098,2788,Linch Stock Market Ltd.,Prabhu Stock Market Limited,2026-04-29 11:09:30.247661,Ankhu Khola Jalvidhyut Company Ltd
2026042904000320,AKJCL,16,99,870,380.4,330948.0,2026-04-29,188429100,2788,Primo Securities (PVT) Ltd.,Prabhu Stock Market Limited,2026-04-29 11:09:30.247783,Ankhu Khola Jalvidhyut Company Ltd
2026042904000321,AKJCL,64,99,1500,380.3,570450.0,2026-04-29,188429102,2788,SUN SECURITIES PVT LTD,Prabhu Stock Market Limited,2026-04-29 11:09:30.247909,Ankhu Khola Jalvidhyut Company Ltd
2026042904000322,AKJCL,45,99,1315,380.2,499963.0,2026-04-29,188429104,2788,Imperial Securities Company Pvt. Ltd.,Prabhu Stock Market Limited,2026-04-29 11:09:30.248022,Ankhu Khola Jalvidhyut Company Ltd
2026042904000323,AKJCL,1,99,200,380.0,76000.0,2026-04-29,188429106,2788,Kumari Securities Private Limited,Prabhu Stock Market Limited,2026-04-29 11:09:30.248156,Ankhu Khola Jalvidhyut Company Ltd
2026042904000324,AKJCL,35,99,845,380.0,321100.0,2026-04-29,188429107,2788,Kohinoor Investment & Securities Pvt. Ltd.,Prabhu Stock Market Limited,2026-04-29 11:09:30.248281,Ankhu Khola Jalvidhyut Company Ltd
2026042904000331,AKJCL,35,99,1000,380.0,380000.0,2026-04-29,188429277,2788,Kohinoor Investment & Securities Pvt. Ltd.,Prabhu Stock Market Limited,2026-04-29 11:09:39.545939,Ankhu Khola Jalvidhyut Company Ltd
2026042904000426,AKJCL,61,14,50,381.0,19050.0,2026-04-29,188432439,2788,BHOLE GANESH SECURITIES LTD,Nepal Stock House (PVT) Ltd.,2026-04-29 11:11:49.990490,Ankhu Khola Jalvidhyut Company Ltd
2026042904000427,AKJCL,61,45,30,382.0,11460.0,2026-04-29,188432442,2788,BHOLE GANESH SECURITIES LTD,Imperial Securities Company Pvt. Ltd.,2026-04-29 11:11:49.990804,Ankhu Khola Jalvidhyut Company Ltd
2026042904000554,AKJCL,60,45,422,382.0,161204.0,2026-04-29,188437893,2788,Nagarik Stock Dealer ,Imperial Securities Company Pvt. Ltd.,2026-04-29 11:15:35.419424,Ankhu Khola Jalvidhyut Company Ltd
2026042904000555,AKJCL,60,48,810,382.0,309420.0,2026-04-29,188437895,2788,Nagarik Stock Dealer ,Trishakti Securities Public Limited,2026-04-29 11:15:35.419962,Ankhu Khola Jalvidhyut Company Ltd
2026042904000556,AKJCL,60,45,68,382.0,25976.0,2026-04-29,188437898,2788,Nagarik Stock Dealer ,Imperial Securities Company Pvt. Ltd.,2026-04-29 11:15:35.420344,Ankhu Khola Jalvidhyut Company Ltd
2026042904000628,AKJCL,60,45,127,382.0,48514.0,2026-04-29,188440253,2788,Nagarik Stock Dealer ,Imperial Securities Company Pvt. Ltd.,2026-04-29 11:17:02.349108,Ankhu Khola Jalvidhyut Company Ltd
2026042904000629,AKJCL,60,5,25,382.0,9550.0,2026-04-29,188440256,2788,Nagarik Stock Dealer ,Market Securities & Exchange (PVT) Ltd.,2026-04-29 11:17:02.349455,Ankhu Khola Jalvidhyut Company Ltd
2026042904000737,AKJCL,64,36,1500,380.2,570300.0,2026-04-29,188444175,2788,SUN SECURITIES PVT LTD,Secured Securities Ltd.,2026-04-29 11:19:46.667997,Ankhu Khola Jalvidhyut Company Ltd
2026042904000746,AKJCL,14,42,10,383.0,3830.0,2026-04-29,188444412,2788,Nepal Stock House (PVT) Ltd.,Sani Securities Company Ltd.,2026-04-29 11:19:59.656673,Ankhu Khola Jalvidhyut Company Ltd
2026042904000795,AKJCL,60,42,15,383.0,5745.0,2026-04-29,188446427,2788,Nagarik Stock Dealer ,Sani Securities Company Ltd.,2026-04-29 11:21:33.161592,Ankhu Khola Jalvidhyut Company Ltd
2026042904000796,AKJCL,60,92,200,383.0,76600.0,2026-04-29,188446429,2788,Nagarik Stock Dealer ,Roadshow securities limited,2026-04-29 11:21:33.162174,Ankhu Khola Jalvidhyut Company Ltd
2026042904000797,AKJCL,60,88,2000,383.0,766000.0,2026-04-29,188446432,2788,Nagarik Stock Dealer ,Blue Chip Securities Ltd,2026-04-29 11:21:33.162585,Ankhu Khola Jalvidhyut Company Ltd
2026042904000887,AKJCL,60,57,1000,381.1,381100.0,2026-04-29,188449046,2788,Nagarik Stock Dealer ,Aryatara Investment & Securities,2026-04-29 11:23:24.884749,Ankhu Khola Jalvidhyut Company Ltd
2026042904000888,AKJCL,40,57,2000,381.0,762000.0,2026-04-29,188449048,2788,Creative Securities Pvt Ltd,Aryatara Investment & Securities,2026-04-29 11:23:24.885349,Ankhu Khola Jalvidhyut Company Ltd
2026042904000889,AKJCL,11,57,25,381.0,9525.0,2026-04-29,188449050,2788,Malla & Malla Stock Broking Company Pvt. Limited,Aryatara Investment & Securities,2026-04-29 11:23:24.885727,Ankhu Khola Jalvidhyut Company Ltd
2026042904000890,AKJCL,34,57,500,381.0,190500.0,2026-04-29,188449052,2788,Vision Securities Pvt. Ltd,Aryatara Investment & Securities,2026-04-29 11:23:24.886115,Ankhu Khola Jalvidhyut Company Ltd
2026042904000891,AKJCL,59,57,500,381.0,190500.0,2026-04-29,188449055,2788,Deevyaa Securities & Stock House Pvt. Ltd,Aryatara Investment & Securities,2026-04-29 11:23:24.886518,Ankhu Khola Jalvidhyut Company Ltd
2026042904000892,AKJCL,67,57,2000,380.7,761400.0,2026-04-29,188449058,2788,Property Wiard Limited,Aryatara Investment & Securities,2026-04-29 11:23:24.886897,Ankhu Khola Jalvidhyut Company Ltd
2026042904000893,AKJCL,58,57,1000,380.6,380600.0,2026-04-29,188449060,2788,Naasa Securities Co. Ltd.,Aryatara Investment & Securities,2026-04-29 11:23:24.887274,Ankhu Khola Jalvidhyut Company Ltd
2026042904000894,AKJCL,91,57,2975,380.5,1131987.5,2026-04-29,188449061,2788,Citizens Share Broker Limited,Aryatara Investment & Securities,2026-04-29 11:23:24.887673,Ankhu Khola Jalvidhyut Company Ltd
2026042904000946,AKJCL,60,100,1500,380.6,570900.0,2026-04-29,188450407,2788,Nagarik Stock Dealer ,Sunrise Securities Limited,2026-04-29 11:24:27.171055,Ankhu Khola Jalvidhyut Company Ltd
2026042904001047,AKJCL,95,88,350,380.9,133315.0,2026-04-29,188452596,2788,Magnet Securities and Investment Company Private Limited,Blue Chip Securities Ltd,2026-04-29 11:26:11.172336,Ankhu Khola Jalvidhyut Company Ltd
2026042904001048,AKJCL,60,88,4500,380.6,1712700.0,2026-04-29,188452598,2788,Nagarik Stock Dealer ,Blue Chip Securities Ltd,2026-04-29 11:26:11.172919,Ankhu Khola Jalvidhyut Company Ltd
2026042904001049,AKJCL,91,88,3025,380.5,1151012.5,2026-04-29,188452600,2788,Citizens Share Broker Limited,Blue Chip Securities Ltd,2026-04-29 11:26:11.173585,Ankhu Khola Jalvidhyut Company Ltd
2026042904001050,AKJCL,91,88,2000,380.3,760600.0,2026-04-29,188452602,2788,Citizens Share Broker Limited,Blue Chip Securities Ltd,2026-04-29 11:26:11.174012,Ankhu Khola Jalvidhyut Company Ltd
2026042904001051,AKJCL,64,88,125,380.2,47525.0,2026-04-29,188452603,2788,SUN SECURITIES PVT LTD,Blue Chip Securities Ltd,2026-04-29 11:26:11.174420,Ankhu Khola Jalvidhyut Company Ltd
2026042904001074,AKJCL,13,74,73,380.6,27783.8,2026-04-29,188453072,2788,Thrive Brokerage House Pvt. Ltd,KALASH STOCK MARKET PVT. LTD.,2026-04-29 11:26:38.778099,Ankhu Khola Jalvidhyut Company Ltd
2026042904001086,AKJCL,64,88,375,380.2,142575.0,2026-04-29,188453516,2788,SUN SECURITIES PVT LTD,Blue Chip Securities Ltd,2026-04-29 11:27:01.828003,Ankhu Khola Jalvidhyut Company Ltd
2026042904001087,AKJCL,16,88,1000,380.1,380100.0,2026-04-29,188453518,2788,Primo Securities (PVT) Ltd.,Blue Chip Securities Ltd,2026-04-29 11:27:01.828320,Ankhu Khola Jalvidhyut Company Ltd
2026042904001093,AKJCL,60,88,625,380.0,237500.0,2026-04-29,188454002,2788,Nagarik Stock Dealer ,Blue Chip Securities Ltd,2026-04-29 11:27:28.656043,Ankhu Khola Jalvidhyut Company Ltd
2026042904001130,AKJCL,58,35,17,380.0,6460.0,2026-04-29,188454828,2788,Naasa Securities Co. Ltd.,Kohinoor Investment & Securities Pvt. Ltd.,2026-04-29 11:28:19.163877,Ankhu Khola Jalvidhyut Company Ltd
2026042904001165,AKJCL,49,35,20,380.0,7600.0,2026-04-29,188456666,2788,Online Securities Pvt. Ltd.,Kohinoor Investment & Securities Pvt. Ltd.,2026-04-29 11:30:06.922714,Ankhu Khola Jalvidhyut Company Ltd
2026042904001225,AKJCL,48,35,100,380.0,38000.0,2026-04-29,188458028,2788,Trishakti Securities Public Limited,Kohinoor Investment & Securities Pvt. Ltd.,2026-04-29 11:31:26.431930,Ankhu Khola Jalvidhyut Company Ltd
2026042904001252,AKJCL,17,35,50,380.0,19000.0,2026-04-29,188458624,2788,ABC Securities Private Limited,Kohinoor Investment & Securities Pvt. Ltd.,2026-04-29 11:32:06.705861,Ankhu Khola Jalvidhyut Company Ltd
2026042904001316,AKJCL,10,39,50,379.7,18985.0,2026-04-29,188461096,2788,Pragyan Securities (PVT) Ltd.,Sumeru Securities Pvt. Ltd.,2026-04-29 11:34:15.068138,Ankhu Khola Jalvidhyut Company Ltd
2026042904001319,AKJCL,38,39,100,379.7,37970.0,2026-04-29,188461674,2788,Dipshikha Dhitopatra Karobar Co. Pvt Ltd.,Sumeru Securities Pvt. Ltd.,2026-04-29 11:34:27.878838,Ankhu Khola Jalvidhyut Company Ltd
2026042904001349,AKJCL,45,35,313,380.0,118940.0,2026-04-29,188462337,2788,Imperial Securities Company Pvt. Ltd.,Kohinoor Investment & Securities Pvt. Ltd.,2026-04-29 11:35:16.898258,Ankhu Khola Jalvidhyut Company Ltd
2026042904001350,AKJCL,45,41,25,380.0,9500.0,2026-04-29,188462339,2788,Imperial Securities Company Pvt. Ltd.,Linch Stock Market Ltd.,2026-04-29 11:35:16.898611,Ankhu Khola Jalvidhyut Company Ltd
2026042904001351,AKJCL,45,91,86,380.0,32680.0,2026-04-29,188462341,2788,Imperial Securities Company Pvt. Ltd.,Citizens Share Broker Limited,2026-04-29 11:35:16.898754,Ankhu Khola Jalvidhyut Company Ltd
2026042904001358,AKJCL,45,94,76,380.0,28880.0,2026-04-29,188462621,2788,Imperial Securities Company Pvt. Ltd.,K.B.L. Securities Limited ,2026-04-29 11:35:38.866938,Ankhu Khola Jalvidhyut Company Ltd
2026042904001404,AKJCL,58,57,1000,379.3,379300.0,2026-04-29,188463178,2788,Naasa Securities Co. Ltd.,Aryatara Investment & Securities,2026-04-29 11:36:01.630331,Ankhu Khola Jalvidhyut Company Ltd
2026042904001405,AKJCL,16,57,1000,379.2,379200.0,2026-04-29,188463179,2788,Primo Securities (PVT) Ltd.,Aryatara Investment & Securities,2026-04-29 11:36:01.630656,Ankhu Khola Jalvidhyut Company Ltd
2026042904001436,AKJCL,58,48,42,379.2,15926.4,2026-04-29,188463662,2788,Naasa Securities Co. Ltd.,Trishakti Securities Public Limited,2026-04-29 11:36:33.617276,Ankhu Khola Jalvidhyut Company Ltd
2026042904001437,AKJCL,14,48,33,379.0,12507.0,2026-04-29,188463663,2788,Nepal Stock House (PVT) Ltd.,Trishakti Securities Public Limited,2026-04-29 11:36:33.617934,Ankhu Khola Jalvidhyut Company Ltd
2026042904001466,AKJCL,14,57,467,379.0,176993.0,2026-04-29,188464329,2788,Nepal Stock House (PVT) Ltd.,Aryatara Investment & Securities,2026-04-29 11:37:23.528300,Ankhu Khola Jalvidhyut Company Ltd
2026042904001502,AKJCL,34,81,300,378.0,113400.0,2026-04-29,188464898,2788,Vision Securities Pvt. Ltd,Aakashbhairab Securities Ltd.,2026-04-29 11:37:54.982016,Ankhu Khola Jalvidhyut Company Ltd
2026042904001503,AKJCL,11,81,500,378.0,189000.0,2026-04-29,188464900,2788,Malla & Malla Stock Broking Company Pvt. Limited,Aakashbhairab Securities Ltd.,2026-04-29 11:37:54.982638,Ankhu Khola Jalvidhyut Company Ltd
2026042904001504,AKJCL,50,81,10,378.0,3780.0,2026-04-29,188464902,2788,Cristal Kanchanjanga Securites Pvt. Ltd.,Aakashbhairab Securities Ltd.,2026-04-29 11:37:54.983054,Ankhu Khola Jalvidhyut Company Ltd
2026042904001505,AKJCL,42,81,190,377.5,71725.0,2026-04-29,188464903,2788,Sani Securities Company Ltd.,Aakashbhairab Securities Ltd.,2026-04-29 11:37:54.983493,Ankhu Khola Jalvidhyut Company Ltd
2026042904001679,AKJCL,42,94,60,377.8,22668.0,2026-04-29,188468712,2788,Sani Securities Company Ltd.,K.B.L. Securities Limited ,2026-04-29 11:41:56.924293,Ankhu Khola Jalvidhyut Company Ltd
2026042904001680,AKJCL,98,94,300,377.7,113310.0,2026-04-29,188468714,2788,Trademow Securities Private Limited,K.B.L. Securities Limited ,2026-04-29 11:41:56.924936,Ankhu Khola Jalvidhyut Company Ltd
2026042904001683,AKJCL,42,57,200,377.6,75520.0,2026-04-29,188468910,2788,Sani Securities Company Ltd.,Aryatara Investment & Securities,2026-04-29 11:42:08.648425,Ankhu Khola Jalvidhyut Company Ltd
2026042904001684,AKJCL,86,57,1000,377.6,377600.0,2026-04-29,188468912,2788,Stoxkarts Securities Limited,Aryatara Investment & Securities,2026-04-29 11:42:08.649034,Ankhu Khola Jalvidhyut Company Ltd
2026042904001685,AKJCL,42,57,310,377.5,117025.0,2026-04-29,188468914,2788,Sani Securities Company Ltd.,Aryatara Investment & Securities,2026-04-29 11:42:08.649507,Ankhu Khola Jalvidhyut Company Ltd
2026042904001686,AKJCL,80,57,500,377.5,188750.0,2026-04-29,188468916,2788,Indira securities pvt. ltd,Aryatara Investment & Securities,2026-04-29 11:42:08.649913,Ankhu Khola Jalvidhyut Company Ltd
2026042904001687,AKJCL,70,57,990,377.5,373725.0,2026-04-29,188468917,2788,Infinity Securities Limited,Aryatara Investment & Securities,2026-04-29 11:42:08.650300,Ankhu Khola Jalvidhyut Company Ltd
2026042904001710,AKJCL,70,81,1310,377.5,494525.0,2026-04-29,188469116,2788,Infinity Securities Limited,Aakashbhairab Securities Ltd.,2026-04-29 11:42:21.785506,Ankhu Khola Jalvidhyut Company Ltd
2026042904001711,AKJCL,80,81,200,377.3,75460.0,2026-04-29,188469118,2788,Indira securities pvt. ltd,Aakashbhairab Securities Ltd.,2026-04-29 11:42:21.786140,Ankhu Khola Jalvidhyut Company Ltd
2026042904001712,AKJCL,68,81,500,377.3,188650.0,2026-04-29,188469120,2788,Elite Stock House Limited,Aakashbhairab Securities Ltd.,2026-04-29 11:42:21.786594,Ankhu Khola Jalvidhyut Company Ltd
2026042904001713,AKJCL,64,81,1000,377.3,377300.0,2026-04-29,188469122,2788,SUN SECURITIES PVT LTD,Aakashbhairab Securities Ltd.,2026-04-29 11:42:21.787033,Ankhu Khola Jalvidhyut Company Ltd
2026042904001714,AKJCL,64,81,1000,377.2,377200.0,2026-04-29,188469124,2788,SUN SECURITIES PVT LTD,Aakashbhairab Securities Ltd.,2026-04-29 11:42:21.787483,Ankhu Khola Jalvidhyut Company Ltd
2026042904001715,AKJCL,16,81,1000,377.2,377200.0,2026-04-29,188469126,2788,Primo Securities (PVT) Ltd.,Aakashbhairab Securities Ltd.,2026-04-29 11:42:21.787877,Ankhu Khola Jalvidhyut Company Ltd
2026042904001716,AKJCL,80,81,200,377.0,75400.0,2026-04-29,188469128,2788,Indira securities pvt. ltd,Aakashbhairab Securities Ltd.,2026-04-29 11:42:21.788294,Ankhu Khola Jalvidhyut Company Ltd
2026042904001717,AKJCL,91,81,200,377.0,75400.0,2026-04-29,188469130,2788,Citizens Share Broker Limited,Aakashbhairab Securities Ltd.,2026-04-29 11:42:21.788696,Ankhu Khola Jalvidhyut Company Ltd
2026042904001718,AKJCL,40,81,590,377.0,222430.0,2026-04-29,188469131,2788,Creative Securities Pvt Ltd,Aakashbhairab Securities Ltd.,2026-04-29 11:42:21.789097,Ankhu Khola Jalvidhyut Company Ltd
2026042904001729,AKJCL,48,94,50,377.7,18885.0,2026-04-29,188469240,2788,Trishakti Securities Public Limited,K.B.L. Securities Limited ,2026-04-29 11:42:31.303860,Ankhu Khola Jalvidhyut Company Ltd
2026042904001750,AKJCL,40,57,410,377.0,154570.0,2026-04-29,188469690,2788,Creative Securities Pvt Ltd,Aryatara Investment & Securities,2026-04-29 11:43:07.907440,Ankhu Khola Jalvidhyut Company Ltd
2026042904001751,AKJCL,7,57,50,377.0,18850.0,2026-04-29,188469692,2788,J.F. Securites (PVT) Ltd.,Aryatara Investment & Securities,2026-04-29 11:43:07.908046,Ankhu Khola Jalvidhyut Company Ltd
2026042904001752,AKJCL,10,57,423,377.0,159471.0,2026-04-29,188469695,2788,Pragyan Securities (PVT) Ltd.,Aryatara Investment & Securities,2026-04-29 11:43:07.908492,Ankhu Khola Jalvidhyut Company Ltd
2026042904001753,AKJCL,36,57,190,377.0,71630.0,2026-04-29,188469698,2788,Secured Securities Ltd.,Aryatara Investment & Securities,2026-04-29 11:43:07.908897,Ankhu Khola Jalvidhyut Company Ltd
2026042904001754,AKJCL,64,57,427,377.0,160979.0,2026-04-29,188469699,2788,SUN SECURITIES PVT LTD,Aryatara Investment & Securities,2026-04-29 11:43:07.909295,Ankhu Khola Jalvidhyut Company Ltd
2026042904001755,AKJCL,64,94,24,377.0,9048.0,2026-04-29,188469715,2788,SUN SECURITIES PVT LTD,K.B.L. Securities Limited ,2026-04-29 11:43:09.135487,Ankhu Khola Jalvidhyut Company Ltd
2026042904001817,AKJCL,42,62,10,377.1,3771.0,2026-04-29,188470717,2788,Sani Securities Company Ltd.,Capital Max Securities Ltd,2026-04-29 11:44:26.310147,Ankhu Khola Jalvidhyut Company Ltd
2026042904001837,AKJCL,64,58,49,377.0,18473.0,2026-04-29,188470998,2788,SUN SECURITIES PVT LTD,Naasa Securities Co. Ltd.,2026-04-29 11:44:47.387918,Ankhu Khola Jalvidhyut Company Ltd
2026042904001838,AKJCL,57,58,480,377.0,180960.0,2026-04-29,188471000,2788,Aryatara Investment & Securities,Naasa Securities Co. Ltd.,2026-04-29 11:44:47.388540,Ankhu Khola Jalvidhyut Company Ltd
2026042904001906,AKJCL,59,21,1000,375.6,375600.0,2026-04-29,188471912,2788,Deevyaa Securities & Stock House Pvt. Ltd,Midas Stock Broking Company Private Limited,2026-04-29 11:45:49.025290,Ankhu Khola Jalvidhyut Company Ltd
2026042904001907,AKJCL,28,21,500,375.5,187750.0,2026-04-29,188471914,2788,Shree Krishna Securities Ltd.,Midas Stock Broking Company Private Limited,2026-04-29 11:45:49.025337,Ankhu Khola Jalvidhyut Company Ltd
2026042904001908,AKJCL,32,21,100,375.4,37540.0,2026-04-29,188471916,2788,Premier Securities Company Ltd.,Midas Stock Broking Company Private Limited,2026-04-29 11:45:49.025367,Ankhu Khola Jalvidhyut Company Ltd
2026042904001909,AKJCL,45,21,50,375.3,18765.0,2026-04-29,188471918,2788,Imperial Securities Company Pvt. Ltd.,Midas Stock Broking Company Private Limited,2026-04-29 11:45:49.025393,Ankhu Khola Jalvidhyut Company Ltd
2026042904001910,AKJCL,68,21,500,375.3,187650.0,2026-04-29,188471920,2788,Elite Stock House Limited,Midas Stock Broking Company Private Limited,2026-04-29 11:45:49.025418,Ankhu Khola Jalvidhyut Company Ltd
2026042904001911,AKJCL,7,21,50,375.2,18760.0,2026-04-29,188471922,2788,J.F. Securites (PVT) Ltd.,Midas Stock Broking Company Private Limited,2026-04-29 11:45:49.025449,Ankhu Khola Jalvidhyut Company Ltd
2026042904001912,AKJCL,14,21,1000,375.2,375200.0,2026-04-29,188471924,2788,Nepal Stock House (PVT) Ltd.,Midas Stock Broking Company Private Limited,2026-04-29 11:45:49.025473,Ankhu Khola Jalvidhyut Company Ltd
2026042904001913,AKJCL,10,21,200,375.1,75020.0,2026-04-29,188471926,2788,Pragyan Securities (PVT) Ltd.,Midas Stock Broking Company Private Limited,2026-04-29 11:45:49.025498,Ankhu Khola Jalvidhyut Company Ltd
2026042904001914,AKJCL,68,21,500,375.1,187550.0,2026-04-29,188471930,2788,Elite Stock House Limited,Midas Stock Broking Company Private Limited,2026-04-29 11:45:49.025520,Ankhu Khola Jalvidhyut Company Ltd
2026042904001915,AKJCL,91,21,150,375.0,56250.0,2026-04-29,188471932,2788,Citizens Share Broker Limited,Midas Stock Broking Company Private Limited,2026-04-29 11:45:49.025547,Ankhu Khola Jalvidhyut Company Ltd
2026042904001916,AKJCL,58,21,150,375.0,56250.0,2026-04-29,188471934,2788,Naasa Securities Co. Ltd.,Midas Stock Broking Company Private Limited,2026-04-29 11:45:49.025573,Ankhu Khola Jalvidhyut Company Ltd
2026042904001917,AKJCL,48,21,100,375.0,37500.0,2026-04-29,188471936,2788,Trishakti Securities Public Limited,Midas Stock Broking Company Private Limited,2026-04-29 11:45:49.025599,Ankhu Khola Jalvidhyut Company Ltd
2026042904001918,AKJCL,97,21,2930,375.0,1098750.0,2026-04-29,188471938,2788,R.B.B. Securities Company Ltd,Midas Stock Broking Company Private Limited,2026-04-29 11:45:49.025622,Ankhu Khola Jalvidhyut Company Ltd
2026042904001919,AKJCL,13,21,101,375.0,37875.0,2026-04-29,188471940,2788,Thrive Brokerage House Pvt. Ltd,Midas Stock Broking Company Private Limited,2026-04-29 11:45:49.025646,Ankhu Khola Jalvidhyut Company Ltd
2026042904001920,AKJCL,64,21,1000,375.0,375000.0,2026-04-29,188471942,2788,SUN SECURITIES PVT LTD,Midas Stock Broking Company Private Limited,2026-04-29 11:45:49.025669,Ankhu Khola Jalvidhyut Company Ltd
2026042904001921,AKJCL,52,21,15,375.0,5625.0,2026-04-29,188471944,2788,Sundhara Securities Limited,Midas Stock Broking Company Private Limited,2026-04-29 11:45:49.025694,Ankhu Khola Jalvidhyut Company Ltd
2026042904001922,AKJCL,49,21,265,374.5,99242.5,2026-04-29,188471946,2788,Online Securities Pvt. Ltd.,Midas Stock Broking Company Private Limited,2026-04-29 11:45:49.025718,Ankhu Khola Jalvidhyut Company Ltd
2026042904001923,AKJCL,16,21,389,374.0,145486.0,2026-04-29,188471947,2788,Primo Securities (PVT) Ltd.,Midas Stock Broking Company Private Limited,2026-04-29 11:45:49.025741,Ankhu Khola Jalvidhyut Company Ltd
2026042904001954,AKJCL,48,91,300,374.1,112230.0,2026-04-29,188472828,2788,Trishakti Securities Public Limited,Citizens Share Broker Limited,2026-04-29 11:46:45.651182,Ankhu Khola Jalvidhyut Company Ltd
2026042904001955,AKJCL,16,91,611,374.0,228514.0,2026-04-29,188472830,2788,Primo Securities (PVT) Ltd.,Citizens Share Broker Limited,2026-04-29 11:46:45.651807,Ankhu Khola Jalvidhyut Company Ltd
2026042904001956,AKJCL,64,91,500,374.0,187000.0,2026-04-29,188472832,2788,SUN SECURITIES PVT LTD,Citizens Share Broker Limited,2026-04-29 11:46:45.652222,Ankhu Khola Jalvidhyut Company Ltd
2026042904001957,AKJCL,49,91,10,374.0,3740.0,2026-04-29,188472834,2788,Online Securities Pvt. Ltd.,Citizens Share Broker Limited,2026-04-29 11:46:45.652631,Ankhu Khola Jalvidhyut Company Ltd
2026042904002065,AKJCL,48,91,500,374.0,187000.0,2026-04-29,188474202,2788,Trishakti Securities Public Limited,Citizens Share Broker Limited,2026-04-29 11:48:21.037143,Ankhu Khola Jalvidhyut Company Ltd
2026042904002066,AKJCL,8,91,79,374.0,29546.0,2026-04-29,188474255,2788,Brilliant Securities Pvt. Ltd.,Citizens Share Broker Limited,2026-04-29 11:48:25.255988,Ankhu Khola Jalvidhyut Company Ltd
2026042904002203,AKJCL,58,94,14,374.0,5236.0,2026-04-29,188476024,2788,Naasa Securities Co. Ltd.,K.B.L. Securities Limited ,2026-04-29 11:50:35.813213,Ankhu Khola Jalvidhyut Company Ltd
2026042904002204,AKJCL,70,94,1000,374.0,374000.0,2026-04-29,188476026,2788,Infinity Securities Limited,K.B.L. Securities Limited ,2026-04-29 11:50:35.813905,Ankhu Khola Jalvidhyut Company Ltd
2026042904002205,AKJCL,64,94,200,374.0,74800.0,2026-04-29,188476030,2788,SUN SECURITIES PVT LTD,K.B.L. Securities Limited ,2026-04-29 11:50:35.814370,Ankhu Khola Jalvidhyut Company Ltd
2026042904002206,AKJCL,8,94,171,373.2,63817.2,2026-04-29,188476032,2788,Brilliant Securities Pvt. Ltd.,K.B.L. Securities Limited ,2026-04-29 11:50:35.814789,Ankhu Khola Jalvidhyut Company Ltd
2026042904002207,AKJCL,80,94,500,373.1,186550.0,2026-04-29,188476034,2788,Indira securities pvt. ltd,K.B.L. Securities Limited ,2026-04-29 11:50:35.815233,Ankhu Khola Jalvidhyut Company Ltd
2026042904002208,AKJCL,7,94,35,373.1,13058.5,2026-04-29,188476036,2788,J.F. Securites (PVT) Ltd.,K.B.L. Securities Limited ,2026-04-29 11:50:35.815683,Ankhu Khola Jalvidhyut Company Ltd
2026042904002209,AKJCL,58,94,80,373.0,29840.0,2026-04-29,188476037,2788,Naasa Securities Co. Ltd.,K.B.L. Securities Limited ,2026-04-29 11:50:35.816099,Ankhu Khola Jalvidhyut Company Ltd
2026042904002254,AKJCL,58,45,10,373.0,3730.0,2026-04-29,188477263,2788,Naasa Securities Co. Ltd.,Imperial Securities Company Pvt. Ltd.,2026-04-29 11:51:41.085479,Ankhu Khola Jalvidhyut Company Ltd
2026042904002370,AKJCL,34,58,100,374.0,37400.0,2026-04-29,188479928,2788,Vision Securities Pvt. Ltd,Naasa Securities Co. Ltd.,2026-04-29 11:54:26.927346,Ankhu Khola Jalvidhyut Company Ltd
2026042904002371,AKJCL,42,58,500,373.2,186600.0,2026-04-29,188479930,2788,Sani Securities Company Ltd.,Naasa Securities Co. Ltd.,2026-04-29 11:54:26.927419,Ankhu Khola Jalvidhyut Company Ltd
2026042904002372,AKJCL,16,58,500,373.1,186550.0,2026-04-29,188479932,2788,Primo Securities (PVT) Ltd.,Naasa Securities Co. Ltd.,2026-04-29 11:54:26.927447,Ankhu Khola Jalvidhyut Company Ltd
2026042904002373,AKJCL,28,58,200,373.1,74620.0,2026-04-29,188479934,2788,Shree Krishna Securities Ltd.,Naasa Securities Co. Ltd.,2026-04-29 11:54:26.927477,Ankhu Khola Jalvidhyut Company Ltd
2026042904002374,AKJCL,58,58,500,373.1,186550.0,2026-04-29,188479936,2788,Naasa Securities Co. Ltd.,Naasa Securities Co. Ltd.,2026-04-29 11:54:26.927501,Ankhu Khola Jalvidhyut Company Ltd
2026042904002375,AKJCL,58,58,400,373.0,149200.0,2026-04-29,188479938,2788,Naasa Securities Co. Ltd.,Naasa Securities Co. Ltd.,2026-04-29 11:54:26.927527,Ankhu Khola Jalvidhyut Company Ltd
2026042904002376,AKJCL,80,58,500,373.0,186500.0,2026-04-29,188479940,2788,Indira securities pvt. ltd,Naasa Securities Co. Ltd.,2026-04-29 11:54:26.927552,Ankhu Khola Jalvidhyut Company Ltd
2026042904002377,AKJCL,66,58,100,373.0,37300.0,2026-04-29,188479942,2788,Miyo Securities Pvt Ltd,Naasa Securities Co. Ltd.,2026-04-29 11:54:26.927577,Ankhu Khola Jalvidhyut Company Ltd
2026042904002378,AKJCL,70,58,1200,373.0,447600.0,2026-04-29,188479943,2788,Infinity Securities Limited,Naasa Securities Co. Ltd.,2026-04-29 11:54:26.927602,Ankhu Khola Jalvidhyut Company Ltd
2026042904002392,AKJCL,64,57,500,375.0,187500.0,2026-04-29,188480004,2788,SUN SECURITIES PVT LTD,Aryatara Investment & Securities,2026-04-29 11:54:30.964845,Ankhu Khola Jalvidhyut Company Ltd
2026042904002393,AKJCL,26,94,1000,374.0,374000.0,2026-04-29,188480014,2788,Asian Securities Private Ltd.,K.B.L. Securities Limited ,2026-04-29 11:54:31.873002,Ankhu Khola Jalvidhyut Company Ltd
2026042904002394,AKJCL,70,94,1000,373.0,373000.0,2026-04-29,188480015,2788,Infinity Securities Limited,K.B.L. Securities Limited ,2026-04-29 11:54:31.873643,Ankhu Khola Jalvidhyut Company Ltd
2026042904002433,AKJCL,26,66,50,373.1,18655.0,2026-04-29,188480670,2788,Asian Securities Private Ltd.,Miyo Securities Pvt Ltd,2026-04-29 11:55:17.957647,Ankhu Khola Jalvidhyut Company Ltd
2026042904002434,AKJCL,70,66,50,373.0,18650.0,2026-04-29,188480671,2788,Infinity Securities Limited,Miyo Securities Pvt Ltd,2026-04-29 11:55:17.958048,Ankhu Khola Jalvidhyut Company Ltd
2026042904002453,AKJCL,70,42,1050,373.0,391650.0,2026-04-29,188480778,2788,Infinity Securities Limited,Sani Securities Company Ltd.,2026-04-29 11:55:24.492523,Ankhu Khola Jalvidhyut Company Ltd
2026042904002454,AKJCL,47,42,50,373.0,18650.0,2026-04-29,188480780,2788,Neev Securities Pvt. Ltd.,Sani Securities Company Ltd.,2026-04-29 11:55:24.492882,Ankhu Khola Jalvidhyut Company Ltd
2026042904002455,AKJCL,14,42,850,373.0,317050.0,2026-04-29,188480782,2788,Nepal Stock House (PVT) Ltd.,Sani Securities Company Ltd.,2026-04-29 11:55:24.493031,Ankhu Khola Jalvidhyut Company Ltd
2026042904002456,AKJCL,64,42,50,373.0,18650.0,2026-04-29,188480783,2788,SUN SECURITIES PVT LTD,Sani Securities Company Ltd.,2026-04-29 11:55:24.493175,Ankhu Khola Jalvidhyut Company Ltd
2026042904002484,AKJCL,64,22,120,373.0,44760.0,2026-04-29,188481337,2788,SUN SECURITIES PVT LTD,Siprabi Securities Pvt. Ltd.,2026-04-29 11:56:01.404168,Ankhu Khola Jalvidhyut Company Ltd
2026042904002509,AKJCL,45,46,500,373.5,186750.0,2026-04-29,188481728,2788,Imperial Securities Company Pvt. Ltd.,Kalika Securities Pvt. Ltd.,2026-04-29 11:56:27.391609,Ankhu Khola Jalvidhyut Company Ltd
2026042904002530,AKJCL,57,46,100,373.5,37350.0,2026-04-29,188482046,2788,Aryatara Investment & Securities,Kalika Securities Pvt. Ltd.,2026-04-29 11:56:47.749720,Ankhu Khola Jalvidhyut Company Ltd
2026042904002537,AKJCL,64,46,100,373.5,37350.0,2026-04-29,188482096,2788,SUN SECURITIES PVT LTD,Kalika Securities Pvt. Ltd.,2026-04-29 11:56:50.304180,Ankhu Khola Jalvidhyut Company Ltd
2026042904002568,AKJCL,57,46,384,373.5,143424.0,2026-04-29,188482427,2788,Aryatara Investment & Securities,Kalika Securities Pvt. Ltd.,2026-04-29 11:57:06.756660,Ankhu Khola Jalvidhyut Company Ltd
2026042904002588,AKJCL,57,1,100,373.5,37350.0,2026-04-29,188482764,2788,Aryatara Investment & Securities,Kumari Securities Private Limited,2026-04-29 11:57:22.323681,Ankhu Khola Jalvidhyut Company Ltd
2026042904002589,AKJCL,42,1,380,373.1,141778.0,2026-04-29,188482766,2788,Sani Securities Company Ltd.,Kumari Securities Private Limited,2026-04-29 11:57:22.324345,Ankhu Khola Jalvidhyut Company Ltd
2026042904002590,AKJCL,64,1,22,373.0,8206.0,2026-04-29,188482767,2788,SUN SECURITIES PVT LTD,Kumari Securities Private Limited,2026-04-29 11:57:22.324812,Ankhu Khola Jalvidhyut Company Ltd
2026042904002603,AKJCL,59,48,1000,373.2,373200.0,2026-04-29,188482986,2788,Deevyaa Securities & Stock House Pvt. Ltd,Trishakti Securities Public Limited,2026-04-29 11:57:32.820280,Ankhu Khola Jalvidhyut Company Ltd
2026042904002604,AKJCL,64,48,1808,373.0,674384.0,2026-04-29,188482988,2788,SUN SECURITIES PVT LTD,Trishakti Securities Public Limited,2026-04-29 11:57:32.820940,Ankhu Khola Jalvidhyut Company Ltd
2026042904002605,AKJCL,34,48,192,373.0,71616.0,2026-04-29,188482989,2788,Vision Securities Pvt. Ltd,Trishakti Securities Public Limited,2026-04-29 11:57:32.821410,Ankhu Khola Jalvidhyut Company Ltd
2026042904002755,AKJCL,57,42,500,374.0,187000.0,2026-04-29,188485437,2788,Aryatara Investment & Securities,Sani Securities Company Ltd.,2026-04-29 11:59:46.129494,Ankhu Khola Jalvidhyut Company Ltd
2026042904002774,AKJCL,57,94,16,374.0,5984.0,2026-04-29,188485828,2788,Aryatara Investment & Securities,K.B.L. Securities Limited ,2026-04-29 12:00:13.037603,Ankhu Khola Jalvidhyut Company Ltd
2026042904002822,AKJCL,42,94,74,374.0,27676.0,2026-04-29,188486399,2788,Sani Securities Company Ltd.,K.B.L. Securities Limited ,2026-04-29 12:00:53.320018,Ankhu Khola Jalvidhyut Company Ltd
2026042904002834,AKJCL,42,94,100,374.0,37400.0,2026-04-29,188486719,2788,Sani Securities Company Ltd.,K.B.L. Securities Limited ,2026-04-29 12:01:17.280612,Ankhu Khola Jalvidhyut Company Ltd
2026042904002852,AKJCL,42,17,26,374.0,9724.0,2026-04-29,188487107,2788,Sani Securities Company Ltd.,ABC Securities Private Limited,2026-04-29 12:01:46.778334,Ankhu Khola Jalvidhyut Company Ltd
2026042904002978,AKJCL,57,41,250,374.0,93500.0,2026-04-29,188490300,2788,Aryatara Investment & Securities,Linch Stock Market Ltd.,2026-04-29 12:05:17.836274,Ankhu Khola Jalvidhyut Company Ltd
2026042904003070,AKJCL,32,29,20,373.4,7468.0,2026-04-29,188492410,2788,Premier Securities Company Ltd.,Trisul Securities & Invt. Ltd.,2026-04-29 12:07:41.813490,Ankhu Khola Jalvidhyut Company Ltd
2026042904003071,AKJCL,32,29,15,373.4,5601.0,2026-04-29,188492412,2788,Premier Securities Company Ltd.,Trisul Securities & Invt. Ltd.,2026-04-29 12:07:41.813843,Ankhu Khola Jalvidhyut Company Ltd
2026042904003072,AKJCL,26,29,50,373.3,18665.0,2026-04-29,188492414,2788,Asian Securities Private Ltd.,Trisul Securities & Invt. Ltd.,2026-04-29 12:07:41.814002,Ankhu Khola Jalvidhyut Company Ltd
2026042904003073,AKJCL,26,29,50,373.2,18660.0,2026-04-29,188492416,2788,Asian Securities Private Ltd.,Trisul Securities & Invt. Ltd.,2026-04-29 12:07:41.814210,Ankhu Khola Jalvidhyut Company Ltd
2026042904003074,AKJCL,43,29,95,373.2,35454.0,2026-04-29,188492417,2788,South Asian Bulls Pvt. Ltd.,Trisul Securities & Invt. Ltd.,2026-04-29 12:07:41.814476,Ankhu Khola Jalvidhyut Company Ltd
2026042904003080,AKJCL,68,81,1000,374.9,374900.0,2026-04-29,188492584,2788,Elite Stock House Limited,Aakashbhairab Securities Ltd.,2026-04-29 12:07:53.341483,Ankhu Khola Jalvidhyut Company Ltd
2026042904003172,AKJCL,45,94,64,374.0,23936.0,2026-04-29,188493878,2788,Imperial Securities Company Pvt. Ltd.,K.B.L. Securities Limited ,2026-04-29 12:09:26.655640,Ankhu Khola Jalvidhyut Company Ltd
2026042904003173,AKJCL,42,94,86,374.0,32164.0,2026-04-29,188493879,2788,Sani Securities Company Ltd.,K.B.L. Securities Limited ,2026-04-29 12:09:26.656008,Ankhu Khola Jalvidhyut Company Ltd
2026042904003208,AKJCL,42,58,414,374.0,154836.0,2026-04-29,188494410,2788,Sani Securities Company Ltd.,Naasa Securities Co. Ltd.,2026-04-29 12:10:05.142715,Ankhu Khola Jalvidhyut Company Ltd
2026042904003209,AKJCL,42,58,50,374.0,18700.0,2026-04-29,188494412,2788,Sani Securities Company Ltd.,Naasa Securities Co. Ltd.,2026-04-29 12:10:05.143075,Ankhu Khola Jalvidhyut Company Ltd
2026042904003214,AKJCL,59,58,27,374.0,10098.0,2026-04-29,188494546,2788,Deevyaa Securities & Stock House Pvt. Ltd,Naasa Securities Co. Ltd.,2026-04-29 12:10:13.507096,Ankhu Khola Jalvidhyut Company Ltd
2026042904003226,AKJCL,57,58,500,374.0,187000.0,2026-04-29,188494792,2788,Aryatara Investment & Securities,Naasa Securities Co. Ltd.,2026-04-29 12:10:30.876373,Ankhu Khola Jalvidhyut Company Ltd
2026042904003247,AKJCL,42,29,100,373.3,37330.0,2026-04-29,188495143,2788,Sani Securities Company Ltd.,Trisul Securities & Invt. Ltd.,2026-04-29 12:10:55.046438,Ankhu Khola Jalvidhyut Company Ltd
2026042904003287,AKJCL,29,14,300,374.9,112470.0,2026-04-29,188496239,2788,Trisul Securities & Invt. Ltd.,Nepal Stock House (PVT) Ltd.,2026-04-29 12:12:08.748122,Ankhu Khola Jalvidhyut Company Ltd
2026042904003288,AKJCL,29,64,700,375.0,262500.0,2026-04-29,188496242,2788,Trisul Securities & Invt. Ltd.,SUN SECURITIES PVT LTD,2026-04-29 12:12:08.748811,Ankhu Khola Jalvidhyut Company Ltd
2026042904003528,AKJCL,13,94,150,374.9,56235.0,2026-04-29,188500996,2788,Thrive Brokerage House Pvt. Ltd,K.B.L. Securities Limited ,2026-04-29 12:18:03.564246,Ankhu Khola Jalvidhyut Company Ltd
2026042904003535,AKJCL,58,36,50,374.9,18745.0,2026-04-29,188501054,2788,Naasa Securities Co. Ltd.,Secured Securities Ltd.,2026-04-29 12:18:08.150856,Ankhu Khola Jalvidhyut Company Ltd
2026042904003536,AKJCL,25,36,300,374.1,112230.0,2026-04-29,188501056,2788,Sweta Securities Private Limited,Secured Securities Ltd.,2026-04-29 12:18:08.151201,Ankhu Khola Jalvidhyut Company Ltd
2026042904003537,AKJCL,57,36,150,374.0,56100.0,2026-04-29,188501057,2788,Aryatara Investment & Securities,Secured Securities Ltd.,2026-04-29 12:18:08.151377,Ankhu Khola Jalvidhyut Company Ltd
2026042904003567,AKJCL,58,64,10,375.0,3750.0,2026-04-29,188501678,2788,Naasa Securities Co. Ltd.,SUN SECURITIES PVT LTD,2026-04-29 12:18:53.770251,Ankhu Khola Jalvidhyut Company Ltd
2026042904003584,AKJCL,86,64,290,375.0,108750.0,2026-04-29,188502077,2788,Stoxkarts Securities Limited,SUN SECURITIES PVT LTD,2026-04-29 12:19:27.887669,Ankhu Khola Jalvidhyut Company Ltd
2026042904003585,AKJCL,86,48,26,375.0,9750.0,2026-04-29,188502079,2788,Stoxkarts Securities Limited,Trishakti Securities Public Limited,2026-04-29 12:19:27.888498,Ankhu Khola Jalvidhyut Company Ltd
2026042904003586,AKJCL,86,49,45,375.0,16875.0,2026-04-29,188502081,2788,Stoxkarts Securities Limited,Online Securities Pvt. Ltd.,2026-04-29 12:19:27.889200,Ankhu Khola Jalvidhyut Company Ltd
2026042904003587,AKJCL,86,43,10,375.0,3750.0,2026-04-29,188502083,2788,Stoxkarts Securities Limited,South Asian Bulls Pvt. Ltd.,2026-04-29 12:19:27.889824,Ankhu Khola Jalvidhyut Company Ltd
2026042904003588,AKJCL,86,58,10,375.0,3750.0,2026-04-29,188502085,2788,Stoxkarts Securities Limited,Naasa Securities Co. Ltd.,2026-04-29 12:19:27.890436,Ankhu Khola Jalvidhyut Company Ltd
2026042904003589,AKJCL,86,34,119,375.0,44625.0,2026-04-29,188502088,2788,Stoxkarts Securities Limited,Vision Securities Pvt. Ltd,2026-04-29 12:19:27.891027,Ankhu Khola Jalvidhyut Company Ltd
2026042904003595,AKJCL,62,34,100,375.0,37500.0,2026-04-29,188502162,2788,Capital Max Securities Ltd,Vision Securities Pvt. Ltd,2026-04-29 12:19:34.163956,Ankhu Khola Jalvidhyut Company Ltd
2026042904003596,AKJCL,64,34,281,375.0,105375.0,2026-04-29,188502173,2788,SUN SECURITIES PVT LTD,Vision Securities Pvt. Ltd,2026-04-29 12:19:35.241385,Ankhu Khola Jalvidhyut Company Ltd
2026042904003636,AKJCL,58,14,16,375.7,6011.2,2026-04-29,188502844,2788,Naasa Securities Co. Ltd.,Nepal Stock House (PVT) Ltd.,2026-04-29 12:20:26.044221,Ankhu Khola Jalvidhyut Company Ltd
2026042904003709,AKJCL,64,58,17,375.0,6375.0,2026-04-29,188504131,2788,SUN SECURITIES PVT LTD,Naasa Securities Co. Ltd.,2026-04-29 12:22:01.489432,Ankhu Khola Jalvidhyut Company Ltd
2026042904003818,AKJCL,41,14,284,375.7,106698.8,2026-04-29,188506435,2788,Linch Stock Market Ltd.,Nepal Stock House (PVT) Ltd.,2026-04-29 12:24:41.958162,Ankhu Khola Jalvidhyut Company Ltd
2026042904003834,AKJCL,41,62,16,375.7,6011.2,2026-04-29,188506594,2788,Linch Stock Market Ltd.,Capital Max Securities Ltd,2026-04-29 12:24:49.222464,Ankhu Khola Jalvidhyut Company Ltd
2026042904003854,AKJCL,60,62,184,375.7,69128.8,2026-04-29,188506953,2788,Nagarik Stock Dealer ,Capital Max Securities Ltd,2026-04-29 12:25:16.818507,Ankhu Khola Jalvidhyut Company Ltd
2026042904003855,AKJCL,60,42,300,375.8,112740.0,2026-04-29,188506955,2788,Nagarik Stock Dealer ,Sani Securities Company Ltd.,2026-04-29 12:25:16.819246,Ankhu Khola Jalvidhyut Company Ltd
2026042904003856,AKJCL,60,58,120,376.5,45180.0,2026-04-29,188506957,2788,Nagarik Stock Dealer ,Naasa Securities Co. Ltd.,2026-04-29 12:25:16.819737,Ankhu Khola Jalvidhyut Company Ltd
2026042904003857,AKJCL,60,14,400,376.6,150640.0,2026-04-29,188506959,2788,Nagarik Stock Dealer ,Nepal Stock House (PVT) Ltd.,2026-04-29 12:25:16.820188,Ankhu Khola Jalvidhyut Company Ltd
2026042904003858,AKJCL,60,58,50,376.8,18840.0,2026-04-29,188506961,2788,Nagarik Stock Dealer ,Naasa Securities Co. Ltd.,2026-04-29 12:25:16.820676,Ankhu Khola Jalvidhyut Company Ltd
2026042904003868,AKJCL,60,94,200,376.8,75360.0,2026-04-29,188507277,2788,Nagarik Stock Dealer ,K.B.L. Securities Limited ,2026-04-29 12:25:38.595608,Ankhu Khola Jalvidhyut Company Ltd
2026042904003906,AKJCL,66,94,300,376.9,113070.0,2026-04-29,188508111,2788,Miyo Securities Pvt Ltd,K.B.L. Securities Limited ,2026-04-29 12:26:17.387805,Ankhu Khola Jalvidhyut Company Ltd
2026042904003911,AKJCL,41,58,200,377.0,75400.0,2026-04-29,188508318,2788,Linch Stock Market Ltd.,Naasa Securities Co. Ltd.,2026-04-29 12:26:36.576599,Ankhu Khola Jalvidhyut Company Ltd
2026042904003938,AKJCL,57,58,20,377.0,7540.0,2026-04-29,188509134,2788,Aryatara Investment & Securities,Naasa Securities Co. Ltd.,2026-04-29 12:27:35.508937,Ankhu Khola Jalvidhyut Company Ltd
2026042904003945,AKJCL,66,34,10,376.9,3769.0,2026-04-29,188509157,2788,Miyo Securities Pvt Ltd,Vision Securities Pvt. Ltd,2026-04-29 12:27:37.260098,Ankhu Khola Jalvidhyut Company Ltd
2026042904003951,AKJCL,66,58,190,376.9,71611.0,2026-04-29,188509272,2788,Miyo Securities Pvt Ltd,Naasa Securities Co. Ltd.,2026-04-29 12:27:49.060790,Ankhu Khola Jalvidhyut Company Ltd
2026042904003952,AKJCL,60,58,746,376.8,281092.8,2026-04-29,188509274,2788,Nagarik Stock Dealer ,Naasa Securities Co. Ltd.,2026-04-29 12:27:49.061585,Ankhu Khola Jalvidhyut Company Ltd
2026042904004038,AKJCL,50,58,10,376.8,3768.0,2026-04-29,188510546,2788,Cristal Kanchanjanga Securites Pvt. Ltd.,Naasa Securities Co. Ltd.,2026-04-29 12:29:31.916074,Ankhu Khola Jalvidhyut Company Ltd
2026042904004101,AKJCL,66,58,63,376.8,23738.4,2026-04-29,188511803,2788,Miyo Securities Pvt Ltd,Naasa Securities Co. Ltd.,2026-04-29 12:31:09.017035,Ankhu Khola Jalvidhyut Company Ltd
2026042904004224,AKJCL,60,57,2000,376.9,753800.0,2026-04-29,188515405,2788,Nagarik Stock Dealer ,Aryatara Investment & Securities,2026-04-29 12:35:11.527210,Ankhu Khola Jalvidhyut Company Ltd
2026042904004225,AKJCL,60,58,251,377.0,94627.0,2026-04-29,188515407,2788,Nagarik Stock Dealer ,Naasa Securities Co. Ltd.,2026-04-29 12:35:11.527646,Ankhu Khola Jalvidhyut Company Ltd
2026042904004226,AKJCL,60,34,500,377.0,188500.0,2026-04-29,188515409,2788,Nagarik Stock Dealer ,Vision Securities Pvt. Ltd,2026-04-29 12:35:11.527854,Ankhu Khola Jalvidhyut Company Ltd
2026042904004227,AKJCL,60,48,749,377.0,282373.0,2026-04-29,188515412,2788,Nagarik Stock Dealer ,Trishakti Securities Public Limited,2026-04-29 12:35:11.528032,Ankhu Khola Jalvidhyut Company Ltd
2026042904004246,AKJCL,43,48,251,377.0,94627.0,2026-04-29,188515795,2788,South Asian Bulls Pvt. Ltd.,Trishakti Securities Public Limited,2026-04-29 12:36:02.541541,Ankhu Khola Jalvidhyut Company Ltd
2026042904004247,AKJCL,43,58,10,377.0,3770.0,2026-04-29,188515797,2788,South Asian Bulls Pvt. Ltd.,Naasa Securities Co. Ltd.,2026-04-29 12:36:02.541997,Ankhu Khola Jalvidhyut Company Ltd
2026042904004248,AKJCL,43,70,739,377.0,278603.0,2026-04-29,188515800,2788,South Asian Bulls Pvt. Ltd.,Infinity Securities Limited,2026-04-29 12:36:02.542173,Ankhu Khola Jalvidhyut Company Ltd
2026042904004279,AKJCL,66,81,37,376.8,13941.6,2026-04-29,188516676,2788,Miyo Securities Pvt Ltd,Aakashbhairab Securities Ltd.,2026-04-29 12:37:26.451802,Ankhu Khola Jalvidhyut Company Ltd
2026042904004280,AKJCL,4,81,463,376.8,174458.4,2026-04-29,188516677,2788,Opal Securities Investment (PVT) Ltd.,Aakashbhairab Securities Ltd.,2026-04-29 12:37:26.452590,Ankhu Khola Jalvidhyut Company Ltd
2026042904004285,AKJCL,57,74,2000,376.9,753800.0,2026-04-29,188516738,2788,Aryatara Investment & Securities,KALASH STOCK MARKET PVT. LTD.,2026-04-29 12:37:32.067212,Ankhu Khola Jalvidhyut Company Ltd
2026042904004302,AKJCL,28,58,25,375.6,9390.0,2026-04-29,188516875,2788,Shree Krishna Securities Ltd.,Naasa Securities Co. Ltd.,2026-04-29 12:37:40.179096,Ankhu Khola Jalvidhyut Company Ltd
2026042904004347,AKJCL,6,81,500,375.8,187900.0,2026-04-29,188517688,2788,Agrawal Securities (PVT) Ltd.,Aakashbhairab Securities Ltd.,2026-04-29 12:38:47.912585,Ankhu Khola Jalvidhyut Company Ltd
2026042904004385,AKJCL,28,74,275,375.6,103290.0,2026-04-29,188517976,2788,Shree Krishna Securities Ltd.,KALASH STOCK MARKET PVT. LTD.,2026-04-29 12:39:13.232493,Ankhu Khola Jalvidhyut Company Ltd
2026042904004386,AKJCL,58,74,30,375.5,11265.0,2026-04-29,188517978,2788,Naasa Securities Co. Ltd.,KALASH STOCK MARKET PVT. LTD.,2026-04-29 12:39:13.233230,Ankhu Khola Jalvidhyut Company Ltd
2026042904004387,AKJCL,64,74,1000,375.5,375500.0,2026-04-29,188517980,2788,SUN SECURITIES PVT LTD,KALASH STOCK MARKET PVT. LTD.,2026-04-29 12:39:13.233769,Ankhu Khola Jalvidhyut Company Ltd
2026042904004388,AKJCL,43,74,1000,375.4,375400.0,2026-04-29,188517982,2788,South Asian Bulls Pvt. Ltd.,KALASH STOCK MARKET PVT. LTD.,2026-04-29 12:39:13.234260,Ankhu Khola Jalvidhyut Company Ltd
2026042904004389,AKJCL,22,74,2000,375.3,750600.0,2026-04-29,188517984,2788,Siprabi Securities Pvt. Ltd.,KALASH STOCK MARKET PVT. LTD.,2026-04-29 12:39:13.234757,Ankhu Khola Jalvidhyut Company Ltd
2026042904004390,AKJCL,58,74,2000,375.1,750200.0,2026-04-29,188517986,2788,Naasa Securities Co. Ltd.,KALASH STOCK MARKET PVT. LTD.,2026-04-29 12:39:13.235242,Ankhu Khola Jalvidhyut Company Ltd
2026042904004391,AKJCL,64,74,202,375.0,75750.0,2026-04-29,188517988,2788,SUN SECURITIES PVT LTD,KALASH STOCK MARKET PVT. LTD.,2026-04-29 12:39:13.235750,Ankhu Khola Jalvidhyut Company Ltd
2026042904004392,AKJCL,66,74,100,375.0,37500.0,2026-04-29,188517990,2788,Miyo Securities Pvt Ltd,KALASH STOCK MARKET PVT. LTD.,2026-04-29 12:39:13.236272,Ankhu Khola Jalvidhyut Company Ltd
2026042904004393,AKJCL,42,74,30,375.0,11250.0,2026-04-29,188517992,2788,Sani Securities Company Ltd.,KALASH STOCK MARKET PVT. LTD.,2026-04-29 12:39:13.236765,Ankhu Khola Jalvidhyut Company Ltd
2026042904004394,AKJCL,38,74,363,375.0,136125.0,2026-04-29,188517993,2788,Dipshikha Dhitopatra Karobar Co. Pvt Ltd.,KALASH STOCK MARKET PVT. LTD.,2026-04-29 12:39:13.237263,Ankhu Khola Jalvidhyut Company Ltd
2026042904004401,AKJCL,38,17,137,375.0,51375.0,2026-04-29,188518256,2788,Dipshikha Dhitopatra Karobar Co. Pvt Ltd.,ABC Securities Private Limited,2026-04-29 12:39:37.659385,Ankhu Khola Jalvidhyut Company Ltd
2026042904004458,AKJCL,41,39,10,374.3,3743.0,2026-04-29,188518990,2788,Linch Stock Market Ltd.,Sumeru Securities Pvt. Ltd.,2026-04-29 12:40:42.440720,Ankhu Khola Jalvidhyut Company Ltd
2026042904004459,AKJCL,42,39,115,374.1,43021.5,2026-04-29,188518991,2788,Sani Securities Company Ltd.,Sumeru Securities Pvt. Ltd.,2026-04-29 12:40:42.441643,Ankhu Khola Jalvidhyut Company Ltd
2026042904004616,AKJCL,57,32,350,374.0,130900.0,2026-04-29,188521202,2788,Aryatara Investment & Securities,Premier Securities Company Ltd.,2026-04-29 12:44:35.312531,Ankhu Khola Jalvidhyut Company Ltd
2026042904004617,AKJCL,48,32,150,373.6,56040.0,2026-04-29,188521203,2788,Trishakti Securities Public Limited,Premier Securities Company Ltd.,2026-04-29 12:44:35.312605,Ankhu Khola Jalvidhyut Company Ltd
2026042904004662,AKJCL,57,44,200,374.0,74800.0,2026-04-29,188521661,2788,Aryatara Investment & Securities,Dynamic Money Managers Securities Pvt. Ltd.,2026-04-29 12:45:24.531521,Ankhu Khola Jalvidhyut Company Ltd
2026042904004693,AKJCL,34,74,30,374.5,11235.0,2026-04-29,188522426,2788,Vision Securities Pvt. Ltd,KALASH STOCK MARKET PVT. LTD.,2026-04-29 12:47:04.528715,Ankhu Khola Jalvidhyut Company Ltd
2026042904004694,AKJCL,57,94,50,374.0,18700.0,2026-04-29,188522510,2788,Aryatara Investment & Securities,K.B.L. Securities Limited ,2026-04-29 12:47:13.633999,Ankhu Khola Jalvidhyut Company Ltd
2026042904004699,AKJCL,57,94,950,374.0,355300.0,2026-04-29,188522646,2788,Aryatara Investment & Securities,K.B.L. Securities Limited ,2026-04-29 12:47:29.415117,Ankhu Khola Jalvidhyut Company Ltd
2026042904004754,AKJCL,13,74,60,374.5,22470.0,2026-04-29,188523476,2788,Thrive Brokerage House Pvt. Ltd,KALASH STOCK MARKET PVT. LTD.,2026-04-29 12:49:03.907156,Ankhu Khola Jalvidhyut Company Ltd
2026042904004765,AKJCL,57,25,50,374.0,18700.0,2026-04-29,188523508,2788,Aryatara Investment & Securities,Sweta Securities Private Limited,2026-04-29 12:49:06.260906,Ankhu Khola Jalvidhyut Company Ltd
2026042904004808,AKJCL,48,57,100,373.6,37360.0,2026-04-29,188524104,2788,Trishakti Securities Public Limited,Aryatara Investment & Securities,2026-04-29 12:50:04.012551,Ankhu Khola Jalvidhyut Company Ltd
2026042904004809,AKJCL,63,57,550,373.6,205480.0,2026-04-29,188524105,2788,Himalayan Brokerage Company Limited,Aryatara Investment & Securities,2026-04-29 12:50:04.013281,Ankhu Khola Jalvidhyut Company Ltd
2026042904004813,AKJCL,57,25,1050,374.0,392700.0,2026-04-29,188524187,2788,Aryatara Investment & Securities,Sweta Securities Private Limited,2026-04-29 12:50:14.011426,Ankhu Khola Jalvidhyut Company Ltd
2026042904004814,AKJCL,57,71,450,374.0,168300.0,2026-04-29,188524190,2788,Aryatara Investment & Securities,SHUBHAKAMANA SECURITIES PVT. LTD,2026-04-29 12:50:14.012180,Ankhu Khola Jalvidhyut Company Ltd
2026042904004837,AKJCL,63,26,200,373.6,74720.0,2026-04-29,188524499,2788,Himalayan Brokerage Company Limited,Asian Securities Private Ltd.,2026-04-29 12:50:45.388927,Ankhu Khola Jalvidhyut Company Ltd
2026042904004856,AKJCL,69,71,10,374.0,3740.0,2026-04-29,188524586,2788,INDEX SECURITIES LIMITED,SHUBHAKAMANA SECURITIES PVT. LTD,2026-04-29 12:50:51.216882,Ankhu Khola Jalvidhyut Company Ltd
2026042904004904,AKJCL,48,71,40,374.0,14960.0,2026-04-29,188525043,2788,Trishakti Securities Public Limited,SHUBHAKAMANA SECURITIES PVT. LTD,2026-04-29 12:51:40.153127,Ankhu Khola Jalvidhyut Company Ltd
2026042904004905,AKJCL,48,74,30,374.5,11235.0,2026-04-29,188525046,2788,Trishakti Securities Public Limited,KALASH STOCK MARKET PVT. LTD.,2026-04-29 12:51:40.153585,Ankhu Khola Jalvidhyut Company Ltd
2026042904004944,AKJCL,48,74,40,374.5,14980.0,2026-04-29,188525494,2788,Trishakti Securities Public Limited,KALASH STOCK MARKET PVT. LTD.,2026-04-29 12:52:32.986735,Ankhu Khola Jalvidhyut Company Ltd
2026042904004985,AKJCL,57,42,30,374.0,11220.0,2026-04-29,188526135,2788,Aryatara Investment & Securities,Sani Securities Company Ltd.,2026-04-29 12:53:43.535198,Ankhu Khola Jalvidhyut Company Ltd
2026042904005080,AKJCL,57,58,43,374.0,16082.0,2026-04-29,188527589,2788,Aryatara Investment & Securities,Naasa Securities Co. Ltd.,2026-04-29 12:56:15.920444,Ankhu Khola Jalvidhyut Company Ltd
2026042904005342,AKJCL,57,54,20,374.0,7480.0,2026-04-29,188530001,2788,Aryatara Investment & Securities,Sewa Securities Pvt. Ltd.,2026-04-29 13:00:26.220872,Ankhu Khola Jalvidhyut Company Ltd
2026042904005477,AKJCL,57,59,207,374.0,77418.0,2026-04-29,188532156,2788,Aryatara Investment & Securities,Deevyaa Securities & Stock House Pvt. Ltd,2026-04-29 13:04:09.677983,Ankhu Khola Jalvidhyut Company Ltd
2026042904005478,AKJCL,22,59,50,374.0,18700.0,2026-04-29,188532158,2788,Siprabi Securities Pvt. Ltd.,Deevyaa Securities & Stock House Pvt. Ltd,2026-04-29 13:04:09.678421,Ankhu Khola Jalvidhyut Company Ltd
2026042904005486,AKJCL,63,59,250,373.6,93400.0,2026-04-29,188532374,2788,Himalayan Brokerage Company Limited,Deevyaa Securities & Stock House Pvt. Ltd,2026-04-29 13:04:28.995188,Ankhu Khola Jalvidhyut Company Ltd
2026042904005487,AKJCL,5,59,100,373.5,37350.0,2026-04-29,188532376,2788,Market Securities & Exchange (PVT) Ltd.,Deevyaa Securities & Stock House Pvt. Ltd,2026-04-29 13:04:28.995627,Ankhu Khola Jalvidhyut Company Ltd
2026042904005488,AKJCL,32,59,393,373.5,146785.5,2026-04-29,188532377,2788,Premier Securities Company Ltd.,Deevyaa Securities & Stock House Pvt. Ltd,2026-04-29 13:04:28.995811,Ankhu Khola Jalvidhyut Company Ltd
2026042904005613,AKJCL,49,74,40,374.5,14980.0,2026-04-29,188535228,2788,Online Securities Pvt. Ltd.,KALASH STOCK MARKET PVT. LTD.,2026-04-29 13:08:46.782367,Ankhu Khola Jalvidhyut Company Ltd
2026042904005660,AKJCL,32,74,188,374.5,70406.0,2026-04-29,188535625,2788,Premier Securities Company Ltd.,KALASH STOCK MARKET PVT. LTD.,2026-04-29 13:09:25.892717,Ankhu Khola Jalvidhyut Company Ltd
2026042904005661,AKJCL,32,49,120,374.5,44940.0,2026-04-29,188535627,2788,Premier Securities Company Ltd.,Online Securities Pvt. Ltd.,2026-04-29 13:09:25.893638,Ankhu Khola Jalvidhyut Company Ltd
2026042904005662,AKJCL,32,4,1000,374.5,374500.0,2026-04-29,188535629,2788,Premier Securities Company Ltd.,Opal Securities Investment (PVT) Ltd.,2026-04-29 13:09:25.894335,Ankhu Khola Jalvidhyut Company Ltd
2026042904005663,AKJCL,32,17,63,375.0,23625.0,2026-04-29,188535631,2788,Premier Securities Company Ltd.,ABC Securities Private Limited,2026-04-29 13:09:25.894944,Ankhu Khola Jalvidhyut Company Ltd
2026042904005664,AKJCL,32,94,1000,375.0,375000.0,2026-04-29,188535633,2788,Premier Securities Company Ltd.,K.B.L. Securities Limited ,2026-04-29 13:09:25.895552,Ankhu Khola Jalvidhyut Company Ltd
2026042904005665,AKJCL,32,32,1000,375.0,375000.0,2026-04-29,188535636,2788,Premier Securities Company Ltd.,Premier Securities Company Ltd.,2026-04-29 13:09:25.896119,Ankhu Khola Jalvidhyut Company Ltd
2026042904005679,AKJCL,32,32,1000,375.0,375000.0,2026-04-29,188536025,2788,Premier Securities Company Ltd.,Premier Securities Company Ltd.,2026-04-29 13:10:11.951721,Ankhu Khola Jalvidhyut Company Ltd
2026042904005680,AKJCL,32,72,1000,375.0,375000.0,2026-04-29,188536028,2788,Premier Securities Company Ltd.,Hatemalo Financial Services Private Limited,2026-04-29 13:10:11.952133,Ankhu Khola Jalvidhyut Company Ltd
2026042904005684,AKJCL,69,72,100,375.0,37500.0,2026-04-29,188536092,2788,INDEX SECURITIES LIMITED,Hatemalo Financial Services Private Limited,2026-04-29 13:10:23.458908,Ankhu Khola Jalvidhyut Company Ltd
2026042904005696,AKJCL,32,45,1000,373.6,373600.0,2026-04-29,188536204,2788,Premier Securities Company Ltd.,Imperial Securities Company Pvt. Ltd.,2026-04-29 13:10:40.396365,Ankhu Khola Jalvidhyut Company Ltd
2026042904005697,AKJCL,32,45,1000,373.6,373600.0,2026-04-29,188536205,2788,Premier Securities Company Ltd.,Imperial Securities Company Pvt. Ltd.,2026-04-29 13:10:40.396816,Ankhu Khola Jalvidhyut Company Ltd
2026042904005764,AKJCL,32,48,1000,373.8,373800.0,2026-04-29,188537575,2788,Premier Securities Company Ltd.,Trishakti Securities Public Limited,2026-04-29 13:13:02.884582,Ankhu Khola Jalvidhyut Company Ltd
2026042904005791,AKJCL,42,62,100,374.0,37400.0,2026-04-29,188538396,2788,Sani Securities Company Ltd.,Capital Max Securities Ltd,2026-04-29 13:14:12.475114,Ankhu Khola Jalvidhyut Company Ltd
2026042904005792,AKJCL,66,62,1335,373.9,499156.5,2026-04-29,188538398,2788,Miyo Securities Pvt Ltd,Capital Max Securities Ltd,2026-04-29 13:14:12.475179,Ankhu Khola Jalvidhyut Company Ltd
2026042904005793,AKJCL,32,62,1000,373.8,373800.0,2026-04-29,188538400,2788,Premier Securities Company Ltd.,Capital Max Securities Ltd,2026-04-29 13:14:12.475208,Ankhu Khola Jalvidhyut Company Ltd
2026042904005794,AKJCL,40,62,200,373.8,74760.0,2026-04-29,188538402,2788,Creative Securities Pvt Ltd,Capital Max Securities Ltd,2026-04-29 13:14:12.475233,Ankhu Khola Jalvidhyut Company Ltd
2026042904005795,AKJCL,53,62,20,373.7,7474.0,2026-04-29,188538404,2788,Investment Management Nepal Pvt. Ltd.,Capital Max Securities Ltd,2026-04-29 13:14:12.475259,Ankhu Khola Jalvidhyut Company Ltd
2026042904005796,AKJCL,40,62,100,373.6,37360.0,2026-04-29,188538406,2788,Creative Securities Pvt Ltd,Capital Max Securities Ltd,2026-04-29 13:14:12.475283,Ankhu Khola Jalvidhyut Company Ltd
2026042904005797,AKJCL,63,62,1000,373.6,373600.0,2026-04-29,188538408,2788,Himalayan Brokerage Company Limited,Capital Max Securities Ltd,2026-04-29 13:14:12.475309,Ankhu Khola Jalvidhyut Company Ltd
2026042904005798,AKJCL,40,62,200,373.6,74720.0,2026-04-29,188538410,2788,Creative Securities Pvt Ltd,Capital Max Securities Ltd,2026-04-29 13:14:12.475343,Ankhu Khola Jalvidhyut Company Ltd
2026042904005799,AKJCL,40,62,200,373.6,74720.0,2026-04-29,188538412,2788,Creative Securities Pvt Ltd,Capital Max Securities Ltd,2026-04-29 13:14:12.475373,Ankhu Khola Jalvidhyut Company Ltd
2026042904005800,AKJCL,40,62,100,373.6,37360.0,2026-04-29,188538414,2788,Creative Securities Pvt Ltd,Capital Max Securities Ltd,2026-04-29 13:14:12.475394,Ankhu Khola Jalvidhyut Company Ltd
2026042904005801,AKJCL,32,62,607,373.5,226714.5,2026-04-29,188538416,2788,Premier Securities Company Ltd.,Capital Max Securities Ltd,2026-04-29 13:14:12.475418,Ankhu Khola Jalvidhyut Company Ltd
2026042904005802,AKJCL,68,62,138,373.5,51543.0,2026-04-29,188538417,2788,Elite Stock House Limited,Capital Max Securities Ltd,2026-04-29 13:14:12.475444,Ankhu Khola Jalvidhyut Company Ltd
2026042904005817,AKJCL,32,17,2000,373.6,747200.0,2026-04-29,188538730,2788,Premier Securities Company Ltd.,ABC Securities Private Limited,2026-04-29 13:14:37.184571,Ankhu Khola Jalvidhyut Company Ltd
2026042904005818,AKJCL,68,17,362,373.5,135207.0,2026-04-29,188538732,2788,Elite Stock House Limited,ABC Securities Private Limited,2026-04-29 13:14:37.185055,Ankhu Khola Jalvidhyut Company Ltd
2026042904005819,AKJCL,41,17,137,373.5,51169.5,2026-04-29,188538734,2788,Linch Stock Market Ltd.,ABC Securities Private Limited,2026-04-29 13:14:37.185232,Ankhu Khola Jalvidhyut Company Ltd
2026042904005820,AKJCL,44,17,30,373.3,11199.0,2026-04-29,188538736,2788,Dynamic Money Managers Securities Pvt. Ltd.,ABC Securities Private Limited,2026-04-29 13:14:37.185418,Ankhu Khola Jalvidhyut Company Ltd
2026042904005821,AKJCL,28,17,200,373.3,74660.0,2026-04-29,188538738,2788,Shree Krishna Securities Ltd.,ABC Securities Private Limited,2026-04-29 13:14:37.185612,Ankhu Khola Jalvidhyut Company Ltd
2026042904005822,AKJCL,49,17,10,373.3,3733.0,2026-04-29,188538740,2788,Online Securities Pvt. Ltd.,ABC Securities Private Limited,2026-04-29 13:14:37.185800,Ankhu Khola Jalvidhyut Company Ltd
2026042904005823,AKJCL,59,17,100,373.3,37330.0,2026-04-29,188538742,2788,Deevyaa Securities & Stock House Pvt. Ltd,ABC Securities Private Limited,2026-04-29 13:14:37.185968,Ankhu Khola Jalvidhyut Company Ltd
2026042904005824,AKJCL,43,17,905,373.2,337746.0,2026-04-29,188538744,2788,South Asian Bulls Pvt. Ltd.,ABC Securities Private Limited,2026-04-29 13:14:37.186172,Ankhu Khola Jalvidhyut Company Ltd
2026042904005825,AKJCL,66,17,100,373.1,37310.0,2026-04-29,188538746,2788,Miyo Securities Pvt Ltd,ABC Securities Private Limited,2026-04-29 13:14:37.186351,Ankhu Khola Jalvidhyut Company Ltd
2026042904005826,AKJCL,74,17,100,373.1,37310.0,2026-04-29,188538748,2788,KALASH STOCK MARKET PVT. LTD.,ABC Securities Private Limited,2026-04-29 13:14:37.186550,Ankhu Khola Jalvidhyut Company Ltd
2026042904005827,AKJCL,42,17,56,373.1,20893.6,2026-04-29,188538749,2788,Sani Securities Company Ltd.,ABC Securities Private Limited,2026-04-29 13:14:37.186767,Ankhu Khola Jalvidhyut Company Ltd
2026042904005861,AKJCL,65,58,10,373.3,3733.0,2026-04-29,188539257,2788,Sharepro Securities Private Limited,Naasa Securities Co. Ltd.,2026-04-29 13:15:30.172109,Ankhu Khola Jalvidhyut Company Ltd
2026042904005924,AKJCL,32,58,50,373.6,18680.0,2026-04-29,188540423,2788,Premier Securities Company Ltd.,Naasa Securities Co. Ltd.,2026-04-29 13:18:02.436537,Ankhu Khola Jalvidhyut Company Ltd
2026042904006068,AKJCL,43,72,400,375.0,150000.0,2026-04-29,188543549,2788,South Asian Bulls Pvt. Ltd.,Hatemalo Financial Services Private Limited,2026-04-29 13:23:11.511139,Ankhu Khola Jalvidhyut Company Ltd
2026042904006069,AKJCL,43,36,250,375.0,93750.0,2026-04-29,188543552,2788,South Asian Bulls Pvt. Ltd.,Secured Securities Ltd.,2026-04-29 13:23:11.512164,Ankhu Khola Jalvidhyut Company Ltd
2026042904006076,AKJCL,58,81,999,374.1,373725.9,2026-04-29,188543635,2788,Naasa Securities Co. Ltd.,Aakashbhairab Securities Ltd.,2026-04-29 13:23:16.377466,Ankhu Khola Jalvidhyut Company Ltd
2026042904006083,AKJCL,43,56,350,375.8,131530.0,2026-04-29,188543780,2788,South Asian Bulls Pvt. Ltd.,Sri Hari Securities Pvt. Ltd.,2026-04-29 13:23:39.468202,Ankhu Khola Jalvidhyut Company Ltd
2026042904006210,AKJCL,43,58,11,375.7,4132.7,2026-04-29,188545096,2788,South Asian Bulls Pvt. Ltd.,Naasa Securities Co. Ltd.,2026-04-29 13:25:49.996364,Ankhu Khola Jalvidhyut Company Ltd
2026042904006211,AKJCL,19,58,800,374.0,299200.0,2026-04-29,188545098,2788,Nepal Investment And Securities Trading Private Limited,Naasa Securities Co. Ltd.,2026-04-29 13:25:49.996417,Ankhu Khola Jalvidhyut Company Ltd
2026042904006212,AKJCL,32,58,289,374.0,108086.0,2026-04-29,188545099,2788,Premier Securities Company Ltd.,Naasa Securities Co. Ltd.,2026-04-29 13:25:49.996441,Ankhu Khola Jalvidhyut Company Ltd
2026042904006252,AKJCL,82,56,10,375.8,3758.0,2026-04-29,188545840,2788,N.M.B. SECURITIES LIMITED,Sri Hari Securities Pvt. Ltd.,2026-04-29 13:26:59.729754,Ankhu Khola Jalvidhyut Company Ltd
2026042904006489,AKJCL,16,36,300,374.1,112230.0,2026-04-29,188549053,2788,Primo Securities (PVT) Ltd.,Secured Securities Ltd.,2026-04-29 13:32:05.990205,Ankhu Khola Jalvidhyut Company Ltd
2026042904006618,AKJCL,16,19,700,374.1,261870.0,2026-04-29,188550796,2788,Primo Securities (PVT) Ltd.,Nepal Investment And Securities Trading Private Limited,2026-04-29 13:35:24.914549,Ankhu Khola Jalvidhyut Company Ltd
2026042904006619,AKJCL,58,19,800,374.1,299280.0,2026-04-29,188550798,2788,Naasa Securities Co. Ltd.,Nepal Investment And Securities Trading Private Limited,2026-04-29 13:35:24.915000,Ankhu Khola Jalvidhyut Company Ltd
2026042904006620,AKJCL,32,19,161,374.0,60214.0,2026-04-29,188550800,2788,Premier Securities Company Ltd.,Nepal Investment And Securities Trading Private Limited,2026-04-29 13:35:24.915190,Ankhu Khola Jalvidhyut Company Ltd
2026042904006621,AKJCL,38,19,20,374.0,7480.0,2026-04-29,188550802,2788,Dipshikha Dhitopatra Karobar Co. Pvt Ltd.,Nepal Investment And Securities Trading Private Limited,2026-04-29 13:35:24.915413,Ankhu Khola Jalvidhyut Company Ltd
2026042904006622,AKJCL,40,19,100,374.0,37400.0,2026-04-29,188550804,2788,Creative Securities Pvt Ltd,Nepal Investment And Securities Trading Private Limited,2026-04-29 13:35:24.915614,Ankhu Khola Jalvidhyut Company Ltd
2026042904006623,AKJCL,40,19,100,374.0,37400.0,2026-04-29,188550806,2788,Creative Securities Pvt Ltd,Nepal Investment And Securities Trading Private Limited,2026-04-29 13:35:24.915796,Ankhu Khola Jalvidhyut Company Ltd
2026042904006624,AKJCL,58,19,56,374.0,20944.0,2026-04-29,188550808,2788,Naasa Securities Co. Ltd.,Nepal Investment And Securities Trading Private Limited,2026-04-29 13:35:24.915974,Ankhu Khola Jalvidhyut Company Ltd
2026042904006640,AKJCL,16,19,133,374.0,49742.0,2026-04-29,188550990,2788,Primo Securities (PVT) Ltd.,Nepal Investment And Securities Trading Private Limited,2026-04-29 13:35:43.345781,Ankhu Khola Jalvidhyut Company Ltd
2026042904006642,AKJCL,32,42,2000,373.6,747200.0,2026-04-29,188551001,2788,Premier Securities Company Ltd.,Sani Securities Company Ltd.,2026-04-29 13:35:44.565298,Ankhu Khola Jalvidhyut Company Ltd
2026042904006690,AKJCL,32,19,1950,374.0,729300.0,2026-04-29,188552098,2788,Premier Securities Company Ltd.,Nepal Investment And Securities Trading Private Limited,2026-04-29 13:38:17.964629,Ankhu Khola Jalvidhyut Company Ltd
2026042904006694,AKJCL,32,19,500,374.0,187000.0,2026-04-29,188552230,2788,Premier Securities Company Ltd.,Nepal Investment And Securities Trading Private Limited,2026-04-29 13:38:38.022463,Ankhu Khola Jalvidhyut Company Ltd
2026042904006717,AKJCL,40,17,100,373.6,37360.0,2026-04-29,188552672,2788,Creative Securities Pvt Ltd,ABC Securities Private Limited,2026-04-29 13:39:36.093969,Ankhu Khola Jalvidhyut Company Ltd
2026042904006718,AKJCL,13,17,100,373.6,37360.0,2026-04-29,188552673,2788,Thrive Brokerage House Pvt. Ltd,ABC Securities Private Limited,2026-04-29 13:39:36.094417,Ankhu Khola Jalvidhyut Company Ltd
2026042904006724,AKJCL,58,19,11,374.0,4114.0,2026-04-29,188552724,2788,Naasa Securities Co. Ltd.,Nepal Investment And Securities Trading Private Limited,2026-04-29 13:39:40.324660,Ankhu Khola Jalvidhyut Company Ltd
2026042904006739,AKJCL,58,19,118,374.0,44132.0,2026-04-29,188553084,2788,Naasa Securities Co. Ltd.,Nepal Investment And Securities Trading Private Limited,2026-04-29 13:40:22.995595,Ankhu Khola Jalvidhyut Company Ltd
2026042904006745,AKJCL,38,19,20,374.0,7480.0,2026-04-29,188553214,2788,Dipshikha Dhitopatra Karobar Co. Pvt Ltd.,Nepal Investment And Securities Trading Private Limited,2026-04-29 13:40:38.595343,Ankhu Khola Jalvidhyut Company Ltd
2026042904006762,AKJCL,35,19,331,373.6,123661.6,2026-04-29,188553525,2788,Kohinoor Investment & Securities Pvt. Ltd.,Nepal Investment And Securities Trading Private Limited,2026-04-29 13:41:21.351345,Ankhu Khola Jalvidhyut Company Ltd
2026042904006788,AKJCL,57,81,50,374.0,18700.0,2026-04-29,188553862,2788,Aryatara Investment & Securities,Aakashbhairab Securities Ltd.,2026-04-29 13:41:58.467492,Ankhu Khola Jalvidhyut Company Ltd
2026042904006797,AKJCL,22,81,200,374.0,74800.0,2026-04-29,188554018,2788,Siprabi Securities Pvt. Ltd.,Aakashbhairab Securities Ltd.,2026-04-29 13:42:21.777838,Ankhu Khola Jalvidhyut Company Ltd
2026042904006808,AKJCL,17,81,50,374.0,18700.0,2026-04-29,188554268,2788,ABC Securities Private Limited,Aakashbhairab Securities Ltd.,2026-04-29 13:42:29.422332,Ankhu Khola Jalvidhyut Company Ltd
2026042904006846,AKJCL,45,17,500,374.0,187000.0,2026-04-29,188554929,2788,Imperial Securities Company Pvt. Ltd.,ABC Securities Private Limited,2026-04-29 13:43:34.856330,Ankhu Khola Jalvidhyut Company Ltd
2026042904006908,AKJCL,82,38,500,375.0,187500.0,2026-04-29,188556722,2788,N.M.B. SECURITIES LIMITED,Dipshikha Dhitopatra Karobar Co. Pvt Ltd.,2026-04-29 13:46:34.223582,Ankhu Khola Jalvidhyut Company Ltd
2026042904006934,AKJCL,50,58,50,374.0,18700.0,2026-04-29,188556938,2788,Cristal Kanchanjanga Securites Pvt. Ltd.,Naasa Securities Co. Ltd.,2026-04-29 13:46:55.732307,Ankhu Khola Jalvidhyut Company Ltd
2026042904006935,AKJCL,37,58,340,374.0,127160.0,2026-04-29,188556940,2788,Swarna Laxmi Securities Pvt. Ltd.,Naasa Securities Co. Ltd.,2026-04-29 13:46:55.733100,Ankhu Khola Jalvidhyut Company Ltd
2026042904006936,AKJCL,17,58,500,374.0,187000.0,2026-04-29,188556942,2788,ABC Securities Private Limited,Naasa Securities Co. Ltd.,2026-04-29 13:46:55.733678,Ankhu Khola Jalvidhyut Company Ltd
2026042904006939,AKJCL,82,58,500,374.0,187000.0,2026-04-29,188557034,2788,N.M.B. SECURITIES LIMITED,Naasa Securities Co. Ltd.,2026-04-29 13:47:03.816636,Ankhu Khola Jalvidhyut Company Ltd
2026042904006947,AKJCL,28,58,60,374.0,22440.0,2026-04-29,188557130,2788,Shree Krishna Securities Ltd.,Naasa Securities Co. Ltd.,2026-04-29 13:47:19.756650,Ankhu Khola Jalvidhyut Company Ltd
2026042904006962,AKJCL,35,19,1169,373.6,436738.4,2026-04-29,188557360,2788,Kohinoor Investment & Securities Pvt. Ltd.,Nepal Investment And Securities Trading Private Limited,2026-04-29 13:47:50.601643,Ankhu Khola Jalvidhyut Company Ltd
2026042904006963,AKJCL,40,19,200,373.6,74720.0,2026-04-29,188557362,2788,Creative Securities Pvt Ltd,Nepal Investment And Securities Trading Private Limited,2026-04-29 13:47:50.602088,Ankhu Khola Jalvidhyut Company Ltd
2026042904006964,AKJCL,40,19,100,373.6,37360.0,2026-04-29,188557364,2788,Creative Securities Pvt Ltd,Nepal Investment And Securities Trading Private Limited,2026-04-29 13:47:50.602272,Ankhu Khola Jalvidhyut Company Ltd
2026042904006965,AKJCL,40,19,200,373.6,74720.0,2026-04-29,188557366,2788,Creative Securities Pvt Ltd,Nepal Investment And Securities Trading Private Limited,2026-04-29 13:47:50.602465,Ankhu Khola Jalvidhyut Company Ltd
2026042904006966,AKJCL,38,19,60,373.6,22416.0,2026-04-29,188557368,2788,Dipshikha Dhitopatra Karobar Co. Pvt Ltd.,Nepal Investment And Securities Trading Private Limited,2026-04-29 13:47:50.602649,Ankhu Khola Jalvidhyut Company Ltd
2026042904006967,AKJCL,71,19,1000,373.5,373500.0,2026-04-29,188557370,2788,SHUBHAKAMANA SECURITIES PVT. LTD,Nepal Investment And Securities Trading Private Limited,2026-04-29 13:47:50.602829,Ankhu Khola Jalvidhyut Company Ltd
2026042904006968,AKJCL,34,19,10,373.5,3735.0,2026-04-29,188557372,2788,Vision Securities Pvt. Ltd,Nepal Investment And Securities Trading Private Limited,2026-04-29 13:47:50.603004,Ankhu Khola Jalvidhyut Company Ltd
2026042904006969,AKJCL,16,19,1000,373.4,373400.0,2026-04-29,188557374,2788,Primo Securities (PVT) Ltd.,Nepal Investment And Securities Trading Private Limited,2026-04-29 13:47:50.603186,Ankhu Khola Jalvidhyut Company Ltd
2026042904006970,AKJCL,65,19,1990,373.3,742867.0,2026-04-29,188557376,2788,Sharepro Securities Private Limited,Nepal Investment And Securities Trading Private Limited,2026-04-29 13:47:50.603370,Ankhu Khola Jalvidhyut Company Ltd
2026042904006971,AKJCL,42,19,44,373.1,16416.4,2026-04-29,188557378,2788,Sani Securities Company Ltd.,Nepal Investment And Securities Trading Private Limited,2026-04-29 13:47:50.603548,Ankhu Khola Jalvidhyut Company Ltd
2026042904006972,AKJCL,10,19,200,373.1,74620.0,2026-04-29,188557380,2788,Pragyan Securities (PVT) Ltd.,Nepal Investment And Securities Trading Private Limited,2026-04-29 13:47:50.603732,Ankhu Khola Jalvidhyut Company Ltd
2026042904006973,AKJCL,20,19,40,373.0,14920.0,2026-04-29,188557382,2788,Sipla Securities Private Limited,Nepal Investment And Securities Trading Private Limited,2026-04-29 13:47:50.603909,Ankhu Khola Jalvidhyut Company Ltd
2026042904006974,AKJCL,58,19,500,373.0,186500.0,2026-04-29,188557384,2788,Naasa Securities Co. Ltd.,Nepal Investment And Securities Trading Private Limited,2026-04-29 13:47:50.604099,Ankhu Khola Jalvidhyut Company Ltd
2026042904006975,AKJCL,42,19,500,373.0,186500.0,2026-04-29,188557386,2788,Sani Securities Company Ltd.,Nepal Investment And Securities Trading Private Limited,2026-04-29 13:47:50.604273,Ankhu Khola Jalvidhyut Company Ltd
2026042904006976,AKJCL,66,19,100,373.0,37300.0,2026-04-29,188557388,2788,Miyo Securities Pvt Ltd,Nepal Investment And Securities Trading Private Limited,2026-04-29 13:47:50.604459,Ankhu Khola Jalvidhyut Company Ltd
2026042904006977,AKJCL,47,19,20,373.0,7460.0,2026-04-29,188557390,2788,Neev Securities Pvt. Ltd.,Nepal Investment And Securities Trading Private Limited,2026-04-29 13:47:50.604632,Ankhu Khola Jalvidhyut Company Ltd
2026042904006978,AKJCL,47,19,50,373.0,18650.0,2026-04-29,188557392,2788,Neev Securities Pvt. Ltd.,Nepal Investment And Securities Trading Private Limited,2026-04-29 13:47:50.604801,Ankhu Khola Jalvidhyut Company Ltd
2026042904006979,AKJCL,56,19,317,373.0,118241.0,2026-04-29,188557393,2788,Sri Hari Securities Pvt. Ltd.,Nepal Investment And Securities Trading Private Limited,2026-04-29 13:47:50.604978,Ankhu Khola Jalvidhyut Company Ltd
2026042904006989,AKJCL,58,62,230,374.0,86020.0,2026-04-29,188557616,2788,Naasa Securities Co. Ltd.,Capital Max Securities Ltd,2026-04-29 13:48:18.582893,Ankhu Khola Jalvidhyut Company Ltd
2026042904007038,AKJCL,56,38,783,373.0,292059.0,2026-04-29,188558290,2788,Sri Hari Securities Pvt. Ltd.,Dipshikha Dhitopatra Karobar Co. Pvt Ltd.,2026-04-29 13:49:33.199970,Ankhu Khola Jalvidhyut Company Ltd
2026042904007039,AKJCL,86,38,100,373.0,37300.0,2026-04-29,188558292,2788,Stoxkarts Securities Limited,Dipshikha Dhitopatra Karobar Co. Pvt Ltd.,2026-04-29 13:49:33.200433,Ankhu Khola Jalvidhyut Company Ltd
2026042904007040,AKJCL,16,38,200,373.0,74600.0,2026-04-29,188558294,2788,Primo Securities (PVT) Ltd.,Dipshikha Dhitopatra Karobar Co. Pvt Ltd.,2026-04-29 13:49:33.200618,Ankhu Khola Jalvidhyut Company Ltd
2026042904007041,AKJCL,71,38,680,373.0,253640.0,2026-04-29,188558296,2788,SHUBHAKAMANA SECURITIES PVT. LTD,Dipshikha Dhitopatra Karobar Co. Pvt Ltd.,2026-04-29 13:49:33.200792,Ankhu Khola Jalvidhyut Company Ltd
2026042904007042,AKJCL,70,38,875,373.0,326375.0,2026-04-29,188558298,2788,Infinity Securities Limited,Dipshikha Dhitopatra Karobar Co. Pvt Ltd.,2026-04-29 13:49:33.200984,Ankhu Khola Jalvidhyut Company Ltd
2026042904007043,AKJCL,69,38,400,373.0,149200.0,2026-04-29,188558300,2788,INDEX SECURITIES LIMITED,Dipshikha Dhitopatra Karobar Co. Pvt Ltd.,2026-04-29 13:49:33.201210,Ankhu Khola Jalvidhyut Company Ltd
2026042904007044,AKJCL,58,38,120,373.0,44760.0,2026-04-29,188558302,2788,Naasa Securities Co. Ltd.,Dipshikha Dhitopatra Karobar Co. Pvt Ltd.,2026-04-29 13:49:33.201444,Ankhu Khola Jalvidhyut Company Ltd
2026042904007045,AKJCL,58,38,31,373.0,11563.0,2026-04-29,188558304,2788,Naasa Securities Co. Ltd.,Dipshikha Dhitopatra Karobar Co. Pvt Ltd.,2026-04-29 13:49:33.201674,Ankhu Khola Jalvidhyut Company Ltd
2026042904007046,AKJCL,71,38,100,373.0,37300.0,2026-04-29,188558306,2788,SHUBHAKAMANA SECURITIES PVT. LTD,Dipshikha Dhitopatra Karobar Co. Pvt Ltd.,2026-04-29 13:49:33.201875,Ankhu Khola Jalvidhyut Company Ltd
2026042904007047,AKJCL,11,38,100,373.0,37300.0,2026-04-29,188558308,2788,Malla & Malla Stock Broking Company Pvt. Limited,Dipshikha Dhitopatra Karobar Co. Pvt Ltd.,2026-04-29 13:49:33.202114,Ankhu Khola Jalvidhyut Company Ltd
2026042904007048,AKJCL,4,38,12,373.0,4476.0,2026-04-29,188558310,2788,Opal Securities Investment (PVT) Ltd.,Dipshikha Dhitopatra Karobar Co. Pvt Ltd.,2026-04-29 13:49:33.202349,Ankhu Khola Jalvidhyut Company Ltd
2026042904007049,AKJCL,34,38,500,373.0,186500.0,2026-04-29,188558312,2788,Vision Securities Pvt. Ltd,Dipshikha Dhitopatra Karobar Co. Pvt Ltd.,2026-04-29 13:49:33.202563,Ankhu Khola Jalvidhyut Company Ltd
2026042904007050,AKJCL,68,38,100,373.0,37300.0,2026-04-29,188558314,2788,Elite Stock House Limited,Dipshikha Dhitopatra Karobar Co. Pvt Ltd.,2026-04-29 13:49:33.202770,Ankhu Khola Jalvidhyut Company Ltd
2026042904007051,AKJCL,64,38,999,373.0,372627.0,2026-04-29,188558315,2788,SUN SECURITIES PVT LTD,Dipshikha Dhitopatra Karobar Co. Pvt Ltd.,2026-04-29 13:49:33.202966,Ankhu Khola Jalvidhyut Company Ltd
2026042904007062,AKJCL,64,58,1001,373.0,373373.0,2026-04-29,188558496,2788,SUN SECURITIES PVT LTD,Naasa Securities Co. Ltd.,2026-04-29 13:49:49.589196,Ankhu Khola Jalvidhyut Company Ltd
2026042904007063,AKJCL,74,58,200,373.0,74600.0,2026-04-29,188558498,2788,KALASH STOCK MARKET PVT. LTD.,Naasa Securities Co. Ltd.,2026-04-29 13:49:49.589922,Ankhu Khola Jalvidhyut Company Ltd
2026042904007064,AKJCL,28,58,300,372.8,111840.0,2026-04-29,188558500,2788,Shree Krishna Securities Ltd.,Naasa Securities Co. Ltd.,2026-04-29 13:49:49.590443,Ankhu Khola Jalvidhyut Company Ltd
2026042904007065,AKJCL,80,58,49,372.8,18267.2,2026-04-29,188558501,2788,Indira securities pvt. ltd,Naasa Securities Co. Ltd.,2026-04-29 13:49:49.590933,Ankhu Khola Jalvidhyut Company Ltd
2026042904007073,AKJCL,80,19,451,372.8,168132.8,2026-04-29,188558668,2788,Indira securities pvt. ltd,Nepal Investment And Securities Trading Private Limited,2026-04-29 13:50:08.170106,Ankhu Khola Jalvidhyut Company Ltd
2026042904007074,AKJCL,68,19,500,372.8,186400.0,2026-04-29,188558670,2788,Elite Stock House Limited,Nepal Investment And Securities Trading Private Limited,2026-04-29 13:50:08.170508,Ankhu Khola Jalvidhyut Company Ltd
2026042904007075,AKJCL,67,19,3000,372.7,1118100.0,2026-04-29,188558672,2788,Property Wiard Limited,Nepal Investment And Securities Trading Private Limited,2026-04-29 13:50:08.170685,Ankhu Khola Jalvidhyut Company Ltd
2026042904007076,AKJCL,35,19,534,372.5,198915.0,2026-04-29,188558674,2788,Kohinoor Investment & Securities Pvt. Ltd.,Nepal Investment And Securities Trading Private Limited,2026-04-29 13:50:08.170851,Ankhu Khola Jalvidhyut Company Ltd
2026042904007077,AKJCL,71,19,1000,372.5,372500.0,2026-04-29,188558676,2788,SHUBHAKAMANA SECURITIES PVT. LTD,Nepal Investment And Securities Trading Private Limited,2026-04-29 13:50:08.171020,Ankhu Khola Jalvidhyut Company Ltd
2026042904007078,AKJCL,16,19,1000,372.4,372400.0,2026-04-29,188558678,2788,Primo Securities (PVT) Ltd.,Nepal Investment And Securities Trading Private Limited,2026-04-29 13:50:08.171190,Ankhu Khola Jalvidhyut Company Ltd
2026042904007079,AKJCL,71,19,515,372.2,191683.0,2026-04-29,188558679,2788,SHUBHAKAMANA SECURITIES PVT. LTD,Nepal Investment And Securities Trading Private Limited,2026-04-29 13:50:08.171365,Ankhu Khola Jalvidhyut Company Ltd
2026042904007082,AKJCL,71,19,485,372.2,180517.0,2026-04-29,188558776,2788,SHUBHAKAMANA SECURITIES PVT. LTD,Nepal Investment And Securities Trading Private Limited,2026-04-29 13:50:18.425506,Ankhu Khola Jalvidhyut Company Ltd
2026042904007083,AKJCL,91,19,35,372.0,13020.0,2026-04-29,188558778,2788,Citizens Share Broker Limited,Nepal Investment And Securities Trading Private Limited,2026-04-29 13:50:18.426288,Ankhu Khola Jalvidhyut Company Ltd
2026042904007084,AKJCL,37,19,2000,372.0,744000.0,2026-04-29,188558780,2788,Swarna Laxmi Securities Pvt. Ltd.,Nepal Investment And Securities Trading Private Limited,2026-04-29 13:50:18.426815,Ankhu Khola Jalvidhyut Company Ltd
2026042904007085,AKJCL,6,19,2000,372.0,744000.0,2026-04-29,188558782,2788,Agrawal Securities (PVT) Ltd.,Nepal Investment And Securities Trading Private Limited,2026-04-29 13:50:18.427356,Ankhu Khola Jalvidhyut Company Ltd
2026042904007086,AKJCL,34,19,50,372.0,18600.0,2026-04-29,188558784,2788,Vision Securities Pvt. Ltd,Nepal Investment And Securities Trading Private Limited,2026-04-29 13:50:18.427854,Ankhu Khola Jalvidhyut Company Ltd
2026042904007087,AKJCL,57,19,430,372.0,159960.0,2026-04-29,188558785,2788,Aryatara Investment & Securities,Nepal Investment And Securities Trading Private Limited,2026-04-29 13:50:18.428371,Ankhu Khola Jalvidhyut Company Ltd
2026042904007158,AKJCL,58,38,10,372.1,3721.0,2026-04-29,188559772,2788,Naasa Securities Co. Ltd.,Dipshikha Dhitopatra Karobar Co. Pvt Ltd.,2026-04-29 13:52:04.985978,Ankhu Khola Jalvidhyut Company Ltd
2026042904007159,AKJCL,57,38,570,372.0,212040.0,2026-04-29,188559774,2788,Aryatara Investment & Securities,Dipshikha Dhitopatra Karobar Co. Pvt Ltd.,2026-04-29 13:52:04.986414,Ankhu Khola Jalvidhyut Company Ltd
2026042904007160,AKJCL,101,38,150,372.0,55800.0,2026-04-29,188559776,2788,APPLE SECURITIES PRIVATE LIMITED,Dipshikha Dhitopatra Karobar Co. Pvt Ltd.,2026-04-29 13:52:04.986584,Ankhu Khola Jalvidhyut Company Ltd
2026042904007161,AKJCL,14,38,60,372.0,22320.0,2026-04-29,188559778,2788,Nepal Stock House (PVT) Ltd.,Dipshikha Dhitopatra Karobar Co. Pvt Ltd.,2026-04-29 13:52:04.986747,Ankhu Khola Jalvidhyut Company Ltd
2026042904007162,AKJCL,57,38,210,372.0,78120.0,2026-04-29,188559779,2788,Aryatara Investment & Securities,Dipshikha Dhitopatra Karobar Co. Pvt Ltd.,2026-04-29 13:52:04.986912,Ankhu Khola Jalvidhyut Company Ltd
2026042904007197,AKJCL,57,56,140,372.0,52080.0,2026-04-29,188560181,2788,Aryatara Investment & Securities,Sri Hari Securities Pvt. Ltd.,2026-04-29 13:52:40.416749,Ankhu Khola Jalvidhyut Company Ltd
2026042904007200,AKJCL,57,38,150,372.0,55800.0,2026-04-29,188560260,2788,Aryatara Investment & Securities,Dipshikha Dhitopatra Karobar Co. Pvt Ltd.,2026-04-29 13:52:50.264699,Ankhu Khola Jalvidhyut Company Ltd
2026042904007201,AKJCL,64,38,500,372.0,186000.0,2026-04-29,188560262,2788,SUN SECURITIES PVT LTD,Dipshikha Dhitopatra Karobar Co. Pvt Ltd.,2026-04-29 13:52:50.265140,Ankhu Khola Jalvidhyut Company Ltd
2026042904007202,AKJCL,41,38,350,372.0,130200.0,2026-04-29,188560263,2788,Linch Stock Market Ltd.,Dipshikha Dhitopatra Karobar Co. Pvt Ltd.,2026-04-29 13:52:50.265323,Ankhu Khola Jalvidhyut Company Ltd
2026042904007211,AKJCL,42,17,30,373.0,11190.0,2026-04-29,188560296,2788,Sani Securities Company Ltd.,ABC Securities Private Limited,2026-04-29 13:52:53.211101,Ankhu Khola Jalvidhyut Company Ltd
2026042904007250,AKJCL,47,17,100,373.0,37300.0,2026-04-29,188560662,2788,Neev Securities Pvt. Ltd.,ABC Securities Private Limited,2026-04-29 13:53:12.543741,Ankhu Khola Jalvidhyut Company Ltd
2026042904007288,AKJCL,39,81,500,372.0,186000.0,2026-04-29,188561260,2788,Sumeru Securities Pvt. Ltd.,Aakashbhairab Securities Ltd.,2026-04-29 13:54:09.846507,Ankhu Khola Jalvidhyut Company Ltd
2026042904007289,AKJCL,53,81,500,372.0,186000.0,2026-04-29,188561262,2788,Investment Management Nepal Pvt. Ltd.,Aakashbhairab Securities Ltd.,2026-04-29 13:54:09.847244,Ankhu Khola Jalvidhyut Company Ltd
2026042904007290,AKJCL,44,81,1100,371.9,409090.0,2026-04-29,188561263,2788,Dynamic Money Managers Securities Pvt. Ltd.,Aakashbhairab Securities Ltd.,2026-04-29 13:54:09.847765,Ankhu Khola Jalvidhyut Company Ltd
2026042904007300,AKJCL,34,58,100,371.6,37160.0,2026-04-29,188561368,2788,Vision Securities Pvt. Ltd,Naasa Securities Co. Ltd.,2026-04-29 13:54:20.889386,Ankhu Khola Jalvidhyut Company Ltd
2026042904007301,AKJCL,68,58,500,371.6,185800.0,2026-04-29,188561370,2788,Elite Stock House Limited,Naasa Securities Co. Ltd.,2026-04-29 13:54:20.889832,Ankhu Khola Jalvidhyut Company Ltd
2026042904007302,AKJCL,42,58,300,371.0,111300.0,2026-04-29,188561372,2788,Sani Securities Company Ltd.,Naasa Securities Co. Ltd.,2026-04-29 13:54:20.890004,Ankhu Khola Jalvidhyut Company Ltd
2026042904007303,AKJCL,58,58,200,371.0,74200.0,2026-04-29,188561374,2788,Naasa Securities Co. Ltd.,Naasa Securities Co. Ltd.,2026-04-29 13:54:20.890224,Ankhu Khola Jalvidhyut Company Ltd
2026042904007304,AKJCL,58,58,20,371.0,7420.0,2026-04-29,188561376,2788,Naasa Securities Co. Ltd.,Naasa Securities Co. Ltd.,2026-04-29 13:54:20.890430,Ankhu Khola Jalvidhyut Company Ltd
2026042904007305,AKJCL,71,58,5000,371.0,1855000.0,2026-04-29,188561378,2788,SHUBHAKAMANA SECURITIES PVT. LTD,Naasa Securities Co. Ltd.,2026-04-29 13:54:20.890625,Ankhu Khola Jalvidhyut Company Ltd
2026042904007306,AKJCL,4,58,3880,371.0,1439480.0,2026-04-29,188561379,2788,Opal Securities Investment (PVT) Ltd.,Naasa Securities Co. Ltd.,2026-04-29 13:54:20.890858,Ankhu Khola Jalvidhyut Company Ltd
2026042904007484,AKJCL,16,17,135,372.0,50220.0,2026-04-29,188563539,2788,Primo Securities (PVT) Ltd.,ABC Securities Private Limited,2026-04-29 13:58:26.761164,Ankhu Khola Jalvidhyut Company Ltd
2026042904007518,AKJCL,48,28,20,371.2,7424.0,2026-04-29,188563858,2788,Trishakti Securities Public Limited,Shree Krishna Securities Ltd.,2026-04-29 13:59:02.954719,Ankhu Khola Jalvidhyut Company Ltd
2026042904007519,AKJCL,64,28,100,371.1,37110.0,2026-04-29,188563860,2788,SUN SECURITIES PVT LTD,Shree Krishna Securities Ltd.,2026-04-29 13:59:02.955477,Ankhu Khola Jalvidhyut Company Ltd
2026042904007520,AKJCL,4,28,300,371.1,111330.0,2026-04-29,188563862,2788,Opal Securities Investment (PVT) Ltd.,Shree Krishna Securities Ltd.,2026-04-29 13:59:02.955988,Ankhu Khola Jalvidhyut Company Ltd
2026042904007521,AKJCL,4,28,1080,371.0,400680.0,2026-04-29,188563863,2788,Opal Securities Investment (PVT) Ltd.,Shree Krishna Securities Ltd.,2026-04-29 13:59:02.956579,Ankhu Khola Jalvidhyut Company Ltd
2026042904007579,AKJCL,4,19,40,371.0,14840.0,2026-04-29,188564114,2788,Opal Securities Investment (PVT) Ltd.,Nepal Investment And Securities Trading Private Limited,2026-04-29 13:59:26.652015,Ankhu Khola Jalvidhyut Company Ltd
2026042904007580,AKJCL,16,19,1000,371.0,371000.0,2026-04-29,188564116,2788,Primo Securities (PVT) Ltd.,Nepal Investment And Securities Trading Private Limited,2026-04-29 13:59:26.652429,Ankhu Khola Jalvidhyut Company Ltd
2026042904007581,AKJCL,54,19,200,371.0,74200.0,2026-04-29,188564118,2788,Sewa Securities Pvt. Ltd.,Nepal Investment And Securities Trading Private Limited,2026-04-29 13:59:26.652601,Ankhu Khola Jalvidhyut Company Ltd
2026042904007582,AKJCL,47,19,1000,371.0,371000.0,2026-04-29,188564120,2788,Neev Securities Pvt. Ltd.,Nepal Investment And Securities Trading Private Limited,2026-04-29 13:59:26.652780,Ankhu Khola Jalvidhyut Company Ltd
2026042904007583,AKJCL,38,19,100,371.0,37100.0,2026-04-29,188564122,2788,Dipshikha Dhitopatra Karobar Co. Pvt Ltd.,Nepal Investment And Securities Trading Private Limited,2026-04-29 13:59:26.652994,Ankhu Khola Jalvidhyut Company Ltd
2026042904007584,AKJCL,45,19,50,371.0,18550.0,2026-04-29,188564124,2788,Imperial Securities Company Pvt. Ltd.,Nepal Investment And Securities Trading Private Limited,2026-04-29 13:59:26.653159,Ankhu Khola Jalvidhyut Company Ltd
2026042904007585,AKJCL,7,19,20,371.0,7420.0,2026-04-29,188564126,2788,J.F. Securites (PVT) Ltd.,Nepal Investment And Securities Trading Private Limited,2026-04-29 13:59:26.653330,Ankhu Khola Jalvidhyut Company Ltd
2026042904007586,AKJCL,42,19,200,371.0,74200.0,2026-04-29,188564128,2788,Sani Securities Company Ltd.,Nepal Investment And Securities Trading Private Limited,2026-04-29 13:59:26.653522,Ankhu Khola Jalvidhyut Company Ltd
2026042904007587,AKJCL,64,19,500,371.0,185500.0,2026-04-29,188564130,2788,SUN SECURITIES PVT LTD,Nepal Investment And Securities Trading Private Limited,2026-04-29 13:59:26.653697,Ankhu Khola Jalvidhyut Company Ltd
2026042904007701,AKJCL,42,64,300,371.1,111330.0,2026-04-29,188565718,2788,Sani Securities Company Ltd.,SUN SECURITIES PVT LTD,2026-04-29 14:01:52.240231,Ankhu Khola Jalvidhyut Company Ltd
2026042904007702,AKJCL,49,64,50,371.0,18550.0,2026-04-29,188565720,2788,Online Securities Pvt. Ltd.,SUN SECURITIES PVT LTD,2026-04-29 14:01:52.241114,Ankhu Khola Jalvidhyut Company Ltd
2026042904007703,AKJCL,64,64,201,371.0,74571.0,2026-04-29,188565721,2788,SUN SECURITIES PVT LTD,SUN SECURITIES PVT LTD,2026-04-29 14:01:52.241893,Ankhu Khola Jalvidhyut Company Ltd
2026042904007709,AKJCL,64,65,299,371.0,110929.0,2026-04-29,188565818,2788,SUN SECURITIES PVT LTD,Sharepro Securities Private Limited,2026-04-29 14:02:01.405253,Ankhu Khola Jalvidhyut Company Ltd
2026042904007710,AKJCL,49,65,20,371.0,7420.0,2026-04-29,188565820,2788,Online Securities Pvt. Ltd.,Sharepro Securities Private Limited,2026-04-29 14:02:01.405648,Ankhu Khola Jalvidhyut Company Ltd
2026042904007711,AKJCL,6,65,1000,371.0,371000.0,2026-04-29,188565822,2788,Agrawal Securities (PVT) Ltd.,Sharepro Securities Private Limited,2026-04-29 14:02:01.405811,Ankhu Khola Jalvidhyut Company Ltd
2026042904007712,AKJCL,49,65,500,371.0,185500.0,2026-04-29,188565824,2788,Online Securities Pvt. Ltd.,Sharepro Securities Private Limited,2026-04-29 14:02:01.405976,Ankhu Khola Jalvidhyut Company Ltd
2026042904007713,AKJCL,86,65,100,371.0,37100.0,2026-04-29,188565826,2788,Stoxkarts Securities Limited,Sharepro Securities Private Limited,2026-04-29 14:02:01.406141,Ankhu Khola Jalvidhyut Company Ltd
2026042904007722,AKJCL,32,64,40,370.8,14832.0,2026-04-29,188565972,2788,Premier Securities Company Ltd.,SUN SECURITIES PVT LTD,2026-04-29 14:02:20.514401,Ankhu Khola Jalvidhyut Company Ltd
2026042904007723,AKJCL,68,64,500,370.8,185400.0,2026-04-29,188565976,2788,Elite Stock House Limited,SUN SECURITIES PVT LTD,2026-04-29 14:02:20.515152,Ankhu Khola Jalvidhyut Company Ltd
2026042904007724,AKJCL,34,64,50,370.5,18525.0,2026-04-29,188565978,2788,Vision Securities Pvt. Ltd,SUN SECURITIES PVT LTD,2026-04-29 14:02:20.515801,Ankhu Khola Jalvidhyut Company Ltd
2026042904007725,AKJCL,64,64,1000,370.1,370100.0,2026-04-29,188565980,2788,SUN SECURITIES PVT LTD,SUN SECURITIES PVT LTD,2026-04-29 14:02:20.516348,Ankhu Khola Jalvidhyut Company Ltd
2026042904007726,AKJCL,80,64,500,370.1,185050.0,2026-04-29,188565982,2788,Indira securities pvt. ltd,SUN SECURITIES PVT LTD,2026-04-29 14:02:20.517036,Ankhu Khola Jalvidhyut Company Ltd
2026042904007727,AKJCL,59,64,100,370.1,37010.0,2026-04-29,188565984,2788,Deevyaa Securities & Stock House Pvt. Ltd,SUN SECURITIES PVT LTD,2026-04-29 14:02:20.517678,Ankhu Khola Jalvidhyut Company Ltd
2026042904007728,AKJCL,35,64,310,370.1,114731.0,2026-04-29,188565985,2788,Kohinoor Investment & Securities Pvt. Ltd.,SUN SECURITIES PVT LTD,2026-04-29 14:02:20.518243,Ankhu Khola Jalvidhyut Company Ltd
2026042904007740,AKJCL,35,96,505,370.1,186900.5,2026-04-29,188566078,2788,Kohinoor Investment & Securities Pvt. Ltd.,Himalayan Securities Limited,2026-04-29 14:02:26.579279,Ankhu Khola Jalvidhyut Company Ltd
2026042904007741,AKJCL,92,96,500,370.0,185000.0,2026-04-29,188566080,2788,Roadshow securities limited,Himalayan Securities Limited,2026-04-29 14:02:26.579996,Ankhu Khola Jalvidhyut Company Ltd
2026042904007742,AKJCL,61,96,1000,370.0,370000.0,2026-04-29,188566082,2788,BHOLE GANESH SECURITIES LTD,Himalayan Securities Limited,2026-04-29 14:02:26.580499,Ankhu Khola Jalvidhyut Company Ltd
2026042904007743,AKJCL,45,96,600,370.0,222000.0,2026-04-29,188566084,2788,Imperial Securities Company Pvt. Ltd.,Himalayan Securities Limited,2026-04-29 14:02:26.580980,Ankhu Khola Jalvidhyut Company Ltd
2026042904007744,AKJCL,45,96,1000,370.0,370000.0,2026-04-29,188566086,2788,Imperial Securities Company Pvt. Ltd.,Himalayan Securities Limited,2026-04-29 14:02:26.581475,Ankhu Khola Jalvidhyut Company Ltd
2026042904007745,AKJCL,92,96,500,370.0,185000.0,2026-04-29,188566088,2788,Roadshow securities limited,Himalayan Securities Limited,2026-04-29 14:02:26.581955,Ankhu Khola Jalvidhyut Company Ltd
2026042904007746,AKJCL,45,96,1000,370.0,370000.0,2026-04-29,188566090,2788,Imperial Securities Company Pvt. Ltd.,Himalayan Securities Limited,2026-04-29 14:02:26.582450,Ankhu Khola Jalvidhyut Company Ltd
2026042904007747,AKJCL,44,96,150,370.0,55500.0,2026-04-29,188566092,2788,Dynamic Money Managers Securities Pvt. Ltd.,Himalayan Securities Limited,2026-04-29 14:02:26.582928,Ankhu Khola Jalvidhyut Company Ltd
2026042904007748,AKJCL,74,96,500,370.0,185000.0,2026-04-29,188566094,2788,KALASH STOCK MARKET PVT. LTD.,Himalayan Securities Limited,2026-04-29 14:02:26.583412,Ankhu Khola Jalvidhyut Company Ltd
2026042904007749,AKJCL,86,96,5000,370.0,1850000.0,2026-04-29,188566096,2788,Stoxkarts Securities Limited,Himalayan Securities Limited,2026-04-29 14:02:26.583886,Ankhu Khola Jalvidhyut Company Ltd
2026042904007750,AKJCL,60,96,35,370.0,12950.0,2026-04-29,188566098,2788,Nagarik Stock Dealer ,Himalayan Securities Limited,2026-04-29 14:02:26.584366,Ankhu Khola Jalvidhyut Company Ltd
2026042904007751,AKJCL,56,96,1000,370.0,370000.0,2026-04-29,188566100,2788,Sri Hari Securities Pvt. Ltd.,Himalayan Securities Limited,2026-04-29 14:02:26.584832,Ankhu Khola Jalvidhyut Company Ltd
2026042904007752,AKJCL,8,96,250,370.0,92500.0,2026-04-29,188566102,2788,Brilliant Securities Pvt. Ltd.,Himalayan Securities Limited,2026-04-29 14:02:26.585300,Ankhu Khola Jalvidhyut Company Ltd
2026042904007753,AKJCL,48,96,500,370.0,185000.0,2026-04-29,188566104,2788,Trishakti Securities Public Limited,Himalayan Securities Limited,2026-04-29 14:02:26.585499,Ankhu Khola Jalvidhyut Company Ltd
2026042904007754,AKJCL,4,96,400,370.0,148000.0,2026-04-29,188566106,2788,Opal Securities Investment (PVT) Ltd.,Himalayan Securities Limited,2026-04-29 14:02:26.585662,Ankhu Khola Jalvidhyut Company Ltd
2026042904007755,AKJCL,16,96,50,370.0,18500.0,2026-04-29,188566108,2788,Primo Securities (PVT) Ltd.,Himalayan Securities Limited,2026-04-29 14:02:26.585816,Ankhu Khola Jalvidhyut Company Ltd
2026042904007756,AKJCL,43,96,1500,370.0,555000.0,2026-04-29,188566110,2788,South Asian Bulls Pvt. Ltd.,Himalayan Securities Limited,2026-04-29 14:02:26.585967,Ankhu Khola Jalvidhyut Company Ltd
2026042904007757,AKJCL,16,96,2000,370.0,740000.0,2026-04-29,188566112,2788,Primo Securities (PVT) Ltd.,Himalayan Securities Limited,2026-04-29 14:02:26.586132,Ankhu Khola Jalvidhyut Company Ltd
2026042904007758,AKJCL,92,96,300,370.0,111000.0,2026-04-29,188566114,2788,Roadshow securities limited,Himalayan Securities Limited,2026-04-29 14:02:26.586285,Ankhu Khola Jalvidhyut Company Ltd
2026042904007759,AKJCL,64,96,2500,370.0,925000.0,2026-04-29,188566116,2788,SUN SECURITIES PVT LTD,Himalayan Securities Limited,2026-04-29 14:02:26.586440,Ankhu Khola Jalvidhyut Company Ltd
2026042904007760,AKJCL,13,96,100,370.0,37000.0,2026-04-29,188566118,2788,Thrive Brokerage House Pvt. Ltd,Himalayan Securities Limited,2026-04-29 14:02:26.586589,Ankhu Khola Jalvidhyut Company Ltd
2026042904007761,AKJCL,81,96,200,370.0,74000.0,2026-04-29,188566120,2788,Aakashbhairab Securities Ltd.,Himalayan Securities Limited,2026-04-29 14:02:26.586734,Ankhu Khola Jalvidhyut Company Ltd
2026042904007762,AKJCL,49,96,50,370.0,18500.0,2026-04-29,188566122,2788,Online Securities Pvt. Ltd.,Himalayan Securities Limited,2026-04-29 14:02:26.586900,Ankhu Khola Jalvidhyut Company Ltd
2026042904007763,AKJCL,13,96,1000,370.0,370000.0,2026-04-29,188566124,2788,Thrive Brokerage House Pvt. Ltd,Himalayan Securities Limited,2026-04-29 14:02:26.587050,Ankhu Khola Jalvidhyut Company Ltd
2026042904007764,AKJCL,57,96,10,370.0,3700.0,2026-04-29,188566126,2788,Aryatara Investment & Securities,Himalayan Securities Limited,2026-04-29 14:02:26.587201,Ankhu Khola Jalvidhyut Company Ltd
2026042904007765,AKJCL,32,96,1000,370.0,370000.0,2026-04-29,188566128,2788,Premier Securities Company Ltd.,Himalayan Securities Limited,2026-04-29 14:02:26.587353,Ankhu Khola Jalvidhyut Company Ltd
2026042904007766,AKJCL,32,96,150,370.0,55500.0,2026-04-29,188566130,2788,Premier Securities Company Ltd.,Himalayan Securities Limited,2026-04-29 14:02:26.587496,Ankhu Khola Jalvidhyut Company Ltd
2026042904007767,AKJCL,34,96,50,370.0,18500.0,2026-04-29,188566132,2788,Vision Securities Pvt. Ltd,Himalayan Securities Limited,2026-04-29 14:02:26.587642,Ankhu Khola Jalvidhyut Company Ltd
2026042904007768,AKJCL,38,96,260,370.0,96200.0,2026-04-29,188566134,2788,Dipshikha Dhitopatra Karobar Co. Pvt Ltd.,Himalayan Securities Limited,2026-04-29 14:02:26.587793,Ankhu Khola Jalvidhyut Company Ltd
2026042904007769,AKJCL,35,96,1000,370.0,370000.0,2026-04-29,188566136,2788,Kohinoor Investment & Securities Pvt. Ltd.,Himalayan Securities Limited,2026-04-29 14:02:26.587940,Ankhu Khola Jalvidhyut Company Ltd
2026042904007770,AKJCL,58,96,2000,370.0,740000.0,2026-04-29,188566138,2788,Naasa Securities Co. Ltd.,Himalayan Securities Limited,2026-04-29 14:02:26.588086,Ankhu Khola Jalvidhyut Company Ltd
2026042904007771,AKJCL,80,96,200,370.0,74000.0,2026-04-29,188566140,2788,Indira securities pvt. ltd,Himalayan Securities Limited,2026-04-29 14:02:26.588231,Ankhu Khola Jalvidhyut Company Ltd
2026042904007772,AKJCL,6,96,500,370.0,185000.0,2026-04-29,188566142,2788,Agrawal Securities (PVT) Ltd.,Himalayan Securities Limited,2026-04-29 14:02:26.588379,Ankhu Khola Jalvidhyut Company Ltd
2026042904007773,AKJCL,62,96,150,370.0,55500.0,2026-04-29,188566144,2788,Capital Max Securities Ltd,Himalayan Securities Limited,2026-04-29 14:02:26.588524,Ankhu Khola Jalvidhyut Company Ltd
2026042904007785,AKJCL,58,45,150,369.5,55425.0,2026-04-29,188566249,2788,Naasa Securities Co. Ltd.,Imperial Securities Company Pvt. Ltd.,2026-04-29 14:02:37.351885,Ankhu Khola Jalvidhyut Company Ltd
2026042904007824,AKJCL,6,96,1000,370.0,370000.0,2026-04-29,188566510,2788,Agrawal Securities (PVT) Ltd.,Himalayan Securities Limited,2026-04-29 14:03:01.959105,Ankhu Khola Jalvidhyut Company Ltd
2026042904007825,AKJCL,58,42,500,369.5,184750.0,2026-04-29,188566511,2788,Naasa Securities Co. Ltd.,Sani Securities Company Ltd.,2026-04-29 14:03:02.242100,Ankhu Khola Jalvidhyut Company Ltd
2026042904007828,AKJCL,58,96,100,370.0,37000.0,2026-04-29,188566552,2788,Naasa Securities Co. Ltd.,Himalayan Securities Limited,2026-04-29 14:03:09.651050,Ankhu Khola Jalvidhyut Company Ltd
2026042904007830,AKJCL,64,96,500,370.0,185000.0,2026-04-29,188566582,2788,SUN SECURITIES PVT LTD,Himalayan Securities Limited,2026-04-29 14:03:13.717512,Ankhu Khola Jalvidhyut Company Ltd
2026042904007843,AKJCL,34,96,1000,370.0,370000.0,2026-04-29,188566650,2788,Vision Securities Pvt. Ltd,Himalayan Securities Limited,2026-04-29 14:03:20.935138,Ankhu Khola Jalvidhyut Company Ltd
2026042904007848,AKJCL,58,81,350,369.5,129325.0,2026-04-29,188566786,2788,Naasa Securities Co. Ltd.,Aakashbhairab Securities Ltd.,2026-04-29 14:03:33.818177,Ankhu Khola Jalvidhyut Company Ltd
2026042904007849,AKJCL,40,81,25,369.5,9237.5,2026-04-29,188566788,2788,Creative Securities Pvt Ltd,Aakashbhairab Securities Ltd.,2026-04-29 14:03:33.818574,Ankhu Khola Jalvidhyut Company Ltd
2026042904007850,AKJCL,8,81,100,369.3,36930.0,2026-04-29,188566790,2788,Brilliant Securities Pvt. Ltd.,Aakashbhairab Securities Ltd.,2026-04-29 14:03:33.818732,Ankhu Khola Jalvidhyut Company Ltd
2026042904007851,AKJCL,77,81,863,369.3,318705.9,2026-04-29,188566791,2788,Nabil Stock Dealer Ltd.,Aakashbhairab Securities Ltd.,2026-04-29 14:03:33.818886,Ankhu Khola Jalvidhyut Company Ltd
2026042904007871,AKJCL,77,29,137,369.3,50594.1,2026-04-29,188567024,2788,Nabil Stock Dealer Ltd.,Trisul Securities & Invt. Ltd.,2026-04-29 14:04:06.471828,Ankhu Khola Jalvidhyut Company Ltd
2026042904007872,AKJCL,49,29,500,369.3,184650.0,2026-04-29,188567026,2788,Online Securities Pvt. Ltd.,Trisul Securities & Invt. Ltd.,2026-04-29 14:04:06.471916,Ankhu Khola Jalvidhyut Company Ltd
2026042904007873,AKJCL,17,29,50,369.0,18450.0,2026-04-29,188567028,2788,ABC Securities Private Limited,Trisul Securities & Invt. Ltd.,2026-04-29 14:04:06.471990,Ankhu Khola Jalvidhyut Company Ltd
2026042904007874,AKJCL,19,29,500,369.0,184500.0,2026-04-29,188567030,2788,Nepal Investment And Securities Trading Private Limited,Trisul Securities & Invt. Ltd.,2026-04-29 14:04:06.472061,Ankhu Khola Jalvidhyut Company Ltd
2026042904007875,AKJCL,72,29,200,369.0,73800.0,2026-04-29,188567032,2788,Hatemalo Financial Services Private Limited,Trisul Securities & Invt. Ltd.,2026-04-29 14:04:06.472130,Ankhu Khola Jalvidhyut Company Ltd
2026042904007876,AKJCL,34,29,150,369.0,55350.0,2026-04-29,188567034,2788,Vision Securities Pvt. Ltd,Trisul Securities & Invt. Ltd.,2026-04-29 14:04:06.472193,Ankhu Khola Jalvidhyut Company Ltd
2026042904007877,AKJCL,57,29,100,369.0,36900.0,2026-04-29,188567036,2788,Aryatara Investment & Securities,Trisul Securities & Invt. Ltd.,2026-04-29 14:04:06.472257,Ankhu Khola Jalvidhyut Company Ltd
2026042904007878,AKJCL,26,29,300,369.0,110700.0,2026-04-29,188567038,2788,Asian Securities Private Ltd.,Trisul Securities & Invt. Ltd.,2026-04-29 14:04:06.472337,Ankhu Khola Jalvidhyut Company Ltd
2026042904007879,AKJCL,7,29,10,368.6,3686.0,2026-04-29,188567040,2788,J.F. Securites (PVT) Ltd.,Trisul Securities & Invt. Ltd.,2026-04-29 14:04:06.472393,Ankhu Khola Jalvidhyut Company Ltd
2026042904007880,AKJCL,89,29,20,368.6,7372.0,2026-04-29,188567042,2788,Global IME Securities Limited,Trisul Securities & Invt. Ltd.,2026-04-29 14:04:06.472446,Ankhu Khola Jalvidhyut Company Ltd
2026042904007881,AKJCL,68,29,500,368.6,184300.0,2026-04-29,188567044,2788,Elite Stock House Limited,Trisul Securities & Invt. Ltd.,2026-04-29 14:04:06.472501,Ankhu Khola Jalvidhyut Company Ltd
2026042904007882,AKJCL,70,29,533,368.6,196463.8,2026-04-29,188567045,2788,Infinity Securities Limited,Trisul Securities & Invt. Ltd.,2026-04-29 14:04:06.472555,Ankhu Khola Jalvidhyut Company Ltd
2026042904007937,AKJCL,38,96,50,369.3,18465.0,2026-04-29,188567396,2788,Dipshikha Dhitopatra Karobar Co. Pvt Ltd.,Himalayan Securities Limited,2026-04-29 14:04:38.200096,Ankhu Khola Jalvidhyut Company Ltd
2026042904007938,AKJCL,70,96,467,368.6,172136.2,2026-04-29,188567398,2788,Infinity Securities Limited,Himalayan Securities Limited,2026-04-29 14:04:38.200785,Ankhu Khola Jalvidhyut Company Ltd
2026042904007939,AKJCL,99,96,500,368.1,184050.0,2026-04-29,188567400,2788,Prabhu Stock Market Limited,Himalayan Securities Limited,2026-04-29 14:04:38.201232,Ankhu Khola Jalvidhyut Company Ltd
2026042904007940,AKJCL,65,96,2000,368.0,736000.0,2026-04-29,188567402,2788,Sharepro Securities Private Limited,Himalayan Securities Limited,2026-04-29 14:04:38.201675,Ankhu Khola Jalvidhyut Company Ltd
2026042904007941,AKJCL,41,96,600,368.0,220800.0,2026-04-29,188567404,2788,Linch Stock Market Ltd.,Himalayan Securities Limited,2026-04-29 14:04:38.202102,Ankhu Khola Jalvidhyut Company Ltd
2026042904007942,AKJCL,58,96,1123,368.0,413264.0,2026-04-29,188567405,2788,Naasa Securities Co. Ltd.,Himalayan Securities Limited,2026-04-29 14:04:38.202533,Ankhu Khola Jalvidhyut Company Ltd
2026042904007949,AKJCL,58,66,1000,368.0,368000.0,2026-04-29,188567541,2788,Naasa Securities Co. Ltd.,Miyo Securities Pvt Ltd,2026-04-29 14:04:50.184141,Ankhu Khola Jalvidhyut Company Ltd
2026042904007953,AKJCL,58,81,1000,368.0,368000.0,2026-04-29,188567565,2788,Naasa Securities Co. Ltd.,Aakashbhairab Securities Ltd.,2026-04-29 14:04:52.973132,Ankhu Khola Jalvidhyut Company Ltd
