contract_id,symbol,buyer_member_id,seller_member_id,volume,price,amount,buyer_broker,seller_broker,transaction_time
2026042904000003,AKPL,51,47,500,285.4,142700.0,Oxford Securities Pvt. Ltd.,Neev Securities Pvt. Ltd.,2026-04-29 10:46:00.069886
2026042904000023,AKPL,47,17,10,270.1,2701.0,Neev Securities Pvt. Ltd.,ABC Securities Private Limited,2026-04-29 11:01:12.498357
2026042904000029,AKPL,47,71,440,270.1,118844.0,Neev Securities Pvt. Ltd.,SHUBHAKAMANA SECURITIES PVT. LTD,2026-04-29 11:01:42.057244
2026042904000030,AKPL,47,71,1000,266.7,266700.0,Neev Securities Pvt. Ltd.,SHUBHAKAMANA SECURITIES PVT. LTD,2026-04-29 11:01:42.057353
2026042904000031,AKPL,11,71,1000,266.6,266600.0,Malla & Malla Stock Broking Company Pvt. Limited,SHUBHAKAMANA SECURITIES PVT. LTD,2026-04-29 11:01:42.057404
2026042904000032,AKPL,49,71,99,266.5,26383.5,Online Securities Pvt. Ltd.,SHUBHAKAMANA SECURITIES PVT. LTD,2026-04-29 11:01:42.057454
2026042904000033,AKPL,41,71,100,266.0,26600.0,Linch Stock Market Ltd.,SHUBHAKAMANA SECURITIES PVT. LTD,2026-04-29 11:01:42.057506
2026042904000037,AKPL,33,71,361,266.0,96026.0,Dakshinkali Investment & Securities Pvt. Ltd.,SHUBHAKAMANA SECURITIES PVT. LTD,2026-04-29 11:01:55.784166
2026042904000055,AKPL,58,51,200,271.0,54200.0,Naasa Securities Co. Ltd.,Oxford Securities Pvt. Ltd.,2026-04-29 11:02:39.651216
2026042904000056,AKPL,38,51,30,270.1,8103.0,Dipshikha Dhitopatra Karobar Co. Pvt Ltd.,Oxford Securities Pvt. Ltd.,2026-04-29 11:02:39.651368
2026042904000057,AKPL,34,51,100,266.5,26650.0,Vision Securities Pvt. Ltd,Oxford Securities Pvt. Ltd.,2026-04-29 11:02:39.651426
2026042904000058,AKPL,32,51,170,266.1,45237.0,Premier Securities Company Ltd.,Oxford Securities Pvt. Ltd.,2026-04-29 11:02:39.651476
2026042904000063,AKPL,38,57,10,270.0,2700.0,Dipshikha Dhitopatra Karobar Co. Pvt Ltd.,Aryatara Investment & Securities,2026-04-29 11:03:00.912760
2026042904000104,AKPL,46,36,23,273.0,6279.0,Kalika Securities Pvt. Ltd.,Secured Securities Ltd.,2026-04-29 11:04:48.953750
2026042904000140,AKPL,38,44,190,270.0,51300.0,Dipshikha Dhitopatra Karobar Co. Pvt Ltd.,Dynamic Money Managers Securities Pvt. Ltd.,2026-04-29 11:05:41.998610
2026042904000356,AKPL,36,48,690,271.1,187059.0,Secured Securities Ltd.,Trishakti Securities Public Limited,2026-04-29 11:10:12.560676
2026042904000357,AKPL,14,48,92,271.0,24932.0,Nepal Stock House (PVT) Ltd.,Trishakti Securities Public Limited,2026-04-29 11:10:12.561006
2026042904000361,AKPL,14,80,208,271.0,56368.0,Nepal Stock House (PVT) Ltd.,Indira securities pvt. ltd,2026-04-29 11:10:36.899844
2026042904000362,AKPL,19,80,200,271.0,54200.0,Nepal Investment And Securities Trading Private Limited,Indira securities pvt. ltd,2026-04-29 11:10:36.900027
2026042904000363,AKPL,43,80,200,270.0,54000.0,South Asian Bulls Pvt. Ltd.,Indira securities pvt. ltd,2026-04-29 11:10:36.900101
2026042904000364,AKPL,41,80,392,270.0,105840.0,Linch Stock Market Ltd.,Indira securities pvt. ltd,2026-04-29 11:10:36.900173
2026042904000473,AKPL,41,80,88,270.0,23760.0,Linch Stock Market Ltd.,Indira securities pvt. ltd,2026-04-29 11:13:06.449192
2026042904000474,AKPL,36,80,200,269.0,53800.0,Secured Securities Ltd.,Indira securities pvt. ltd,2026-04-29 11:13:06.449514
2026042904000510,AKPL,42,80,185,269.0,49765.0,Sani Securities Company Ltd.,Indira securities pvt. ltd,2026-04-29 11:14:26.531663
2026042904000525,AKPL,41,80,27,269.0,7263.0,Linch Stock Market Ltd.,Indira securities pvt. ltd,2026-04-29 11:14:43.443560
2026042904000804,AKPL,49,44,65,270.0,17550.0,Online Securities Pvt. Ltd.,Dynamic Money Managers Securities Pvt. Ltd.,2026-04-29 11:21:37.955073
2026042904000898,AKPL,45,44,208,270.0,56160.0,Imperial Securities Company Pvt. Ltd.,Dynamic Money Managers Securities Pvt. Ltd.,2026-04-29 11:23:28.617791
2026042904000899,AKPL,45,58,12,270.0,3240.0,Imperial Securities Company Pvt. Ltd.,Naasa Securities Co. Ltd.,2026-04-29 11:23:28.618220
2026042904000900,AKPL,45,90,175,270.0,47250.0,Imperial Securities Company Pvt. Ltd.,Sajilo Broker Limited,2026-04-29 11:23:28.618500
2026042904001278,AKPL,54,4,200,270.1,54020.0,Sewa Securities Pvt. Ltd.,Opal Securities Investment (PVT) Ltd.,2026-04-29 11:32:54.073153
2026042904001282,AKPL,8,60,74,271.0,20054.0,Brilliant Securities Pvt. Ltd.,Nagarik Stock Dealer ,2026-04-29 11:33:03.633788
2026042904001345,AKPL,32,44,100,270.1,27010.0,Premier Securities Company Ltd.,Dynamic Money Managers Securities Pvt. Ltd.,2026-04-29 11:35:12.856110
2026042904001346,AKPL,45,44,105,270.0,28350.0,Imperial Securities Company Pvt. Ltd.,Dynamic Money Managers Securities Pvt. Ltd.,2026-04-29 11:35:12.856572
2026042904001347,AKPL,51,44,200,270.0,54000.0,Oxford Securities Pvt. Ltd.,Dynamic Money Managers Securities Pvt. Ltd.,2026-04-29 11:35:12.856851
2026042904001348,AKPL,43,44,195,270.0,52650.0,South Asian Bulls Pvt. Ltd.,Dynamic Money Managers Securities Pvt. Ltd.,2026-04-29 11:35:12.857123
2026042904001574,AKPL,43,38,30,270.0,8100.0,South Asian Bulls Pvt. Ltd.,Dipshikha Dhitopatra Karobar Co. Pvt Ltd.,2026-04-29 11:39:16.071661
2026042904001779,AKPL,43,4,10,270.0,2700.0,South Asian Bulls Pvt. Ltd.,Opal Securities Investment (PVT) Ltd.,2026-04-29 11:43:27.549881
2026042904001781,AKPL,43,13,65,270.0,17550.0,South Asian Bulls Pvt. Ltd.,Thrive Brokerage House Pvt. Ltd,2026-04-29 11:43:30.663250
2026042904001782,AKPL,100,13,10,270.0,2700.0,Sunrise Securities Limited,Thrive Brokerage House Pvt. Ltd,2026-04-29 11:43:30.663542
2026042904001783,AKPL,19,13,25,270.0,6750.0,Nepal Investment And Securities Trading Private Limited,Thrive Brokerage House Pvt. Ltd,2026-04-29 11:43:30.663664
2026042904001816,AKPL,19,32,25,270.0,6750.0,Nepal Investment And Securities Trading Private Limited,Premier Securities Company Ltd.,2026-04-29 11:44:23.272654
2026042904001833,AKPL,14,94,1000,269.4,269400.0,Nepal Stock House (PVT) Ltd.,K.B.L. Securities Limited ,2026-04-29 11:44:36.359677
2026042904002069,AKPL,41,32,50,270.0,13500.0,Linch Stock Market Ltd.,Premier Securities Company Ltd.,2026-04-29 11:48:37.501672
2026042904002079,AKPL,19,32,10,270.0,2700.0,Nepal Investment And Securities Trading Private Limited,Premier Securities Company Ltd.,2026-04-29 11:48:57.409724
2026042904002103,AKPL,1,41,100,269.0,26900.0,Kumari Securities Private Limited,Linch Stock Market Ltd.,2026-04-29 11:49:30.428699
2026042904002115,AKPL,36,17,10,269.5,2695.0,Secured Securities Ltd.,ABC Securities Private Limited,2026-04-29 11:49:50.630240
2026042904002196,AKPL,51,34,100,269.0,26900.0,Oxford Securities Pvt. Ltd.,Vision Securities Pvt. Ltd,2026-04-29 11:50:23.580428
2026042904002526,AKPL,51,17,100,269.0,26900.0,Oxford Securities Pvt. Ltd.,ABC Securities Private Limited,2026-04-29 11:56:39.910435
2026042904002628,AKPL,38,44,50,269.0,13450.0,Dipshikha Dhitopatra Karobar Co. Pvt Ltd.,Dynamic Money Managers Securities Pvt. Ltd.,2026-04-29 11:57:37.303010
2026042904002629,AKPL,49,44,10,269.0,2690.0,Online Securities Pvt. Ltd.,Dynamic Money Managers Securities Pvt. Ltd.,2026-04-29 11:57:37.303275
2026042904002630,AKPL,13,44,500,268.5,134250.0,Thrive Brokerage House Pvt. Ltd,Dynamic Money Managers Securities Pvt. Ltd.,2026-04-29 11:57:37.303400
2026042904002631,AKPL,47,44,50,268.1,13405.0,Neev Securities Pvt. Ltd.,Dynamic Money Managers Securities Pvt. Ltd.,2026-04-29 11:57:37.303512
2026042904002632,AKPL,6,44,50,268.0,13400.0,Agrawal Securities (PVT) Ltd.,Dynamic Money Managers Securities Pvt. Ltd.,2026-04-29 11:57:37.303621
2026042904002633,AKPL,48,44,100,268.0,26800.0,Trishakti Securities Public Limited,Dynamic Money Managers Securities Pvt. Ltd.,2026-04-29 11:57:37.303733
2026042904002634,AKPL,52,44,500,268.0,134000.0,Sundhara Securities Limited,Dynamic Money Managers Securities Pvt. Ltd.,2026-04-29 11:57:37.303852
2026042904002635,AKPL,14,44,50,268.0,13400.0,Nepal Stock House (PVT) Ltd.,Dynamic Money Managers Securities Pvt. Ltd.,2026-04-29 11:57:37.303963
2026042904002636,AKPL,59,44,150,268.0,40200.0,Deevyaa Securities & Stock House Pvt. Ltd,Dynamic Money Managers Securities Pvt. Ltd.,2026-04-29 11:57:37.304071
2026042904002637,AKPL,58,44,200,268.0,53600.0,Naasa Securities Co. Ltd.,Dynamic Money Managers Securities Pvt. Ltd.,2026-04-29 11:57:37.304178
2026042904002638,AKPL,41,44,473,268.0,126764.0,Linch Stock Market Ltd.,Dynamic Money Managers Securities Pvt. Ltd.,2026-04-29 11:57:37.304288
2026042904002639,AKPL,19,44,867,268.0,232356.0,Nepal Investment And Securities Trading Private Limited,Dynamic Money Managers Securities Pvt. Ltd.,2026-04-29 11:57:37.304402
2026042904002713,AKPL,19,22,34,268.0,9112.0,Nepal Investment And Securities Trading Private Limited,Siprabi Securities Pvt. Ltd.,2026-04-29 11:59:08.267088
2026042904002749,AKPL,19,58,99,268.0,26532.0,Nepal Investment And Securities Trading Private Limited,Naasa Securities Co. Ltd.,2026-04-29 11:59:42.323649
2026042904002854,AKPL,58,29,100,268.0,26800.0,Naasa Securities Co. Ltd.,Trisul Securities & Invt. Ltd.,2026-04-29 12:01:48.092676
2026042904002855,AKPL,8,29,10,268.0,2680.0,Brilliant Securities Pvt. Ltd.,Trisul Securities & Invt. Ltd.,2026-04-29 12:01:48.092739
2026042904002856,AKPL,4,29,890,267.7,238253.0,Opal Securities Investment (PVT) Ltd.,Trisul Securities & Invt. Ltd.,2026-04-29 12:01:48.092763
2026042904002941,AKPL,74,57,100,268.0,26800.0,KALASH STOCK MARKET PVT. LTD.,Aryatara Investment & Securities,2026-04-29 12:04:11.251754
2026042904003038,AKPL,49,17,36,269.0,9684.0,Online Securities Pvt. Ltd.,ABC Securities Private Limited,2026-04-29 12:07:00.277918
2026042904003041,AKPL,39,32,1490,268.0,399320.0,Sumeru Securities Pvt. Ltd.,Premier Securities Company Ltd.,2026-04-29 12:07:05.195943
2026042904003088,AKPL,45,34,500,267.8,133900.0,Imperial Securities Company Pvt. Ltd.,Vision Securities Pvt. Ltd,2026-04-29 12:08:07.365304
2026042904003089,AKPL,4,34,955,267.7,255653.5,Opal Securities Investment (PVT) Ltd.,Vision Securities Pvt. Ltd,2026-04-29 12:08:07.365610
2026042904003090,AKPL,43,34,200,267.7,53540.0,South Asian Bulls Pvt. Ltd.,Vision Securities Pvt. Ltd,2026-04-29 12:08:07.365731
2026042904003091,AKPL,39,34,1000,267.7,267700.0,Sumeru Securities Pvt. Ltd.,Vision Securities Pvt. Ltd,2026-04-29 12:08:07.365846
2026042904003092,AKPL,36,34,345,267.6,92322.0,Secured Securities Ltd.,Vision Securities Pvt. Ltd,2026-04-29 12:08:07.365958
2026042904003123,AKPL,36,34,155,267.6,41478.0,Secured Securities Ltd.,Vision Securities Pvt. Ltd,2026-04-29 12:08:38.636112
2026042904003124,AKPL,42,34,40,267.5,10700.0,Sani Securities Company Ltd.,Vision Securities Pvt. Ltd,2026-04-29 12:08:38.636672
2026042904003125,AKPL,8,34,200,267.2,53440.0,Brilliant Securities Pvt. Ltd.,Vision Securities Pvt. Ltd,2026-04-29 12:08:38.637027
2026042904003126,AKPL,21,34,200,267.2,53440.0,Midas Stock Broking Company Private Limited,Vision Securities Pvt. Ltd,2026-04-29 12:08:38.637471
2026042904003127,AKPL,49,34,185,267.2,49432.0,Online Securities Pvt. Ltd.,Vision Securities Pvt. Ltd,2026-04-29 12:08:38.637854
2026042904003128,AKPL,45,34,100,267.1,26710.0,Imperial Securities Company Pvt. Ltd.,Vision Securities Pvt. Ltd,2026-04-29 12:08:38.638249
2026042904003129,AKPL,32,34,120,267.0,32040.0,Premier Securities Company Ltd.,Vision Securities Pvt. Ltd,2026-04-29 12:08:38.638620
2026042904003184,AKPL,63,32,70,268.0,18760.0,Himalayan Brokerage Company Limited,Premier Securities Company Ltd.,2026-04-29 12:09:32.846196
2026042904003216,AKPL,59,41,150,267.1,40065.0,Deevyaa Securities & Stock House Pvt. Ltd,Linch Stock Market Ltd.,2026-04-29 12:10:19.837965
2026042904003217,AKPL,74,41,50,267.1,13355.0,KALASH STOCK MARKET PVT. LTD.,Linch Stock Market Ltd.,2026-04-29 12:10:19.838262
2026042904003218,AKPL,45,41,300,267.1,80130.0,Imperial Securities Company Pvt. Ltd.,Linch Stock Market Ltd.,2026-04-29 12:10:19.838410
2026042904003219,AKPL,45,58,10,267.1,2671.0,Imperial Securities Company Pvt. Ltd.,Naasa Securities Co. Ltd.,2026-04-29 12:10:22.955044
2026042904003245,AKPL,45,41,190,267.1,50749.0,Imperial Securities Company Pvt. Ltd.,Linch Stock Market Ltd.,2026-04-29 12:10:51.424411
2026042904003246,AKPL,26,41,314,267.1,83869.4,Asian Securities Private Ltd.,Linch Stock Market Ltd.,2026-04-29 12:10:51.424675
2026042904003372,AKPL,26,36,1186,267.1,316780.6,Asian Securities Private Ltd.,Secured Securities Ltd.,2026-04-29 12:14:44.999195
2026042904003373,AKPL,32,36,180,267.0,48060.0,Premier Securities Company Ltd.,Secured Securities Ltd.,2026-04-29 12:14:44.999514
2026042904003374,AKPL,6,36,100,267.0,26700.0,Agrawal Securities (PVT) Ltd.,Secured Securities Ltd.,2026-04-29 12:14:44.999645
2026042904003375,AKPL,71,36,2000,267.0,534000.0,SHUBHAKAMANA SECURITIES PVT. LTD,Secured Securities Ltd.,2026-04-29 12:14:44.999765
2026042904003376,AKPL,14,36,500,267.0,133500.0,Nepal Stock House (PVT) Ltd.,Secured Securities Ltd.,2026-04-29 12:14:44.999880
2026042904003377,AKPL,58,36,100,267.0,26700.0,Naasa Securities Co. Ltd.,Secured Securities Ltd.,2026-04-29 12:14:45.000006
2026042904003378,AKPL,40,36,50,267.0,13350.0,Creative Securities Pvt Ltd,Secured Securities Ltd.,2026-04-29 12:14:45.000176
2026042904003379,AKPL,36,36,10,267.0,2670.0,Secured Securities Ltd.,Secured Securities Ltd.,2026-04-29 12:14:45.000319
2026042904003380,AKPL,6,36,100,266.5,26650.0,Agrawal Securities (PVT) Ltd.,Secured Securities Ltd.,2026-04-29 12:14:45.000436
2026042904003381,AKPL,32,36,830,266.1,220863.0,Premier Securities Company Ltd.,Secured Securities Ltd.,2026-04-29 12:14:45.000548
2026042904003382,AKPL,36,36,150,266.1,39915.0,Secured Securities Ltd.,Secured Securities Ltd.,2026-04-29 12:14:45.000664
2026042904003383,AKPL,58,36,69,266.1,18360.9,Naasa Securities Co. Ltd.,Secured Securities Ltd.,2026-04-29 12:14:45.000785
2026042904003384,AKPL,14,36,600,266.0,159600.0,Nepal Stock House (PVT) Ltd.,Secured Securities Ltd.,2026-04-29 12:14:45.000897
2026042904003385,AKPL,59,36,33,266.0,8778.0,Deevyaa Securities & Stock House Pvt. Ltd,Secured Securities Ltd.,2026-04-29 12:14:45.001009
2026042904003386,AKPL,45,36,500,266.0,133000.0,Imperial Securities Company Pvt. Ltd.,Secured Securities Ltd.,2026-04-29 12:14:45.001119
2026042904003387,AKPL,52,36,500,266.0,133000.0,Sundhara Securities Limited,Secured Securities Ltd.,2026-04-29 12:14:45.001224
2026042904003388,AKPL,32,36,1000,266.0,266000.0,Premier Securities Company Ltd.,Secured Securities Ltd.,2026-04-29 12:14:45.001365
2026042904003389,AKPL,57,36,250,266.0,66500.0,Aryatara Investment & Securities,Secured Securities Ltd.,2026-04-29 12:14:45.001476
2026042904003390,AKPL,45,36,100,266.0,26600.0,Imperial Securities Company Pvt. Ltd.,Secured Securities Ltd.,2026-04-29 12:14:45.001588
2026042904003391,AKPL,36,36,1090,266.0,289940.0,Secured Securities Ltd.,Secured Securities Ltd.,2026-04-29 12:14:45.001703
2026042904003476,AKPL,29,32,25,268.0,6700.0,Trisul Securities & Invt. Ltd.,Premier Securities Company Ltd.,2026-04-29 12:16:24.030397
2026042904003545,AKPL,29,42,20,268.0,5360.0,Trisul Securities & Invt. Ltd.,Sani Securities Company Ltd.,2026-04-29 12:18:17.155617
2026042904003546,AKPL,38,42,50,268.0,13400.0,Dipshikha Dhitopatra Karobar Co. Pvt Ltd.,Sani Securities Company Ltd.,2026-04-29 12:18:17.155933
2026042904003610,AKPL,42,42,10,268.0,2680.0,Sani Securities Company Ltd.,Sani Securities Company Ltd.,2026-04-29 12:19:43.142745
2026042904003633,AKPL,3,42,50,268.0,13400.0,Arun Securities (PVT) Ltd.,Sani Securities Company Ltd.,2026-04-29 12:20:15.673045
2026042904003639,AKPL,37,38,19,267.0,5073.0,Swarna Laxmi Securities Pvt. Ltd.,Dipshikha Dhitopatra Karobar Co. Pvt Ltd.,2026-04-29 12:20:35.950072
2026042904003697,AKPL,74,42,50,268.0,13400.0,KALASH STOCK MARKET PVT. LTD.,Sani Securities Company Ltd.,2026-04-29 12:21:46.484196
2026042904003865,AKPL,56,42,50,268.0,13400.0,Sri Hari Securities Pvt. Ltd.,Sani Securities Company Ltd.,2026-04-29 12:25:32.569842
2026042904003876,AKPL,37,42,10,267.0,2670.0,Swarna Laxmi Securities Pvt. Ltd.,Sani Securities Company Ltd.,2026-04-29 12:25:52.765794
2026042904004125,AKPL,58,17,32,269.0,8608.0,Naasa Securities Co. Ltd.,ABC Securities Private Limited,2026-04-29 12:31:38.286171
2026042904004158,AKPL,51,17,40,269.0,10760.0,Oxford Securities Pvt. Ltd.,ABC Securities Private Limited,2026-04-29 12:32:49.685052
2026042904004178,AKPL,58,17,10,269.0,2690.0,Naasa Securities Co. Ltd.,ABC Securities Private Limited,2026-04-29 12:33:12.880797
2026042904004179,AKPL,45,17,72,269.0,19368.0,Imperial Securities Company Pvt. Ltd.,ABC Securities Private Limited,2026-04-29 12:33:16.497122
2026042904004180,AKPL,45,57,210,269.0,56490.0,Imperial Securities Company Pvt. Ltd.,Aryatara Investment & Securities,2026-04-29 12:33:16.497526
2026042904004267,AKPL,45,16,18,269.0,4842.0,Imperial Securities Company Pvt. Ltd.,Primo Securities (PVT) Ltd.,2026-04-29 12:36:38.557603
2026042904004664,AKPL,82,4,55,268.1,14745.5,N.M.B. SECURITIES LIMITED,Opal Securities Investment (PVT) Ltd.,2026-04-29 12:45:37.023273
2026042904004827,AKPL,63,16,982,269.0,264158.0,Himalayan Brokerage Company Limited,Primo Securities (PVT) Ltd.,2026-04-29 12:50:36.102070
2026042904004922,AKPL,14,42,10,269.9,2699.0,Nepal Stock House (PVT) Ltd.,Sani Securities Company Ltd.,2026-04-29 12:51:59.257799
2026042904004923,AKPL,14,33,1790,269.9,483121.0,Nepal Stock House (PVT) Ltd.,Dakshinkali Investment & Securities Pvt. Ltd.,2026-04-29 12:51:59.258429
2026042904004928,AKPL,14,33,200,269.9,53980.0,Nepal Stock House (PVT) Ltd.,Dakshinkali Investment & Securities Pvt. Ltd.,2026-04-29 12:52:06.625585
2026042904004953,AKPL,63,17,50,269.0,13450.0,Himalayan Brokerage Company Limited,ABC Securities Private Limited,2026-04-29 12:52:55.544159
2026042904004987,AKPL,35,32,20,270.0,5400.0,Kohinoor Investment & Securities Pvt. Ltd.,Premier Securities Company Ltd.,2026-04-29 12:53:50.628487
2026042904005082,AKPL,7,34,100,270.0,27000.0,J.F. Securites (PVT) Ltd.,Vision Securities Pvt. Ltd,2026-04-29 12:56:16.982825
2026042904005341,AKPL,63,52,33,269.0,8877.0,Himalayan Brokerage Company Limited,Sundhara Securities Limited,2026-04-29 13:00:24.715889
2026042904005379,AKPL,13,44,10,269.2,2692.0,Thrive Brokerage House Pvt. Ltd,Dynamic Money Managers Securities Pvt. Ltd.,2026-04-29 13:01:45.002103
2026042904005380,AKPL,44,44,37,269.1,9956.7,Dynamic Money Managers Securities Pvt. Ltd.,Dynamic Money Managers Securities Pvt. Ltd.,2026-04-29 13:01:45.002849
2026042904005381,AKPL,63,44,1408,269.0,378752.0,Himalayan Brokerage Company Limited,Dynamic Money Managers Securities Pvt. Ltd.,2026-04-29 13:01:45.003307
2026042904005403,AKPL,63,34,27,269.0,7263.0,Himalayan Brokerage Company Limited,Vision Securities Pvt. Ltd,2026-04-29 13:02:10.410735
2026042904005404,AKPL,35,34,20,269.0,5380.0,Kohinoor Investment & Securities Pvt. Ltd.,Vision Securities Pvt. Ltd,2026-04-29 13:02:10.411448
2026042904005425,AKPL,43,39,33,268.2,8850.6,South Asian Bulls Pvt. Ltd.,Sumeru Securities Pvt. Ltd.,2026-04-29 13:02:55.241376
2026042904005452,AKPL,43,34,967,268.2,259349.4,South Asian Bulls Pvt. Ltd.,Vision Securities Pvt. Ltd,2026-04-29 13:03:37.108660
2026042904005453,AKPL,57,34,800,268.2,214560.0,Aryatara Investment & Securities,Vision Securities Pvt. Ltd,2026-04-29 13:03:37.109374
2026042904005454,AKPL,51,34,100,268.2,26820.0,Oxford Securities Pvt. Ltd.,Vision Securities Pvt. Ltd,2026-04-29 13:03:37.109782
2026042904005473,AKPL,82,38,200,268.1,53620.0,N.M.B. SECURITIES LIMITED,Dipshikha Dhitopatra Karobar Co. Pvt Ltd.,2026-04-29 13:04:07.308968
2026042904005491,AKPL,49,34,100,270.0,27000.0,Online Securities Pvt. Ltd.,Vision Securities Pvt. Ltd,2026-04-29 13:04:39.890829
2026042904005777,AKPL,52,45,500,269.0,134500.0,Sundhara Securities Limited,Imperial Securities Company Pvt. Ltd.,2026-04-29 13:13:45.641390
2026042904005815,AKPL,82,48,50,268.1,13405.0,N.M.B. SECURITIES LIMITED,Trishakti Securities Public Limited,2026-04-29 13:14:35.819242
2026042904005881,AKPL,34,49,94,268.5,25239.0,Vision Securities Pvt. Ltd,Online Securities Pvt. Ltd.,2026-04-29 13:16:15.335295
2026042904005888,AKPL,82,49,10,268.1,2681.0,N.M.B. SECURITIES LIMITED,Online Securities Pvt. Ltd.,2026-04-29 13:16:23.838091
2026042904005989,AKPL,82,49,112,268.1,30027.2,N.M.B. SECURITIES LIMITED,Online Securities Pvt. Ltd.,2026-04-29 13:20:26.268669
2026042904006016,AKPL,82,3,127,268.1,34048.7,N.M.B. SECURITIES LIMITED,Arun Securities (PVT) Ltd.,2026-04-29 13:21:13.638532
2026042904006021,AKPL,41,45,80,269.0,21520.0,Linch Stock Market Ltd.,Imperial Securities Company Pvt. Ltd.,2026-04-29 13:21:17.674050
2026042904006120,AKPL,34,58,1,262.0,262.0,Vision Securities Pvt. Ltd,Naasa Securities Co. Ltd.,2026-04-29 13:24:17.651886
2026042904006201,AKPL,59,45,100,269.0,26900.0,Deevyaa Securities & Stock House Pvt. Ltd,Imperial Securities Company Pvt. Ltd.,2026-04-29 13:25:32.159894
2026042904006586,AKPL,56,45,20,269.0,5380.0,Sri Hari Securities Pvt. Ltd.,Imperial Securities Company Pvt. Ltd.,2026-04-29 13:35:02.835205
2026042904006795,AKPL,82,45,50,269.0,13450.0,N.M.B. SECURITIES LIMITED,Imperial Securities Company Pvt. Ltd.,2026-04-29 13:42:19.144612
2026042904006798,AKPL,58,21,2,268.0,536.0,Naasa Securities Co. Ltd.,Midas Stock Broking Company Private Limited,2026-04-29 13:42:21.831652
2026042904006852,AKPL,10,45,100,269.0,26900.0,Pragyan Securities (PVT) Ltd.,Imperial Securities Company Pvt. Ltd.,2026-04-29 13:44:11.210220
2026042904007069,AKPL,49,34,50,268.5,13425.0,Online Securities Pvt. Ltd.,Vision Securities Pvt. Ltd,2026-04-29 13:49:59.713485
2026042904007097,AKPL,49,34,40,268.4,10736.0,Online Securities Pvt. Ltd.,Vision Securities Pvt. Ltd,2026-04-29 13:50:27.980907
2026042904007098,AKPL,32,34,550,268.3,147565.0,Premier Securities Company Ltd.,Vision Securities Pvt. Ltd,2026-04-29 13:50:27.981716
2026042904007109,AKPL,61,34,360,268.2,96552.0,BHOLE GANESH SECURITIES LTD,Vision Securities Pvt. Ltd,2026-04-29 13:50:45.992604
2026042904007147,AKPL,61,38,200,268.2,53640.0,BHOLE GANESH SECURITIES LTD,Dipshikha Dhitopatra Karobar Co. Pvt Ltd.,2026-04-29 13:51:43.153912
2026042904007151,AKPL,21,45,150,269.0,40350.0,Midas Stock Broking Company Private Limited,Imperial Securities Company Pvt. Ltd.,2026-04-29 13:51:55.342425
2026042904007152,AKPL,21,14,64,269.0,17216.0,Midas Stock Broking Company Private Limited,Nepal Stock House (PVT) Ltd.,2026-04-29 13:51:55.342801
2026042904007153,AKPL,21,42,20,269.0,5380.0,Midas Stock Broking Company Private Limited,Sani Securities Company Ltd.,2026-04-29 13:51:55.343013
2026042904007154,AKPL,21,40,63,269.0,16947.0,Midas Stock Broking Company Private Limited,Creative Securities Pvt Ltd,2026-04-29 13:51:55.343196
2026042904007182,AKPL,61,58,440,268.2,118008.0,BHOLE GANESH SECURITIES LTD,Naasa Securities Co. Ltd.,2026-04-29 13:52:24.668132
2026042904007183,AKPL,82,58,446,268.1,119572.6,N.M.B. SECURITIES LIMITED,Naasa Securities Co. Ltd.,2026-04-29 13:52:24.668915
2026042904007184,AKPL,41,58,300,268.1,80430.0,Linch Stock Market Ltd.,Naasa Securities Co. Ltd.,2026-04-29 13:52:24.669442
2026042904007185,AKPL,32,58,50,268.1,13405.0,Premier Securities Company Ltd.,Naasa Securities Co. Ltd.,2026-04-29 13:52:24.669915
2026042904007186,AKPL,17,58,2000,268.0,536000.0,ABC Securities Private Limited,Naasa Securities Co. Ltd.,2026-04-29 13:52:24.670414
2026042904007187,AKPL,37,58,300,268.0,80400.0,Swarna Laxmi Securities Pvt. Ltd.,Naasa Securities Co. Ltd.,2026-04-29 13:52:24.670891
2026042904007188,AKPL,34,58,100,268.0,26800.0,Vision Securities Pvt. Ltd,Naasa Securities Co. Ltd.,2026-04-29 13:52:24.671360
2026042904007189,AKPL,35,58,15,268.0,4020.0,Kohinoor Investment & Securities Pvt. Ltd.,Naasa Securities Co. Ltd.,2026-04-29 13:52:24.671837
2026042904007190,AKPL,17,58,20,268.0,5360.0,ABC Securities Private Limited,Naasa Securities Co. Ltd.,2026-04-29 13:52:24.672295
2026042904007191,AKPL,33,58,144,268.0,38592.0,Dakshinkali Investment & Securities Pvt. Ltd.,Naasa Securities Co. Ltd.,2026-04-29 13:52:24.672781
2026042904007192,AKPL,34,58,50,268.0,13400.0,Vision Securities Pvt. Ltd,Naasa Securities Co. Ltd.,2026-04-29 13:52:24.673247
2026042904007193,AKPL,49,58,135,268.0,36180.0,Online Securities Pvt. Ltd.,Naasa Securities Co. Ltd.,2026-04-29 13:52:24.673727
2026042904007284,AKPL,49,41,25,268.0,6700.0,Online Securities Pvt. Ltd.,Linch Stock Market Ltd.,2026-04-29 13:54:03.328336
2026042904007285,AKPL,19,41,100,268.0,26800.0,Nepal Investment And Securities Trading Private Limited,Linch Stock Market Ltd.,2026-04-29 13:54:03.328670
2026042904007292,AKPL,58,41,200,268.0,53600.0,Naasa Securities Co. Ltd.,Linch Stock Market Ltd.,2026-04-29 13:54:13.628157
2026042904007340,AKPL,21,34,186,267.5,49755.0,Midas Stock Broking Company Private Limited,Vision Securities Pvt. Ltd,2026-04-29 13:54:43.911992
2026042904007341,AKPL,57,34,134,267.3,35818.2,Aryatara Investment & Securities,Vision Securities Pvt. Ltd,2026-04-29 13:54:43.912737
2026042904007343,AKPL,57,41,675,267.3,180427.5,Aryatara Investment & Securities,Linch Stock Market Ltd.,2026-04-29 13:54:49.077230
2026042904007350,AKPL,48,34,50,268.0,13400.0,Trishakti Securities Public Limited,Vision Securities Pvt. Ltd,2026-04-29 13:55:09.519766
2026042904007351,AKPL,57,34,150,267.3,40095.0,Aryatara Investment & Securities,Vision Securities Pvt. Ltd,2026-04-29 13:55:09.520154
2026042904007363,AKPL,57,34,41,267.3,10959.3,Aryatara Investment & Securities,Vision Securities Pvt. Ltd,2026-04-29 13:55:35.412283
2026042904007364,AKPL,51,34,100,267.3,26730.0,Oxford Securities Pvt. Ltd.,Vision Securities Pvt. Ltd,2026-04-29 13:55:35.412716
2026042904007365,AKPL,94,34,10,267.2,2672.0,K.B.L. Securities Limited ,Vision Securities Pvt. Ltd,2026-04-29 13:55:35.412882
2026042904007574,AKPL,94,42,490,267.2,130928.0,K.B.L. Securities Limited ,Sani Securities Company Ltd.,2026-04-29 13:59:22.995949
2026042904007575,AKPL,35,42,500,267.2,133600.0,Kohinoor Investment & Securities Pvt. Ltd.,Sani Securities Company Ltd.,2026-04-29 13:59:22.996693
2026042904007576,AKPL,33,42,10,267.1,2671.0,Dakshinkali Investment & Securities Pvt. Ltd.,Sani Securities Company Ltd.,2026-04-29 13:59:22.997169
2026042904007611,AKPL,33,63,290,267.1,77459.0,Dakshinkali Investment & Securities Pvt. Ltd.,Himalayan Brokerage Company Limited,2026-04-29 13:59:51.719009
2026042904007612,AKPL,37,63,61,267.0,16287.0,Swarna Laxmi Securities Pvt. Ltd.,Himalayan Brokerage Company Limited,2026-04-29 13:59:51.719770
2026042904007613,AKPL,14,63,115,267.0,30705.0,Nepal Stock House (PVT) Ltd.,Himalayan Brokerage Company Limited,2026-04-29 13:59:51.720250
2026042904007614,AKPL,26,63,200,267.0,53400.0,Asian Securities Private Ltd.,Himalayan Brokerage Company Limited,2026-04-29 13:59:51.720767
2026042904007615,AKPL,58,63,25,267.0,6675.0,Naasa Securities Co. Ltd.,Himalayan Brokerage Company Limited,2026-04-29 13:59:51.721264
2026042904007616,AKPL,22,63,195,267.0,52065.0,Siprabi Securities Pvt. Ltd.,Himalayan Brokerage Company Limited,2026-04-29 13:59:51.721752
2026042904007617,AKPL,54,63,200,267.0,53400.0,Sewa Securities Pvt. Ltd.,Himalayan Brokerage Company Limited,2026-04-29 13:59:51.722245
2026042904007618,AKPL,45,63,500,267.0,133500.0,Imperial Securities Company Pvt. Ltd.,Himalayan Brokerage Company Limited,2026-04-29 13:59:51.722748
2026042904007619,AKPL,17,63,900,267.0,240300.0,ABC Securities Private Limited,Himalayan Brokerage Company Limited,2026-04-29 13:59:51.723208
2026042904007620,AKPL,58,63,10,267.0,2670.0,Naasa Securities Co. Ltd.,Himalayan Brokerage Company Limited,2026-04-29 13:59:51.723379
2026042904007685,AKPL,13,25,10,267.0,2670.0,Thrive Brokerage House Pvt. Ltd,Sweta Securities Private Limited,2026-04-29 14:01:25.899701
2026042904007686,AKPL,58,25,46,267.0,12282.0,Naasa Securities Co. Ltd.,Sweta Securities Private Limited,2026-04-29 14:01:25.900399
2026042904007885,AKPL,28,40,200,267.1,53420.0,Shree Krishna Securities Ltd.,Creative Securities Pvt Ltd,2026-04-29 14:04:08.243564
2026042904007886,AKPL,58,40,154,267.0,41118.0,Naasa Securities Co. Ltd.,Creative Securities Pvt Ltd,2026-04-29 14:04:08.243942
2026042904007887,AKPL,34,40,200,267.0,53400.0,Vision Securities Pvt. Ltd,Creative Securities Pvt Ltd,2026-04-29 14:04:08.244103
2026042904007888,AKPL,34,40,100,267.0,26700.0,Vision Securities Pvt. Ltd,Creative Securities Pvt Ltd,2026-04-29 14:04:08.244277
2026042904007889,AKPL,19,40,100,267.0,26700.0,Nepal Investment And Securities Trading Private Limited,Creative Securities Pvt Ltd,2026-04-29 14:04:08.244455
2026042904007890,AKPL,51,40,100,267.0,26700.0,Oxford Securities Pvt. Ltd.,Creative Securities Pvt Ltd,2026-04-29 14:04:08.244608
2026042904007891,AKPL,6,40,100,266.5,26650.0,Agrawal Securities (PVT) Ltd.,Creative Securities Pvt Ltd,2026-04-29 14:04:08.244768
2026042904007892,AKPL,51,40,100,266.5,26650.0,Oxford Securities Pvt. Ltd.,Creative Securities Pvt Ltd,2026-04-29 14:04:08.244936
2026042904007893,AKPL,59,40,28,266.1,7450.8,Deevyaa Securities & Stock House Pvt. Ltd,Creative Securities Pvt Ltd,2026-04-29 14:04:08.245089
2026042904007894,AKPL,4,40,100,266.1,26610.0,Opal Securities Investment (PVT) Ltd.,Creative Securities Pvt Ltd,2026-04-29 14:04:08.245240
2026042904007895,AKPL,58,40,560,266.1,149016.0,Naasa Securities Co. Ltd.,Creative Securities Pvt Ltd,2026-04-29 14:04:08.245398
2026042904007896,AKPL,36,40,258,266.0,68628.0,Secured Securities Ltd.,Creative Securities Pvt Ltd,2026-04-29 14:04:08.245549
2026042904007936,AKPL,58,45,1,260.0,260.0,Naasa Securities Co. Ltd.,Imperial Securities Company Pvt. Ltd.,2026-04-29 14:04:34.504679
2026042904008069,AKPL,13,25,200,266.3,53260.0,Thrive Brokerage House Pvt. Ltd,Sweta Securities Private Limited,2026-04-29 14:06:23.424137
2026042904008203,AKPL,13,17,10,266.3,2663.0,Thrive Brokerage House Pvt. Ltd,ABC Securities Private Limited,2026-04-29 14:08:05.135858
2026042904008337,AKPL,13,11,200,266.7,53340.0,Thrive Brokerage House Pvt. Ltd,Malla & Malla Stock Broking Company Pvt. Limited,2026-04-29 14:12:17.428738
2026042904008489,AKPL,42,40,100,269.0,26900.0,Sani Securities Company Ltd.,Creative Securities Pvt Ltd,2026-04-29 14:15:59.440396
2026042904008503,AKPL,13,58,405,268.0,108540.0,Thrive Brokerage House Pvt. Ltd,Naasa Securities Co. Ltd.,2026-04-29 14:16:31.238424
2026042904008594,AKPL,59,40,337,269.0,90653.0,Deevyaa Securities & Stock House Pvt. Ltd,Creative Securities Pvt Ltd,2026-04-29 14:18:54.831525
2026042904008595,AKPL,59,58,12,269.0,3228.0,Deevyaa Securities & Stock House Pvt. Ltd,Naasa Securities Co. Ltd.,2026-04-29 14:18:54.831939
2026042904008609,AKPL,59,38,168,269.0,45192.0,Deevyaa Securities & Stock House Pvt. Ltd,Dipshikha Dhitopatra Karobar Co. Pvt Ltd.,2026-04-29 14:19:04.701544
2026042904008767,AKPL,59,42,183,269.0,49227.0,Deevyaa Securities & Stock House Pvt. Ltd,Sani Securities Company Ltd.,2026-04-29 14:20:49.430343
2026042904008768,AKPL,49,42,100,269.0,26900.0,Online Securities Pvt. Ltd.,Sani Securities Company Ltd.,2026-04-29 14:20:49.431115
2026042904008823,AKPL,39,42,110,269.0,29590.0,Sumeru Securities Pvt. Ltd.,Sani Securities Company Ltd.,2026-04-29 14:21:30.231964
2026042904008912,AKPL,11,42,607,269.0,163283.0,Malla & Malla Stock Broking Company Pvt. Limited,Sani Securities Company Ltd.,2026-04-29 14:22:54.065383
2026042904008956,AKPL,11,70,940,269.0,252860.0,Malla & Malla Stock Broking Company Pvt. Limited,Infinity Securities Limited,2026-04-29 14:23:19.737866
2026042904009071,AKPL,11,80,100,269.0,26900.0,Malla & Malla Stock Broking Company Pvt. Limited,Indira securities pvt. ltd,2026-04-29 14:24:39.286353
2026042904009072,AKPL,11,39,250,269.0,67250.0,Malla & Malla Stock Broking Company Pvt. Limited,Sumeru Securities Pvt. Ltd.,2026-04-29 14:24:40.019765
2026042904009154,AKPL,11,45,103,269.0,27707.0,Malla & Malla Stock Broking Company Pvt. Limited,Imperial Securities Company Pvt. Ltd.,2026-04-29 14:25:17.931616
2026042904009223,AKPL,13,39,185,268.0,49580.0,Thrive Brokerage House Pvt. Ltd,Sumeru Securities Pvt. Ltd.,2026-04-29 14:26:28.208051
2026042904009224,AKPL,32,39,200,268.0,53600.0,Premier Securities Company Ltd.,Sumeru Securities Pvt. Ltd.,2026-04-29 14:26:28.209014
2026042904009225,AKPL,39,39,15,268.0,4020.0,Sumeru Securities Pvt. Ltd.,Sumeru Securities Pvt. Ltd.,2026-04-29 14:26:28.209561
2026042904009660,AKPL,26,45,20,268.0,5360.0,Asian Securities Private Ltd.,Imperial Securities Company Pvt. Ltd.,2026-04-29 14:29:35.278042
2026042904009661,AKPL,58,45,70,268.0,18760.0,Naasa Securities Co. Ltd.,Imperial Securities Company Pvt. Ltd.,2026-04-29 14:29:35.278440
2026042904009688,AKPL,45,17,500,267.2,133600.0,Imperial Securities Company Pvt. Ltd.,ABC Securities Private Limited,2026-04-29 14:29:50.238232
2026042904009689,AKPL,1,17,100,267.2,26720.0,Kumari Securities Private Limited,ABC Securities Private Limited,2026-04-29 14:29:50.238967
2026042904009831,AKPL,1,40,200,267.2,53440.0,Kumari Securities Private Limited,Creative Securities Pvt Ltd,2026-04-29 14:31:28.447572
2026042904009832,AKPL,32,40,100,267.1,26710.0,Premier Securities Company Ltd.,Creative Securities Pvt Ltd,2026-04-29 14:31:28.447980
2026042904009934,AKPL,32,32,28,267.1,7478.8,Premier Securities Company Ltd.,Premier Securities Company Ltd.,2026-04-29 14:31:58.137619
2026042904009969,AKPL,32,26,200,267.1,53420.0,Premier Securities Company Ltd.,Asian Securities Private Ltd.,2026-04-29 14:32:12.707318
2026042904009997,AKPL,32,45,107,267.1,28579.7,Premier Securities Company Ltd.,Imperial Securities Company Pvt. Ltd.,2026-04-29 14:32:32.418465
2026042904010260,AKPL,32,50,300,267.1,80130.0,Premier Securities Company Ltd.,Cristal Kanchanjanga Securites Pvt. Ltd.,2026-04-29 14:35:21.640118
2026042904010319,AKPL,32,43,265,267.1,70781.5,Premier Securities Company Ltd.,South Asian Bulls Pvt. Ltd.,2026-04-29 14:35:58.014846
2026042904010320,AKPL,41,43,50,267.1,13355.0,Linch Stock Market Ltd.,South Asian Bulls Pvt. Ltd.,2026-04-29 14:35:58.015237
2026042904010321,AKPL,32,43,50,267.1,13355.0,Premier Securities Company Ltd.,South Asian Bulls Pvt. Ltd.,2026-04-29 14:35:58.015420
2026042904010432,AKPL,52,43,35,267.1,9348.5,Sundhara Securities Limited,South Asian Bulls Pvt. Ltd.,2026-04-29 14:37:25.253708
2026042904010836,AKPL,52,48,2,266.1,532.2,Sundhara Securities Limited,Trishakti Securities Public Limited,2026-04-29 14:40:55.879475
2026042904011259,AKPL,38,8,20,268.0,5360.0,Dipshikha Dhitopatra Karobar Co. Pvt Ltd.,Brilliant Securities Pvt. Ltd.,2026-04-29 14:44:20.066727
2026042904011284,AKPL,26,50,30,268.9,8067.0,Asian Securities Private Ltd.,Cristal Kanchanjanga Securites Pvt. Ltd.,2026-04-29 14:44:35.503929
2026042904011381,AKPL,47,50,15,268.9,4033.5,Neev Securities Pvt. Ltd.,Cristal Kanchanjanga Securites Pvt. Ltd.,2026-04-29 14:45:04.787374
2026042904011382,AKPL,47,41,85,269.0,22865.0,Neev Securities Pvt. Ltd.,Linch Stock Market Ltd.,2026-04-29 14:45:04.787473
2026042904011549,AKPL,41,36,10,268.0,2680.0,Linch Stock Market Ltd.,Secured Securities Ltd.,2026-04-29 14:46:40.803259
2026042904011550,AKPL,62,36,290,268.0,77720.0,Capital Max Securities Ltd,Secured Securities Ltd.,2026-04-29 14:46:40.803376
2026042904011810,AKPL,62,36,500,268.0,134000.0,Capital Max Securities Ltd,Secured Securities Ltd.,2026-04-29 14:48:26.115985
2026042904011914,AKPL,62,72,210,268.0,56280.0,Capital Max Securities Ltd,Hatemalo Financial Services Private Limited,2026-04-29 14:49:11.386658
2026042904011915,AKPL,35,72,100,268.0,26800.0,Kohinoor Investment & Securities Pvt. Ltd.,Hatemalo Financial Services Private Limited,2026-04-29 14:49:11.387426
2026042904011948,AKPL,58,45,75,267.9,20092.5,Naasa Securities Co. Ltd.,Imperial Securities Company Pvt. Ltd.,2026-04-29 14:49:27.124846
2026042904011972,AKPL,50,72,100,268.0,26800.0,Cristal Kanchanjanga Securites Pvt. Ltd.,Hatemalo Financial Services Private Limited,2026-04-29 14:49:29.354581
2026042904012026,AKPL,32,72,90,268.0,24120.0,Premier Securities Company Ltd.,Hatemalo Financial Services Private Limited,2026-04-29 14:50:01.589266
2026042904012027,AKPL,32,50,350,268.0,93800.0,Premier Securities Company Ltd.,Cristal Kanchanjanga Securites Pvt. Ltd.,2026-04-29 14:50:01.590036
2026042904012054,AKPL,32,39,500,268.0,134000.0,Premier Securities Company Ltd.,Sumeru Securities Pvt. Ltd.,2026-04-29 14:50:07.067003
2026042904012137,AKPL,32,58,60,268.0,16080.0,Premier Securities Company Ltd.,Naasa Securities Co. Ltd.,2026-04-29 14:50:33.636791
2026042904012171,AKPL,58,58,247,267.9,66171.3,Naasa Securities Co. Ltd.,Naasa Securities Co. Ltd.,2026-04-29 14:50:50.855066
2026042904012172,AKPL,25,58,30,267.4,8022.0,Sweta Securities Private Limited,Naasa Securities Co. Ltd.,2026-04-29 14:50:50.855472
2026042904012173,AKPL,60,58,500,267.3,133650.0,Nagarik Stock Dealer ,Naasa Securities Co. Ltd.,2026-04-29 14:50:50.855659
2026042904012174,AKPL,54,58,100,267.1,26710.0,Sewa Securities Pvt. Ltd.,Naasa Securities Co. Ltd.,2026-04-29 14:50:50.855839
2026042904012175,AKPL,45,58,100,267.1,26710.0,Imperial Securities Company Pvt. Ltd.,Naasa Securities Co. Ltd.,2026-04-29 14:50:50.856027
2026042904012176,AKPL,67,58,200,267.0,53400.0,Property Wiard Limited,Naasa Securities Co. Ltd.,2026-04-29 14:50:50.856200
2026042904012177,AKPL,45,58,200,267.0,53400.0,Imperial Securities Company Pvt. Ltd.,Naasa Securities Co. Ltd.,2026-04-29 14:50:50.856375
2026042904012178,AKPL,45,58,200,267.0,53400.0,Imperial Securities Company Pvt. Ltd.,Naasa Securities Co. Ltd.,2026-04-29 14:50:50.856538
2026042904012179,AKPL,51,58,10,267.0,2670.0,Oxford Securities Pvt. Ltd.,Naasa Securities Co. Ltd.,2026-04-29 14:50:50.856708
2026042904012180,AKPL,45,58,353,267.0,94251.0,Imperial Securities Company Pvt. Ltd.,Naasa Securities Co. Ltd.,2026-04-29 14:50:50.856874
2026042904012209,AKPL,45,62,647,267.0,172749.0,Imperial Securities Company Pvt. Ltd.,Capital Max Securities Ltd,2026-04-29 14:51:01.280707
2026042904012210,AKPL,14,62,500,267.0,133500.0,Nepal Stock House (PVT) Ltd.,Capital Max Securities Ltd,2026-04-29 14:51:01.280771
2026042904012211,AKPL,11,62,200,267.0,53400.0,Malla & Malla Stock Broking Company Pvt. Limited,Capital Max Securities Ltd,2026-04-29 14:51:01.280799
2026042904012212,AKPL,48,62,29,267.0,7743.0,Trishakti Securities Public Limited,Capital Max Securities Ltd,2026-04-29 14:51:01.280823
2026042904012213,AKPL,22,62,187,267.0,49929.0,Siprabi Securities Pvt. Ltd.,Capital Max Securities Ltd,2026-04-29 14:51:01.280847
2026042904012214,AKPL,8,62,80,267.0,21360.0,Brilliant Securities Pvt. Ltd.,Capital Max Securities Ltd,2026-04-29 14:51:01.280874
2026042904012215,AKPL,36,62,207,266.9,55248.3,Secured Securities Ltd.,Capital Max Securities Ltd,2026-04-29 14:51:01.280899
2026042904012298,AKPL,34,41,100,267.0,26700.0,Vision Securities Pvt. Ltd,Linch Stock Market Ltd.,2026-04-29 14:51:45.127431
2026042904012299,AKPL,57,41,10,267.0,2670.0,Aryatara Investment & Securities,Linch Stock Market Ltd.,2026-04-29 14:51:45.127800
2026042904012373,AKPL,49,5,100,267.0,26700.0,Online Securities Pvt. Ltd.,Market Securities & Exchange (PVT) Ltd.,2026-04-29 14:52:28.698594
2026042904012374,AKPL,36,5,293,266.9,78201.7,Secured Securities Ltd.,Market Securities & Exchange (PVT) Ltd.,2026-04-29 14:52:28.698709
2026042904012375,AKPL,16,5,607,266.8,161947.6,Primo Securities (PVT) Ltd.,Market Securities & Exchange (PVT) Ltd.,2026-04-29 14:52:28.698791
2026042904012783,AKPL,57,67,10,267.0,2670.0,Aryatara Investment & Securities,Property Wiard Limited,2026-04-29 14:54:51.042666
2026042904012916,AKPL,62,21,35,267.5,9362.5,Capital Max Securities Ltd,Midas Stock Broking Company Private Limited,2026-04-29 14:55:33.959731
2026042904013034,AKPL,13,21,15,267.5,4012.5,Thrive Brokerage House Pvt. Ltd,Midas Stock Broking Company Private Limited,2026-04-29 14:56:14.276821
2026042904013035,AKPL,13,14,185,267.5,49487.5,Thrive Brokerage House Pvt. Ltd,Nepal Stock House (PVT) Ltd.,2026-04-29 14:56:14.277195
2026042904013059,AKPL,4,14,20,267.5,5350.0,Opal Securities Investment (PVT) Ltd.,Nepal Stock House (PVT) Ltd.,2026-04-29 14:56:21.918102
2026042904013075,AKPL,34,14,485,267.5,129737.5,Vision Securities Pvt. Ltd,Nepal Stock House (PVT) Ltd.,2026-04-29 14:56:28.054258
2026042904013217,AKPL,38,63,4,267.0,1068.0,Dipshikha Dhitopatra Karobar Co. Pvt Ltd.,Himalayan Brokerage Company Limited,2026-04-29 14:57:22.614983
2026042904013375,AKPL,1,46,200,267.7,53540.0,Kumari Securities Private Limited,Kalika Securities Pvt. Ltd.,2026-04-29 14:58:11.989937
2026042904013376,AKPL,74,46,100,267.6,26760.0,KALASH STOCK MARKET PVT. LTD.,Kalika Securities Pvt. Ltd.,2026-04-29 14:58:11.990274
2026042904013377,AKPL,13,46,20,267.6,5352.0,Thrive Brokerage House Pvt. Ltd,Kalika Securities Pvt. Ltd.,2026-04-29 14:58:11.990458
2026042904013378,AKPL,34,46,515,267.5,137762.5,Vision Securities Pvt. Ltd,Kalika Securities Pvt. Ltd.,2026-04-29 14:58:11.990672
2026042904013379,AKPL,21,46,212,267.1,56625.2,Midas Stock Broking Company Private Limited,Kalika Securities Pvt. Ltd.,2026-04-29 14:58:11.990874
2026042904013576,AKPL,13,49,20,267.7,5354.0,Thrive Brokerage House Pvt. Ltd,Online Securities Pvt. Ltd.,2026-04-29 14:58:52.425453
2026042904013650,AKPL,21,42,38,267.1,10149.8,Midas Stock Broking Company Private Limited,Sani Securities Company Ltd.,2026-04-29 14:59:08.306236
2026042904013651,AKPL,28,42,175,267.1,46742.5,Shree Krishna Securities Ltd.,Sani Securities Company Ltd.,2026-04-29 14:59:08.307002
2026042904013652,AKPL,41,42,100,267.0,26700.0,Linch Stock Market Ltd.,Sani Securities Company Ltd.,2026-04-29 14:59:08.307521
2026042904013653,AKPL,51,42,87,267.0,23229.0,Oxford Securities Pvt. Ltd.,Sani Securities Company Ltd.,2026-04-29 14:59:08.308044
2026042904013688,AKPL,51,33,113,267.0,30171.0,Oxford Securities Pvt. Ltd.,Dakshinkali Investment & Securities Pvt. Ltd.,2026-04-29 14:59:10.373021
2026042904013689,AKPL,75,33,50,267.0,13350.0,N.I.M.B. Stock Markets Limited,Dakshinkali Investment & Securities Pvt. Ltd.,2026-04-29 14:59:10.373381
2026042904013690,AKPL,56,33,337,267.0,89979.0,Sri Hari Securities Pvt. Ltd.,Dakshinkali Investment & Securities Pvt. Ltd.,2026-04-29 14:59:10.373561
2026042904013906,AKPL,14,49,50,267.7,13385.0,Nepal Stock House (PVT) Ltd.,Online Securities Pvt. Ltd.,2026-04-29 14:59:49.009576
2026042904013911,AKPL,40,49,80,267.7,21416.0,Creative Securities Pvt Ltd,Online Securities Pvt. Ltd.,2026-04-29 14:59:49.759049
2026042904013918,AKPL,40,1,420,267.7,112434.0,Creative Securities Pvt Ltd,Kumari Securities Private Limited,2026-04-29 14:59:50.352702
2026042904013919,AKPL,36,1,500,267.2,133600.0,Secured Securities Ltd.,Kumari Securities Private Limited,2026-04-29 14:59:50.353036
2026042904013920,AKPL,41,1,80,267.2,21376.0,Linch Stock Market Ltd.,Kumari Securities Private Limited,2026-04-29 14:59:50.353208
2026042904013932,AKPL,41,62,200,267.2,53440.0,Linch Stock Market Ltd.,Capital Max Securities Ltd,2026-04-29 14:59:52.014438
