contractId,stockSymbol,buyerMemberId,sellerMemberId,quantity,rate,amount,businessDate,tradeBookId,stockId,buyerBrokerName,sellerBrokerName,transaction_time,securityName
2026042903000366,ALICL,34,34,1,442.1,442.1,2026-04-29,188443401,385,Vision Securities Pvt. Ltd,Vision Securities Pvt. Ltd,2026-04-29 11:19:06.024672,Asian Life Insurance Co. Limited
2026042903001003,ALICL,47,45,10,455.1,4551.0,2026-04-29,188471730,385,Neev Securities Pvt. Ltd.,Imperial Securities Company Pvt. Ltd.,2026-04-29 11:45:37.246490,Asian Life Insurance Co. Limited
2026042903001004,ALICL,19,45,100,455.0,45500.0,2026-04-29,188471732,385,Nepal Investment And Securities Trading Private Limited,Imperial Securities Company Pvt. Ltd.,2026-04-29 11:45:37.246593,Asian Life Insurance Co. Limited
2026042903001005,ALICL,28,45,25,454.5,11362.5,2026-04-29,188471734,385,Shree Krishna Securities Ltd.,Imperial Securities Company Pvt. Ltd.,2026-04-29 11:45:37.246671,Asian Life Insurance Co. Limited
2026042903001006,ALICL,33,45,907,454.0,411778.0,2026-04-29,188471735,385,Dakshinkali Investment & Securities Pvt. Ltd.,Imperial Securities Company Pvt. Ltd.,2026-04-29 11:45:37.246744,Asian Life Insurance Co. Limited
2026042903001054,ALICL,33,6,30,454.0,13620.0,2026-04-29,188474143,385,Dakshinkali Investment & Securities Pvt. Ltd.,Agrawal Securities (PVT) Ltd.,2026-04-29 11:48:14.710113,Asian Life Insurance Co. Limited
2026042903001321,ALICL,33,42,63,454.0,28602.0,2026-04-29,188483266,385,Dakshinkali Investment & Securities Pvt. Ltd.,Sani Securities Company Ltd.,2026-04-29 11:57:44.225510,Asian Life Insurance Co. Limited
2026042903001322,ALICL,33,42,279,454.0,126666.0,2026-04-29,188483267,385,Dakshinkali Investment & Securities Pvt. Ltd.,Sani Securities Company Ltd.,2026-04-29 11:57:44.225602,Asian Life Insurance Co. Limited
2026042903001323,ALICL,33,45,68,454.0,30872.0,2026-04-29,188483279,385,Dakshinkali Investment & Securities Pvt. Ltd.,Imperial Securities Company Pvt. Ltd.,2026-04-29 11:57:44.933813,Asian Life Insurance Co. Limited
2026042903001397,ALICL,46,47,21,455.0,9555.0,2026-04-29,188485090,385,Kalika Securities Pvt. Ltd.,Neev Securities Pvt. Ltd.,2026-04-29 11:59:23.567332,Asian Life Insurance Co. Limited
2026042903001548,ALICL,33,44,620,454.0,281480.0,2026-04-29,188490019,385,Dakshinkali Investment & Securities Pvt. Ltd.,Dynamic Money Managers Securities Pvt. Ltd.,2026-04-29 12:04:57.946658,Asian Life Insurance Co. Limited
2026042903001782,ALICL,19,4,200,454.2,90840.0,2026-04-29,188497159,385,Nepal Investment And Securities Trading Private Limited,Opal Securities Investment (PVT) Ltd.,2026-04-29 12:13:28.136373,Asian Life Insurance Co. Limited
2026042903001810,ALICL,19,35,100,454.2,45420.0,2026-04-29,188498013,385,Nepal Investment And Securities Trading Private Limited,Kohinoor Investment & Securities Pvt. Ltd.,2026-04-29 12:14:22.776940,Asian Life Insurance Co. Limited
2026042903001845,ALICL,41,4,10,454.1,4541.0,2026-04-29,188499334,385,Linch Stock Market Ltd.,Opal Securities Investment (PVT) Ltd.,2026-04-29 12:16:06.127945,Asian Life Insurance Co. Limited
2026042903001874,ALICL,33,56,15,454.0,6810.0,2026-04-29,188501179,385,Dakshinkali Investment & Securities Pvt. Ltd.,Sri Hari Securities Pvt. Ltd.,2026-04-29 12:18:17.264975,Asian Life Insurance Co. Limited
2026042903001986,ALICL,33,49,365,454.0,165710.0,2026-04-29,188505791,385,Dakshinkali Investment & Securities Pvt. Ltd.,Online Securities Pvt. Ltd.,2026-04-29 12:23:55.714690,Asian Life Insurance Co. Limited
2026042903002007,ALICL,33,4,40,454.0,18160.0,2026-04-29,188506887,385,Dakshinkali Investment & Securities Pvt. Ltd.,Opal Securities Investment (PVT) Ltd.,2026-04-29 12:25:09.418199,Asian Life Insurance Co. Limited
2026042903002024,ALICL,33,42,10,454.0,4540.0,2026-04-29,188507875,385,Dakshinkali Investment & Securities Pvt. Ltd.,Sani Securities Company Ltd.,2026-04-29 12:26:03.502737,Asian Life Insurance Co. Limited
2026042903002069,ALICL,33,13,20,454.0,9080.0,2026-04-29,188509897,385,Dakshinkali Investment & Securities Pvt. Ltd.,Thrive Brokerage House Pvt. Ltd,2026-04-29 12:28:26.283264,Asian Life Insurance Co. Limited
2026042903002114,ALICL,45,47,10,455.0,4550.0,2026-04-29,188511704,385,Imperial Securities Company Pvt. Ltd.,Neev Securities Pvt. Ltd.,2026-04-29 12:30:58.086148,Asian Life Insurance Co. Limited
2026042903002120,ALICL,58,47,30,455.0,13650.0,2026-04-29,188511846,385,Naasa Securities Co. Ltd.,Neev Securities Pvt. Ltd.,2026-04-29 12:31:16.561377,Asian Life Insurance Co. Limited
2026042903002122,ALICL,33,58,550,454.0,249700.0,2026-04-29,188511993,385,Dakshinkali Investment & Securities Pvt. Ltd.,Naasa Securities Co. Ltd.,2026-04-29 12:31:34.325084,Asian Life Insurance Co. Limited
2026042903002130,ALICL,25,58,200,453.5,90700.0,2026-04-29,188512758,385,Sweta Securities Private Limited,Naasa Securities Co. Ltd.,2026-04-29 12:32:22.029896,Asian Life Insurance Co. Limited
2026042903002131,ALICL,38,58,359,453.0,162627.0,2026-04-29,188512759,385,Dipshikha Dhitopatra Karobar Co. Pvt Ltd.,Naasa Securities Co. Ltd.,2026-04-29 12:32:22.030094,Asian Life Insurance Co. Limited
2026042903002758,ALICL,58,47,19,455.0,8645.0,2026-04-29,188529978,385,Naasa Securities Co. Ltd.,Neev Securities Pvt. Ltd.,2026-04-29 13:00:22.959288,Asian Life Insurance Co. Limited
2026042903002870,ALICL,33,22,1000,454.0,454000.0,2026-04-29,188533069,385,Dakshinkali Investment & Securities Pvt. Ltd.,Siprabi Securities Pvt. Ltd.,2026-04-29 13:05:41.188587,Asian Life Insurance Co. Limited
2026042903003081,ALICL,44,16,90,453.0,40770.0,2026-04-29,188538948,385,Dynamic Money Managers Securities Pvt. Ltd.,Primo Securities (PVT) Ltd.,2026-04-29 13:14:57.519344,Asian Life Insurance Co. Limited
2026042903003082,ALICL,58,16,20,453.0,9060.0,2026-04-29,188538950,385,Naasa Securities Co. Ltd.,Primo Securities (PVT) Ltd.,2026-04-29 13:14:57.519455,Asian Life Insurance Co. Limited
2026042903003083,ALICL,101,16,150,453.0,67950.0,2026-04-29,188538952,385,APPLE SECURITIES PRIVATE LIMITED,Primo Securities (PVT) Ltd.,2026-04-29 13:14:57.519541,Asian Life Insurance Co. Limited
2026042903003084,ALICL,28,16,36,452.4,16286.4,2026-04-29,188538954,385,Shree Krishna Securities Ltd.,Primo Securities (PVT) Ltd.,2026-04-29 13:14:57.519608,Asian Life Insurance Co. Limited
2026042903003085,ALICL,58,16,413,452.4,186841.2,2026-04-29,188538955,385,Naasa Securities Co. Ltd.,Primo Securities (PVT) Ltd.,2026-04-29 13:14:57.519671,Asian Life Insurance Co. Limited
2026042903003327,ALICL,77,3,10,453.0,4530.0,2026-04-29,188543538,385,Nabil Stock Dealer Ltd.,Arun Securities (PVT) Ltd.,2026-04-29 13:23:08.497961,Asian Life Insurance Co. Limited
2026042903003328,ALICL,35,3,14,453.0,6342.0,2026-04-29,188543539,385,Kohinoor Investment & Securities Pvt. Ltd.,Arun Securities (PVT) Ltd.,2026-04-29 13:23:08.498096,Asian Life Insurance Co. Limited
2026042903003539,ALICL,62,46,20,454.9,9098.0,2026-04-29,188547768,385,Capital Max Securities Ltd,Kalika Securities Pvt. Ltd.,2026-04-29 13:30:25.435977,Asian Life Insurance Co. Limited
2026042903003673,ALICL,58,41,26,454.0,11804.0,2026-04-29,188549158,385,Naasa Securities Co. Ltd.,Linch Stock Market Ltd.,2026-04-29 13:32:23.811013,Asian Life Insurance Co. Limited
2026042903003703,ALICL,35,41,74,453.0,33522.0,2026-04-29,188549809,385,Kohinoor Investment & Securities Pvt. Ltd.,Linch Stock Market Ltd.,2026-04-29 13:33:30.518402,Asian Life Insurance Co. Limited
2026042903003918,ALICL,33,29,42,454.0,19068.0,2026-04-29,188554937,385,Dakshinkali Investment & Securities Pvt. Ltd.,Trisul Securities & Invt. Ltd.,2026-04-29 13:43:36.056814,Asian Life Insurance Co. Limited
2026042903004251,ALICL,33,41,100,454.0,45400.0,2026-04-29,188562219,385,Dakshinkali Investment & Securities Pvt. Ltd.,Linch Stock Market Ltd.,2026-04-29 13:55:40.044757,Asian Life Insurance Co. Limited
2026042903004274,ALICL,33,41,100,454.0,45400.0,2026-04-29,188562861,385,Dakshinkali Investment & Securities Pvt. Ltd.,Linch Stock Market Ltd.,2026-04-29 13:57:13.162398,Asian Life Insurance Co. Limited
2026042903004426,ALICL,33,41,100,454.0,45400.0,2026-04-29,188565073,385,Dakshinkali Investment & Securities Pvt. Ltd.,Linch Stock Market Ltd.,2026-04-29 14:00:39.685218,Asian Life Insurance Co. Limited
2026042903004489,ALICL,33,46,250,454.0,113500.0,2026-04-29,188565715,385,Dakshinkali Investment & Securities Pvt. Ltd.,Kalika Securities Pvt. Ltd.,2026-04-29 14:01:51.978281,Asian Life Insurance Co. Limited
2026042903004519,ALICL,33,41,100,454.0,45400.0,2026-04-29,188566573,385,Dakshinkali Investment & Securities Pvt. Ltd.,Linch Stock Market Ltd.,2026-04-29 14:03:12.392432,Asian Life Insurance Co. Limited
2026042903004714,ALICL,33,14,108,454.0,49032.0,2026-04-29,188571970,385,Dakshinkali Investment & Securities Pvt. Ltd.,Nepal Stock House (PVT) Ltd.,2026-04-29 14:13:04.501984,Asian Life Insurance Co. Limited
2026042903004715,ALICL,80,14,173,454.0,78542.0,2026-04-29,188571971,385,Indira securities pvt. ltd,Nepal Stock House (PVT) Ltd.,2026-04-29 14:13:04.502246,Asian Life Insurance Co. Limited
2026042903004762,ALICL,80,26,125,454.0,56750.0,2026-04-29,188572357,385,Indira securities pvt. ltd,Asian Securities Private Ltd.,2026-04-29 14:13:38.651498,Asian Life Insurance Co. Limited
2026042903005070,ALICL,80,74,702,454.0,318708.0,2026-04-29,188578132,385,Indira securities pvt. ltd,KALASH STOCK MARKET PVT. LTD.,2026-04-29 14:22:29.830428,Asian Life Insurance Co. Limited
2026042903005071,ALICL,58,74,20,454.0,9080.0,2026-04-29,188578134,385,Naasa Securities Co. Ltd.,KALASH STOCK MARKET PVT. LTD.,2026-04-29 14:22:29.830657,Asian Life Insurance Co. Limited
2026042903005072,ALICL,17,74,19,454.0,8626.0,2026-04-29,188578136,385,ABC Securities Private Limited,KALASH STOCK MARKET PVT. LTD.,2026-04-29 14:22:29.830804,Asian Life Insurance Co. Limited
2026042903005073,ALICL,57,74,259,454.0,117586.0,2026-04-29,188578137,385,Aryatara Investment & Securities,KALASH STOCK MARKET PVT. LTD.,2026-04-29 14:22:29.831000,Asian Life Insurance Co. Limited
2026042903005461,ALICL,57,22,30,454.0,13620.0,2026-04-29,188587415,385,Aryatara Investment & Securities,Siprabi Securities Pvt. Ltd.,2026-04-29 14:32:14.436489,Asian Life Insurance Co. Limited
2026042903005482,ALICL,57,42,11,454.0,4994.0,2026-04-29,188587860,385,Aryatara Investment & Securities,Sani Securities Company Ltd.,2026-04-29 14:32:34.062966,Asian Life Insurance Co. Limited
2026042903006063,ALICL,35,47,12,453.0,5436.0,2026-04-29,188600910,385,Kohinoor Investment & Securities Pvt. Ltd.,Neev Securities Pvt. Ltd.,2026-04-29 14:45:20.425622,Asian Life Insurance Co. Limited
2026042903006064,ALICL,58,47,10,453.0,4530.0,2026-04-29,188600912,385,Naasa Securities Co. Ltd.,Neev Securities Pvt. Ltd.,2026-04-29 14:45:20.425859,Asian Life Insurance Co. Limited
2026042903006065,ALICL,4,47,478,452.7,216390.6,2026-04-29,188600913,385,Opal Securities Investment (PVT) Ltd.,Neev Securities Pvt. Ltd.,2026-04-29 14:45:20.426010,Asian Life Insurance Co. Limited
2026042903006069,ALICL,4,47,522,452.7,236309.4,2026-04-29,188601114,385,Opal Securities Investment (PVT) Ltd.,Neev Securities Pvt. Ltd.,2026-04-29 14:45:30.122240,Asian Life Insurance Co. Limited
2026042903006088,ALICL,58,47,87,452.6,39376.2,2026-04-29,188601790,385,Naasa Securities Co. Ltd.,Neev Securities Pvt. Ltd.,2026-04-29 14:46:02.650351,Asian Life Insurance Co. Limited
2026042903006089,ALICL,28,47,30,452.6,13578.0,2026-04-29,188601792,385,Shree Krishna Securities Ltd.,Neev Securities Pvt. Ltd.,2026-04-29 14:46:02.650480,Asian Life Insurance Co. Limited
2026042903006090,ALICL,51,47,130,452.6,58838.0,2026-04-29,188601794,385,Oxford Securities Pvt. Ltd.,Neev Securities Pvt. Ltd.,2026-04-29 14:46:02.650557,Asian Life Insurance Co. Limited
2026042903006115,ALICL,86,47,500,452.5,226250.0,2026-04-29,188601982,385,Stoxkarts Securities Limited,Neev Securities Pvt. Ltd.,2026-04-29 14:46:10.615587,Asian Life Insurance Co. Limited
2026042903006116,ALICL,56,47,178,452.5,80545.0,2026-04-29,188601983,385,Sri Hari Securities Pvt. Ltd.,Neev Securities Pvt. Ltd.,2026-04-29 14:46:10.615711,Asian Life Insurance Co. Limited
2026042903006130,ALICL,56,47,122,452.5,55205.0,2026-04-29,188602302,385,Sri Hari Securities Pvt. Ltd.,Neev Securities Pvt. Ltd.,2026-04-29 14:46:26.298493,Asian Life Insurance Co. Limited
2026042903006131,ALICL,17,47,51,452.5,23077.5,2026-04-29,188602303,385,ABC Securities Private Limited,Neev Securities Pvt. Ltd.,2026-04-29 14:46:26.298637,Asian Life Insurance Co. Limited
2026042903006237,ALICL,17,1,79,452.5,35747.5,2026-04-29,188604476,385,ABC Securities Private Limited,Kumari Securities Private Limited,2026-04-29 14:48:15.940270,Asian Life Insurance Co. Limited
2026042903006250,ALICL,19,1,30,452.5,13575.0,2026-04-29,188604900,385,Nepal Investment And Securities Trading Private Limited,Kumari Securities Private Limited,2026-04-29 14:48:34.255040,Asian Life Insurance Co. Limited
2026042903006579,ALICL,41,1,20,452.5,9050.0,2026-04-29,188611568,385,Linch Stock Market Ltd.,Kumari Securities Private Limited,2026-04-29 14:53:31.064178,Asian Life Insurance Co. Limited
2026042903006667,ALICL,26,42,100,452.4,45240.0,2026-04-29,188613084,385,Asian Securities Private Ltd.,Sani Securities Company Ltd.,2026-04-29 14:54:40.113644,Asian Life Insurance Co. Limited
2026042903006668,ALICL,1,42,160,452.3,72368.0,2026-04-29,188613085,385,Kumari Securities Private Limited,Sani Securities Company Ltd.,2026-04-29 14:54:40.113854,Asian Life Insurance Co. Limited
2026042903006931,ALICL,34,33,50,453.0,22650.0,2026-04-29,188617655,385,Vision Securities Pvt. Ltd,Dakshinkali Investment & Securities Pvt. Ltd.,2026-04-29 14:57:28.025083,Asian Life Insurance Co. Limited
2026042903006932,ALICL,34,65,10,453.9,4539.0,2026-04-29,188617658,385,Vision Securities Pvt. Ltd,Sharepro Securities Private Limited,2026-04-29 14:57:28.025182,Asian Life Insurance Co. Limited
2026042903006961,ALICL,1,1,140,452.3,63322.0,2026-04-29,188618296,385,Kumari Securities Private Limited,Kumari Securities Private Limited,2026-04-29 14:57:49.328682,Asian Life Insurance Co. Limited
2026042903006962,ALICL,20,1,360,452.2,162792.0,2026-04-29,188618297,385,Sipla Securities Private Limited,Kumari Securities Private Limited,2026-04-29 14:57:49.328798,Asian Life Insurance Co. Limited
2026042903007083,ALICL,34,65,10,453.9,4539.0,2026-04-29,188621866,385,Vision Securities Pvt. Ltd,Sharepro Securities Private Limited,2026-04-29 14:59:16.755132,Asian Life Insurance Co. Limited
2026042903007183,ALICL,18,35,250,453.8,113450.0,2026-04-29,188623325,385,Sagarmatha Securities Private Limited,Kohinoor Investment & Securities Pvt. Ltd.,2026-04-29 14:59:41.174522,Asian Life Insurance Co. Limited
2026042903007184,ALICL,18,65,180,453.9,81702.0,2026-04-29,188623327,385,Sagarmatha Securities Private Limited,Sharepro Securities Private Limited,2026-04-29 14:59:41.174735,Asian Life Insurance Co. Limited
2026042903007185,ALICL,18,4,500,453.9,226950.0,2026-04-29,188623329,385,Sagarmatha Securities Private Limited,Opal Securities Investment (PVT) Ltd.,2026-04-29 14:59:41.174869,Asian Life Insurance Co. Limited
2026042903007260,ALICL,74,22,1,440.4,440.4,2026-04-29,188624425,385,KALASH STOCK MARKET PVT. LTD.,Siprabi Securities Pvt. Ltd.,2026-04-29 14:59:55.754116,Asian Life Insurance Co. Limited
