contractId,stockSymbol,buyerMemberId,sellerMemberId,quantity,rate,amount,businessDate,tradeBookId,stockId,buyerBrokerName,sellerBrokerName,transaction_time,securityName
2026042905000240,CHDC,71,42,10,2318.0,23180.0,2026-04-29,188426941,3946,SHUBHAKAMANA SECURITIES PVT. LTD,Sani Securities Company Ltd.,2026-04-29 11:07:51.819449,CEDB Holdings Limited
2026042905000241,CHDC,71,54,20,2319.5,46390.0,2026-04-29,188426944,3946,SHUBHAKAMANA SECURITIES PVT. LTD,Sewa Securities Pvt. Ltd.,2026-04-29 11:07:51.819589,CEDB Holdings Limited
2026042905000365,CHDC,49,36,25,2295.0,57375.0,2026-04-29,188431261,3946,Online Securities Pvt. Ltd.,Secured Securities Ltd.,2026-04-29 11:11:00.572379,CEDB Holdings Limited
2026042905000372,CHDC,49,80,275,2295.0,631125.0,2026-04-29,188431558,3946,Online Securities Pvt. Ltd.,Indira securities pvt. ltd,2026-04-29 11:11:14.768503,CEDB Holdings Limited
2026042905000373,CHDC,33,80,25,2290.1,57252.5,2026-04-29,188431559,3946,Dakshinkali Investment & Securities Pvt. Ltd.,Indira securities pvt. ltd,2026-04-29 11:11:14.768606,CEDB Holdings Limited
2026042905000427,CHDC,66,34,35,2291.0,80185.0,2026-04-29,188433137,3946,Miyo Securities Pvt Ltd,Vision Securities Pvt. Ltd,2026-04-29 11:12:16.323141,CEDB Holdings Limited
2026042905000472,CHDC,66,19,12,2291.0,27492.0,2026-04-29,188434251,3946,Miyo Securities Pvt Ltd,Nepal Investment And Securities Trading Private Limited,2026-04-29 11:13:03.780933,CEDB Holdings Limited
2026042905000493,CHDC,19,57,12,2290.0,27480.0,2026-04-29,188434665,3946,Nepal Investment And Securities Trading Private Limited,Aryatara Investment & Securities,2026-04-29 11:13:22.135161,CEDB Holdings Limited
2026042905000633,CHDC,19,54,13,2290.0,29770.0,2026-04-29,188438933,3946,Nepal Investment And Securities Trading Private Limited,Sewa Securities Pvt. Ltd.,2026-04-29 11:16:05.371416,CEDB Holdings Limited
2026042905000977,CHDC,1,50,12,2290.0,27480.0,2026-04-29,188447005,3946,Kumari Securities Private Limited,Cristal Kanchanjanga Securites Pvt. Ltd.,2026-04-29 11:21:57.968708,CEDB Holdings Limited
2026042905001155,CHDC,1,40,12,2290.0,27480.0,2026-04-29,188451501,3946,Kumari Securities Private Limited,Creative Securities Pvt Ltd,2026-04-29 11:25:14.324162,CEDB Holdings Limited
2026042905002041,CHDC,33,16,10,2290.1,22901.0,2026-04-29,188466068,3946,Dakshinkali Investment & Securities Pvt. Ltd.,Primo Securities (PVT) Ltd.,2026-04-29 11:39:07.879750,CEDB Holdings Limited
2026042905002377,CHDC,36,29,2,2250.0,4500.0,2026-04-29,188471777,3946,Secured Securities Ltd.,Trisul Securities & Invt. Ltd.,2026-04-29 11:45:39.420523,CEDB Holdings Limited
2026042905002558,CHDC,4,52,12,2290.5,27486.0,2026-04-29,188474701,3946,Opal Securities Investment (PVT) Ltd.,Sundhara Securities Limited,2026-04-29 11:49:01.168005,CEDB Holdings Limited
2026042905002762,CHDC,4,54,70,2290.5,160335.0,2026-04-29,188477381,3946,Opal Securities Investment (PVT) Ltd.,Sewa Securities Pvt. Ltd.,2026-04-29 11:51:48.565759,CEDB Holdings Limited
2026042905002934,CHDC,4,57,12,2291.1,27493.2,2026-04-29,188479665,3946,Opal Securities Investment (PVT) Ltd.,Aryatara Investment & Securities,2026-04-29 11:54:07.098137,CEDB Holdings Limited
2026042905003096,CHDC,4,52,12,2291.1,27493.2,2026-04-29,188481659,3946,Opal Securities Investment (PVT) Ltd.,Sundhara Securities Limited,2026-04-29 11:56:23.090688,CEDB Holdings Limited
2026042905003315,CHDC,10,94,50,2291.2,114560.0,2026-04-29,188484705,3946,Pragyan Securities (PVT) Ltd.,K.B.L. Securities Limited ,2026-04-29 11:59:05.243111,CEDB Holdings Limited
2026042905003592,CHDC,4,54,15,2295.0,34425.0,2026-04-29,188488805,3946,Opal Securities Investment (PVT) Ltd.,Sewa Securities Pvt. Ltd.,2026-04-29 12:03:41.572546,CEDB Holdings Limited
2026042905003638,CHDC,4,34,12,2300.0,27600.0,2026-04-29,188489625,3946,Opal Securities Investment (PVT) Ltd.,Vision Securities Pvt. Ltd,2026-04-29 12:04:30.471639,CEDB Holdings Limited
2026042905003707,CHDC,57,51,12,2307.0,27684.0,2026-04-29,188490505,3946,Aryatara Investment & Securities,Oxford Securities Pvt. Ltd.,2026-04-29 12:05:32.606498,CEDB Holdings Limited
2026042905003755,CHDC,57,57,31,2308.0,71548.0,2026-04-29,188491698,3946,Aryatara Investment & Securities,Aryatara Investment & Securities,2026-04-29 12:07:00.167301,CEDB Holdings Limited
2026042905003756,CHDC,34,32,1,2250.0,2250.0,2026-04-29,188491739,3946,Vision Securities Pvt. Ltd,Premier Securities Company Ltd.,2026-04-29 12:07:02.302552,CEDB Holdings Limited
2026042905003765,CHDC,34,21,1,2280.0,2280.0,2026-04-29,188492077,3946,Vision Securities Pvt. Ltd,Midas Stock Broking Company Private Limited,2026-04-29 12:07:20.042695,CEDB Holdings Limited
2026042905003793,CHDC,52,80,10,2307.1,23071.0,2026-04-29,188492484,3946,Sundhara Securities Limited,Indira securities pvt. ltd,2026-04-29 12:07:46.444179,CEDB Holdings Limited
2026042905003794,CHDC,52,80,12,2296.0,27552.0,2026-04-29,188492486,3946,Sundhara Securities Limited,Indira securities pvt. ltd,2026-04-29 12:07:46.444354,CEDB Holdings Limited
2026042905003795,CHDC,52,80,15,2293.0,34395.0,2026-04-29,188492488,3946,Sundhara Securities Limited,Indira securities pvt. ltd,2026-04-29 12:07:46.444417,CEDB Holdings Limited
2026042905003796,CHDC,41,80,63,2291.8,144383.4,2026-04-29,188492489,3946,Linch Stock Market Ltd.,Indira securities pvt. ltd,2026-04-29 12:07:46.444467,CEDB Holdings Limited
2026042905003813,CHDC,39,57,18,2308.0,41544.0,2026-04-29,188492810,3946,Sumeru Securities Pvt. Ltd.,Aryatara Investment & Securities,2026-04-29 12:08:07.251425,CEDB Holdings Limited
2026042905004359,CHDC,39,54,10,2315.0,23150.0,2026-04-29,188501458,3946,Sumeru Securities Pvt. Ltd.,Sewa Securities Pvt. Ltd.,2026-04-29 12:18:35.689975,CEDB Holdings Limited
2026042905004899,CHDC,39,52,1,2291.0,2291.0,2026-04-29,188510641,3946,Sumeru Securities Pvt. Ltd.,Sundhara Securities Limited,2026-04-29 12:29:36.877187,CEDB Holdings Limited
2026042905004924,CHDC,39,57,1,2295.0,2295.0,2026-04-29,188511279,3946,Sumeru Securities Pvt. Ltd.,Aryatara Investment & Securities,2026-04-29 12:30:14.031930,CEDB Holdings Limited
2026042905004935,CHDC,39,58,1,2297.0,2297.0,2026-04-29,188511459,3946,Sumeru Securities Pvt. Ltd.,Naasa Securities Co. Ltd.,2026-04-29 12:30:34.222814,CEDB Holdings Limited
2026042905005027,CHDC,96,57,12,2292.2,27506.4,2026-04-29,188513729,3946,Himalayan Securities Limited,Aryatara Investment & Securities,2026-04-29 12:33:23.582266,CEDB Holdings Limited
2026042905005051,CHDC,57,45,200,2293.0,458600.0,2026-04-29,188514782,3946,Aryatara Investment & Securities,Imperial Securities Company Pvt. Ltd.,2026-04-29 12:34:28.724030,CEDB Holdings Limited
2026042905005052,CHDC,96,45,38,2292.2,87103.6,2026-04-29,188514784,3946,Himalayan Securities Limited,Imperial Securities Company Pvt. Ltd.,2026-04-29 12:34:28.724180,CEDB Holdings Limited
2026042905005081,CHDC,71,28,10,2292.1,22921.0,2026-04-29,188515258,3946,SHUBHAKAMANA SECURITIES PVT. LTD,Shree Krishna Securities Ltd.,2026-04-29 12:34:55.592963,CEDB Holdings Limited
2026042905005082,CHDC,58,28,65,2292.0,148980.0,2026-04-29,188515260,3946,Naasa Securities Co. Ltd.,Shree Krishna Securities Ltd.,2026-04-29 12:34:55.593248,CEDB Holdings Limited
2026042905005083,CHDC,10,28,155,2292.0,355260.0,2026-04-29,188515262,3946,Pragyan Securities (PVT) Ltd.,Shree Krishna Securities Ltd.,2026-04-29 12:34:55.593426,CEDB Holdings Limited
2026042905005084,CHDC,57,28,10,2292.0,22920.0,2026-04-29,188515263,3946,Aryatara Investment & Securities,Shree Krishna Securities Ltd.,2026-04-29 12:34:55.593598,CEDB Holdings Limited
2026042905005110,CHDC,63,59,1,2246.0,2246.0,2026-04-29,188515693,3946,Himalayan Brokerage Company Limited,Deevyaa Securities & Stock House Pvt. Ltd,2026-04-29 12:35:47.271639,CEDB Holdings Limited
2026042905005503,CHDC,63,45,8,2270.0,18160.0,2026-04-29,188520569,3946,Himalayan Brokerage Company Limited,Imperial Securities Company Pvt. Ltd.,2026-04-29 12:43:20.765907,CEDB Holdings Limited
2026042905005754,CHDC,43,14,17,2299.5,39091.5,2026-04-29,188523913,3946,South Asian Bulls Pvt. Ltd.,Nepal Stock House (PVT) Ltd.,2026-04-29 12:49:47.825050,CEDB Holdings Limited
2026042905005992,CHDC,49,4,1,2290.0,2290.0,2026-04-29,188526777,3946,Online Securities Pvt. Ltd.,Opal Securities Investment (PVT) Ltd.,2026-04-29 12:54:34.266032,CEDB Holdings Limited
2026042905006566,CHDC,34,40,2,2260.0,4520.0,2026-04-29,188533271,3946,Vision Securities Pvt. Ltd,Creative Securities Pvt Ltd,2026-04-29 13:06:01.269292,CEDB Holdings Limited
2026042905006927,CHDC,49,35,100,2302.4,230240.0,2026-04-29,188538221,3946,Online Securities Pvt. Ltd.,Kohinoor Investment & Securities Pvt. Ltd.,2026-04-29 13:13:59.193998,CEDB Holdings Limited
2026042905006972,CHDC,43,36,108,2302.0,248616.0,2026-04-29,188538494,3946,South Asian Bulls Pvt. Ltd.,Secured Securities Ltd.,2026-04-29 13:14:19.650741,CEDB Holdings Limited
2026042905006973,CHDC,35,36,50,2301.0,115050.0,2026-04-29,188538496,3946,Kohinoor Investment & Securities Pvt. Ltd.,Secured Securities Ltd.,2026-04-29 13:14:19.650930,CEDB Holdings Limited
2026042905006974,CHDC,57,36,70,2301.0,161070.0,2026-04-29,188538497,3946,Aryatara Investment & Securities,Secured Securities Ltd.,2026-04-29 13:14:19.650988,CEDB Holdings Limited
2026042905007385,CHDC,39,99,1,2297.0,2297.0,2026-04-29,188544199,3946,Sumeru Securities Pvt. Ltd.,Prabhu Stock Market Limited,2026-04-29 13:24:10.449063,CEDB Holdings Limited
2026042905007518,CHDC,26,44,1,2232.0,2232.0,2026-04-29,188545703,3946,Asian Securities Private Ltd.,Dynamic Money Managers Securities Pvt. Ltd.,2026-04-29 13:26:51.171600,CEDB Holdings Limited
2026042905007699,CHDC,43,57,20,2296.5,45930.0,2026-04-29,188548375,3946,South Asian Bulls Pvt. Ltd.,Aryatara Investment & Securities,2026-04-29 13:31:18.292038,CEDB Holdings Limited
2026042905007702,CHDC,43,36,35,2296.5,80377.5,2026-04-29,188548410,3946,South Asian Bulls Pvt. Ltd.,Secured Securities Ltd.,2026-04-29 13:31:23.375219,CEDB Holdings Limited
2026042905007703,CHDC,19,36,25,2296.0,57400.0,2026-04-29,188548412,3946,Nepal Investment And Securities Trading Private Limited,Secured Securities Ltd.,2026-04-29 13:31:23.375579,CEDB Holdings Limited
2026042905007704,CHDC,42,36,10,2295.7,22957.0,2026-04-29,188548414,3946,Sani Securities Company Ltd.,Secured Securities Ltd.,2026-04-29 13:31:23.375759,CEDB Holdings Limited
2026042905007705,CHDC,57,36,100,2294.0,229400.0,2026-04-29,188548416,3946,Aryatara Investment & Securities,Secured Securities Ltd.,2026-04-29 13:31:23.375921,CEDB Holdings Limited
2026042905007706,CHDC,22,36,50,2293.0,114650.0,2026-04-29,188548418,3946,Siprabi Securities Pvt. Ltd.,Secured Securities Ltd.,2026-04-29 13:31:23.376162,CEDB Holdings Limited
2026042905007707,CHDC,62,36,20,2291.9,45838.0,2026-04-29,188548420,3946,Capital Max Securities Ltd,Secured Securities Ltd.,2026-04-29 13:31:23.376340,CEDB Holdings Limited
2026042905007708,CHDC,41,36,37,2291.8,84796.6,2026-04-29,188548422,3946,Linch Stock Market Ltd.,Secured Securities Ltd.,2026-04-29 13:31:23.376499,CEDB Holdings Limited
2026042905007709,CHDC,1,36,26,2290.0,59540.0,2026-04-29,188548424,3946,Kumari Securities Private Limited,Secured Securities Ltd.,2026-04-29 13:31:23.376692,CEDB Holdings Limited
2026042905007710,CHDC,35,36,10,2290.0,22900.0,2026-04-29,188548426,3946,Kohinoor Investment & Securities Pvt. Ltd.,Secured Securities Ltd.,2026-04-29 13:31:23.376854,CEDB Holdings Limited
2026042905007711,CHDC,1,36,10,2290.0,22900.0,2026-04-29,188548428,3946,Kumari Securities Private Limited,Secured Securities Ltd.,2026-04-29 13:31:23.377010,CEDB Holdings Limited
2026042905007712,CHDC,99,36,13,2290.0,29770.0,2026-04-29,188548430,3946,Prabhu Stock Market Limited,Secured Securities Ltd.,2026-04-29 13:31:23.377180,CEDB Holdings Limited
2026042905007713,CHDC,51,36,10,2290.0,22900.0,2026-04-29,188548432,3946,Oxford Securities Pvt. Ltd.,Secured Securities Ltd.,2026-04-29 13:31:23.377340,CEDB Holdings Limited
2026042905007714,CHDC,85,36,50,2290.0,114500.0,2026-04-29,188548434,3946,Capital Hub P. Ltd,Secured Securities Ltd.,2026-04-29 13:31:23.377488,CEDB Holdings Limited
2026042905007715,CHDC,32,36,130,2290.0,297700.0,2026-04-29,188548436,3946,Premier Securities Company Ltd.,Secured Securities Ltd.,2026-04-29 13:31:23.377642,CEDB Holdings Limited
2026042905007716,CHDC,16,36,217,2290.0,496930.0,2026-04-29,188548438,3946,Primo Securities (PVT) Ltd.,Secured Securities Ltd.,2026-04-29 13:31:23.377795,CEDB Holdings Limited
2026042905007717,CHDC,6,36,20,2290.0,45800.0,2026-04-29,188548440,3946,Agrawal Securities (PVT) Ltd.,Secured Securities Ltd.,2026-04-29 13:31:23.377948,CEDB Holdings Limited
2026042905007718,CHDC,58,36,43,2290.0,98470.0,2026-04-29,188548442,3946,Naasa Securities Co. Ltd.,Secured Securities Ltd.,2026-04-29 13:31:23.378089,CEDB Holdings Limited
2026042905007821,CHDC,58,51,10,2286.0,22860.0,2026-04-29,188549758,3946,Naasa Securities Co. Ltd.,Oxford Securities Pvt. Ltd.,2026-04-29 13:33:25.422928,CEDB Holdings Limited
2026042905007938,CHDC,65,3,12,2287.1,27445.2,2026-04-29,188551465,3946,Sharepro Securities Private Limited,Arun Securities (PVT) Ltd.,2026-04-29 13:36:47.955516,CEDB Holdings Limited
2026042905007980,CHDC,34,57,1,2260.0,2260.0,2026-04-29,188552141,3946,Vision Securities Pvt. Ltd,Aryatara Investment & Securities,2026-04-29 13:38:24.887452,CEDB Holdings Limited
2026042905008144,CHDC,58,36,30,2287.2,68616.0,2026-04-29,188554286,3946,Naasa Securities Co. Ltd.,Secured Securities Ltd.,2026-04-29 13:42:32.288727,CEDB Holdings Limited
2026042905008145,CHDC,3,36,12,2287.2,27446.4,2026-04-29,188554288,3946,Arun Securities (PVT) Ltd.,Secured Securities Ltd.,2026-04-29 13:42:32.288870,CEDB Holdings Limited
2026042905008146,CHDC,65,36,10,2287.1,22871.0,2026-04-29,188554290,3946,Sharepro Securities Private Limited,Secured Securities Ltd.,2026-04-29 13:42:32.288929,CEDB Holdings Limited
2026042905008147,CHDC,37,36,29,2287.0,66323.0,2026-04-29,188554292,3946,Swarna Laxmi Securities Pvt. Ltd.,Secured Securities Ltd.,2026-04-29 13:42:32.288982,CEDB Holdings Limited
2026042905008148,CHDC,16,36,10,2286.0,22860.0,2026-04-29,188554294,3946,Primo Securities (PVT) Ltd.,Secured Securities Ltd.,2026-04-29 13:42:32.289054,CEDB Holdings Limited
2026042905008149,CHDC,35,36,10,2285.0,22850.0,2026-04-29,188554296,3946,Kohinoor Investment & Securities Pvt. Ltd.,Secured Securities Ltd.,2026-04-29 13:42:32.289111,CEDB Holdings Limited
2026042905008150,CHDC,34,36,10,2282.2,22822.0,2026-04-29,188554298,3946,Vision Securities Pvt. Ltd,Secured Securities Ltd.,2026-04-29 13:42:32.289162,CEDB Holdings Limited
2026042905008151,CHDC,34,36,10,2282.1,22821.0,2026-04-29,188554300,3946,Vision Securities Pvt. Ltd,Secured Securities Ltd.,2026-04-29 13:42:32.289214,CEDB Holdings Limited
2026042905008152,CHDC,14,36,50,2281.0,114050.0,2026-04-29,188554302,3946,Nepal Stock House (PVT) Ltd.,Secured Securities Ltd.,2026-04-29 13:42:32.289265,CEDB Holdings Limited
2026042905008153,CHDC,35,36,10,2280.0,22800.0,2026-04-29,188554304,3946,Kohinoor Investment & Securities Pvt. Ltd.,Secured Securities Ltd.,2026-04-29 13:42:32.289323,CEDB Holdings Limited
2026042905008154,CHDC,19,36,13,2280.0,29640.0,2026-04-29,188554305,3946,Nepal Investment And Securities Trading Private Limited,Secured Securities Ltd.,2026-04-29 13:42:32.289370,CEDB Holdings Limited
2026042905008644,CHDC,58,36,30,2280.2,68406.0,2026-04-29,188560890,3946,Naasa Securities Co. Ltd.,Secured Securities Ltd.,2026-04-29 13:53:40.432434,CEDB Holdings Limited
2026042905008645,CHDC,63,36,10,2280.1,22801.0,2026-04-29,188560892,3946,Himalayan Brokerage Company Limited,Secured Securities Ltd.,2026-04-29 13:53:40.432673,CEDB Holdings Limited
2026042905008646,CHDC,65,36,20,2280.1,45602.0,2026-04-29,188560894,3946,Sharepro Securities Private Limited,Secured Securities Ltd.,2026-04-29 13:53:40.432735,CEDB Holdings Limited
2026042905008647,CHDC,19,36,12,2280.0,27360.0,2026-04-29,188560896,3946,Nepal Investment And Securities Trading Private Limited,Secured Securities Ltd.,2026-04-29 13:53:40.432791,CEDB Holdings Limited
2026042905008648,CHDC,4,36,10,2280.0,22800.0,2026-04-29,188560898,3946,Opal Securities Investment (PVT) Ltd.,Secured Securities Ltd.,2026-04-29 13:53:40.432845,CEDB Holdings Limited
2026042905008649,CHDC,32,36,10,2280.0,22800.0,2026-04-29,188560900,3946,Premier Securities Company Ltd.,Secured Securities Ltd.,2026-04-29 13:53:40.432899,CEDB Holdings Limited
2026042905008650,CHDC,54,36,15,2280.0,34200.0,2026-04-29,188560902,3946,Sewa Securities Pvt. Ltd.,Secured Securities Ltd.,2026-04-29 13:53:40.432952,CEDB Holdings Limited
2026042905008651,CHDC,45,36,25,2280.0,57000.0,2026-04-29,188560904,3946,Imperial Securities Company Pvt. Ltd.,Secured Securities Ltd.,2026-04-29 13:53:40.433003,CEDB Holdings Limited
2026042905008652,CHDC,43,36,100,2280.0,228000.0,2026-04-29,188560906,3946,South Asian Bulls Pvt. Ltd.,Secured Securities Ltd.,2026-04-29 13:53:40.433065,CEDB Holdings Limited
2026042905008653,CHDC,34,36,20,2280.0,45600.0,2026-04-29,188560908,3946,Vision Securities Pvt. Ltd,Secured Securities Ltd.,2026-04-29 13:53:40.433139,CEDB Holdings Limited
2026042905008654,CHDC,16,36,18,2280.0,41040.0,2026-04-29,188560910,3946,Primo Securities (PVT) Ltd.,Secured Securities Ltd.,2026-04-29 13:53:40.433198,CEDB Holdings Limited
2026042905008655,CHDC,66,36,25,2279.0,56975.0,2026-04-29,188560912,3946,Miyo Securities Pvt Ltd,Secured Securities Ltd.,2026-04-29 13:53:40.433251,CEDB Holdings Limited
2026042905008656,CHDC,54,36,30,2275.5,68265.0,2026-04-29,188560914,3946,Sewa Securities Pvt. Ltd.,Secured Securities Ltd.,2026-04-29 13:53:40.433303,CEDB Holdings Limited
2026042905008657,CHDC,1,36,10,2275.2,22752.0,2026-04-29,188560916,3946,Kumari Securities Private Limited,Secured Securities Ltd.,2026-04-29 13:53:40.433360,CEDB Holdings Limited
2026042905008658,CHDC,21,36,300,2275.0,682500.0,2026-04-29,188560918,3946,Midas Stock Broking Company Private Limited,Secured Securities Ltd.,2026-04-29 13:53:40.433410,CEDB Holdings Limited
2026042905008659,CHDC,32,36,50,2275.0,113750.0,2026-04-29,188560920,3946,Premier Securities Company Ltd.,Secured Securities Ltd.,2026-04-29 13:53:40.433459,CEDB Holdings Limited
2026042905008660,CHDC,57,36,100,2275.0,227500.0,2026-04-29,188560922,3946,Aryatara Investment & Securities,Secured Securities Ltd.,2026-04-29 13:53:40.433511,CEDB Holdings Limited
2026042905008661,CHDC,49,36,10,2275.0,22750.0,2026-04-29,188560924,3946,Online Securities Pvt. Ltd.,Secured Securities Ltd.,2026-04-29 13:53:40.433573,CEDB Holdings Limited
2026042905008688,CHDC,36,36,10,2271.0,22710.0,2026-04-29,188561228,3946,Secured Securities Ltd.,Secured Securities Ltd.,2026-04-29 13:54:06.700254,CEDB Holdings Limited
2026042905008689,CHDC,17,36,10,2270.0,22700.0,2026-04-29,188561230,3946,ABC Securities Private Limited,Secured Securities Ltd.,2026-04-29 13:54:06.700574,CEDB Holdings Limited
2026042905008690,CHDC,17,36,100,2270.0,227000.0,2026-04-29,188561232,3946,ABC Securities Private Limited,Secured Securities Ltd.,2026-04-29 13:54:06.700724,CEDB Holdings Limited
2026042905008691,CHDC,58,36,40,2270.0,90800.0,2026-04-29,188561234,3946,Naasa Securities Co. Ltd.,Secured Securities Ltd.,2026-04-29 13:54:06.700870,CEDB Holdings Limited
2026042905008692,CHDC,101,36,20,2270.0,45400.0,2026-04-29,188561236,3946,APPLE SECURITIES PRIVATE LIMITED,Secured Securities Ltd.,2026-04-29 13:54:06.701015,CEDB Holdings Limited
2026042905008693,CHDC,58,36,10,2270.0,22700.0,2026-04-29,188561238,3946,Naasa Securities Co. Ltd.,Secured Securities Ltd.,2026-04-29 13:54:06.701162,CEDB Holdings Limited
2026042905008694,CHDC,32,36,10,2270.0,22700.0,2026-04-29,188561240,3946,Premier Securities Company Ltd.,Secured Securities Ltd.,2026-04-29 13:54:06.701304,CEDB Holdings Limited
2026042905008736,CHDC,66,36,3,2291.0,6873.0,2026-04-29,188561987,3946,Miyo Securities Pvt Ltd,Secured Securities Ltd.,2026-04-29 13:55:10.146204,CEDB Holdings Limited
2026042905008764,CHDC,26,36,2,2260.0,4520.0,2026-04-29,188562319,3946,Asian Securities Private Ltd.,Secured Securities Ltd.,2026-04-29 13:55:55.514366,CEDB Holdings Limited
2026042905008908,CHDC,58,5,10,2271.1,22711.0,2026-04-29,188564075,3946,Naasa Securities Co. Ltd.,Market Securities & Exchange (PVT) Ltd.,2026-04-29 13:59:21.140923,CEDB Holdings Limited
2026042905009232,CHDC,57,38,12,2276.0,27312.0,2026-04-29,188569175,3946,Aryatara Investment & Securities,Dipshikha Dhitopatra Karobar Co. Pvt Ltd.,2026-04-29 14:07:45.657684,CEDB Holdings Limited
2026042905009334,CHDC,21,88,50,2277.0,113850.0,2026-04-29,188570536,3946,Midas Stock Broking Company Private Limited,Blue Chip Securities Ltd,2026-04-29 14:10:38.308400,CEDB Holdings Limited
2026042905009335,CHDC,57,88,38,2276.0,86488.0,2026-04-29,188570538,3946,Aryatara Investment & Securities,Blue Chip Securities Ltd,2026-04-29 14:10:38.308575,CEDB Holdings Limited
2026042905009336,CHDC,59,88,50,2275.1,113755.0,2026-04-29,188570540,3946,Deevyaa Securities & Stock House Pvt. Ltd,Blue Chip Securities Ltd,2026-04-29 14:10:38.308650,CEDB Holdings Limited
2026042905009337,CHDC,49,88,50,2275.0,113750.0,2026-04-29,188570542,3946,Online Securities Pvt. Ltd.,Blue Chip Securities Ltd,2026-04-29 14:10:38.308730,CEDB Holdings Limited
2026042905009338,CHDC,63,88,10,2273.1,22731.0,2026-04-29,188570544,3946,Himalayan Brokerage Company Limited,Blue Chip Securities Ltd,2026-04-29 14:10:38.308788,CEDB Holdings Limited
2026042905009339,CHDC,57,88,10,2273.0,22730.0,2026-04-29,188570546,3946,Aryatara Investment & Securities,Blue Chip Securities Ltd,2026-04-29 14:10:38.308859,CEDB Holdings Limited
2026042905009340,CHDC,63,88,20,2272.0,45440.0,2026-04-29,188570548,3946,Himalayan Brokerage Company Limited,Blue Chip Securities Ltd,2026-04-29 14:10:38.308931,CEDB Holdings Limited
2026042905009341,CHDC,58,88,30,2271.1,68133.0,2026-04-29,188570550,3946,Naasa Securities Co. Ltd.,Blue Chip Securities Ltd,2026-04-29 14:10:38.308998,CEDB Holdings Limited
2026042905009342,CHDC,59,88,50,2271.1,113555.0,2026-04-29,188570552,3946,Deevyaa Securities & Stock House Pvt. Ltd,Blue Chip Securities Ltd,2026-04-29 14:10:38.309062,CEDB Holdings Limited
2026042905009343,CHDC,62,88,20,2271.0,45420.0,2026-04-29,188570554,3946,Capital Max Securities Ltd,Blue Chip Securities Ltd,2026-04-29 14:10:38.309130,CEDB Holdings Limited
2026042905009344,CHDC,57,88,100,2270.0,227000.0,2026-04-29,188570556,3946,Aryatara Investment & Securities,Blue Chip Securities Ltd,2026-04-29 14:10:38.309198,CEDB Holdings Limited
2026042905009345,CHDC,63,88,10,2270.0,22700.0,2026-04-29,188570558,3946,Himalayan Brokerage Company Limited,Blue Chip Securities Ltd,2026-04-29 14:10:38.309283,CEDB Holdings Limited
2026042905009346,CHDC,16,88,12,2270.0,27240.0,2026-04-29,188570560,3946,Primo Securities (PVT) Ltd.,Blue Chip Securities Ltd,2026-04-29 14:10:38.309389,CEDB Holdings Limited
2026042905009347,CHDC,29,88,555,2270.0,1259850.0,2026-04-29,188570562,3946,Trisul Securities & Invt. Ltd.,Blue Chip Securities Ltd,2026-04-29 14:10:38.309456,CEDB Holdings Limited
2026042905009348,CHDC,6,88,20,2270.0,45400.0,2026-04-29,188570564,3946,Agrawal Securities (PVT) Ltd.,Blue Chip Securities Ltd,2026-04-29 14:10:38.309521,CEDB Holdings Limited
2026042905009349,CHDC,43,88,16,2267.1,36273.6,2026-04-29,188570566,3946,South Asian Bulls Pvt. Ltd.,Blue Chip Securities Ltd,2026-04-29 14:10:38.309591,CEDB Holdings Limited
2026042905009350,CHDC,54,88,20,2267.0,45340.0,2026-04-29,188570568,3946,Sewa Securities Pvt. Ltd.,Blue Chip Securities Ltd,2026-04-29 14:10:38.309657,CEDB Holdings Limited
2026042905009351,CHDC,38,88,20,2266.0,45320.0,2026-04-29,188570570,3946,Dipshikha Dhitopatra Karobar Co. Pvt Ltd.,Blue Chip Securities Ltd,2026-04-29 14:10:38.309726,CEDB Holdings Limited
2026042905009352,CHDC,36,88,200,2265.0,453000.0,2026-04-29,188570572,3946,Secured Securities Ltd.,Blue Chip Securities Ltd,2026-04-29 14:10:38.309794,CEDB Holdings Limited
2026042905009353,CHDC,16,88,20,2262.0,45240.0,2026-04-29,188570574,3946,Primo Securities (PVT) Ltd.,Blue Chip Securities Ltd,2026-04-29 14:10:38.309884,CEDB Holdings Limited
2026042905009354,CHDC,26,88,20,2261.0,45220.0,2026-04-29,188570576,3946,Asian Securities Private Ltd.,Blue Chip Securities Ltd,2026-04-29 14:10:38.309939,CEDB Holdings Limited
2026042905009355,CHDC,34,88,10,2260.4,22604.0,2026-04-29,188570578,3946,Vision Securities Pvt. Ltd,Blue Chip Securities Ltd,2026-04-29 14:10:38.310047,CEDB Holdings Limited
2026042905009356,CHDC,74,88,30,2260.3,67809.0,2026-04-29,188570580,3946,KALASH STOCK MARKET PVT. LTD.,Blue Chip Securities Ltd,2026-04-29 14:10:38.310104,CEDB Holdings Limited
2026042905009357,CHDC,5,88,100,2260.2,226020.0,2026-04-29,188570582,3946,Market Securities & Exchange (PVT) Ltd.,Blue Chip Securities Ltd,2026-04-29 14:10:38.310172,CEDB Holdings Limited
2026042905009358,CHDC,44,88,200,2260.1,452020.0,2026-04-29,188570584,3946,Dynamic Money Managers Securities Pvt. Ltd.,Blue Chip Securities Ltd,2026-04-29 14:10:38.310228,CEDB Holdings Limited
2026042905009359,CHDC,32,88,100,2260.1,226010.0,2026-04-29,188570586,3946,Premier Securities Company Ltd.,Blue Chip Securities Ltd,2026-04-29 14:10:38.310280,CEDB Holdings Limited
2026042905009360,CHDC,82,88,1000,2260.0,2260000.0,2026-04-29,188570588,3946,N.M.B. SECURITIES LIMITED,Blue Chip Securities Ltd,2026-04-29 14:10:38.310413,CEDB Holdings Limited
2026042905009361,CHDC,71,88,20,2260.0,45200.0,2026-04-29,188570590,3946,SHUBHAKAMANA SECURITIES PVT. LTD,Blue Chip Securities Ltd,2026-04-29 14:10:38.310487,CEDB Holdings Limited
2026042905009362,CHDC,32,88,50,2260.0,113000.0,2026-04-29,188570592,3946,Premier Securities Company Ltd.,Blue Chip Securities Ltd,2026-04-29 14:10:38.310593,CEDB Holdings Limited
2026042905009363,CHDC,8,88,200,2251.1,450220.0,2026-04-29,188570594,3946,Brilliant Securities Pvt. Ltd.,Blue Chip Securities Ltd,2026-04-29 14:10:38.310667,CEDB Holdings Limited
2026042905009364,CHDC,32,88,969,2251.0,2181219.0,2026-04-29,188570595,3946,Premier Securities Company Ltd.,Blue Chip Securities Ltd,2026-04-29 14:10:38.310742,CEDB Holdings Limited
2026042905009739,CHDC,26,50,1,2250.0,2250.0,2026-04-29,188574031,3946,Asian Securities Private Ltd.,Cristal Kanchanjanga Securites Pvt. Ltd.,2026-04-29 14:16:17.367842,CEDB Holdings Limited
2026042905010138,CHDC,58,52,10,2270.0,22700.0,2026-04-29,188579101,3946,Naasa Securities Co. Ltd.,Sundhara Securities Limited,2026-04-29 14:23:49.283584,CEDB Holdings Limited
2026042905011133,CHDC,63,38,10,2270.0,22700.0,2026-04-29,188588706,3946,Himalayan Brokerage Company Limited,Dipshikha Dhitopatra Karobar Co. Pvt Ltd.,2026-04-29 14:33:24.002738,CEDB Holdings Limited
2026042905011208,CHDC,32,60,11,2294.9,25243.9,2026-04-29,188590150,3946,Premier Securities Company Ltd.,Nagarik Stock Dealer ,2026-04-29 14:35:00.405439,CEDB Holdings Limited
2026042905011343,CHDC,39,38,10,2295.0,22950.0,2026-04-29,188592090,3946,Sumeru Securities Pvt. Ltd.,Dipshikha Dhitopatra Karobar Co. Pvt Ltd.,2026-04-29 14:37:14.027348,CEDB Holdings Limited
2026042905011500,CHDC,69,38,2,2270.0,4540.0,2026-04-29,188593799,3946,INDEX SECURITIES LIMITED,Dipshikha Dhitopatra Karobar Co. Pvt Ltd.,2026-04-29 14:38:43.534534,CEDB Holdings Limited
2026042905011599,CHDC,26,58,1,2250.0,2250.0,2026-04-29,188595041,3946,Asian Securities Private Ltd.,Naasa Securities Co. Ltd.,2026-04-29 14:39:56.140279,CEDB Holdings Limited
2026042905011639,CHDC,32,52,87,2280.0,198360.0,2026-04-29,188595499,3946,Premier Securities Company Ltd.,Sundhara Securities Limited,2026-04-29 14:40:18.233303,CEDB Holdings Limited
2026042905011671,CHDC,52,57,20,2298.9,45978.0,2026-04-29,188595969,3946,Sundhara Securities Limited,Aryatara Investment & Securities,2026-04-29 14:40:43.671164,CEDB Holdings Limited
2026042905011672,CHDC,52,39,10,2299.0,22990.0,2026-04-29,188595972,3946,Sundhara Securities Limited,Sumeru Securities Pvt. Ltd.,2026-04-29 14:40:43.671341,CEDB Holdings Limited
2026042905011820,CHDC,17,44,10,2282.0,22820.0,2026-04-29,188598068,3946,ABC Securities Private Limited,Dynamic Money Managers Securities Pvt. Ltd.,2026-04-29 14:42:32.256835,CEDB Holdings Limited
2026042905011988,CHDC,65,14,28,2281.1,63870.8,2026-04-29,188600336,3946,Sharepro Securities Private Limited,Nepal Stock House (PVT) Ltd.,2026-04-29 14:44:50.580191,CEDB Holdings Limited
2026042905011989,CHDC,39,14,50,2281.0,114050.0,2026-04-29,188600338,3946,Sumeru Securities Pvt. Ltd.,Nepal Stock House (PVT) Ltd.,2026-04-29 14:44:50.580508,CEDB Holdings Limited
2026042905011990,CHDC,32,14,13,2280.0,29640.0,2026-04-29,188600340,3946,Premier Securities Company Ltd.,Nepal Stock House (PVT) Ltd.,2026-04-29 14:44:50.580689,CEDB Holdings Limited
2026042905011991,CHDC,36,14,10,2271.0,22710.0,2026-04-29,188600342,3946,Secured Securities Ltd.,Nepal Stock House (PVT) Ltd.,2026-04-29 14:44:50.580866,CEDB Holdings Limited
2026042905011992,CHDC,17,14,200,2270.0,454000.0,2026-04-29,188600344,3946,ABC Securities Private Limited,Nepal Stock House (PVT) Ltd.,2026-04-29 14:44:50.581055,CEDB Holdings Limited
2026042905011993,CHDC,10,14,100,2270.0,227000.0,2026-04-29,188600346,3946,Pragyan Securities (PVT) Ltd.,Nepal Stock House (PVT) Ltd.,2026-04-29 14:44:50.581220,CEDB Holdings Limited
2026042905012142,CHDC,37,14,50,2269.0,113450.0,2026-04-29,188602354,3946,Swarna Laxmi Securities Pvt. Ltd.,Nepal Stock House (PVT) Ltd.,2026-04-29 14:46:28.652775,CEDB Holdings Limited
2026042905012475,CHDC,58,14,20,2269.0,45380.0,2026-04-29,188605872,3946,Naasa Securities Co. Ltd.,Nepal Stock House (PVT) Ltd.,2026-04-29 14:49:24.914753,CEDB Holdings Limited
2026042905012549,CHDC,68,14,100,2269.0,226900.0,2026-04-29,188606550,3946,Elite Stock House Limited,Nepal Stock House (PVT) Ltd.,2026-04-29 14:49:50.190875,CEDB Holdings Limited
2026042905012887,CHDC,44,14,71,2269.0,161099.0,2026-04-29,188611035,3946,Dynamic Money Managers Securities Pvt. Ltd.,Nepal Stock House (PVT) Ltd.,2026-04-29 14:53:16.807341,CEDB Holdings Limited
2026042905013262,CHDC,32,60,10,2294.9,22949.0,2026-04-29,188614826,3946,Premier Securities Company Ltd.,Nagarik Stock Dealer ,2026-04-29 14:55:44.512802,CEDB Holdings Limited
2026042905013538,CHDC,42,60,10,2290.0,22900.0,2026-04-29,188617993,3946,Sani Securities Company Ltd.,Nagarik Stock Dealer ,2026-04-29 14:57:39.944004,CEDB Holdings Limited
2026042905013544,CHDC,11,33,10,2293.0,22930.0,2026-04-29,188618134,3946,Malla & Malla Stock Broking Company Pvt. Limited,Dakshinkali Investment & Securities Pvt. Ltd.,2026-04-29 14:57:43.426733,CEDB Holdings Limited
2026042905013882,CHDC,57,16,500,2280.0,1140000.0,2026-04-29,188621251,3946,Aryatara Investment & Securities,Primo Securities (PVT) Ltd.,2026-04-29 14:59:08.282798,CEDB Holdings Limited
2026042905014026,CHDC,52,39,10,2290.0,22900.0,2026-04-29,188622596,3946,Sundhara Securities Limited,Sumeru Securities Pvt. Ltd.,2026-04-29 14:59:29.793110,CEDB Holdings Limited
