contractId,stockSymbol,buyerMemberId,sellerMemberId,quantity,rate,amount,businessDate,tradeBookId,stockId,buyerBrokerName,sellerBrokerName,transaction_time,securityName
2026042904001066,CHL,22,34,23,293.0,6739.0,2026-04-29,188452786,2766,Siprabi Securities Pvt. Ltd.,Vision Securities Pvt. Ltd,2026-04-29 11:26:25.088055,Chhyangdi Hydropower Ltd.
2026042904001489,CHL,13,63,51,289.0,14739.0,2026-04-29,188464750,2766,Thrive Brokerage House Pvt. Ltd,Himalayan Brokerage Company Limited,2026-04-29 11:37:48.522567,Chhyangdi Hydropower Ltd.
2026042904001490,CHL,57,63,17,289.0,4913.0,2026-04-29,188464752,2766,Aryatara Investment & Securities,Himalayan Brokerage Company Limited,2026-04-29 11:37:48.522722,Chhyangdi Hydropower Ltd.
2026042904001491,CHL,43,63,15,287.0,4305.0,2026-04-29,188464754,2766,South Asian Bulls Pvt. Ltd.,Himalayan Brokerage Company Limited,2026-04-29 11:37:48.522829,Chhyangdi Hydropower Ltd.
2026042904001492,CHL,57,63,100,287.0,28700.0,2026-04-29,188464756,2766,Aryatara Investment & Securities,Himalayan Brokerage Company Limited,2026-04-29 11:37:48.522925,Chhyangdi Hydropower Ltd.
2026042904001493,CHL,59,63,638,286.1,182531.8,2026-04-29,188464758,2766,Deevyaa Securities & Stock House Pvt. Ltd,Himalayan Brokerage Company Limited,2026-04-29 11:37:48.523034,Chhyangdi Hydropower Ltd.
2026042904001494,CHL,51,63,350,286.0,100100.0,2026-04-29,188464760,2766,Oxford Securities Pvt. Ltd.,Himalayan Brokerage Company Limited,2026-04-29 11:37:48.523164,Chhyangdi Hydropower Ltd.
2026042904001495,CHL,19,63,500,285.1,142550.0,2026-04-29,188464762,2766,Nepal Investment And Securities Trading Private Limited,Himalayan Brokerage Company Limited,2026-04-29 11:37:48.523282,Chhyangdi Hydropower Ltd.
2026042904001496,CHL,57,63,500,285.0,142500.0,2026-04-29,188464764,2766,Aryatara Investment & Securities,Himalayan Brokerage Company Limited,2026-04-29 11:37:48.523442,Chhyangdi Hydropower Ltd.
2026042904001497,CHL,47,63,14,285.0,3990.0,2026-04-29,188464766,2766,Neev Securities Pvt. Ltd.,Himalayan Brokerage Company Limited,2026-04-29 11:37:48.523537,Chhyangdi Hydropower Ltd.
2026042904001498,CHL,7,63,35,285.0,9975.0,2026-04-29,188464768,2766,J.F. Securites (PVT) Ltd.,Himalayan Brokerage Company Limited,2026-04-29 11:37:48.523656,Chhyangdi Hydropower Ltd.
2026042904001499,CHL,57,63,480,285.0,136800.0,2026-04-29,188464769,2766,Aryatara Investment & Securities,Himalayan Brokerage Company Limited,2026-04-29 11:37:48.523804,Chhyangdi Hydropower Ltd.
2026042904001568,CHL,52,63,10,286.0,2860.0,2026-04-29,188466118,2766,Sundhara Securities Limited,Himalayan Brokerage Company Limited,2026-04-29 11:39:12.589705,Chhyangdi Hydropower Ltd.
2026042904001586,CHL,14,34,100,292.0,29200.0,2026-04-29,188466490,2766,Nepal Stock House (PVT) Ltd.,Vision Securities Pvt. Ltd,2026-04-29 11:39:36.004942,Chhyangdi Hydropower Ltd.
2026042904002606,CHL,62,38,1,292.0,292.0,2026-04-29,188483003,2766,Capital Max Securities Ltd,Dipshikha Dhitopatra Karobar Co. Pvt Ltd.,2026-04-29 11:57:33.198209,Chhyangdi Hydropower Ltd.
2026042904002641,CHL,13,57,50,289.0,14450.0,2026-04-29,188483221,2766,Thrive Brokerage House Pvt. Ltd,Aryatara Investment & Securities,2026-04-29 11:57:41.467489,Chhyangdi Hydropower Ltd.
2026042904002921,CHL,7,51,10,286.0,2860.0,2026-04-29,188488694,2766,J.F. Securites (PVT) Ltd.,Oxford Securities Pvt. Ltd.,2026-04-29 12:03:33.024468,Chhyangdi Hydropower Ltd.
2026042904002922,CHL,25,51,100,286.0,28600.0,2026-04-29,188488695,2766,Sweta Securities Private Limited,Oxford Securities Pvt. Ltd.,2026-04-29 12:03:33.024643,Chhyangdi Hydropower Ltd.
2026042904003052,CHL,13,53,1,289.0,289.0,2026-04-29,188492051,2766,Thrive Brokerage House Pvt. Ltd,Investment Management Nepal Pvt. Ltd.,2026-04-29 12:07:18.687242,Chhyangdi Hydropower Ltd.
2026042904003154,CHL,4,34,19,290.9,5527.1,2026-04-29,188493656,2766,Opal Securities Investment (PVT) Ltd.,Vision Securities Pvt. Ltd,2026-04-29 12:09:16.575342,Chhyangdi Hydropower Ltd.
2026042904003231,CHL,42,34,10,290.9,2909.0,2026-04-29,188494844,2766,Sani Securities Company Ltd.,Vision Securities Pvt. Ltd,2026-04-29 12:10:33.346788,Chhyangdi Hydropower Ltd.
2026042904003483,CHL,4,34,19,290.9,5527.1,2026-04-29,188499658,2766,Opal Securities Investment (PVT) Ltd.,Vision Securities Pvt. Ltd,2026-04-29 12:16:33.513043,Chhyangdi Hydropower Ltd.
2026042904003611,CHL,44,58,50,287.0,14350.0,2026-04-29,188502297,2766,Dynamic Money Managers Securities Pvt. Ltd.,Naasa Securities Co. Ltd.,2026-04-29 12:19:43.370333,Chhyangdi Hydropower Ltd.
2026042904003933,CHL,14,34,10,290.9,2909.0,2026-04-29,188509006,2766,Nepal Stock House (PVT) Ltd.,Vision Securities Pvt. Ltd,2026-04-29 12:27:22.571473,Chhyangdi Hydropower Ltd.
2026042904004104,CHL,11,64,300,287.1,86130.0,2026-04-29,188511872,2766,Malla & Malla Stock Broking Company Pvt. Limited,SUN SECURITIES PVT LTD,2026-04-29 12:31:19.148400,Chhyangdi Hydropower Ltd.
2026042904004105,CHL,45,64,400,287.1,114840.0,2026-04-29,188511873,2766,Imperial Securities Company Pvt. Ltd.,SUN SECURITIES PVT LTD,2026-04-29 12:31:19.148550,Chhyangdi Hydropower Ltd.
2026042904005059,CHL,49,45,20,288.0,5760.0,2026-04-29,188527102,2766,Online Securities Pvt. Ltd.,Imperial Securities Company Pvt. Ltd.,2026-04-29 12:55:06.914303,Chhyangdi Hydropower Ltd.
2026042904005084,CHL,4,45,11,288.0,3168.0,2026-04-29,188527614,2766,Opal Securities Investment (PVT) Ltd.,Imperial Securities Company Pvt. Ltd.,2026-04-29 12:56:18.340567,Chhyangdi Hydropower Ltd.
2026042904005219,CHL,58,45,169,288.0,48672.0,2026-04-29,188528862,2766,Naasa Securities Co. Ltd.,Imperial Securities Company Pvt. Ltd.,2026-04-29 12:58:27.843119,Chhyangdi Hydropower Ltd.
2026042904005354,CHL,4,76,10,289.0,2890.0,2026-04-29,188530469,2766,Opal Securities Investment (PVT) Ltd.,Machhapuchchhre Securities Limited,2026-04-29 13:01:19.519164,Chhyangdi Hydropower Ltd.
2026042904005355,CHL,4,51,1,289.0,289.0,2026-04-29,188530471,2766,Opal Securities Investment (PVT) Ltd.,Oxford Securities Pvt. Ltd.,2026-04-29 13:01:19.519292,Chhyangdi Hydropower Ltd.
2026042904005725,CHL,34,58,25,290.0,7250.0,2026-04-29,188536600,2766,Vision Securities Pvt. Ltd,Naasa Securities Co. Ltd.,2026-04-29 13:11:29.916868,Chhyangdi Hydropower Ltd.
2026042904005763,CHL,45,58,19,290.0,5510.0,2026-04-29,188537528,2766,Imperial Securities Company Pvt. Ltd.,Naasa Securities Co. Ltd.,2026-04-29 13:12:58.553631,Chhyangdi Hydropower Ltd.
2026042904005862,CHL,45,16,25,289.0,7225.0,2026-04-29,188539260,2766,Imperial Securities Company Pvt. Ltd.,Primo Securities (PVT) Ltd.,2026-04-29 13:15:30.192255,Chhyangdi Hydropower Ltd.
2026042904005863,CHL,37,16,50,288.0,14400.0,2026-04-29,188539262,2766,Swarna Laxmi Securities Pvt. Ltd.,Primo Securities (PVT) Ltd.,2026-04-29 13:15:30.192310,Chhyangdi Hydropower Ltd.
2026042904005864,CHL,45,16,24,287.5,6900.0,2026-04-29,188539263,2766,Imperial Securities Company Pvt. Ltd.,Primo Securities (PVT) Ltd.,2026-04-29 13:15:30.192351,Chhyangdi Hydropower Ltd.
2026042904006060,CHL,45,21,126,287.5,36225.0,2026-04-29,188543466,2766,Imperial Securities Company Pvt. Ltd.,Midas Stock Broking Company Private Limited,2026-04-29 13:22:55.201686,Chhyangdi Hydropower Ltd.
2026042904006061,CHL,45,21,74,287.1,21245.4,2026-04-29,188543467,2766,Imperial Securities Company Pvt. Ltd.,Midas Stock Broking Company Private Limited,2026-04-29 13:22:55.201874,Chhyangdi Hydropower Ltd.
2026042904006108,CHL,45,40,26,287.1,7464.6,2026-04-29,188544064,2766,Imperial Securities Company Pvt. Ltd.,Creative Securities Pvt Ltd,2026-04-29 13:24:00.368352,Chhyangdi Hydropower Ltd.
2026042904006109,CHL,32,40,100,287.1,28710.0,2026-04-29,188544066,2766,Premier Securities Company Ltd.,Creative Securities Pvt Ltd,2026-04-29 13:24:00.368579,Chhyangdi Hydropower Ltd.
2026042904006110,CHL,44,40,124,287.0,35588.0,2026-04-29,188544067,2766,Dynamic Money Managers Securities Pvt. Ltd.,Creative Securities Pvt Ltd,2026-04-29 13:24:00.368728,Chhyangdi Hydropower Ltd.
2026042904006241,CHL,44,40,26,287.0,7462.0,2026-04-29,188545712,2766,Dynamic Money Managers Securities Pvt. Ltd.,Creative Securities Pvt Ltd,2026-04-29 13:26:53.017388,Chhyangdi Hydropower Ltd.
2026042904006242,CHL,7,40,10,287.0,2870.0,2026-04-29,188545714,2766,J.F. Securites (PVT) Ltd.,Creative Securities Pvt Ltd,2026-04-29 13:26:53.017567,Chhyangdi Hydropower Ltd.
2026042904006243,CHL,7,40,10,287.0,2870.0,2026-04-29,188545716,2766,J.F. Securites (PVT) Ltd.,Creative Securities Pvt Ltd,2026-04-29 13:26:53.017615,Chhyangdi Hydropower Ltd.
2026042904006244,CHL,6,40,100,287.0,28700.0,2026-04-29,188545718,2766,Agrawal Securities (PVT) Ltd.,Creative Securities Pvt Ltd,2026-04-29 13:26:53.017666,Chhyangdi Hydropower Ltd.
2026042904006245,CHL,45,40,104,287.0,29848.0,2026-04-29,188545719,2766,Imperial Securities Company Pvt. Ltd.,Creative Securities Pvt Ltd,2026-04-29 13:26:53.017712,Chhyangdi Hydropower Ltd.
2026042904006331,CHL,45,34,210,287.0,60270.0,2026-04-29,188546731,2766,Imperial Securities Company Pvt. Ltd.,Vision Securities Pvt. Ltd,2026-04-29 13:28:46.385442,Chhyangdi Hydropower Ltd.
2026042904006349,CHL,95,17,3,280.0,840.0,2026-04-29,188546785,2766,Magnet Securities and Investment Company Private Limited,ABC Securities Private Limited,2026-04-29 13:28:48.206259,Chhyangdi Hydropower Ltd.
2026042904006374,CHL,95,94,1,283.3,283.3,2026-04-29,188547067,2766,Magnet Securities and Investment Company Private Limited,K.B.L. Securities Limited ,2026-04-29 13:29:20.227282,Chhyangdi Hydropower Ltd.
2026042904006499,CHL,60,58,10,288.0,2880.0,2026-04-29,188549138,2766,Nagarik Stock Dealer ,Naasa Securities Co. Ltd.,2026-04-29 13:32:21.840088,Chhyangdi Hydropower Ltd.
2026042904006785,CHL,45,58,10,288.0,2880.0,2026-04-29,188553778,2766,Imperial Securities Company Pvt. Ltd.,Naasa Securities Co. Ltd.,2026-04-29 13:41:48.452387,Chhyangdi Hydropower Ltd.
2026042904006792,CHL,42,58,100,288.0,28800.0,2026-04-29,188553938,2766,Sani Securities Company Ltd.,Naasa Securities Co. Ltd.,2026-04-29 13:42:08.885046,Chhyangdi Hydropower Ltd.
2026042904006902,CHL,13,48,100,287.5,28750.0,2026-04-29,188556594,2766,Thrive Brokerage House Pvt. Ltd,Trishakti Securities Public Limited,2026-04-29 13:46:18.050477,Chhyangdi Hydropower Ltd.
2026042904006903,CHL,57,48,200,287.2,57440.0,2026-04-29,188556596,2766,Aryatara Investment & Securities,Trishakti Securities Public Limited,2026-04-29 13:46:18.050693,Chhyangdi Hydropower Ltd.
2026042904006904,CHL,45,48,50,287.0,14350.0,2026-04-29,188556597,2766,Imperial Securities Company Pvt. Ltd.,Trishakti Securities Public Limited,2026-04-29 13:46:18.050788,Chhyangdi Hydropower Ltd.
2026042904007088,CHL,3,58,80,288.0,23040.0,2026-04-29,188558793,2766,Arun Securities (PVT) Ltd.,Naasa Securities Co. Ltd.,2026-04-29 13:50:19.770785,Chhyangdi Hydropower Ltd.
2026042904007089,CHL,3,29,500,288.0,144000.0,2026-04-29,188558795,2766,Arun Securities (PVT) Ltd.,Trisul Securities & Invt. Ltd.,2026-04-29 13:50:19.771028,Chhyangdi Hydropower Ltd.
2026042904008345,CHL,48,45,200,287.3,57460.0,2026-04-29,188571567,2766,Trishakti Securities Public Limited,Imperial Securities Company Pvt. Ltd.,2026-04-29 14:12:25.463408,Chhyangdi Hydropower Ltd.
2026042904008824,CHL,57,49,583,289.0,168487.0,2026-04-29,188577368,2766,Aryatara Investment & Securities,Online Securities Pvt. Ltd.,2026-04-29 14:21:31.484162,Chhyangdi Hydropower Ltd.
2026042904009696,CHL,14,36,18,287.1,5167.8,2026-04-29,188585468,2766,Nepal Stock House (PVT) Ltd.,Secured Securities Ltd.,2026-04-29 14:30:00.839179,Chhyangdi Hydropower Ltd.
2026042904009697,CHL,57,36,150,287.1,43065.0,2026-04-29,188585470,2766,Aryatara Investment & Securities,Secured Securities Ltd.,2026-04-29 14:30:00.839368,Chhyangdi Hydropower Ltd.
2026042904009698,CHL,38,36,462,287.0,132594.0,2026-04-29,188585471,2766,Dipshikha Dhitopatra Karobar Co. Pvt Ltd.,Secured Securities Ltd.,2026-04-29 14:30:00.839423,Chhyangdi Hydropower Ltd.
2026042904009801,CHL,38,26,38,287.0,10906.0,2026-04-29,188586362,2766,Dipshikha Dhitopatra Karobar Co. Pvt Ltd.,Asian Securities Private Ltd.,2026-04-29 14:30:58.858467,Chhyangdi Hydropower Ltd.
2026042904009802,CHL,34,26,123,287.0,35301.0,2026-04-29,188586364,2766,Vision Securities Pvt. Ltd,Asian Securities Private Ltd.,2026-04-29 14:30:58.858711,Chhyangdi Hydropower Ltd.
2026042904009803,CHL,74,26,100,287.0,28700.0,2026-04-29,188586366,2766,KALASH STOCK MARKET PVT. LTD.,Asian Securities Private Ltd.,2026-04-29 14:30:58.858856,Chhyangdi Hydropower Ltd.
2026042904009804,CHL,40,26,739,287.0,212093.0,2026-04-29,188586367,2766,Creative Securities Pvt Ltd,Asian Securities Private Ltd.,2026-04-29 14:30:58.859155,Chhyangdi Hydropower Ltd.
2026042904010241,CHL,48,57,100,287.1,28710.0,2026-04-29,188590257,2766,Trishakti Securities Public Limited,Aryatara Investment & Securities,2026-04-29 14:35:07.951148,Chhyangdi Hydropower Ltd.
2026042904011608,CHL,48,45,400,287.1,114840.0,2026-04-29,188603044,2766,Trishakti Securities Public Limited,Imperial Securities Company Pvt. Ltd.,2026-04-29 14:47:07.669955,Chhyangdi Hydropower Ltd.
2026042904011609,CHL,40,45,261,287.0,74907.0,2026-04-29,188603046,2766,Creative Securities Pvt Ltd,Imperial Securities Company Pvt. Ltd.,2026-04-29 14:47:07.670066,Chhyangdi Hydropower Ltd.
2026042904011610,CHL,34,45,500,287.0,143500.0,2026-04-29,188603048,2766,Vision Securities Pvt. Ltd,Imperial Securities Company Pvt. Ltd.,2026-04-29 14:47:07.670145,Chhyangdi Hydropower Ltd.
2026042904011611,CHL,17,45,125,287.0,35875.0,2026-04-29,188603050,2766,ABC Securities Private Limited,Imperial Securities Company Pvt. Ltd.,2026-04-29 14:47:07.670217,Chhyangdi Hydropower Ltd.
2026042904011612,CHL,11,45,11,287.0,3157.0,2026-04-29,188603052,2766,Malla & Malla Stock Broking Company Pvt. Limited,Imperial Securities Company Pvt. Ltd.,2026-04-29 14:47:07.670292,Chhyangdi Hydropower Ltd.
2026042904011613,CHL,3,45,420,286.1,120162.0,2026-04-29,188603054,2766,Arun Securities (PVT) Ltd.,Imperial Securities Company Pvt. Ltd.,2026-04-29 14:47:07.670386,Chhyangdi Hydropower Ltd.
2026042904011614,CHL,50,45,2000,286.0,572000.0,2026-04-29,188603056,2766,Cristal Kanchanjanga Securites Pvt. Ltd.,Imperial Securities Company Pvt. Ltd.,2026-04-29 14:47:07.670477,Chhyangdi Hydropower Ltd.
2026042904011615,CHL,72,45,250,286.0,71500.0,2026-04-29,188603058,2766,Hatemalo Financial Services Private Limited,Imperial Securities Company Pvt. Ltd.,2026-04-29 14:47:07.670585,Chhyangdi Hydropower Ltd.
2026042904011616,CHL,58,45,10,286.0,2860.0,2026-04-29,188603060,2766,Naasa Securities Co. Ltd.,Imperial Securities Company Pvt. Ltd.,2026-04-29 14:47:07.670705,Chhyangdi Hydropower Ltd.
2026042904011617,CHL,82,45,24,286.0,6864.0,2026-04-29,188603061,2766,N.M.B. SECURITIES LIMITED,Imperial Securities Company Pvt. Ltd.,2026-04-29 14:47:07.670807,Chhyangdi Hydropower Ltd.
2026042904011739,CHL,82,57,76,286.0,21736.0,2026-04-29,188604044,2766,N.M.B. SECURITIES LIMITED,Aryatara Investment & Securities,2026-04-29 14:47:55.941076,Chhyangdi Hydropower Ltd.
2026042904011740,CHL,38,57,500,286.0,143000.0,2026-04-29,188604046,2766,Dipshikha Dhitopatra Karobar Co. Pvt Ltd.,Aryatara Investment & Securities,2026-04-29 14:47:55.941213,Chhyangdi Hydropower Ltd.
2026042904011968,CHL,42,57,350,286.0,100100.0,2026-04-29,188606056,2766,Sani Securities Company Ltd.,Aryatara Investment & Securities,2026-04-29 14:49:27.736025,Chhyangdi Hydropower Ltd.
2026042904012019,CHL,58,57,74,285.5,21127.0,2026-04-29,188606631,2766,Naasa Securities Co. Ltd.,Aryatara Investment & Securities,2026-04-29 14:49:53.556811,Chhyangdi Hydropower Ltd.
2026042904012158,CHL,58,45,126,285.5,35973.0,2026-04-29,188607678,2766,Naasa Securities Co. Ltd.,Imperial Securities Company Pvt. Ltd.,2026-04-29 14:50:46.694516,Chhyangdi Hydropower Ltd.
2026042904012159,CHL,32,45,200,285.2,57040.0,2026-04-29,188607680,2766,Premier Securities Company Ltd.,Imperial Securities Company Pvt. Ltd.,2026-04-29 14:50:46.694590,Chhyangdi Hydropower Ltd.
2026042904012160,CHL,19,45,1000,285.1,285100.0,2026-04-29,188607682,2766,Nepal Investment And Securities Trading Private Limited,Imperial Securities Company Pvt. Ltd.,2026-04-29 14:50:46.694623,Chhyangdi Hydropower Ltd.
2026042904012161,CHL,42,45,150,285.1,42765.0,2026-04-29,188607684,2766,Sani Securities Company Ltd.,Imperial Securities Company Pvt. Ltd.,2026-04-29 14:50:46.694660,Chhyangdi Hydropower Ltd.
2026042904012162,CHL,57,45,520,285.0,148200.0,2026-04-29,188607686,2766,Aryatara Investment & Securities,Imperial Securities Company Pvt. Ltd.,2026-04-29 14:50:46.694694,Chhyangdi Hydropower Ltd.
2026042904012163,CHL,70,45,31,285.0,8835.0,2026-04-29,188607688,2766,Infinity Securities Limited,Imperial Securities Company Pvt. Ltd.,2026-04-29 14:50:46.694717,Chhyangdi Hydropower Ltd.
2026042904012164,CHL,11,45,500,285.0,142500.0,2026-04-29,188607690,2766,Malla & Malla Stock Broking Company Pvt. Limited,Imperial Securities Company Pvt. Ltd.,2026-04-29 14:50:46.694741,Chhyangdi Hydropower Ltd.
2026042904012165,CHL,6,45,50,285.0,14250.0,2026-04-29,188607692,2766,Agrawal Securities (PVT) Ltd.,Imperial Securities Company Pvt. Ltd.,2026-04-29 14:50:46.694764,Chhyangdi Hydropower Ltd.
2026042904012166,CHL,38,45,121,285.0,34485.0,2026-04-29,188607693,2766,Dipshikha Dhitopatra Karobar Co. Pvt Ltd.,Imperial Securities Company Pvt. Ltd.,2026-04-29 14:50:46.694791,Chhyangdi Hydropower Ltd.
2026042904012279,CHL,35,58,10,286.0,2860.0,2026-04-29,188608915,2766,Kohinoor Investment & Securities Pvt. Ltd.,Naasa Securities Co. Ltd.,2026-04-29 14:51:40.543366,Chhyangdi Hydropower Ltd.
2026042904012280,CHL,35,7,73,286.0,20878.0,2026-04-29,188608918,2766,Kohinoor Investment & Securities Pvt. Ltd.,J.F. Securites (PVT) Ltd.,2026-04-29 14:51:40.543506,Chhyangdi Hydropower Ltd.
2026042904012732,CHL,52,19,10,285.9,2859.0,2026-04-29,188612844,2766,Sundhara Securities Limited,Nepal Investment And Securities Trading Private Limited,2026-04-29 14:54:28.151069,Chhyangdi Hydropower Ltd.
2026042904012972,CHL,42,7,300,286.0,85800.0,2026-04-29,188615230,2766,Sani Securities Company Ltd.,J.F. Securites (PVT) Ltd.,2026-04-29 14:56:00.645808,Chhyangdi Hydropower Ltd.
2026042904013039,CHL,58,7,127,286.0,36322.0,2026-04-29,188615697,2766,Naasa Securities Co. Ltd.,J.F. Securites (PVT) Ltd.,2026-04-29 14:56:15.394675,Chhyangdi Hydropower Ltd.
2026042904013040,CHL,58,45,200,286.0,57200.0,2026-04-29,188615699,2766,Naasa Securities Co. Ltd.,Imperial Securities Company Pvt. Ltd.,2026-04-29 14:56:15.394792,Chhyangdi Hydropower Ltd.
2026042904013041,CHL,58,51,373,286.0,106678.0,2026-04-29,188615702,2766,Naasa Securities Co. Ltd.,Oxford Securities Pvt. Ltd.,2026-04-29 14:56:15.394849,Chhyangdi Hydropower Ltd.
2026042904013296,CHL,25,59,200,286.0,57200.0,2026-04-29,188618312,2766,Sweta Securities Private Limited,Deevyaa Securities & Stock House Pvt. Ltd,2026-04-29 14:57:50.059938,Chhyangdi Hydropower Ltd.
2026042904013318,CHL,42,59,20,286.0,5720.0,2026-04-29,188618524,2766,Sani Securities Company Ltd.,Deevyaa Securities & Stock House Pvt. Ltd,2026-04-29 14:57:56.058294,Chhyangdi Hydropower Ltd.
2026042904013329,CHL,5,59,100,286.0,28600.0,2026-04-29,188618642,2766,Market Securities & Exchange (PVT) Ltd.,Deevyaa Securities & Stock House Pvt. Ltd,2026-04-29 14:57:57.679399,Chhyangdi Hydropower Ltd.
2026042904013547,CHL,13,59,100,286.0,28600.0,2026-04-29,188620222,2766,Thrive Brokerage House Pvt. Ltd,Deevyaa Securities & Stock House Pvt. Ltd,2026-04-29 14:58:42.327799,Chhyangdi Hydropower Ltd.
2026042904013548,CHL,59,95,40,285.2,11408.0,2026-04-29,188620236,2766,Deevyaa Securities & Stock House Pvt. Ltd,Magnet Securities and Investment Company Private Limited,2026-04-29 14:58:43.097042,Chhyangdi Hydropower Ltd.
2026042904013549,CHL,43,95,60,285.1,17106.0,2026-04-29,188620237,2766,South Asian Bulls Pvt. Ltd.,Magnet Securities and Investment Company Private Limited,2026-04-29 14:58:43.097279,Chhyangdi Hydropower Ltd.
2026042904013562,CHL,7,59,500,286.0,143000.0,2026-04-29,188620458,2766,J.F. Securites (PVT) Ltd.,Deevyaa Securities & Stock House Pvt. Ltd,2026-04-29 14:58:49.224038,Chhyangdi Hydropower Ltd.
2026042904013670,CHL,43,5,200,285.1,57020.0,2026-04-29,188621309,2766,South Asian Bulls Pvt. Ltd.,Market Securities & Exchange (PVT) Ltd.,2026-04-29 14:59:08.588697,Chhyangdi Hydropower Ltd.
2026042904013863,CHL,14,59,100,286.0,28600.0,2026-04-29,188623394,2766,Nepal Stock House (PVT) Ltd.,Deevyaa Securities & Stock House Pvt. Ltd,2026-04-29 14:59:41.994249,Chhyangdi Hydropower Ltd.
2026042904013955,CHL,43,59,100,286.0,28600.0,2026-04-29,188624424,2766,South Asian Bulls Pvt. Ltd.,Deevyaa Securities & Stock House Pvt. Ltd,2026-04-29 14:59:55.685799,Chhyangdi Hydropower Ltd.
