contractId,stockSymbol,buyerMemberId,sellerMemberId,quantity,rate,amount,businessDate,tradeBookId,stockId,buyerBrokerName,sellerBrokerName,transaction_time,securityName
2026042901001660,CZBIL,34,94,10,204.1,2041.0,2026-04-29,188421817,348,Vision Securities Pvt. Ltd,K.B.L. Securities Limited ,2026-04-29 11:03:40.675437,Citizens Bank International Limited
2026042901002744,CZBIL,34,36,80,204.1,16328.0,2026-04-29,188424295,348,Vision Securities Pvt. Ltd,Secured Securities Ltd.,2026-04-29 11:05:39.408084,Citizens Bank International Limited
2026042901004694,CZBIL,19,58,20,204.5,4090.0,2026-04-29,188428859,348,Nepal Investment And Securities Trading Private Limited,Naasa Securities Co. Ltd.,2026-04-29 11:09:19.750126,Citizens Bank International Limited
2026042901008010,CZBIL,19,4,20,205.0,4100.0,2026-04-29,188436708,348,Nepal Investment And Securities Trading Private Limited,Opal Securities Investment (PVT) Ltd.,2026-04-29 11:14:45.656375,Citizens Bank International Limited
2026042901008260,CZBIL,19,48,20,204.6,4092.0,2026-04-29,188437302,348,Nepal Investment And Securities Trading Private Limited,Trishakti Securities Public Limited,2026-04-29 11:15:11.905116,Citizens Bank International Limited
2026042901008261,CZBIL,19,48,20,204.6,4092.0,2026-04-29,188437304,348,Nepal Investment And Securities Trading Private Limited,Trishakti Securities Public Limited,2026-04-29 11:15:11.905210,Citizens Bank International Limited
2026042901008262,CZBIL,19,48,30,204.5,6135.0,2026-04-29,188437306,348,Nepal Investment And Securities Trading Private Limited,Trishakti Securities Public Limited,2026-04-29 11:15:11.905276,Citizens Bank International Limited
2026042901008263,CZBIL,34,48,700,204.5,143150.0,2026-04-29,188437308,348,Vision Securities Pvt. Ltd,Trishakti Securities Public Limited,2026-04-29 11:15:11.905346,Citizens Bank International Limited
2026042901008264,CZBIL,19,48,20,204.5,4090.0,2026-04-29,188437310,348,Nepal Investment And Securities Trading Private Limited,Trishakti Securities Public Limited,2026-04-29 11:15:11.905414,Citizens Bank International Limited
2026042901008265,CZBIL,19,48,50,204.4,10220.0,2026-04-29,188437312,348,Nepal Investment And Securities Trading Private Limited,Trishakti Securities Public Limited,2026-04-29 11:15:11.905505,Citizens Bank International Limited
2026042901008266,CZBIL,19,48,50,204.3,10215.0,2026-04-29,188437314,348,Nepal Investment And Securities Trading Private Limited,Trishakti Securities Public Limited,2026-04-29 11:15:11.905572,Citizens Bank International Limited
2026042901008267,CZBIL,32,48,110,204.2,22462.0,2026-04-29,188437315,348,Premier Securities Company Ltd.,Trishakti Securities Public Limited,2026-04-29 11:15:11.905634,Citizens Bank International Limited
2026042901008417,CZBIL,32,48,390,204.2,79638.0,2026-04-29,188437672,348,Premier Securities Company Ltd.,Trishakti Securities Public Limited,2026-04-29 11:15:25.452214,Citizens Bank International Limited
2026042901008418,CZBIL,34,48,260,204.1,53066.0,2026-04-29,188437674,348,Vision Securities Pvt. Ltd,Trishakti Securities Public Limited,2026-04-29 11:15:25.452303,Citizens Bank International Limited
2026042901008419,CZBIL,57,48,200,204.0,40800.0,2026-04-29,188437676,348,Aryatara Investment & Securities,Trishakti Securities Public Limited,2026-04-29 11:15:25.452385,Citizens Bank International Limited
2026042901008420,CZBIL,42,48,150,204.0,30600.0,2026-04-29,188437677,348,Sani Securities Company Ltd.,Trishakti Securities Public Limited,2026-04-29 11:15:25.452448,Citizens Bank International Limited
2026042901008683,CZBIL,42,48,655,204.0,133620.0,2026-04-29,188438274,348,Sani Securities Company Ltd.,Trishakti Securities Public Limited,2026-04-29 11:15:40.359907,Citizens Bank International Limited
2026042901008684,CZBIL,14,48,10,204.0,2040.0,2026-04-29,188438276,348,Nepal Stock House (PVT) Ltd.,Trishakti Securities Public Limited,2026-04-29 11:15:40.359993,Citizens Bank International Limited
2026042901008685,CZBIL,19,48,200,204.0,40800.0,2026-04-29,188438278,348,Nepal Investment And Securities Trading Private Limited,Trishakti Securities Public Limited,2026-04-29 11:15:40.360103,Citizens Bank International Limited
2026042901008686,CZBIL,19,48,100,204.0,20400.0,2026-04-29,188438280,348,Nepal Investment And Securities Trading Private Limited,Trishakti Securities Public Limited,2026-04-29 11:15:40.360190,Citizens Bank International Limited
2026042901008687,CZBIL,42,48,35,204.0,7140.0,2026-04-29,188438281,348,Sani Securities Company Ltd.,Trishakti Securities Public Limited,2026-04-29 11:15:40.360274,Citizens Bank International Limited
2026042901009505,CZBIL,19,58,1,200.0,200.0,2026-04-29,188440275,348,Nepal Investment And Securities Trading Private Limited,Naasa Securities Co. Ltd.,2026-04-29 11:17:04.379387,Citizens Bank International Limited
2026042901009884,CZBIL,19,58,1,201.0,201.0,2026-04-29,188441291,348,Nepal Investment And Securities Trading Private Limited,Naasa Securities Co. Ltd.,2026-04-29 11:17:48.027443,Citizens Bank International Limited
2026042901010498,CZBIL,19,1,3,197.9,593.7,2026-04-29,188442733,348,Nepal Investment And Securities Trading Private Limited,Kumari Securities Private Limited,2026-04-29 11:18:39.066394,Citizens Bank International Limited
2026042901010679,CZBIL,19,16,1,197.9,197.9,2026-04-29,188443157,348,Nepal Investment And Securities Trading Private Limited,Primo Securities (PVT) Ltd.,2026-04-29 11:18:53.393370,Citizens Bank International Limited
2026042901011559,CZBIL,19,6,1,200.0,200.0,2026-04-29,188445225,348,Nepal Investment And Securities Trading Private Limited,Agrawal Securities (PVT) Ltd.,2026-04-29 11:20:33.527175,Citizens Bank International Limited
2026042901011845,CZBIL,58,48,300,204.1,61230.0,2026-04-29,188445924,348,Naasa Securities Co. Ltd.,Trishakti Securities Public Limited,2026-04-29 11:21:08.175960,Citizens Bank International Limited
2026042901011846,CZBIL,42,48,425,204.0,86700.0,2026-04-29,188445926,348,Sani Securities Company Ltd.,Trishakti Securities Public Limited,2026-04-29 11:21:08.176066,Citizens Bank International Limited
2026042901011847,CZBIL,19,48,20,204.0,4080.0,2026-04-29,188445928,348,Nepal Investment And Securities Trading Private Limited,Trishakti Securities Public Limited,2026-04-29 11:21:08.176145,Citizens Bank International Limited
2026042901011848,CZBIL,45,48,19,204.0,3876.0,2026-04-29,188445930,348,Imperial Securities Company Pvt. Ltd.,Trishakti Securities Public Limited,2026-04-29 11:21:08.176218,Citizens Bank International Limited
2026042901011849,CZBIL,38,48,175,204.0,35700.0,2026-04-29,188445932,348,Dipshikha Dhitopatra Karobar Co. Pvt Ltd.,Trishakti Securities Public Limited,2026-04-29 11:21:08.176288,Citizens Bank International Limited
2026042901011850,CZBIL,26,48,61,204.0,12444.0,2026-04-29,188445933,348,Asian Securities Private Ltd.,Trishakti Securities Public Limited,2026-04-29 11:21:08.176358,Citizens Bank International Limited
2026042901013517,CZBIL,19,14,1,202.0,202.0,2026-04-29,188449967,348,Nepal Investment And Securities Trading Private Limited,Nepal Stock House (PVT) Ltd.,2026-04-29 11:24:06.998915,Citizens Bank International Limited
2026042901014207,CZBIL,58,4,225,205.0,46125.0,2026-04-29,188451792,348,Naasa Securities Co. Ltd.,Opal Securities Investment (PVT) Ltd.,2026-04-29 11:25:30.822521,Citizens Bank International Limited
2026042901014438,CZBIL,19,14,1,201.0,201.0,2026-04-29,188452325,348,Nepal Investment And Securities Trading Private Limited,Nepal Stock House (PVT) Ltd.,2026-04-29 11:25:53.470409,Citizens Bank International Limited
2026042901014453,CZBIL,17,54,4,204.0,816.0,2026-04-29,188452363,348,ABC Securities Private Limited,Sewa Securities Pvt. Ltd.,2026-04-29 11:25:55.885943,Citizens Bank International Limited
2026042901014553,CZBIL,17,22,2,204.0,408.0,2026-04-29,188452635,348,ABC Securities Private Limited,Siprabi Securities Pvt. Ltd.,2026-04-29 11:26:13.496086,Citizens Bank International Limited
2026042901014661,CZBIL,17,57,1,204.1,204.1,2026-04-29,188452921,348,ABC Securities Private Limited,Aryatara Investment & Securities,2026-04-29 11:26:30.176212,Citizens Bank International Limited
2026042901015261,CZBIL,58,57,40,204.1,8164.0,2026-04-29,188454481,348,Naasa Securities Co. Ltd.,Aryatara Investment & Securities,2026-04-29 11:27:56.254050,Citizens Bank International Limited
2026042901015360,CZBIL,19,14,1,199.0,199.0,2026-04-29,188454743,348,Nepal Investment And Securities Trading Private Limited,Nepal Stock House (PVT) Ltd.,2026-04-29 11:28:16.087786,Citizens Bank International Limited
2026042901015646,CZBIL,58,18,20,204.9,4098.0,2026-04-29,188455484,348,Naasa Securities Co. Ltd.,Sagarmatha Securities Private Limited,2026-04-29 11:29:03.708071,Citizens Bank International Limited
2026042901015653,CZBIL,58,58,10,204.1,2041.0,2026-04-29,188455503,348,Naasa Securities Co. Ltd.,Naasa Securities Co. Ltd.,2026-04-29 11:29:04.717694,Citizens Bank International Limited
2026042901015910,CZBIL,58,42,150,204.1,30615.0,2026-04-29,188456162,348,Naasa Securities Co. Ltd.,Sani Securities Company Ltd.,2026-04-29 11:29:37.706683,Citizens Bank International Limited
2026042901015911,CZBIL,26,42,350,204.0,71400.0,2026-04-29,188456163,348,Asian Securities Private Ltd.,Sani Securities Company Ltd.,2026-04-29 11:29:37.706945,Citizens Bank International Limited
2026042901016099,CZBIL,35,4,99,204.1,20205.9,2026-04-29,188456624,348,Kohinoor Investment & Securities Pvt. Ltd.,Opal Securities Investment (PVT) Ltd.,2026-04-29 11:30:03.156480,Citizens Bank International Limited
2026042901016100,CZBIL,26,4,589,204.0,120156.0,2026-04-29,188456626,348,Asian Securities Private Ltd.,Opal Securities Investment (PVT) Ltd.,2026-04-29 11:30:03.156592,Citizens Bank International Limited
2026042901016101,CZBIL,19,4,10,204.0,2040.0,2026-04-29,188456628,348,Nepal Investment And Securities Trading Private Limited,Opal Securities Investment (PVT) Ltd.,2026-04-29 11:30:03.156645,Citizens Bank International Limited
2026042901016102,CZBIL,19,4,10,204.0,2040.0,2026-04-29,188456630,348,Nepal Investment And Securities Trading Private Limited,Opal Securities Investment (PVT) Ltd.,2026-04-29 11:30:03.156700,Citizens Bank International Limited
2026042901016103,CZBIL,19,4,10,204.0,2040.0,2026-04-29,188456632,348,Nepal Investment And Securities Trading Private Limited,Opal Securities Investment (PVT) Ltd.,2026-04-29 11:30:03.156753,Citizens Bank International Limited
2026042901016233,CZBIL,38,4,100,204.0,20400.0,2026-04-29,188456950,348,Dipshikha Dhitopatra Karobar Co. Pvt Ltd.,Opal Securities Investment (PVT) Ltd.,2026-04-29 11:30:21.126291,Citizens Bank International Limited
2026042901016516,CZBIL,58,38,122,203.9,24875.8,2026-04-29,188457715,348,Naasa Securities Co. Ltd.,Dipshikha Dhitopatra Karobar Co. Pvt Ltd.,2026-04-29 11:31:07.150766,Citizens Bank International Limited
2026042901016922,CZBIL,58,18,180,203.9,36702.0,2026-04-29,188458781,348,Naasa Securities Co. Ltd.,Sagarmatha Securities Private Limited,2026-04-29 11:32:17.616088,Citizens Bank International Limited
2026042901017319,CZBIL,65,4,2000,204.0,408000.0,2026-04-29,188459872,348,Sharepro Securities Private Limited,Opal Securities Investment (PVT) Ltd.,2026-04-29 11:33:11.619086,Citizens Bank International Limited
2026042901017545,CZBIL,42,4,49,204.0,9996.0,2026-04-29,188460424,348,Sani Securities Company Ltd.,Opal Securities Investment (PVT) Ltd.,2026-04-29 11:33:41.817978,Citizens Bank International Limited
2026042901017621,CZBIL,80,4,1000,204.0,204000.0,2026-04-29,188460692,348,Indira securities pvt. ltd,Opal Securities Investment (PVT) Ltd.,2026-04-29 11:33:58.985036,Citizens Bank International Limited
2026042901018600,CZBIL,80,4,1400,204.0,285600.0,2026-04-29,188463344,348,Indira securities pvt. ltd,Opal Securities Investment (PVT) Ltd.,2026-04-29 11:36:13.781344,Citizens Bank International Limited
2026042901018958,CZBIL,80,4,1000,204.0,204000.0,2026-04-29,188464324,348,Indira securities pvt. ltd,Opal Securities Investment (PVT) Ltd.,2026-04-29 11:37:22.947420,Citizens Bank International Limited
2026042901019043,CZBIL,48,4,1000,204.0,204000.0,2026-04-29,188464550,348,Trishakti Securities Public Limited,Opal Securities Investment (PVT) Ltd.,2026-04-29 11:37:40.346447,Citizens Bank International Limited
2026042901019443,CZBIL,80,4,31,204.0,6324.0,2026-04-29,188465684,348,Indira securities pvt. ltd,Opal Securities Investment (PVT) Ltd.,2026-04-29 11:38:46.703168,Citizens Bank International Limited
2026042901020385,CZBIL,35,4,100,204.0,20400.0,2026-04-29,188468186,348,Kohinoor Investment & Securities Pvt. Ltd.,Opal Securities Investment (PVT) Ltd.,2026-04-29 11:41:23.299824,Citizens Bank International Limited
2026042901020495,CZBIL,58,4,1198,203.9,244272.2,2026-04-29,188468494,348,Naasa Securities Co. Ltd.,Opal Securities Investment (PVT) Ltd.,2026-04-29 11:41:40.137882,Citizens Bank International Limited
2026042901020944,CZBIL,89,4,269,203.9,54849.1,2026-04-29,188469788,348,Global IME Securities Limited,Opal Securities Investment (PVT) Ltd.,2026-04-29 11:43:14.301691,Citizens Bank International Limited
2026042901021066,CZBIL,19,5,1,200.0,200.0,2026-04-29,188470167,348,Nepal Investment And Securities Trading Private Limited,Market Securities & Exchange (PVT) Ltd.,2026-04-29 11:43:43.729434,Citizens Bank International Limited
2026042901021651,CZBIL,62,4,890,203.9,181471.0,2026-04-29,188471846,348,Capital Max Securities Ltd,Opal Securities Investment (PVT) Ltd.,2026-04-29 11:45:44.453287,Citizens Bank International Limited
2026042901021844,CZBIL,19,45,10,204.0,2040.0,2026-04-29,188472377,348,Nepal Investment And Securities Trading Private Limited,Imperial Securities Company Pvt. Ltd.,2026-04-29 11:46:15.908163,Citizens Bank International Limited
2026042901023816,CZBIL,34,34,107,204.0,21828.0,2026-04-29,188478093,348,Vision Securities Pvt. Ltd,Vision Securities Pvt. Ltd,2026-04-29 11:52:39.537813,Citizens Bank International Limited
2026042901025586,CZBIL,34,11,100,204.0,20400.0,2026-04-29,188483615,348,Vision Securities Pvt. Ltd,Malla & Malla Stock Broking Company Pvt. Limited,2026-04-29 11:57:59.664293,Citizens Bank International Limited
2026042901025826,CZBIL,34,44,93,204.0,18972.0,2026-04-29,188484310,348,Vision Securities Pvt. Ltd,Dynamic Money Managers Securities Pvt. Ltd.,2026-04-29 11:58:37.838301,Citizens Bank International Limited
2026042901025827,CZBIL,64,44,363,204.0,74052.0,2026-04-29,188484311,348,SUN SECURITIES PVT LTD,Dynamic Money Managers Securities Pvt. Ltd.,2026-04-29 11:58:37.838458,Citizens Bank International Limited
2026042901029051,CZBIL,19,34,1,200.0,200.0,2026-04-29,188493337,348,Nepal Investment And Securities Trading Private Limited,Vision Securities Pvt. Ltd,2026-04-29 12:08:47.034801,Citizens Bank International Limited
2026042901029285,CZBIL,64,34,636,204.0,129744.0,2026-04-29,188494043,348,SUN SECURITIES PVT LTD,Vision Securities Pvt. Ltd,2026-04-29 12:09:35.999285,Citizens Bank International Limited
2026042901029286,CZBIL,58,34,20,204.0,4080.0,2026-04-29,188494045,348,Naasa Securities Co. Ltd.,Vision Securities Pvt. Ltd,2026-04-29 12:09:35.999435,Citizens Bank International Limited
2026042901029287,CZBIL,38,34,280,204.0,57120.0,2026-04-29,188494047,348,Dipshikha Dhitopatra Karobar Co. Pvt Ltd.,Vision Securities Pvt. Ltd,2026-04-29 12:09:35.999505,Citizens Bank International Limited
2026042901029288,CZBIL,42,34,24,204.0,4896.0,2026-04-29,188494049,348,Sani Securities Company Ltd.,Vision Securities Pvt. Ltd,2026-04-29 12:09:35.999575,Citizens Bank International Limited
2026042901029289,CZBIL,62,34,16,203.3,3252.8,2026-04-29,188494051,348,Capital Max Securities Ltd,Vision Securities Pvt. Ltd,2026-04-29 12:09:35.999642,Citizens Bank International Limited
2026042901029290,CZBIL,48,34,200,203.3,40660.0,2026-04-29,188494053,348,Trishakti Securities Public Limited,Vision Securities Pvt. Ltd,2026-04-29 12:09:35.999710,Citizens Bank International Limited
2026042901029291,CZBIL,14,34,10,203.2,2032.0,2026-04-29,188494055,348,Nepal Stock House (PVT) Ltd.,Vision Securities Pvt. Ltd,2026-04-29 12:09:35.999778,Citizens Bank International Limited
2026042901029292,CZBIL,52,34,173,203.2,35153.6,2026-04-29,188494057,348,Sundhara Securities Limited,Vision Securities Pvt. Ltd,2026-04-29 12:09:35.999845,Citizens Bank International Limited
2026042901029293,CZBIL,1,34,200,203.1,40620.0,2026-04-29,188494059,348,Kumari Securities Private Limited,Vision Securities Pvt. Ltd,2026-04-29 12:09:35.999934,Citizens Bank International Limited
2026042901029294,CZBIL,14,34,10,203.1,2031.0,2026-04-29,188493987,348,Nepal Stock House (PVT) Ltd.,Vision Securities Pvt. Ltd,2026-04-29 12:09:35.999998,Citizens Bank International Limited
2026042901029295,CZBIL,58,34,500,203.1,101550.0,2026-04-29,188493989,348,Naasa Securities Co. Ltd.,Vision Securities Pvt. Ltd,2026-04-29 12:09:36.000072,Citizens Bank International Limited
2026042901029296,CZBIL,34,34,200,203.0,40600.0,2026-04-29,188493991,348,Vision Securities Pvt. Ltd,Vision Securities Pvt. Ltd,2026-04-29 12:09:36.000138,Citizens Bank International Limited
2026042901029297,CZBIL,14,34,20,203.0,4060.0,2026-04-29,188493993,348,Nepal Stock House (PVT) Ltd.,Vision Securities Pvt. Ltd,2026-04-29 12:09:36.000205,Citizens Bank International Limited
2026042901029298,CZBIL,19,34,20,203.0,4060.0,2026-04-29,188493995,348,Nepal Investment And Securities Trading Private Limited,Vision Securities Pvt. Ltd,2026-04-29 12:09:36.000268,Citizens Bank International Limited
2026042901029299,CZBIL,19,34,20,203.0,4060.0,2026-04-29,188493997,348,Nepal Investment And Securities Trading Private Limited,Vision Securities Pvt. Ltd,2026-04-29 12:09:36.000363,Citizens Bank International Limited
2026042901029300,CZBIL,19,34,20,203.0,4060.0,2026-04-29,188493999,348,Nepal Investment And Securities Trading Private Limited,Vision Securities Pvt. Ltd,2026-04-29 12:09:36.000425,Citizens Bank International Limited
2026042901029301,CZBIL,19,34,20,203.0,4060.0,2026-04-29,188494001,348,Nepal Investment And Securities Trading Private Limited,Vision Securities Pvt. Ltd,2026-04-29 12:09:36.000487,Citizens Bank International Limited
2026042901029302,CZBIL,19,34,10,203.0,2030.0,2026-04-29,188494003,348,Nepal Investment And Securities Trading Private Limited,Vision Securities Pvt. Ltd,2026-04-29 12:09:36.000550,Citizens Bank International Limited
2026042901029303,CZBIL,36,34,49,203.0,9947.0,2026-04-29,188494005,348,Secured Securities Ltd.,Vision Securities Pvt. Ltd,2026-04-29 12:09:36.000620,Citizens Bank International Limited
2026042901029304,CZBIL,19,34,10,203.0,2030.0,2026-04-29,188494007,348,Nepal Investment And Securities Trading Private Limited,Vision Securities Pvt. Ltd,2026-04-29 12:09:36.000683,Citizens Bank International Limited
2026042901029305,CZBIL,19,34,10,203.0,2030.0,2026-04-29,188494009,348,Nepal Investment And Securities Trading Private Limited,Vision Securities Pvt. Ltd,2026-04-29 12:09:36.000755,Citizens Bank International Limited
2026042901029306,CZBIL,45,34,100,203.0,20300.0,2026-04-29,188494011,348,Imperial Securities Company Pvt. Ltd.,Vision Securities Pvt. Ltd,2026-04-29 12:09:36.000811,Citizens Bank International Limited
2026042901029307,CZBIL,19,34,30,203.0,6090.0,2026-04-29,188494013,348,Nepal Investment And Securities Trading Private Limited,Vision Securities Pvt. Ltd,2026-04-29 12:09:36.000873,Citizens Bank International Limited
2026042901029308,CZBIL,19,34,20,203.0,4060.0,2026-04-29,188494015,348,Nepal Investment And Securities Trading Private Limited,Vision Securities Pvt. Ltd,2026-04-29 12:09:36.000933,Citizens Bank International Limited
2026042901029309,CZBIL,32,34,402,203.0,81606.0,2026-04-29,188494016,348,Premier Securities Company Ltd.,Vision Securities Pvt. Ltd,2026-04-29 12:09:36.000996,Citizens Bank International Limited
2026042901029487,CZBIL,29,4,200,204.0,40800.0,2026-04-29,188494542,348,Trisul Securities & Invt. Ltd.,Opal Securities Investment (PVT) Ltd.,2026-04-29 12:10:13.328812,Citizens Bank International Limited
2026042901029728,CZBIL,32,34,921,203.0,186963.0,2026-04-29,188495244,348,Premier Securities Company Ltd.,Vision Securities Pvt. Ltd,2026-04-29 12:11:02.688644,Citizens Bank International Limited
2026042901029729,CZBIL,32,34,30,203.0,6090.0,2026-04-29,188495246,348,Premier Securities Company Ltd.,Vision Securities Pvt. Ltd,2026-04-29 12:11:02.688906,Citizens Bank International Limited
2026042901029730,CZBIL,34,34,500,202.2,101100.0,2026-04-29,188495248,348,Vision Securities Pvt. Ltd,Vision Securities Pvt. Ltd,2026-04-29 12:11:02.689115,Citizens Bank International Limited
2026042901029731,CZBIL,58,34,500,202.1,101050.0,2026-04-29,188495250,348,Naasa Securities Co. Ltd.,Vision Securities Pvt. Ltd,2026-04-29 12:11:02.689345,Citizens Bank International Limited
2026042901029732,CZBIL,50,34,149,202.0,30098.0,2026-04-29,188495251,348,Cristal Kanchanjanga Securites Pvt. Ltd.,Vision Securities Pvt. Ltd,2026-04-29 12:11:02.689539,Citizens Bank International Limited
2026042901029843,CZBIL,19,34,20,203.0,4060.0,2026-04-29,188495550,348,Nepal Investment And Securities Trading Private Limited,Vision Securities Pvt. Ltd,2026-04-29 12:11:24.212793,Citizens Bank International Limited
2026042901029844,CZBIL,50,34,10,202.0,2020.0,2026-04-29,188495551,348,Cristal Kanchanjanga Securites Pvt. Ltd.,Vision Securities Pvt. Ltd,2026-04-29 12:11:24.213076,Citizens Bank International Limited
2026042901030443,CZBIL,50,46,123,202.0,24846.0,2026-04-29,188497131,348,Cristal Kanchanjanga Securites Pvt. Ltd.,Kalika Securities Pvt. Ltd.,2026-04-29 12:13:26.993965,Citizens Bank International Limited
2026042901030516,CZBIL,19,13,1,196.0,196.0,2026-04-29,188497401,348,Nepal Investment And Securities Trading Private Limited,Thrive Brokerage House Pvt. Ltd,2026-04-29 12:13:45.729656,Citizens Bank International Limited
2026042901030962,CZBIL,19,49,1,197.0,197.0,2026-04-29,188498695,348,Nepal Investment And Securities Trading Private Limited,Online Securities Pvt. Ltd.,2026-04-29 12:15:11.762050,Citizens Bank International Limited
2026042901030966,CZBIL,75,35,14,203.9,2854.6,2026-04-29,188498715,348,N.I.M.B. Stock Markets Limited,Kohinoor Investment & Securities Pvt. Ltd.,2026-04-29 12:15:13.437188,Citizens Bank International Limited
2026042901031112,CZBIL,32,4,10,204.0,2040.0,2026-04-29,188499124,348,Premier Securities Company Ltd.,Opal Securities Investment (PVT) Ltd.,2026-04-29 12:15:44.423289,Citizens Bank International Limited
2026042901031265,CZBIL,57,4,970,204.0,197880.0,2026-04-29,188499550,348,Aryatara Investment & Securities,Opal Securities Investment (PVT) Ltd.,2026-04-29 12:16:22.982713,Citizens Bank International Limited
2026042901031488,CZBIL,39,4,50,204.0,10200.0,2026-04-29,188500250,348,Sumeru Securities Pvt. Ltd.,Opal Securities Investment (PVT) Ltd.,2026-04-29 12:17:13.252713,Citizens Bank International Limited
2026042901031834,CZBIL,19,94,1,200.0,200.0,2026-04-29,188501149,348,Nepal Investment And Securities Trading Private Limited,K.B.L. Securities Limited ,2026-04-29 12:18:14.970636,Citizens Bank International Limited
2026042901033193,CZBIL,58,4,50,204.0,10200.0,2026-04-29,188504872,348,Naasa Securities Co. Ltd.,Opal Securities Investment (PVT) Ltd.,2026-04-29 12:22:49.075250,Citizens Bank International Limited
2026042901033701,CZBIL,19,39,1,199.0,199.0,2026-04-29,188506223,348,Nepal Investment And Securities Trading Private Limited,Sumeru Securities Pvt. Ltd.,2026-04-29 12:24:26.278148,Citizens Bank International Limited
2026042901034755,CZBIL,75,4,11,204.0,2244.0,2026-04-29,188508980,348,N.I.M.B. Stock Markets Limited,Opal Securities Investment (PVT) Ltd.,2026-04-29 12:27:20.281921,Citizens Bank International Limited
2026042901034973,CZBIL,38,58,31,203.0,6293.0,2026-04-29,188509623,348,Dipshikha Dhitopatra Karobar Co. Pvt Ltd.,Naasa Securities Co. Ltd.,2026-04-29 12:28:06.700792,Citizens Bank International Limited
2026042901036370,CZBIL,19,50,1,199.0,199.0,2026-04-29,188513329,348,Nepal Investment And Securities Trading Private Limited,Cristal Kanchanjanga Securites Pvt. Ltd.,2026-04-29 12:32:52.493177,Citizens Bank International Limited
2026042901037369,CZBIL,38,4,68,203.0,13804.0,2026-04-29,188515900,348,Dipshikha Dhitopatra Karobar Co. Pvt Ltd.,Opal Securities Investment (PVT) Ltd.,2026-04-29 12:36:15.189859,Citizens Bank International Limited
2026042901037757,CZBIL,13,4,100,203.0,20300.0,2026-04-29,188517062,348,Thrive Brokerage House Pvt. Ltd,Opal Securities Investment (PVT) Ltd.,2026-04-29 12:37:59.013338,Citizens Bank International Limited
2026042901037801,CZBIL,45,4,27,203.0,5481.0,2026-04-29,188517206,348,Imperial Securities Company Pvt. Ltd.,Opal Securities Investment (PVT) Ltd.,2026-04-29 12:38:15.952321,Citizens Bank International Limited
2026042901038152,CZBIL,57,58,14,202.4,2833.6,2026-04-29,188518489,348,Aryatara Investment & Securities,Naasa Securities Co. Ltd.,2026-04-29 12:40:03.559309,Citizens Bank International Limited
2026042901038731,CZBIL,19,32,2,198.0,396.0,2026-04-29,188520393,348,Nepal Investment And Securities Trading Private Limited,Premier Securities Company Ltd.,2026-04-29 12:43:05.260178,Citizens Bank International Limited
2026042901038809,CZBIL,63,4,100,203.0,20300.0,2026-04-29,188520644,348,Himalayan Brokerage Company Limited,Opal Securities Investment (PVT) Ltd.,2026-04-29 12:43:27.643324,Citizens Bank International Limited
2026042901039184,CZBIL,33,4,250,203.0,50750.0,2026-04-29,188521890,348,Dakshinkali Investment & Securities Pvt. Ltd.,Opal Securities Investment (PVT) Ltd.,2026-04-29 12:45:57.918407,Citizens Bank International Limited
2026042901039932,CZBIL,19,44,1,198.0,198.0,2026-04-29,188524285,348,Nepal Investment And Securities Trading Private Limited,Dynamic Money Managers Securities Pvt. Ltd.,2026-04-29 12:50:25.601787,Citizens Bank International Limited
2026042901040283,CZBIL,58,4,50,203.0,10150.0,2026-04-29,188525468,348,Naasa Securities Co. Ltd.,Opal Securities Investment (PVT) Ltd.,2026-04-29 12:52:30.590775,Citizens Bank International Limited
2026042901040734,CZBIL,1,34,10,202.5,2025.0,2026-04-29,188526805,348,Kumari Securities Private Limited,Vision Securities Pvt. Ltd,2026-04-29 12:54:36.849116,Citizens Bank International Limited
2026042901041069,CZBIL,1,48,65,202.6,13169.0,2026-04-29,188527914,348,Kumari Securities Private Limited,Trishakti Securities Public Limited,2026-04-29 12:56:44.513412,Citizens Bank International Limited
2026042901041070,CZBIL,56,48,435,202.5,88087.5,2026-04-29,188527915,348,Sri Hari Securities Pvt. Ltd.,Trishakti Securities Public Limited,2026-04-29 12:56:44.513516,Citizens Bank International Limited
2026042901041360,CZBIL,56,34,16,202.5,3240.0,2026-04-29,188528990,348,Sri Hari Securities Pvt. Ltd.,Vision Securities Pvt. Ltd,2026-04-29 12:58:45.212864,Citizens Bank International Limited
2026042901041361,CZBIL,14,34,20,202.4,4048.0,2026-04-29,188528992,348,Nepal Stock House (PVT) Ltd.,Vision Securities Pvt. Ltd,2026-04-29 12:58:45.213086,Citizens Bank International Limited
2026042901041362,CZBIL,45,34,100,202.4,20240.0,2026-04-29,188528994,348,Imperial Securities Company Pvt. Ltd.,Vision Securities Pvt. Ltd,2026-04-29 12:58:45.213182,Citizens Bank International Limited
2026042901041363,CZBIL,59,34,360,202.3,72828.0,2026-04-29,188528996,348,Deevyaa Securities & Stock House Pvt. Ltd,Vision Securities Pvt. Ltd,2026-04-29 12:58:45.213271,Citizens Bank International Limited
2026042901041364,CZBIL,33,34,310,202.2,62682.0,2026-04-29,188528998,348,Dakshinkali Investment & Securities Pvt. Ltd.,Vision Securities Pvt. Ltd,2026-04-29 12:58:45.213359,Citizens Bank International Limited
2026042901041365,CZBIL,34,34,500,202.2,101100.0,2026-04-29,188529000,348,Vision Securities Pvt. Ltd,Vision Securities Pvt. Ltd,2026-04-29 12:58:45.213450,Citizens Bank International Limited
2026042901041366,CZBIL,83,34,94,202.1,18997.4,2026-04-29,188529001,348,Sanima Securities Limited,Vision Securities Pvt. Ltd,2026-04-29 12:58:45.213534,Citizens Bank International Limited
2026042901042584,CZBIL,58,4,1000,203.0,203000.0,2026-04-29,188532942,348,Naasa Securities Co. Ltd.,Opal Securities Investment (PVT) Ltd.,2026-04-29 13:05:31.540165,Citizens Bank International Limited
2026042901042825,CZBIL,47,4,40,203.0,8120.0,2026-04-29,188533704,348,Neev Securities Pvt. Ltd.,Opal Securities Investment (PVT) Ltd.,2026-04-29 13:06:43.480132,Citizens Bank International Limited
2026042901042906,CZBIL,49,4,2400,203.0,487200.0,2026-04-29,188533966,348,Online Securities Pvt. Ltd.,Opal Securities Investment (PVT) Ltd.,2026-04-29 13:07:12.766461,Citizens Bank International Limited
2026042901044086,CZBIL,49,4,201,203.0,40803.0,2026-04-29,188537434,348,Online Securities Pvt. Ltd.,Opal Securities Investment (PVT) Ltd.,2026-04-29 13:12:53.520814,Citizens Bank International Limited
2026042901044119,CZBIL,17,42,10,202.1,2021.0,2026-04-29,188537501,348,ABC Securities Private Limited,Sani Securities Company Ltd.,2026-04-29 13:12:57.390173,Citizens Bank International Limited
2026042901044707,CZBIL,17,100,50,202.1,10105.0,2026-04-29,188539343,348,ABC Securities Private Limited,Sunrise Securities Limited,2026-04-29 13:15:38.581417,Citizens Bank International Limited
2026042901045293,CZBIL,6,45,500,202.2,101100.0,2026-04-29,188541294,348,Agrawal Securities (PVT) Ltd.,Imperial Securities Company Pvt. Ltd.,2026-04-29 13:19:40.331135,Citizens Bank International Limited
2026042901045294,CZBIL,47,45,100,202.2,20220.0,2026-04-29,188541296,348,Neev Securities Pvt. Ltd.,Imperial Securities Company Pvt. Ltd.,2026-04-29 13:19:40.331589,Citizens Bank International Limited
2026042901045295,CZBIL,17,45,200,202.1,40420.0,2026-04-29,188541297,348,ABC Securities Private Limited,Imperial Securities Company Pvt. Ltd.,2026-04-29 13:19:40.331868,Citizens Bank International Limited
2026042901046373,CZBIL,21,4,100,203.0,20300.0,2026-04-29,188544828,348,Midas Stock Broking Company Private Limited,Opal Securities Investment (PVT) Ltd.,2026-04-29 13:25:13.391428,Citizens Bank International Limited
2026042901047250,CZBIL,19,17,1,199.0,199.0,2026-04-29,188547655,348,Nepal Investment And Securities Trading Private Limited,ABC Securities Private Limited,2026-04-29 13:30:08.640142,Citizens Bank International Limited
2026042901047698,CZBIL,17,49,1740,202.1,351654.0,2026-04-29,188549296,348,ABC Securities Private Limited,Online Securities Pvt. Ltd.,2026-04-29 13:32:42.950444,Citizens Bank International Limited
2026042901047699,CZBIL,19,49,10,202.1,2021.0,2026-04-29,188549298,348,Nepal Investment And Securities Trading Private Limited,Online Securities Pvt. Ltd.,2026-04-29 13:32:42.950671,Citizens Bank International Limited
2026042901047700,CZBIL,19,49,10,202.1,2021.0,2026-04-29,188549300,348,Nepal Investment And Securities Trading Private Limited,Online Securities Pvt. Ltd.,2026-04-29 13:32:42.950764,Citizens Bank International Limited
2026042901047701,CZBIL,38,49,36,202.1,7275.6,2026-04-29,188549302,348,Dipshikha Dhitopatra Karobar Co. Pvt Ltd.,Online Securities Pvt. Ltd.,2026-04-29 13:32:42.950855,Citizens Bank International Limited
2026042901047702,CZBIL,41,49,50,202.1,10105.0,2026-04-29,188549304,348,Linch Stock Market Ltd.,Online Securities Pvt. Ltd.,2026-04-29 13:32:42.950946,Citizens Bank International Limited
2026042901047703,CZBIL,97,49,1000,202.1,202100.0,2026-04-29,188549306,348,R.B.B. Securities Company Ltd,Online Securities Pvt. Ltd.,2026-04-29 13:32:42.951043,Citizens Bank International Limited
2026042901047704,CZBIL,50,49,718,202.0,145036.0,2026-04-29,188549308,348,Cristal Kanchanjanga Securites Pvt. Ltd.,Online Securities Pvt. Ltd.,2026-04-29 13:32:42.951133,Citizens Bank International Limited
2026042901047705,CZBIL,19,49,20,202.0,4040.0,2026-04-29,188549310,348,Nepal Investment And Securities Trading Private Limited,Online Securities Pvt. Ltd.,2026-04-29 13:32:42.951224,Citizens Bank International Limited
2026042901047706,CZBIL,14,49,10,202.0,2020.0,2026-04-29,188549312,348,Nepal Stock House (PVT) Ltd.,Online Securities Pvt. Ltd.,2026-04-29 13:32:42.951311,Citizens Bank International Limited
2026042901047707,CZBIL,42,49,30,202.0,6060.0,2026-04-29,188549314,348,Sani Securities Company Ltd.,Online Securities Pvt. Ltd.,2026-04-29 13:32:42.951397,Citizens Bank International Limited
2026042901047708,CZBIL,19,49,50,202.0,10100.0,2026-04-29,188549316,348,Nepal Investment And Securities Trading Private Limited,Online Securities Pvt. Ltd.,2026-04-29 13:32:42.951501,Citizens Bank International Limited
2026042901047709,CZBIL,19,49,20,202.0,4040.0,2026-04-29,188549318,348,Nepal Investment And Securities Trading Private Limited,Online Securities Pvt. Ltd.,2026-04-29 13:32:42.951588,Citizens Bank International Limited
2026042901047710,CZBIL,14,49,10,202.0,2020.0,2026-04-29,188549320,348,Nepal Stock House (PVT) Ltd.,Online Securities Pvt. Ltd.,2026-04-29 13:32:42.951687,Citizens Bank International Limited
2026042901047711,CZBIL,19,49,50,202.0,10100.0,2026-04-29,188549322,348,Nepal Investment And Securities Trading Private Limited,Online Securities Pvt. Ltd.,2026-04-29 13:32:42.951773,Citizens Bank International Limited
2026042901047712,CZBIL,14,49,10,202.0,2020.0,2026-04-29,188549324,348,Nepal Stock House (PVT) Ltd.,Online Securities Pvt. Ltd.,2026-04-29 13:32:42.951857,Citizens Bank International Limited
2026042901047713,CZBIL,19,49,20,202.0,4040.0,2026-04-29,188549326,348,Nepal Investment And Securities Trading Private Limited,Online Securities Pvt. Ltd.,2026-04-29 13:32:42.951942,Citizens Bank International Limited
2026042901047714,CZBIL,19,49,20,202.0,4040.0,2026-04-29,188549328,348,Nepal Investment And Securities Trading Private Limited,Online Securities Pvt. Ltd.,2026-04-29 13:32:42.952031,Citizens Bank International Limited
2026042901047715,CZBIL,57,49,100,202.0,20200.0,2026-04-29,188549330,348,Aryatara Investment & Securities,Online Securities Pvt. Ltd.,2026-04-29 13:32:42.952115,Citizens Bank International Limited
2026042901047716,CZBIL,58,49,20,202.0,4040.0,2026-04-29,188549332,348,Naasa Securities Co. Ltd.,Online Securities Pvt. Ltd.,2026-04-29 13:32:42.952208,Citizens Bank International Limited
2026042901047717,CZBIL,58,49,50,202.0,10100.0,2026-04-29,188549334,348,Naasa Securities Co. Ltd.,Online Securities Pvt. Ltd.,2026-04-29 13:32:42.952294,Citizens Bank International Limited
2026042901047718,CZBIL,19,49,20,202.0,4040.0,2026-04-29,188549336,348,Nepal Investment And Securities Trading Private Limited,Online Securities Pvt. Ltd.,2026-04-29 13:32:42.952372,Citizens Bank International Limited
2026042901047719,CZBIL,56,49,1246,202.0,251692.0,2026-04-29,188549337,348,Sri Hari Securities Pvt. Ltd.,Online Securities Pvt. Ltd.,2026-04-29 13:32:42.952455,Citizens Bank International Limited
2026042901047742,CZBIL,56,49,10,202.0,2020.0,2026-04-29,188549425,348,Sri Hari Securities Pvt. Ltd.,Online Securities Pvt. Ltd.,2026-04-29 13:32:57.560136,Citizens Bank International Limited
2026042901048311,CZBIL,19,34,2,200.0,400.0,2026-04-29,188551225,348,Nepal Investment And Securities Trading Private Limited,Vision Securities Pvt. Ltd,2026-04-29 13:36:12.916285,Citizens Bank International Limited
2026042901049435,CZBIL,34,49,92,202.2,18602.4,2026-04-29,188554617,348,Vision Securities Pvt. Ltd,Online Securities Pvt. Ltd.,2026-04-29 13:43:04.274859,Citizens Bank International Limited
2026042901049539,CZBIL,49,4,30,203.0,6090.0,2026-04-29,188554936,348,Online Securities Pvt. Ltd.,Opal Securities Investment (PVT) Ltd.,2026-04-29 13:43:35.752010,Citizens Bank International Limited
2026042901050772,CZBIL,58,4,18,203.0,3654.0,2026-04-29,188558822,348,Naasa Securities Co. Ltd.,Opal Securities Investment (PVT) Ltd.,2026-04-29 13:50:22.273228,Citizens Bank International Limited
2026042901050984,CZBIL,19,42,1,198.0,198.0,2026-04-29,188559513,348,Nepal Investment And Securities Trading Private Limited,Sani Securities Company Ltd.,2026-04-29 13:51:27.189523,Citizens Bank International Limited
2026042901051183,CZBIL,38,4,4325,203.0,877975.0,2026-04-29,188560223,348,Dipshikha Dhitopatra Karobar Co. Pvt Ltd.,Opal Securities Investment (PVT) Ltd.,2026-04-29 13:52:46.085561,Citizens Bank International Limited
2026042901051184,CZBIL,38,45,100,203.0,20300.0,2026-04-29,188560225,348,Dipshikha Dhitopatra Karobar Co. Pvt Ltd.,Imperial Securities Company Pvt. Ltd.,2026-04-29 13:52:46.085928,Citizens Bank International Limited
2026042901051185,CZBIL,38,62,45,203.0,9135.0,2026-04-29,188560227,348,Dipshikha Dhitopatra Karobar Co. Pvt Ltd.,Capital Max Securities Ltd,2026-04-29 13:52:46.086209,Citizens Bank International Limited
2026042901051186,CZBIL,38,57,10,203.0,2030.0,2026-04-29,188560230,348,Dipshikha Dhitopatra Karobar Co. Pvt Ltd.,Aryatara Investment & Securities,2026-04-29 13:52:46.086463,Citizens Bank International Limited
2026042901051658,CZBIL,22,36,107,202.3,21646.1,2026-04-29,188561905,348,Siprabi Securities Pvt. Ltd.,Secured Securities Ltd.,2026-04-29 13:55:01.691195,Citizens Bank International Limited
2026042901051901,CZBIL,58,34,100,203.0,20300.0,2026-04-29,188562696,348,Naasa Securities Co. Ltd.,Vision Securities Pvt. Ltd,2026-04-29 13:56:49.257882,Citizens Bank International Limited
2026042901051902,CZBIL,22,34,393,202.3,79503.9,2026-04-29,188562698,348,Siprabi Securities Pvt. Ltd.,Vision Securities Pvt. Ltd,2026-04-29 13:56:49.258137,Citizens Bank International Limited
2026042901051903,CZBIL,34,34,100,202.2,20220.0,2026-04-29,188562700,348,Vision Securities Pvt. Ltd,Vision Securities Pvt. Ltd,2026-04-29 13:56:49.258229,Citizens Bank International Limited
2026042901052320,CZBIL,58,28,100,203.0,20300.0,2026-04-29,188564360,348,Naasa Securities Co. Ltd.,Shree Krishna Securities Ltd.,2026-04-29 13:59:49.171636,Citizens Bank International Limited
2026042901052382,CZBIL,58,25,100,203.0,20300.0,2026-04-29,188564712,348,Naasa Securities Co. Ltd.,Sweta Securities Private Limited,2026-04-29 14:00:06.751365,Citizens Bank International Limited
2026042901052383,CZBIL,58,25,100,203.0,20300.0,2026-04-29,188564714,348,Naasa Securities Co. Ltd.,Sweta Securities Private Limited,2026-04-29 14:00:06.751823,Citizens Bank International Limited
2026042901052576,CZBIL,16,7,5000,202.3,1011500.0,2026-04-29,188565329,348,Primo Securities (PVT) Ltd.,J.F. Securites (PVT) Ltd.,2026-04-29 14:01:06.089315,Citizens Bank International Limited
2026042901052626,CZBIL,52,25,100,203.0,20300.0,2026-04-29,188565552,348,Sundhara Securities Limited,Sweta Securities Private Limited,2026-04-29 14:01:31.637614,Citizens Bank International Limited
2026042901053445,CZBIL,22,42,21,202.2,4246.2,2026-04-29,188568557,348,Siprabi Securities Pvt. Ltd.,Sani Securities Company Ltd.,2026-04-29 14:06:37.351077,Citizens Bank International Limited
2026042901054718,CZBIL,38,25,14,203.0,2842.0,2026-04-29,188573129,348,Dipshikha Dhitopatra Karobar Co. Pvt Ltd.,Sweta Securities Private Limited,2026-04-29 14:14:52.921242,Citizens Bank International Limited
2026042901054719,CZBIL,38,58,125,203.0,25375.0,2026-04-29,188573132,348,Dipshikha Dhitopatra Karobar Co. Pvt Ltd.,Naasa Securities Co. Ltd.,2026-04-29 14:14:52.921475,Citizens Bank International Limited
2026042901054836,CZBIL,19,34,7,200.0,1400.0,2026-04-29,188573553,348,Nepal Investment And Securities Trading Private Limited,Vision Securities Pvt. Ltd,2026-04-29 14:15:28.434976,Citizens Bank International Limited
2026042901055148,CZBIL,14,45,40,202.6,8104.0,2026-04-29,188574600,348,Nepal Stock House (PVT) Ltd.,Imperial Securities Company Pvt. Ltd.,2026-04-29 14:17:16.063917,Citizens Bank International Limited
2026042901055149,CZBIL,22,45,460,202.6,93196.0,2026-04-29,188574601,348,Siprabi Securities Pvt. Ltd.,Imperial Securities Company Pvt. Ltd.,2026-04-29 14:17:16.064388,Citizens Bank International Limited
2026042901055240,CZBIL,48,4,20,203.0,4060.0,2026-04-29,188574902,348,Trishakti Securities Public Limited,Opal Securities Investment (PVT) Ltd.,2026-04-29 14:17:53.903179,Citizens Bank International Limited
2026042901055241,CZBIL,22,4,19,202.6,3849.4,2026-04-29,188574904,348,Siprabi Securities Pvt. Ltd.,Opal Securities Investment (PVT) Ltd.,2026-04-29 14:17:53.903399,Citizens Bank International Limited
2026042901055242,CZBIL,33,4,30,202.6,6078.0,2026-04-29,188574906,348,Dakshinkali Investment & Securities Pvt. Ltd.,Opal Securities Investment (PVT) Ltd.,2026-04-29 14:17:53.903504,Citizens Bank International Limited
2026042901055243,CZBIL,29,4,500,202.5,101250.0,2026-04-29,188574908,348,Trisul Securities & Invt. Ltd.,Opal Securities Investment (PVT) Ltd.,2026-04-29 14:17:53.903604,Citizens Bank International Limited
2026042901055244,CZBIL,38,4,990,202.4,200376.0,2026-04-29,188574909,348,Dipshikha Dhitopatra Karobar Co. Pvt Ltd.,Opal Securities Investment (PVT) Ltd.,2026-04-29 14:17:53.903702,Citizens Bank International Limited
2026042901055296,CZBIL,34,42,418,203.0,84854.0,2026-04-29,188575071,348,Vision Securities Pvt. Ltd,Sani Securities Company Ltd.,2026-04-29 14:18:16.155415,Citizens Bank International Limited
2026042901055766,CZBIL,34,58,4550,203.0,923650.0,2026-04-29,188576897,348,Vision Securities Pvt. Ltd,Naasa Securities Co. Ltd.,2026-04-29 14:20:47.466598,Citizens Bank International Limited
2026042901056195,CZBIL,45,96,10,204.0,2040.0,2026-04-29,188578564,348,Imperial Securities Company Pvt. Ltd.,Himalayan Securities Limited,2026-04-29 14:23:07.601750,Citizens Bank International Limited
2026042901056228,CZBIL,45,91,10,204.6,2046.0,2026-04-29,188578696,348,Imperial Securities Company Pvt. Ltd.,Citizens Share Broker Limited,2026-04-29 14:23:14.026432,Citizens Bank International Limited
2026042901056361,CZBIL,19,40,3,199.0,597.0,2026-04-29,188579149,348,Nepal Investment And Securities Trading Private Limited,Creative Securities Pvt Ltd,2026-04-29 14:23:50.706567,Citizens Bank International Limited
2026042901056712,CZBIL,58,6,10,204.0,2040.0,2026-04-29,188580647,348,Naasa Securities Co. Ltd.,Agrawal Securities (PVT) Ltd.,2026-04-29 14:25:37.126292,Citizens Bank International Limited
2026042901057988,CZBIL,58,6,10,204.0,2040.0,2026-04-29,188586045,348,Naasa Securities Co. Ltd.,Agrawal Securities (PVT) Ltd.,2026-04-29 14:30:37.012069,Citizens Bank International Limited
2026042901058087,CZBIL,34,74,32,203.0,6496.0,2026-04-29,188586458,348,Vision Securities Pvt. Ltd,KALASH STOCK MARKET PVT. LTD.,2026-04-29 14:31:11.509716,Citizens Bank International Limited
2026042901058088,CZBIL,58,74,15,203.0,3045.0,2026-04-29,188586460,348,Naasa Securities Co. Ltd.,KALASH STOCK MARKET PVT. LTD.,2026-04-29 14:31:11.510191,Citizens Bank International Limited
2026042901058089,CZBIL,22,74,453,203.0,91959.0,2026-04-29,188586461,348,Siprabi Securities Pvt. Ltd.,KALASH STOCK MARKET PVT. LTD.,2026-04-29 14:31:11.510504,Citizens Bank International Limited
2026042901058258,CZBIL,48,91,10,204.4,2044.0,2026-04-29,188587322,348,Trishakti Securities Public Limited,Citizens Share Broker Limited,2026-04-29 14:32:07.082189,Citizens Bank International Limited
2026042901058522,CZBIL,58,91,25,204.4,5110.0,2026-04-29,188588312,348,Naasa Securities Co. Ltd.,Citizens Share Broker Limited,2026-04-29 14:32:57.355826,Citizens Bank International Limited
2026042901058900,CZBIL,19,51,2,199.0,398.0,2026-04-29,188589465,348,Nepal Investment And Securities Trading Private Limited,Oxford Securities Pvt. Ltd.,2026-04-29 14:34:08.418495,Citizens Bank International Limited
2026042901059102,CZBIL,22,58,47,203.0,9541.0,2026-04-29,188590114,348,Siprabi Securities Pvt. Ltd.,Naasa Securities Co. Ltd.,2026-04-29 14:34:57.679147,Citizens Bank International Limited
2026042901059103,CZBIL,16,58,12,203.0,2436.0,2026-04-29,188590116,348,Primo Securities (PVT) Ltd.,Naasa Securities Co. Ltd.,2026-04-29 14:34:57.679618,Citizens Bank International Limited
2026042901059553,CZBIL,13,58,50,203.0,10150.0,2026-04-29,188591785,348,Thrive Brokerage House Pvt. Ltd,Naasa Securities Co. Ltd.,2026-04-29 14:36:53.082682,Citizens Bank International Limited
2026042901059719,CZBIL,13,6,950,203.1,192945.0,2026-04-29,188592430,348,Thrive Brokerage House Pvt. Ltd,Agrawal Securities (PVT) Ltd.,2026-04-29 14:37:36.758013,Citizens Bank International Limited
2026042901059859,CZBIL,35,6,10,203.0,2030.0,2026-04-29,188592872,348,Kohinoor Investment & Securities Pvt. Ltd.,Agrawal Securities (PVT) Ltd.,2026-04-29 14:37:57.840665,Citizens Bank International Limited
2026042901061444,CZBIL,25,6,40,203.0,8120.0,2026-04-29,188598845,348,Sweta Securities Private Limited,Agrawal Securities (PVT) Ltd.,2026-04-29 14:43:20.239918,Citizens Bank International Limited
2026042901061561,CZBIL,25,58,469,203.0,95207.0,2026-04-29,188599165,348,Sweta Securities Private Limited,Naasa Securities Co. Ltd.,2026-04-29 14:43:37.291714,Citizens Bank International Limited
2026042901062625,CZBIL,22,6,10,203.1,2031.0,2026-04-29,188603305,348,Siprabi Securities Pvt. Ltd.,Agrawal Securities (PVT) Ltd.,2026-04-29 14:47:17.186834,Citizens Bank International Limited
2026042901063906,CZBIL,22,47,300,203.1,60930.0,2026-04-29,188608637,348,Siprabi Securities Pvt. Ltd.,Neev Securities Pvt. Ltd.,2026-04-29 14:51:34.260298,Citizens Bank International Limited
2026042901064214,CZBIL,22,41,190,203.7,38703.0,2026-04-29,188609604,348,Siprabi Securities Pvt. Ltd.,Linch Stock Market Ltd.,2026-04-29 14:52:11.658077,Citizens Bank International Limited
2026042901064242,CZBIL,42,21,10,203.1,2031.0,2026-04-29,188609688,348,Sani Securities Company Ltd.,Midas Stock Broking Company Private Limited,2026-04-29 14:52:15.744491,Citizens Bank International Limited
2026042901064243,CZBIL,59,21,20,203.1,4062.0,2026-04-29,188609689,348,Deevyaa Securities & Stock House Pvt. Ltd,Midas Stock Broking Company Private Limited,2026-04-29 14:52:15.744745,Citizens Bank International Limited
2026042901064346,CZBIL,22,32,500,203.2,101600.0,2026-04-29,188610188,348,Siprabi Securities Pvt. Ltd.,Premier Securities Company Ltd.,2026-04-29 14:52:38.337635,Citizens Bank International Limited
2026042901064347,CZBIL,59,32,155,203.1,31480.5,2026-04-29,188610189,348,Deevyaa Securities & Stock House Pvt. Ltd,Premier Securities Company Ltd.,2026-04-29 14:52:38.337886,Citizens Bank International Limited
2026042901064594,CZBIL,59,16,25,203.1,5077.5,2026-04-29,188611164,348,Deevyaa Securities & Stock House Pvt. Ltd,Primo Securities (PVT) Ltd.,2026-04-29 14:53:22.131699,Citizens Bank International Limited
2026042901064595,CZBIL,25,16,1121,203.0,227563.0,2026-04-29,188611165,348,Sweta Securities Private Limited,Primo Securities (PVT) Ltd.,2026-04-29 14:53:22.132177,Citizens Bank International Limited
2026042901064717,CZBIL,25,50,200,203.0,40600.0,2026-04-29,188611715,348,Sweta Securities Private Limited,Cristal Kanchanjanga Securites Pvt. Ltd.,2026-04-29 14:53:40.947230,Citizens Bank International Limited
2026042901064836,CZBIL,49,91,169,203.6,34408.4,2026-04-29,188612196,348,Online Securities Pvt. Ltd.,Citizens Share Broker Limited,2026-04-29 14:54:03.687882,Citizens Bank International Limited
2026042901064865,CZBIL,25,37,610,203.0,123830.0,2026-04-29,188612309,348,Sweta Securities Private Limited,Swarna Laxmi Securities Pvt. Ltd.,2026-04-29 14:54:08.125390,Citizens Bank International Limited
2026042901065194,CZBIL,25,5,2000,203.0,406000.0,2026-04-29,188613567,348,Sweta Securities Private Limited,Market Securities & Exchange (PVT) Ltd.,2026-04-29 14:54:55.905855,Citizens Bank International Limited
2026042901065267,CZBIL,74,41,100,203.1,20310.0,2026-04-29,188613886,348,KALASH STOCK MARKET PVT. LTD.,Linch Stock Market Ltd.,2026-04-29 14:55:08.706520,Citizens Bank International Limited
2026042901065268,CZBIL,25,41,60,203.0,12180.0,2026-04-29,188613888,348,Sweta Securities Private Limited,Linch Stock Market Ltd.,2026-04-29 14:55:08.707021,Citizens Bank International Limited
2026042901065269,CZBIL,74,41,500,203.0,101500.0,2026-04-29,188613890,348,KALASH STOCK MARKET PVT. LTD.,Linch Stock Market Ltd.,2026-04-29 14:55:08.707514,Citizens Bank International Limited
2026042901065437,CZBIL,74,41,100,203.0,20300.0,2026-04-29,188614624,348,KALASH STOCK MARKET PVT. LTD.,Linch Stock Market Ltd.,2026-04-29 14:55:36.735073,Citizens Bank International Limited
2026042901065874,CZBIL,59,41,10,203.0,2030.0,2026-04-29,188616414,348,Deevyaa Securities & Stock House Pvt. Ltd,Linch Stock Market Ltd.,2026-04-29 14:56:49.685075,Citizens Bank International Limited
2026042901066015,CZBIL,56,41,35,203.0,7105.0,2026-04-29,188617000,348,Sri Hari Securities Pvt. Ltd.,Linch Stock Market Ltd.,2026-04-29 14:57:05.319680,Citizens Bank International Limited
2026042901066546,CZBIL,42,41,99,203.0,20097.0,2026-04-29,188618908,348,Sani Securities Company Ltd.,Linch Stock Market Ltd.,2026-04-29 14:58:07.576168,Citizens Bank International Limited
2026042901066772,CZBIL,58,41,58,203.0,11774.0,2026-04-29,188619944,348,Naasa Securities Co. Ltd.,Linch Stock Market Ltd.,2026-04-29 14:58:36.096019,Citizens Bank International Limited
2026042901066799,CZBIL,16,41,1598,203.0,324394.0,2026-04-29,188620091,348,Primo Securities (PVT) Ltd.,Linch Stock Market Ltd.,2026-04-29 14:58:39.149117,Citizens Bank International Limited
2026042901066800,CZBIL,16,74,30,203.6,6108.0,2026-04-29,188620093,348,Primo Securities (PVT) Ltd.,KALASH STOCK MARKET PVT. LTD.,2026-04-29 14:58:39.149177,Citizens Bank International Limited
2026042901066801,CZBIL,16,34,1120,203.7,228144.0,2026-04-29,188620095,348,Primo Securities (PVT) Ltd.,Vision Securities Pvt. Ltd,2026-04-29 14:58:39.149204,Citizens Bank International Limited
2026042901066802,CZBIL,16,58,52,204.0,10608.0,2026-04-29,188620098,348,Primo Securities (PVT) Ltd.,Naasa Securities Co. Ltd.,2026-04-29 14:58:39.149237,Citizens Bank International Limited
2026042901067027,CZBIL,14,58,6948,204.0,1417392.0,2026-04-29,188621019,348,Nepal Stock House (PVT) Ltd.,Naasa Securities Co. Ltd.,2026-04-29 14:59:04.340882,Citizens Bank International Limited
2026042901067028,CZBIL,14,4,5000,204.0,1020000.0,2026-04-29,188621021,348,Nepal Stock House (PVT) Ltd.,Opal Securities Investment (PVT) Ltd.,2026-04-29 14:59:04.340924,Citizens Bank International Limited
2026042901067029,CZBIL,14,33,266,204.0,54264.0,2026-04-29,188621023,348,Nepal Stock House (PVT) Ltd.,Dakshinkali Investment & Securities Pvt. Ltd.,2026-04-29 14:59:04.340959,Citizens Bank International Limited
2026042901067030,CZBIL,14,22,890,204.7,182183.0,2026-04-29,188621025,348,Nepal Stock House (PVT) Ltd.,Siprabi Securities Pvt. Ltd.,2026-04-29 14:59:04.340989,Citizens Bank International Limited
2026042901067031,CZBIL,14,45,200,205.0,41000.0,2026-04-29,188621027,348,Nepal Stock House (PVT) Ltd.,Imperial Securities Company Pvt. Ltd.,2026-04-29 14:59:04.341076,Citizens Bank International Limited
2026042901067032,CZBIL,14,13,606,205.0,124230.0,2026-04-29,188621029,348,Nepal Stock House (PVT) Ltd.,Thrive Brokerage House Pvt. Ltd,2026-04-29 14:59:04.341103,Citizens Bank International Limited
2026042901067033,CZBIL,14,58,46,205.0,9430.0,2026-04-29,188621031,348,Nepal Stock House (PVT) Ltd.,Naasa Securities Co. Ltd.,2026-04-29 14:59:04.341140,Citizens Bank International Limited
2026042901067034,CZBIL,14,45,1000,205.0,205000.0,2026-04-29,188621033,348,Nepal Stock House (PVT) Ltd.,Imperial Securities Company Pvt. Ltd.,2026-04-29 14:59:04.341166,Citizens Bank International Limited
2026042901067035,CZBIL,14,42,44,205.0,9020.0,2026-04-29,188621036,348,Nepal Stock House (PVT) Ltd.,Sani Securities Company Ltd.,2026-04-29 14:59:04.341196,Citizens Bank International Limited
2026042901067293,CZBIL,14,42,226,205.0,46330.0,2026-04-29,188622211,348,Nepal Stock House (PVT) Ltd.,Sani Securities Company Ltd.,2026-04-29 14:59:23.556305,Citizens Bank International Limited
2026042901067294,CZBIL,14,74,30,205.0,6150.0,2026-04-29,188622213,348,Nepal Stock House (PVT) Ltd.,KALASH STOCK MARKET PVT. LTD.,2026-04-29 14:59:23.556410,Citizens Bank International Limited
2026042901067295,CZBIL,14,32,100,205.0,20500.0,2026-04-29,188622215,348,Nepal Stock House (PVT) Ltd.,Premier Securities Company Ltd.,2026-04-29 14:59:23.556491,Citizens Bank International Limited
2026042901067296,CZBIL,14,29,400,205.0,82000.0,2026-04-29,188622217,348,Nepal Stock House (PVT) Ltd.,Trisul Securities & Invt. Ltd.,2026-04-29 14:59:23.556563,Citizens Bank International Limited
2026042901067297,CZBIL,14,22,890,205.7,183073.0,2026-04-29,188622219,348,Nepal Stock House (PVT) Ltd.,Siprabi Securities Pvt. Ltd.,2026-04-29 14:59:23.556652,Citizens Bank International Limited
2026042901067298,CZBIL,14,62,500,205.9,102950.0,2026-04-29,188622221,348,Nepal Stock House (PVT) Ltd.,Capital Max Securities Ltd,2026-04-29 14:59:23.556767,Citizens Bank International Limited
2026042901067299,CZBIL,14,32,61,206.0,12566.0,2026-04-29,188622223,348,Nepal Stock House (PVT) Ltd.,Premier Securities Company Ltd.,2026-04-29 14:59:23.556852,Citizens Bank International Limited
2026042901067300,CZBIL,14,42,793,206.0,163358.0,2026-04-29,188622226,348,Nepal Stock House (PVT) Ltd.,Sani Securities Company Ltd.,2026-04-29 14:59:23.556948,Citizens Bank International Limited
2026042901067566,CZBIL,82,42,50,206.0,10300.0,2026-04-29,188623396,348,N.M.B. SECURITIES LIMITED,Sani Securities Company Ltd.,2026-04-29 14:59:42.061874,Citizens Bank International Limited
2026042901067583,CZBIL,48,6,15,205.0,3075.0,2026-04-29,188623480,348,Trishakti Securities Public Limited,Agrawal Securities (PVT) Ltd.,2026-04-29 14:59:43.351448,Citizens Bank International Limited
2026042901067584,CZBIL,48,6,185,204.0,37740.0,2026-04-29,188623481,348,Trishakti Securities Public Limited,Agrawal Securities (PVT) Ltd.,2026-04-29 14:59:43.351879,Citizens Bank International Limited
2026042901067699,CZBIL,48,6,100,204.0,20400.0,2026-04-29,188624025,348,Trishakti Securities Public Limited,Agrawal Securities (PVT) Ltd.,2026-04-29 14:59:51.863555,Citizens Bank International Limited
