contractId,stockSymbol,buyerMemberId,sellerMemberId,quantity,rate,amount,businessDate,tradeBookId,stockId,buyerBrokerName,sellerBrokerName,transaction_time,securityName
2026042903000817,GFCL,58,44,100,623.0,62300.0,2026-04-29,188463883,232,Naasa Securities Co. Ltd.,Dynamic Money Managers Securities Pvt. Ltd.,2026-04-29 11:36:53.356774,Goodwill Finance Limited
2026042903001288,GFCL,59,4,50,620.1,31005.0,2026-04-29,188481887,232,Deevyaa Securities & Stock House Pvt. Ltd,Opal Securities Investment (PVT) Ltd.,2026-04-29 11:56:37.510156,Goodwill Finance Limited
2026042903001623,GFCL,59,35,12,620.1,7441.2,2026-04-29,188492517,232,Deevyaa Securities & Stock House Pvt. Ltd,Kohinoor Investment & Securities Pvt. Ltd.,2026-04-29 12:07:48.957497,Goodwill Finance Limited
2026042903001689,GFCL,59,62,38,620.1,23563.8,2026-04-29,188494512,232,Deevyaa Securities & Stock House Pvt. Ltd,Capital Max Securities Ltd,2026-04-29 12:10:09.494651,Goodwill Finance Limited
2026042903001690,GFCL,34,62,12,620.1,7441.2,2026-04-29,188494513,232,Vision Securities Pvt. Ltd,Capital Max Securities Ltd,2026-04-29 12:10:09.494797,Goodwill Finance Limited
2026042903001692,GFCL,34,58,88,620.1,54568.8,2026-04-29,188494682,232,Vision Securities Pvt. Ltd,Naasa Securities Co. Ltd.,2026-04-29 12:10:23.646887,Goodwill Finance Limited
2026042903001693,GFCL,6,58,30,620.0,18600.0,2026-04-29,188494684,232,Agrawal Securities (PVT) Ltd.,Naasa Securities Co. Ltd.,2026-04-29 12:10:23.646974,Goodwill Finance Limited
2026042903001707,GFCL,26,58,32,619.0,19808.0,2026-04-29,188495035,232,Asian Securities Private Ltd.,Naasa Securities Co. Ltd.,2026-04-29 12:10:46.080119,Goodwill Finance Limited
2026042903002039,GFCL,42,59,13,623.0,8099.0,2026-04-29,188508798,232,Sani Securities Company Ltd.,Deevyaa Securities & Stock House Pvt. Ltd,2026-04-29 12:27:08.445705,Goodwill Finance Limited
2026042903002116,GFCL,49,59,37,621.0,22977.0,2026-04-29,188511735,232,Online Securities Pvt. Ltd.,Deevyaa Securities & Stock House Pvt. Ltd,2026-04-29 12:31:01.032070,Goodwill Finance Limited
2026042903002276,GFCL,45,62,11,624.0,6864.0,2026-04-29,188516994,232,Imperial Securities Company Pvt. Ltd.,Capital Max Securities Ltd,2026-04-29 12:37:52.856910,Goodwill Finance Limited
2026042903002407,GFCL,49,45,19,622.0,11818.0,2026-04-29,188519618,232,Online Securities Pvt. Ltd.,Imperial Securities Company Pvt. Ltd.,2026-04-29 12:41:40.298725,Goodwill Finance Limited
2026042903002900,GFCL,38,45,20,622.0,12440.0,2026-04-29,188533896,232,Dipshikha Dhitopatra Karobar Co. Pvt Ltd.,Imperial Securities Company Pvt. Ltd.,2026-04-29 13:07:02.992919,Goodwill Finance Limited
2026042903003042,GFCL,42,45,50,620.0,31000.0,2026-04-29,188538362,232,Sani Securities Company Ltd.,Imperial Securities Company Pvt. Ltd.,2026-04-29 13:14:06.414816,Goodwill Finance Limited
2026042903003043,GFCL,58,45,10,620.0,6200.0,2026-04-29,188538364,232,Naasa Securities Co. Ltd.,Imperial Securities Company Pvt. Ltd.,2026-04-29 13:14:06.414990,Goodwill Finance Limited
2026042903003044,GFCL,45,45,50,620.0,31000.0,2026-04-29,188538366,232,Imperial Securities Company Pvt. Ltd.,Imperial Securities Company Pvt. Ltd.,2026-04-29 13:14:06.415136,Goodwill Finance Limited
2026042903003095,GFCL,45,91,100,619.0,61900.0,2026-04-29,188539245,232,Imperial Securities Company Pvt. Ltd.,Citizens Share Broker Limited,2026-04-29 13:15:28.154554,Goodwill Finance Limited
2026042903003125,GFCL,28,91,40,618.0,24720.0,2026-04-29,188539592,232,Shree Krishna Securities Ltd.,Citizens Share Broker Limited,2026-04-29 13:16:16.139987,Goodwill Finance Limited
2026042903003126,GFCL,47,91,100,618.0,61800.0,2026-04-29,188539594,232,Neev Securities Pvt. Ltd.,Citizens Share Broker Limited,2026-04-29 13:16:16.140189,Goodwill Finance Limited
2026042903003127,GFCL,26,91,60,618.0,37080.0,2026-04-29,188539595,232,Asian Securities Private Ltd.,Citizens Share Broker Limited,2026-04-29 13:16:16.140304,Goodwill Finance Limited
2026042903003505,GFCL,49,45,16,620.0,9920.0,2026-04-29,188546814,232,Online Securities Pvt. Ltd.,Imperial Securities Company Pvt. Ltd.,2026-04-29 13:28:51.497330,Goodwill Finance Limited
2026042903003755,GFCL,98,44,100,618.5,61850.0,2026-04-29,188551301,232,Trademow Securities Private Limited,Dynamic Money Managers Securities Pvt. Ltd.,2026-04-29 13:36:23.219970,Goodwill Finance Limited
2026042903003769,GFCL,66,44,750,618.1,463575.0,2026-04-29,188551483,232,Miyo Securities Pvt Ltd,Dynamic Money Managers Securities Pvt. Ltd.,2026-04-29 13:36:50.290162,Goodwill Finance Limited
2026042903003775,GFCL,66,44,100,618.1,61810.0,2026-04-29,188551595,232,Miyo Securities Pvt Ltd,Dynamic Money Managers Securities Pvt. Ltd.,2026-04-29 13:37:06.413087,Goodwill Finance Limited
2026042903004284,GFCL,41,45,500,618.3,309150.0,2026-04-29,188563092,232,Linch Stock Market Ltd.,Imperial Securities Company Pvt. Ltd.,2026-04-29 13:57:34.835717,Goodwill Finance Limited
2026042903004285,GFCL,56,45,500,618.2,309100.0,2026-04-29,188563094,232,Sri Hari Securities Pvt. Ltd.,Imperial Securities Company Pvt. Ltd.,2026-04-29 13:57:34.835897,Goodwill Finance Limited
2026042903004286,GFCL,66,45,150,618.1,92715.0,2026-04-29,188563096,232,Miyo Securities Pvt Ltd,Imperial Securities Company Pvt. Ltd.,2026-04-29 13:57:34.836041,Goodwill Finance Limited
2026042903004287,GFCL,26,45,208,618.0,128544.0,2026-04-29,188563098,232,Asian Securities Private Ltd.,Imperial Securities Company Pvt. Ltd.,2026-04-29 13:57:34.836152,Goodwill Finance Limited
2026042903004288,GFCL,26,45,200,618.0,123600.0,2026-04-29,188563100,232,Asian Securities Private Ltd.,Imperial Securities Company Pvt. Ltd.,2026-04-29 13:57:34.836260,Goodwill Finance Limited
2026042903004289,GFCL,35,45,250,617.0,154250.0,2026-04-29,188563102,232,Kohinoor Investment & Securities Pvt. Ltd.,Imperial Securities Company Pvt. Ltd.,2026-04-29 13:57:34.836368,Goodwill Finance Limited
2026042903004290,GFCL,58,45,50,617.0,30850.0,2026-04-29,188563104,232,Naasa Securities Co. Ltd.,Imperial Securities Company Pvt. Ltd.,2026-04-29 13:57:34.836467,Goodwill Finance Limited
2026042903004291,GFCL,58,45,200,617.0,123400.0,2026-04-29,188563106,232,Naasa Securities Co. Ltd.,Imperial Securities Company Pvt. Ltd.,2026-04-29 13:57:34.836561,Goodwill Finance Limited
2026042903004302,GFCL,5,45,200,616.0,123200.0,2026-04-29,188563304,232,Market Securities & Exchange (PVT) Ltd.,Imperial Securities Company Pvt. Ltd.,2026-04-29 13:58:01.013441,Goodwill Finance Limited
2026042903004303,GFCL,33,45,242,616.0,149072.0,2026-04-29,188563305,232,Dakshinkali Investment & Securities Pvt. Ltd.,Imperial Securities Company Pvt. Ltd.,2026-04-29 13:58:01.013594,Goodwill Finance Limited
2026042903004308,GFCL,33,45,271,616.0,166936.0,2026-04-29,188563448,232,Dakshinkali Investment & Securities Pvt. Ltd.,Imperial Securities Company Pvt. Ltd.,2026-04-29 13:58:17.081692,Goodwill Finance Limited
2026042903004309,GFCL,66,45,64,616.0,39424.0,2026-04-29,188563449,232,Miyo Securities Pvt Ltd,Imperial Securities Company Pvt. Ltd.,2026-04-29 13:58:17.081774,Goodwill Finance Limited
2026042903004890,GFCL,52,29,50,620.0,31000.0,2026-04-29,188575344,232,Sundhara Securities Limited,Trisul Securities & Invt. Ltd.,2026-04-29 14:18:45.658189,Goodwill Finance Limited
2026042903005613,GFCL,34,29,100,620.0,62000.0,2026-04-29,188591328,232,Vision Securities Pvt. Ltd,Trisul Securities & Invt. Ltd.,2026-04-29 14:36:27.522474,Goodwill Finance Limited
2026042903005827,GFCL,14,29,20,620.0,12400.0,2026-04-29,188596248,232,Nepal Stock House (PVT) Ltd.,Trisul Securities & Invt. Ltd.,2026-04-29 14:40:56.578715,Goodwill Finance Limited
2026042903005866,GFCL,34,25,100,616.7,61670.0,2026-04-29,188597369,232,Vision Securities Pvt. Ltd,Sweta Securities Private Limited,2026-04-29 14:41:48.920183,Goodwill Finance Limited
2026042903006058,GFCL,58,11,100,616.6,61660.0,2026-04-29,188600775,232,Naasa Securities Co. Ltd.,Malla & Malla Stock Broking Company Pvt. Limited,2026-04-29 14:45:14.216225,Goodwill Finance Limited
2026042903006174,GFCL,58,21,28,616.6,17264.8,2026-04-29,188603187,232,Naasa Securities Co. Ltd.,Midas Stock Broking Company Private Limited,2026-04-29 14:47:12.210116,Goodwill Finance Limited
2026042903006747,GFCL,58,29,330,617.0,203610.0,2026-04-29,188614593,232,Naasa Securities Co. Ltd.,Trisul Securities & Invt. Ltd.,2026-04-29 14:55:35.466776,Goodwill Finance Limited
2026042903006882,GFCL,58,46,50,617.0,30850.0,2026-04-29,188616699,232,Naasa Securities Co. Ltd.,Kalika Securities Pvt. Ltd.,2026-04-29 14:56:54.113032,Goodwill Finance Limited
2026042903007115,GFCL,58,49,25,619.8,15495.0,2026-04-29,188622393,232,Naasa Securities Co. Ltd.,Online Securities Pvt. Ltd.,2026-04-29 14:59:26.478074,Goodwill Finance Limited
2026042903007116,GFCL,58,6,27,620.0,16740.0,2026-04-29,188622395,232,Naasa Securities Co. Ltd.,Agrawal Securities (PVT) Ltd.,2026-04-29 14:59:26.478119,Goodwill Finance Limited
2026042903007117,GFCL,58,49,250,623.9,155975.0,2026-04-29,188622397,232,Naasa Securities Co. Ltd.,Online Securities Pvt. Ltd.,2026-04-29 14:59:26.478146,Goodwill Finance Limited
2026042903007118,GFCL,58,62,39,624.0,24336.0,2026-04-29,188622399,232,Naasa Securities Co. Ltd.,Capital Max Securities Ltd,2026-04-29 14:59:26.478179,Goodwill Finance Limited
2026042903007119,GFCL,58,46,100,624.0,62400.0,2026-04-29,188622401,232,Naasa Securities Co. Ltd.,Kalika Securities Pvt. Ltd.,2026-04-29 14:59:26.478201,Goodwill Finance Limited
2026042903007120,GFCL,58,45,179,624.0,111696.0,2026-04-29,188622404,232,Naasa Securities Co. Ltd.,Imperial Securities Company Pvt. Ltd.,2026-04-29 14:59:26.478224,Goodwill Finance Limited
