contractId,stockSymbol,buyerMemberId,sellerMemberId,quantity,rate,amount,businessDate,tradeBookId,stockId,buyerBrokerName,sellerBrokerName,transaction_time,securityName
2026042903000213,GMFIL,42,47,50,457.2,22860.0,2026-04-29,188432112,263,Sani Securities Company Ltd.,Neev Securities Pvt. Ltd.,2026-04-29 11:11:35.063229,Guheshowori Merchant Bank & Finance Co. Ltd.
2026042903000214,GMFIL,21,47,50,457.1,22855.0,2026-04-29,188432113,263,Midas Stock Broking Company Private Limited,Neev Securities Pvt. Ltd.,2026-04-29 11:11:35.063271,Guheshowori Merchant Bank & Finance Co. Ltd.
2026042903000350,GMFIL,54,77,40,457.2,18288.0,2026-04-29,188442886,263,Sewa Securities Pvt. Ltd.,Nabil Stock Dealer Ltd.,2026-04-29 11:18:42.498717,Guheshowori Merchant Bank & Finance Co. Ltd.
2026042903000351,GMFIL,21,77,50,457.1,22855.0,2026-04-29,188442888,263,Midas Stock Broking Company Private Limited,Nabil Stock Dealer Ltd.,2026-04-29 11:18:42.498865,Guheshowori Merchant Bank & Finance Co. Ltd.
2026042903000352,GMFIL,34,77,50,457.1,22855.0,2026-04-29,188442890,263,Vision Securities Pvt. Ltd,Nabil Stock Dealer Ltd.,2026-04-29 11:18:42.498945,Guheshowori Merchant Bank & Finance Co. Ltd.
2026042903000353,GMFIL,58,77,50,457.1,22855.0,2026-04-29,188442892,263,Naasa Securities Co. Ltd.,Nabil Stock Dealer Ltd.,2026-04-29 11:18:42.499020,Guheshowori Merchant Bank & Finance Co. Ltd.
2026042903000354,GMFIL,61,77,50,457.0,22850.0,2026-04-29,188442894,263,BHOLE GANESH SECURITIES LTD,Nabil Stock Dealer Ltd.,2026-04-29 11:18:42.499115,Guheshowori Merchant Bank & Finance Co. Ltd.
2026042903000355,GMFIL,49,77,15,455.0,6825.0,2026-04-29,188442896,263,Online Securities Pvt. Ltd.,Nabil Stock Dealer Ltd.,2026-04-29 11:18:42.499183,Guheshowori Merchant Bank & Finance Co. Ltd.
2026042903000356,GMFIL,42,77,10,455.0,4550.0,2026-04-29,188442898,263,Sani Securities Company Ltd.,Nabil Stock Dealer Ltd.,2026-04-29 11:18:42.499275,Guheshowori Merchant Bank & Finance Co. Ltd.
2026042903000357,GMFIL,49,77,15,452.6,6789.0,2026-04-29,188442900,263,Online Securities Pvt. Ltd.,Nabil Stock Dealer Ltd.,2026-04-29 11:18:42.499372,Guheshowori Merchant Bank & Finance Co. Ltd.
2026042903000358,GMFIL,16,77,420,450.4,189168.0,2026-04-29,188442901,263,Primo Securities (PVT) Ltd.,Nabil Stock Dealer Ltd.,2026-04-29 11:18:42.499432,Guheshowori Merchant Bank & Finance Co. Ltd.
2026042903001119,GMFIL,35,57,19,460.0,8740.0,2026-04-29,188477038,263,Kohinoor Investment & Securities Pvt. Ltd.,Aryatara Investment & Securities,2026-04-29 11:51:30.011551,Guheshowori Merchant Bank & Finance Co. Ltd.
2026042903001173,GMFIL,35,58,53,463.0,24539.0,2026-04-29,188478112,263,Kohinoor Investment & Securities Pvt. Ltd.,Naasa Securities Co. Ltd.,2026-04-29 11:52:40.718080,Guheshowori Merchant Bank & Finance Co. Ltd.
2026042903001225,GMFIL,35,75,80,463.9,37112.0,2026-04-29,188479466,263,Kohinoor Investment & Securities Pvt. Ltd.,N.I.M.B. Stock Markets Limited,2026-04-29 11:53:50.783175,Guheshowori Merchant Bank & Finance Co. Ltd.
2026042903001468,GMFIL,35,75,20,463.9,9278.0,2026-04-29,188487172,263,Kohinoor Investment & Securities Pvt. Ltd.,N.I.M.B. Stock Markets Limited,2026-04-29 12:01:50.370904,Guheshowori Merchant Bank & Finance Co. Ltd.
2026042903001500,GMFIL,49,47,25,467.0,11675.0,2026-04-29,188488101,263,Online Securities Pvt. Ltd.,Neev Securities Pvt. Ltd.,2026-04-29 12:02:58.030789,Guheshowori Merchant Bank & Finance Co. Ltd.
2026042903001501,GMFIL,49,26,50,468.0,23400.0,2026-04-29,188488103,263,Online Securities Pvt. Ltd.,Asian Securities Private Ltd.,2026-04-29 12:02:58.030884,Guheshowori Merchant Bank & Finance Co. Ltd.
2026042903001555,GMFIL,49,39,25,468.0,11700.0,2026-04-29,188490139,263,Online Securities Pvt. Ltd.,Sumeru Securities Pvt. Ltd.,2026-04-29 12:05:07.216493,Guheshowori Merchant Bank & Finance Co. Ltd.
2026042903002674,GMFIL,58,34,11,467.0,5137.0,2026-04-29,188526928,263,Naasa Securities Co. Ltd.,Vision Securities Pvt. Ltd,2026-04-29 12:54:50.977447,Guheshowori Merchant Bank & Finance Co. Ltd.
2026042903003768,GMFIL,49,58,50,460.1,23005.0,2026-04-29,188551469,263,Online Securities Pvt. Ltd.,Naasa Securities Co. Ltd.,2026-04-29 13:36:48.387665,Guheshowori Merchant Bank & Finance Co. Ltd.
2026042903003787,GMFIL,48,58,50,460.0,23000.0,2026-04-29,188552044,263,Trishakti Securities Public Limited,Naasa Securities Co. Ltd.,2026-04-29 13:38:08.523386,Guheshowori Merchant Bank & Finance Co. Ltd.
2026042903003788,GMFIL,75,58,15,460.0,6900.0,2026-04-29,188552045,263,N.I.M.B. Stock Markets Limited,Naasa Securities Co. Ltd.,2026-04-29 13:38:08.523500,Guheshowori Merchant Bank & Finance Co. Ltd.
2026042903004087,GMFIL,21,59,100,463.0,46300.0,2026-04-29,188559487,263,Midas Stock Broking Company Private Limited,Deevyaa Securities & Stock House Pvt. Ltd,2026-04-29 13:51:24.984360,Guheshowori Merchant Bank & Finance Co. Ltd.
2026042903004088,GMFIL,21,38,10,464.1,4641.0,2026-04-29,188559489,263,Midas Stock Broking Company Private Limited,Dipshikha Dhitopatra Karobar Co. Pvt Ltd.,2026-04-29 13:51:24.984506,Guheshowori Merchant Bank & Finance Co. Ltd.
2026042903004089,GMFIL,21,58,100,464.9,46490.0,2026-04-29,188559491,263,Midas Stock Broking Company Private Limited,Naasa Securities Co. Ltd.,2026-04-29 13:51:24.984559,Guheshowori Merchant Bank & Finance Co. Ltd.
2026042903004090,GMFIL,21,59,221,465.0,102765.0,2026-04-29,188559494,263,Midas Stock Broking Company Private Limited,Deevyaa Securities & Stock House Pvt. Ltd,2026-04-29 13:51:24.984606,Guheshowori Merchant Bank & Finance Co. Ltd.
2026042903005233,GMFIL,4,94,450,459.0,206550.0,2026-04-29,188582407,263,Opal Securities Investment (PVT) Ltd.,K.B.L. Securities Limited ,2026-04-29 14:27:36.514326,Guheshowori Merchant Bank & Finance Co. Ltd.
2026042903005680,GMFIL,4,52,60,459.0,27540.0,2026-04-29,188592649,263,Opal Securities Investment (PVT) Ltd.,Sundhara Securities Limited,2026-04-29 14:37:50.316886,Guheshowori Merchant Bank & Finance Co. Ltd.
2026042903005727,GMFIL,4,34,179,459.0,82161.0,2026-04-29,188593495,263,Opal Securities Investment (PVT) Ltd.,Vision Securities Pvt. Ltd,2026-04-29 14:38:32.609212,Guheshowori Merchant Bank & Finance Co. Ltd.
2026042903005742,GMFIL,4,34,10,459.0,4590.0,2026-04-29,188593983,263,Opal Securities Investment (PVT) Ltd.,Vision Securities Pvt. Ltd,2026-04-29 14:38:58.261039,Guheshowori Merchant Bank & Finance Co. Ltd.
2026042903005744,GMFIL,4,42,100,459.0,45900.0,2026-04-29,188594013,263,Opal Securities Investment (PVT) Ltd.,Sani Securities Company Ltd.,2026-04-29 14:39:01.046961,Guheshowori Merchant Bank & Finance Co. Ltd.
2026042903005997,GMFIL,42,62,100,459.1,45910.0,2026-04-29,188599521,263,Sani Securities Company Ltd.,Capital Max Securities Ltd,2026-04-29 14:43:59.323838,Guheshowori Merchant Bank & Finance Co. Ltd.
2026042903006384,GMFIL,35,34,200,459.1,91820.0,2026-04-29,188607214,263,Kohinoor Investment & Securities Pvt. Ltd.,Vision Securities Pvt. Ltd,2026-04-29 14:50:22.406856,Guheshowori Merchant Bank & Finance Co. Ltd.
2026042903006385,GMFIL,4,34,75,459.0,34425.0,2026-04-29,188607215,263,Opal Securities Investment (PVT) Ltd.,Vision Securities Pvt. Ltd,2026-04-29 14:50:22.406962,Guheshowori Merchant Bank & Finance Co. Ltd.
2026042903006553,GMFIL,4,32,100,459.0,45900.0,2026-04-29,188610655,263,Opal Securities Investment (PVT) Ltd.,Premier Securities Company Ltd.,2026-04-29 14:53:00.081800,Guheshowori Merchant Bank & Finance Co. Ltd.
2026042903006653,GMFIL,58,45,35,460.0,16100.0,2026-04-29,188612624,263,Naasa Securities Co. Ltd.,Imperial Securities Company Pvt. Ltd.,2026-04-29 14:54:24.579175,Guheshowori Merchant Bank & Finance Co. Ltd.
2026042903006660,GMFIL,14,45,200,460.0,92000.0,2026-04-29,188612938,263,Nepal Stock House (PVT) Ltd.,Imperial Securities Company Pvt. Ltd.,2026-04-29 14:54:33.141990,Guheshowori Merchant Bank & Finance Co. Ltd.
2026042903006670,GMFIL,42,45,200,460.0,92000.0,2026-04-29,188613098,263,Sani Securities Company Ltd.,Imperial Securities Company Pvt. Ltd.,2026-04-29 14:54:40.526857,Guheshowori Merchant Bank & Finance Co. Ltd.
2026042903006725,GMFIL,4,32,26,459.0,11934.0,2026-04-29,188614194,263,Opal Securities Investment (PVT) Ltd.,Premier Securities Company Ltd.,2026-04-29 14:55:19.767605,Guheshowori Merchant Bank & Finance Co. Ltd.
2026042903006803,GMFIL,42,32,24,458.1,10994.4,2026-04-29,188615335,263,Sani Securities Company Ltd.,Premier Securities Company Ltd.,2026-04-29 14:56:05.278884,Guheshowori Merchant Bank & Finance Co. Ltd.
2026042903007067,GMFIL,4,45,65,460.0,29900.0,2026-04-29,188621511,263,Opal Securities Investment (PVT) Ltd.,Imperial Securities Company Pvt. Ltd.,2026-04-29 14:59:11.079212,Guheshowori Merchant Bank & Finance Co. Ltd.
2026042903007068,GMFIL,4,14,137,460.0,63020.0,2026-04-29,188621514,263,Opal Securities Investment (PVT) Ltd.,Nepal Stock House (PVT) Ltd.,2026-04-29 14:59:11.079328,Guheshowori Merchant Bank & Finance Co. Ltd.
2026042903007437,GMFIL,42,48,10,461.0,4610.0,2026-04-29,188625412,263,Sani Securities Company Ltd.,Trishakti Securities Public Limited,2026-04-29 14:59:58.200497,Guheshowori Merchant Bank & Finance Co. Ltd.
