contractId,stockSymbol,buyerMemberId,sellerMemberId,quantity,rate,amount,businessDate,tradeBookId,stockId,buyerBrokerName,sellerBrokerName,transaction_time,securityName
2026042901000090,HBL,4,41,10,206.8,2068.0,2026-04-29,188418315,134,Opal Securities Investment (PVT) Ltd.,Linch Stock Market Ltd.,2026-04-29 11:00:27.357676,Himalayan Bank Limited
2026042901000153,HBL,53,56,10,203.0,2030.0,2026-04-29,188418458,134,Investment Management Nepal Pvt. Ltd.,Sri Hari Securities Pvt. Ltd.,2026-04-29 11:00:44.764982,Himalayan Bank Limited
2026042901000154,HBL,45,56,10,200.0,2000.0,2026-04-29,188418459,134,Imperial Securities Company Pvt. Ltd.,Sri Hari Securities Pvt. Ltd.,2026-04-29 11:00:44.765091,Himalayan Bank Limited
2026042901000227,HBL,58,7,10,201.0,2010.0,2026-04-29,188418627,134,Naasa Securities Co. Ltd.,J.F. Securites (PVT) Ltd.,2026-04-29 11:00:55.721704,Himalayan Bank Limited
2026042901000309,HBL,58,38,10,201.0,2010.0,2026-04-29,188418801,134,Naasa Securities Co. Ltd.,Dipshikha Dhitopatra Karobar Co. Pvt Ltd.,2026-04-29 11:01:07.440204,Himalayan Bank Limited
2026042901000366,HBL,45,52,10,200.0,2000.0,2026-04-29,188418937,134,Imperial Securities Company Pvt. Ltd.,Sundhara Securities Limited,2026-04-29 11:01:19.266102,Himalayan Bank Limited
2026042901000619,HBL,45,7,10,200.0,2000.0,2026-04-29,188419483,134,Imperial Securities Company Pvt. Ltd.,J.F. Securites (PVT) Ltd.,2026-04-29 11:01:45.342217,Himalayan Bank Limited
2026042901000640,HBL,45,64,10,200.0,2000.0,2026-04-29,188419527,134,Imperial Securities Company Pvt. Ltd.,SUN SECURITIES PVT LTD,2026-04-29 11:01:47.168426,Himalayan Bank Limited
2026042901000737,HBL,45,58,10,200.0,2000.0,2026-04-29,188419733,134,Imperial Securities Company Pvt. Ltd.,Naasa Securities Co. Ltd.,2026-04-29 11:01:59.241462,Himalayan Bank Limited
2026042901000767,HBL,45,6,10,200.0,2000.0,2026-04-29,188419801,134,Imperial Securities Company Pvt. Ltd.,Agrawal Securities (PVT) Ltd.,2026-04-29 11:02:02.471335,Himalayan Bank Limited
2026042901000841,HBL,1,42,10,201.0,2010.0,2026-04-29,188419979,134,Kumari Securities Private Limited,Sani Securities Company Ltd.,2026-04-29 11:02:11.906283,Himalayan Bank Limited
2026042901000849,HBL,42,58,10,200.0,2000.0,2026-04-29,188419997,134,Sani Securities Company Ltd.,Naasa Securities Co. Ltd.,2026-04-29 11:02:12.505486,Himalayan Bank Limited
2026042901000894,HBL,42,57,10,200.0,2000.0,2026-04-29,188420091,134,Sani Securities Company Ltd.,Aryatara Investment & Securities,2026-04-29 11:02:16.114081,Himalayan Bank Limited
2026042901000935,HBL,42,56,10,200.0,2000.0,2026-04-29,188420183,134,Sani Securities Company Ltd.,Sri Hari Securities Pvt. Ltd.,2026-04-29 11:02:20.833072,Himalayan Bank Limited
2026042901001240,HBL,36,56,10,201.0,2010.0,2026-04-29,188420869,134,Secured Securities Ltd.,Sri Hari Securities Pvt. Ltd.,2026-04-29 11:02:47.887634,Himalayan Bank Limited
2026042901001245,HBL,36,44,10,201.0,2010.0,2026-04-29,188420879,134,Secured Securities Ltd.,Dynamic Money Managers Securities Pvt. Ltd.,2026-04-29 11:02:48.473560,Himalayan Bank Limited
2026042901001256,HBL,36,58,10,201.0,2010.0,2026-04-29,188420903,134,Secured Securities Ltd.,Naasa Securities Co. Ltd.,2026-04-29 11:02:51.117289,Himalayan Bank Limited
2026042901001341,HBL,29,42,10,205.0,2050.0,2026-04-29,188421085,134,Trisul Securities & Invt. Ltd.,Sani Securities Company Ltd.,2026-04-29 11:02:59.228251,Himalayan Bank Limited
2026042901001342,HBL,29,58,10,206.0,2060.0,2026-04-29,188421088,134,Trisul Securities & Invt. Ltd.,Naasa Securities Co. Ltd.,2026-04-29 11:02:59.228318,Himalayan Bank Limited
2026042901001374,HBL,36,42,10,201.0,2010.0,2026-04-29,188421165,134,Secured Securities Ltd.,Sani Securities Company Ltd.,2026-04-29 11:03:03.483319,Himalayan Bank Limited
2026042901001375,HBL,36,58,10,201.0,2010.0,2026-04-29,188421167,134,Secured Securities Ltd.,Naasa Securities Co. Ltd.,2026-04-29 11:03:03.741999,Himalayan Bank Limited
2026042901001467,HBL,13,45,10,201.1,2011.0,2026-04-29,188421391,134,Thrive Brokerage House Pvt. Ltd,Imperial Securities Company Pvt. Ltd.,2026-04-29 11:03:15.810701,Himalayan Bank Limited
2026042901001609,HBL,13,56,10,201.1,2011.0,2026-04-29,188421707,134,Thrive Brokerage House Pvt. Ltd,Sri Hari Securities Pvt. Ltd.,2026-04-29 11:03:35.382134,Himalayan Bank Limited
2026042901001614,HBL,13,42,10,201.1,2011.0,2026-04-29,188421719,134,Thrive Brokerage House Pvt. Ltd,Sani Securities Company Ltd.,2026-04-29 11:03:36.542210,Himalayan Bank Limited
2026042901001627,HBL,13,49,10,201.1,2011.0,2026-04-29,188421747,134,Thrive Brokerage House Pvt. Ltd,Online Securities Pvt. Ltd.,2026-04-29 11:03:38.707791,Himalayan Bank Limited
2026042901001914,HBL,13,56,10,201.1,2011.0,2026-04-29,188422385,134,Thrive Brokerage House Pvt. Ltd,Sri Hari Securities Pvt. Ltd.,2026-04-29 11:04:01.965606,Himalayan Bank Limited
2026042901001931,HBL,13,42,10,201.1,2011.0,2026-04-29,188422435,134,Thrive Brokerage House Pvt. Ltd,Sani Securities Company Ltd.,2026-04-29 11:04:05.459782,Himalayan Bank Limited
2026042901002044,HBL,13,49,10,201.1,2011.0,2026-04-29,188422671,134,Thrive Brokerage House Pvt. Ltd,Online Securities Pvt. Ltd.,2026-04-29 11:04:11.742206,Himalayan Bank Limited
2026042901002045,HBL,13,47,10,201.1,2011.0,2026-04-29,188422673,134,Thrive Brokerage House Pvt. Ltd,Neev Securities Pvt. Ltd.,2026-04-29 11:04:12.226760,Himalayan Bank Limited
2026042901002116,HBL,13,56,10,201.1,2011.0,2026-04-29,188422849,134,Thrive Brokerage House Pvt. Ltd,Sri Hari Securities Pvt. Ltd.,2026-04-29 11:04:23.408670,Himalayan Bank Limited
2026042901002131,HBL,13,58,10,201.1,2011.0,2026-04-29,188422885,134,Thrive Brokerage House Pvt. Ltd,Naasa Securities Co. Ltd.,2026-04-29 11:04:25.321252,Himalayan Bank Limited
2026042901002136,HBL,13,58,10,201.1,2011.0,2026-04-29,188422897,134,Thrive Brokerage House Pvt. Ltd,Naasa Securities Co. Ltd.,2026-04-29 11:04:26.104491,Himalayan Bank Limited
2026042901002152,HBL,13,33,10,201.1,2011.0,2026-04-29,188422931,134,Thrive Brokerage House Pvt. Ltd,Dakshinkali Investment & Securities Pvt. Ltd.,2026-04-29 11:04:29.070725,Himalayan Bank Limited
2026042901002497,HBL,85,6,88,202.0,17776.0,2026-04-29,188423732,134,Capital Hub P. Ltd,Agrawal Securities (PVT) Ltd.,2026-04-29 11:05:11.426328,Himalayan Bank Limited
2026042901002526,HBL,29,34,10,205.0,2050.0,2026-04-29,188423793,134,Trisul Securities & Invt. Ltd.,Vision Securities Pvt. Ltd,2026-04-29 11:05:14.663144,Himalayan Bank Limited
2026042901002527,HBL,29,35,10,205.0,2050.0,2026-04-29,188423795,134,Trisul Securities & Invt. Ltd.,Kohinoor Investment & Securities Pvt. Ltd.,2026-04-29 11:05:14.663238,Himalayan Bank Limited
2026042901002528,HBL,29,58,10,205.0,2050.0,2026-04-29,188423797,134,Trisul Securities & Invt. Ltd.,Naasa Securities Co. Ltd.,2026-04-29 11:05:14.663308,Himalayan Bank Limited
2026042901002529,HBL,29,29,10,205.0,2050.0,2026-04-29,188423799,134,Trisul Securities & Invt. Ltd.,Trisul Securities & Invt. Ltd.,2026-04-29 11:05:14.663378,Himalayan Bank Limited
2026042901002530,HBL,29,56,60,206.0,12360.0,2026-04-29,188423802,134,Trisul Securities & Invt. Ltd.,Sri Hari Securities Pvt. Ltd.,2026-04-29 11:05:14.663454,Himalayan Bank Limited
2026042901002546,HBL,85,56,10,201.2,2012.0,2026-04-29,188423847,134,Capital Hub P. Ltd,Sri Hari Securities Pvt. Ltd.,2026-04-29 11:05:18.704306,Himalayan Bank Limited
2026042901002711,HBL,85,56,10,201.2,2012.0,2026-04-29,188424215,134,Capital Hub P. Ltd,Sri Hari Securities Pvt. Ltd.,2026-04-29 11:05:35.244545,Himalayan Bank Limited
2026042901002888,HBL,85,6,10,201.2,2012.0,2026-04-29,188424669,134,Capital Hub P. Ltd,Agrawal Securities (PVT) Ltd.,2026-04-29 11:06:01.531392,Himalayan Bank Limited
2026042901002974,HBL,29,42,10,202.0,2020.0,2026-04-29,188424853,134,Trisul Securities & Invt. Ltd.,Sani Securities Company Ltd.,2026-04-29 11:06:10.901480,Himalayan Bank Limited
2026042901002975,HBL,29,58,10,205.0,2050.0,2026-04-29,188424856,134,Trisul Securities & Invt. Ltd.,Naasa Securities Co. Ltd.,2026-04-29 11:06:10.901528,Himalayan Bank Limited
2026042901003118,HBL,85,33,60,201.2,12072.0,2026-04-29,188425192,134,Capital Hub P. Ltd,Dakshinkali Investment & Securities Pvt. Ltd.,2026-04-29 11:06:23.413459,Himalayan Bank Limited
2026042901003232,HBL,13,58,10,201.1,2011.0,2026-04-29,188425463,134,Thrive Brokerage House Pvt. Ltd,Naasa Securities Co. Ltd.,2026-04-29 11:06:39.197132,Himalayan Bank Limited
2026042901003251,HBL,72,33,55,201.2,11066.0,2026-04-29,188425509,134,Hatemalo Financial Services Private Limited,Dakshinkali Investment & Securities Pvt. Ltd.,2026-04-29 11:06:41.206628,Himalayan Bank Limited
2026042901003265,HBL,72,44,10,201.2,2012.0,2026-04-29,188425537,134,Hatemalo Financial Services Private Limited,Dynamic Money Managers Securities Pvt. Ltd.,2026-04-29 11:06:43.427390,Himalayan Bank Limited
2026042901003272,HBL,72,7,10,201.2,2012.0,2026-04-29,188425567,134,Hatemalo Financial Services Private Limited,J.F. Securites (PVT) Ltd.,2026-04-29 11:06:44.189833,Himalayan Bank Limited
2026042901003377,HBL,72,8,10,201.2,2012.0,2026-04-29,188425819,134,Hatemalo Financial Services Private Limited,Brilliant Securities Pvt. Ltd.,2026-04-29 11:06:57.027432,Himalayan Bank Limited
2026042901003506,HBL,72,42,10,201.2,2012.0,2026-04-29,188426131,134,Hatemalo Financial Services Private Limited,Sani Securities Company Ltd.,2026-04-29 11:07:11.404273,Himalayan Bank Limited
2026042901003522,HBL,14,45,10,201.2,2012.0,2026-04-29,188426163,134,Nepal Stock House (PVT) Ltd.,Imperial Securities Company Pvt. Ltd.,2026-04-29 11:07:13.508635,Himalayan Bank Limited
2026042901003757,HBL,58,6,10,202.0,2020.0,2026-04-29,188426677,134,Naasa Securities Co. Ltd.,Agrawal Securities (PVT) Ltd.,2026-04-29 11:07:34.085987,Himalayan Bank Limited
2026042901003795,HBL,58,25,10,202.0,2020.0,2026-04-29,188426783,134,Naasa Securities Co. Ltd.,Sweta Securities Private Limited,2026-04-29 11:07:41.121993,Himalayan Bank Limited
2026042901003828,HBL,58,38,10,202.0,2020.0,2026-04-29,188426867,134,Naasa Securities Co. Ltd.,Dipshikha Dhitopatra Karobar Co. Pvt Ltd.,2026-04-29 11:07:46.655293,Himalayan Bank Limited
2026042901003869,HBL,58,36,10,202.0,2020.0,2026-04-29,188426971,134,Naasa Securities Co. Ltd.,Secured Securities Ltd.,2026-04-29 11:07:54.368424,Himalayan Bank Limited
2026042901003897,HBL,58,62,10,202.0,2020.0,2026-04-29,188427037,134,Naasa Securities Co. Ltd.,Capital Max Securities Ltd,2026-04-29 11:07:58.057366,Himalayan Bank Limited
2026042901003956,HBL,58,56,10,202.0,2020.0,2026-04-29,188427179,134,Naasa Securities Co. Ltd.,Sri Hari Securities Pvt. Ltd.,2026-04-29 11:08:09.317858,Himalayan Bank Limited
2026042901004007,HBL,58,57,10,202.0,2020.0,2026-04-29,188427305,134,Naasa Securities Co. Ltd.,Aryatara Investment & Securities,2026-04-29 11:08:19.316535,Himalayan Bank Limited
2026042901004011,HBL,58,58,10,202.0,2020.0,2026-04-29,188427319,134,Naasa Securities Co. Ltd.,Naasa Securities Co. Ltd.,2026-04-29 11:08:19.929370,Himalayan Bank Limited
2026042901004105,HBL,58,58,20,202.0,4040.0,2026-04-29,188427543,134,Naasa Securities Co. Ltd.,Naasa Securities Co. Ltd.,2026-04-29 11:08:27.694982,Himalayan Bank Limited
2026042901004145,HBL,50,54,10,202.0,2020.0,2026-04-29,188427631,134,Cristal Kanchanjanga Securites Pvt. Ltd.,Sewa Securities Pvt. Ltd.,2026-04-29 11:08:32.466611,Himalayan Bank Limited
2026042901004389,HBL,50,46,10,202.0,2020.0,2026-04-29,188428185,134,Cristal Kanchanjanga Securites Pvt. Ltd.,Kalika Securities Pvt. Ltd.,2026-04-29 11:08:53.785245,Himalayan Bank Limited
2026042901004492,HBL,46,11,10,203.0,2030.0,2026-04-29,188428419,134,Kalika Securities Pvt. Ltd.,Malla & Malla Stock Broking Company Pvt. Limited,2026-04-29 11:09:04.749869,Himalayan Bank Limited
2026042901004650,HBL,58,48,10,201.9,2019.0,2026-04-29,188428765,134,Naasa Securities Co. Ltd.,Trishakti Securities Public Limited,2026-04-29 11:09:16.610494,Himalayan Bank Limited
2026042901004706,HBL,39,57,10,203.0,2030.0,2026-04-29,188428883,134,Sumeru Securities Pvt. Ltd.,Aryatara Investment & Securities,2026-04-29 11:09:20.784457,Himalayan Bank Limited
2026042901004707,HBL,39,22,10,203.0,2030.0,2026-04-29,188428885,134,Sumeru Securities Pvt. Ltd.,Siprabi Securities Pvt. Ltd.,2026-04-29 11:09:20.784692,Himalayan Bank Limited
2026042901004708,HBL,39,45,10,203.0,2030.0,2026-04-29,188428887,134,Sumeru Securities Pvt. Ltd.,Imperial Securities Company Pvt. Ltd.,2026-04-29 11:09:20.784852,Himalayan Bank Limited
2026042901004709,HBL,39,70,10,203.0,2030.0,2026-04-29,188428889,134,Sumeru Securities Pvt. Ltd.,Infinity Securities Limited,2026-04-29 11:09:20.785003,Himalayan Bank Limited
2026042901004710,HBL,39,58,10,203.0,2030.0,2026-04-29,188428892,134,Sumeru Securities Pvt. Ltd.,Naasa Securities Co. Ltd.,2026-04-29 11:09:20.785175,Himalayan Bank Limited
2026042901005285,HBL,39,28,10,202.0,2020.0,2026-04-29,188430267,134,Sumeru Securities Pvt. Ltd.,Shree Krishna Securities Ltd.,2026-04-29 11:10:21.379833,Himalayan Bank Limited
2026042901005343,HBL,39,88,10,202.0,2020.0,2026-04-29,188430407,134,Sumeru Securities Pvt. Ltd.,Blue Chip Securities Ltd,2026-04-29 11:10:32.029296,Himalayan Bank Limited
2026042901005793,HBL,39,42,10,202.0,2020.0,2026-04-29,188431477,134,Sumeru Securities Pvt. Ltd.,Sani Securities Company Ltd.,2026-04-29 11:11:11.262463,Himalayan Bank Limited
2026042901005826,HBL,39,21,10,202.0,2020.0,2026-04-29,188431545,134,Sumeru Securities Pvt. Ltd.,Midas Stock Broking Company Private Limited,2026-04-29 11:11:14.026594,Himalayan Bank Limited
2026042901005894,HBL,39,34,10,202.0,2020.0,2026-04-29,188431711,134,Sumeru Securities Pvt. Ltd.,Vision Securities Pvt. Ltd,2026-04-29 11:11:21.159175,Himalayan Bank Limited
2026042901005899,HBL,39,42,10,202.0,2020.0,2026-04-29,188431721,134,Sumeru Securities Pvt. Ltd.,Sani Securities Company Ltd.,2026-04-29 11:11:21.346168,Himalayan Bank Limited
2026042901005968,HBL,39,6,10,202.0,2020.0,2026-04-29,188431897,134,Sumeru Securities Pvt. Ltd.,Agrawal Securities (PVT) Ltd.,2026-04-29 11:11:26.344288,Himalayan Bank Limited
2026042901006000,HBL,29,14,10,203.0,2030.0,2026-04-29,188431967,134,Trisul Securities & Invt. Ltd.,Nepal Stock House (PVT) Ltd.,2026-04-29 11:11:29.117076,Himalayan Bank Limited
2026042901006001,HBL,29,58,10,204.0,2040.0,2026-04-29,188431970,134,Trisul Securities & Invt. Ltd.,Naasa Securities Co. Ltd.,2026-04-29 11:11:29.117134,Himalayan Bank Limited
2026042901006181,HBL,39,4,10,202.0,2020.0,2026-04-29,188432409,134,Sumeru Securities Pvt. Ltd.,Opal Securities Investment (PVT) Ltd.,2026-04-29 11:11:48.845406,Himalayan Bank Limited
2026042901006370,HBL,41,58,10,203.1,2031.0,2026-04-29,188432843,134,Linch Stock Market Ltd.,Naasa Securities Co. Ltd.,2026-04-29 11:12:05.048655,Himalayan Bank Limited
2026042901006372,HBL,41,6,10,203.1,2031.0,2026-04-29,188432857,134,Linch Stock Market Ltd.,Agrawal Securities (PVT) Ltd.,2026-04-29 11:12:05.222221,Himalayan Bank Limited
2026042901006433,HBL,41,29,60,203.1,12186.0,2026-04-29,188432994,134,Linch Stock Market Ltd.,Trisul Securities & Invt. Ltd.,2026-04-29 11:12:10.543769,Himalayan Bank Limited
2026042901006434,HBL,39,29,33,202.0,6666.0,2026-04-29,188432996,134,Sumeru Securities Pvt. Ltd.,Trisul Securities & Invt. Ltd.,2026-04-29 11:12:10.543822,Himalayan Bank Limited
2026042901006435,HBL,22,29,240,202.0,48480.0,2026-04-29,188432998,134,Siprabi Securities Pvt. Ltd.,Trisul Securities & Invt. Ltd.,2026-04-29 11:12:10.543849,Himalayan Bank Limited
2026042901006436,HBL,75,29,675,202.0,136350.0,2026-04-29,188433000,134,N.I.M.B. Stock Markets Limited,Trisul Securities & Invt. Ltd.,2026-04-29 11:12:10.543873,Himalayan Bank Limited
2026042901006437,HBL,49,29,10,202.0,2020.0,2026-04-29,188433002,134,Online Securities Pvt. Ltd.,Trisul Securities & Invt. Ltd.,2026-04-29 11:12:10.543899,Himalayan Bank Limited
2026042901006438,HBL,25,29,500,202.0,101000.0,2026-04-29,188433004,134,Sweta Securities Private Limited,Trisul Securities & Invt. Ltd.,2026-04-29 11:12:10.543933,Himalayan Bank Limited
2026042901006439,HBL,22,29,250,202.0,50500.0,2026-04-29,188433006,134,Siprabi Securities Pvt. Ltd.,Trisul Securities & Invt. Ltd.,2026-04-29 11:12:10.543959,Himalayan Bank Limited
2026042901006440,HBL,48,29,15,202.0,3030.0,2026-04-29,188433008,134,Trishakti Securities Public Limited,Trisul Securities & Invt. Ltd.,2026-04-29 11:12:10.543983,Himalayan Bank Limited
2026042901006441,HBL,58,29,530,201.9,107007.0,2026-04-29,188433010,134,Naasa Securities Co. Ltd.,Trisul Securities & Invt. Ltd.,2026-04-29 11:12:10.544008,Himalayan Bank Limited
2026042901006442,HBL,25,29,87,201.9,17565.3,2026-04-29,188433011,134,Sweta Securities Private Limited,Trisul Securities & Invt. Ltd.,2026-04-29 11:12:10.544039,Himalayan Bank Limited
2026042901006664,HBL,25,58,10,201.9,2019.0,2026-04-29,188433557,134,Sweta Securities Private Limited,Naasa Securities Co. Ltd.,2026-04-29 11:12:36.564281,Himalayan Bank Limited
2026042901006939,HBL,58,54,10,201.9,2019.0,2026-04-29,188434203,134,Naasa Securities Co. Ltd.,Sewa Securities Pvt. Ltd.,2026-04-29 11:13:01.659006,Himalayan Bank Limited
2026042901007121,HBL,58,21,10,201.9,2019.0,2026-04-29,188434649,134,Naasa Securities Co. Ltd.,Midas Stock Broking Company Private Limited,2026-04-29 11:13:21.502612,Himalayan Bank Limited
2026042901007143,HBL,58,26,10,201.9,2019.0,2026-04-29,188434699,134,Naasa Securities Co. Ltd.,Asian Securities Private Ltd.,2026-04-29 11:13:22.964781,Himalayan Bank Limited
2026042901007222,HBL,58,20,10,201.9,2019.0,2026-04-29,188434877,134,Naasa Securities Co. Ltd.,Sipla Securities Private Limited,2026-04-29 11:13:30.603164,Himalayan Bank Limited
2026042901007254,HBL,58,49,10,201.9,2019.0,2026-04-29,188434949,134,Naasa Securities Co. Ltd.,Online Securities Pvt. Ltd.,2026-04-29 11:13:33.319418,Himalayan Bank Limited
2026042901007393,HBL,39,45,10,201.6,2016.0,2026-04-29,188435265,134,Sumeru Securities Pvt. Ltd.,Imperial Securities Company Pvt. Ltd.,2026-04-29 11:13:45.729280,Himalayan Bank Limited
2026042901007428,HBL,39,58,10,201.6,2016.0,2026-04-29,188435357,134,Sumeru Securities Pvt. Ltd.,Naasa Securities Co. Ltd.,2026-04-29 11:13:51.161233,Himalayan Bank Limited
2026042901007471,HBL,39,38,10,201.6,2016.0,2026-04-29,188435455,134,Sumeru Securities Pvt. Ltd.,Dipshikha Dhitopatra Karobar Co. Pvt Ltd.,2026-04-29 11:13:54.797834,Himalayan Bank Limited
2026042901007491,HBL,39,45,10,201.6,2016.0,2026-04-29,188435497,134,Sumeru Securities Pvt. Ltd.,Imperial Securities Company Pvt. Ltd.,2026-04-29 11:13:56.050962,Himalayan Bank Limited
2026042901007636,HBL,29,58,10,203.0,2030.0,2026-04-29,188435827,134,Trisul Securities & Invt. Ltd.,Naasa Securities Co. Ltd.,2026-04-29 11:14:10.459592,Himalayan Bank Limited
2026042901007637,HBL,29,45,10,203.0,2030.0,2026-04-29,188435829,134,Trisul Securities & Invt. Ltd.,Imperial Securities Company Pvt. Ltd.,2026-04-29 11:14:10.459668,Himalayan Bank Limited
2026042901007638,HBL,29,58,10,203.1,2031.0,2026-04-29,188435832,134,Trisul Securities & Invt. Ltd.,Naasa Securities Co. Ltd.,2026-04-29 11:14:10.459747,Himalayan Bank Limited
2026042901008073,HBL,72,36,100,201.8,20180.0,2026-04-29,188436856,134,Hatemalo Financial Services Private Limited,Secured Securities Ltd.,2026-04-29 11:14:52.546091,Himalayan Bank Limited
2026042901008074,HBL,58,36,99,201.7,19968.3,2026-04-29,188436857,134,Naasa Securities Co. Ltd.,Secured Securities Ltd.,2026-04-29 11:14:52.546486,Himalayan Bank Limited
2026042901008578,HBL,35,49,10,201.8,2018.0,2026-04-29,188438053,134,Kohinoor Investment & Securities Pvt. Ltd.,Online Securities Pvt. Ltd.,2026-04-29 11:15:37.887740,Himalayan Bank Limited
2026042901008825,HBL,35,21,10,201.8,2018.0,2026-04-29,188438617,134,Kohinoor Investment & Securities Pvt. Ltd.,Midas Stock Broking Company Private Limited,2026-04-29 11:15:54.921589,Himalayan Bank Limited
2026042901008886,HBL,57,50,10,202.0,2020.0,2026-04-29,188438745,134,Aryatara Investment & Securities,Cristal Kanchanjanga Securites Pvt. Ltd.,2026-04-29 11:15:57.977120,Himalayan Bank Limited
2026042901009072,HBL,57,57,10,202.0,2020.0,2026-04-29,188439201,134,Aryatara Investment & Securities,Aryatara Investment & Securities,2026-04-29 11:16:15.020347,Himalayan Bank Limited
2026042901009124,HBL,57,74,10,202.0,2020.0,2026-04-29,188439315,134,Aryatara Investment & Securities,KALASH STOCK MARKET PVT. LTD.,2026-04-29 11:16:18.133231,Himalayan Bank Limited
2026042901009173,HBL,57,42,10,202.0,2020.0,2026-04-29,188439425,134,Aryatara Investment & Securities,Sani Securities Company Ltd.,2026-04-29 11:16:22.770236,Himalayan Bank Limited
2026042901009207,HBL,57,7,10,202.0,2020.0,2026-04-29,188439495,134,Aryatara Investment & Securities,J.F. Securites (PVT) Ltd.,2026-04-29 11:16:23.523574,Himalayan Bank Limited
2026042901009237,HBL,57,18,10,202.0,2020.0,2026-04-29,188439567,134,Aryatara Investment & Securities,Sagarmatha Securities Private Limited,2026-04-29 11:16:25.226332,Himalayan Bank Limited
2026042901009295,HBL,57,45,10,202.0,2020.0,2026-04-29,188439769,134,Aryatara Investment & Securities,Imperial Securities Company Pvt. Ltd.,2026-04-29 11:16:33.358894,Himalayan Bank Limited
2026042901009381,HBL,57,6,10,202.0,2020.0,2026-04-29,188439989,134,Aryatara Investment & Securities,Agrawal Securities (PVT) Ltd.,2026-04-29 11:16:46.702847,Himalayan Bank Limited
2026042901009423,HBL,57,49,10,202.0,2020.0,2026-04-29,188440081,134,Aryatara Investment & Securities,Online Securities Pvt. Ltd.,2026-04-29 11:16:52.628349,Himalayan Bank Limited
2026042901009425,HBL,57,58,10,202.0,2020.0,2026-04-29,188440086,134,Aryatara Investment & Securities,Naasa Securities Co. Ltd.,2026-04-29 11:16:52.840500,Himalayan Bank Limited
2026042901009426,HBL,35,58,75,202.0,15150.0,2026-04-29,188440087,134,Kohinoor Investment & Securities Pvt. Ltd.,Naasa Securities Co. Ltd.,2026-04-29 11:16:52.840807,Himalayan Bank Limited
2026042901009456,HBL,35,42,10,202.0,2020.0,2026-04-29,188440157,134,Kohinoor Investment & Securities Pvt. Ltd.,Sani Securities Company Ltd.,2026-04-29 11:16:54.307222,Himalayan Bank Limited
2026042901009475,HBL,50,52,50,202.9,10145.0,2026-04-29,188440203,134,Cristal Kanchanjanga Securites Pvt. Ltd.,Sundhara Securities Limited,2026-04-29 11:16:57.559678,Himalayan Bank Limited
2026042901009532,HBL,50,38,10,202.9,2029.0,2026-04-29,188440341,134,Cristal Kanchanjanga Securites Pvt. Ltd.,Dipshikha Dhitopatra Karobar Co. Pvt Ltd.,2026-04-29 11:17:08.206252,Himalayan Bank Limited
2026042901009620,HBL,50,49,10,202.9,2029.0,2026-04-29,188440557,134,Cristal Kanchanjanga Securites Pvt. Ltd.,Online Securities Pvt. Ltd.,2026-04-29 11:17:19.863067,Himalayan Bank Limited
2026042901009644,HBL,50,32,10,202.9,2029.0,2026-04-29,188440659,134,Cristal Kanchanjanga Securites Pvt. Ltd.,Premier Securities Company Ltd.,2026-04-29 11:17:21.968268,Himalayan Bank Limited
2026042901009771,HBL,50,34,10,202.9,2029.0,2026-04-29,188441025,134,Cristal Kanchanjanga Securites Pvt. Ltd.,Vision Securities Pvt. Ltd,2026-04-29 11:17:37.678658,Himalayan Bank Limited
2026042901009903,HBL,50,58,10,202.9,2029.0,2026-04-29,188441347,134,Cristal Kanchanjanga Securites Pvt. Ltd.,Naasa Securities Co. Ltd.,2026-04-29 11:17:50.206654,Himalayan Bank Limited
2026042901009934,HBL,50,57,10,202.9,2029.0,2026-04-29,188441419,134,Cristal Kanchanjanga Securites Pvt. Ltd.,Aryatara Investment & Securities,2026-04-29 11:17:53.199940,Himalayan Bank Limited
2026042901010115,HBL,17,19,10,203.0,2030.0,2026-04-29,188441861,134,ABC Securities Private Limited,Nepal Investment And Securities Trading Private Limited,2026-04-29 11:18:05.445900,Himalayan Bank Limited
2026042901010116,HBL,17,7,10,203.0,2030.0,2026-04-29,188441863,134,ABC Securities Private Limited,J.F. Securites (PVT) Ltd.,2026-04-29 11:18:05.446261,Himalayan Bank Limited
2026042901010117,HBL,17,32,10,203.0,2030.0,2026-04-29,188441865,134,ABC Securities Private Limited,Premier Securities Company Ltd.,2026-04-29 11:18:05.446502,Himalayan Bank Limited
2026042901010118,HBL,17,41,10,203.0,2030.0,2026-04-29,188441867,134,ABC Securities Private Limited,Linch Stock Market Ltd.,2026-04-29 11:18:05.446734,Himalayan Bank Limited
2026042901010119,HBL,17,8,10,203.0,2030.0,2026-04-29,188441870,134,ABC Securities Private Limited,Brilliant Securities Pvt. Ltd.,2026-04-29 11:18:05.446971,Himalayan Bank Limited
2026042901010627,HBL,58,57,10,203.0,2030.0,2026-04-29,188443041,134,Naasa Securities Co. Ltd.,Aryatara Investment & Securities,2026-04-29 11:18:49.797459,Himalayan Bank Limited
2026042901010688,HBL,58,42,10,203.0,2030.0,2026-04-29,188443175,134,Naasa Securities Co. Ltd.,Sani Securities Company Ltd.,2026-04-29 11:18:53.510232,Himalayan Bank Limited
2026042901010703,HBL,58,58,10,203.0,2030.0,2026-04-29,188443219,134,Naasa Securities Co. Ltd.,Naasa Securities Co. Ltd.,2026-04-29 11:18:56.861584,Himalayan Bank Limited
2026042901010727,HBL,10,58,10,203.1,2031.0,2026-04-29,188443277,134,Pragyan Securities (PVT) Ltd.,Naasa Securities Co. Ltd.,2026-04-29 11:19:00.595585,Himalayan Bank Limited
2026042901010791,HBL,10,50,10,203.1,2031.0,2026-04-29,188443429,134,Pragyan Securities (PVT) Ltd.,Cristal Kanchanjanga Securites Pvt. Ltd.,2026-04-29 11:19:08.138692,Himalayan Bank Limited
2026042901010812,HBL,10,7,10,203.1,2031.0,2026-04-29,188443477,134,Pragyan Securities (PVT) Ltd.,J.F. Securites (PVT) Ltd.,2026-04-29 11:19:10.794768,Himalayan Bank Limited
2026042901010844,HBL,10,58,20,203.1,4062.0,2026-04-29,188443550,134,Pragyan Securities (PVT) Ltd.,Naasa Securities Co. Ltd.,2026-04-29 11:19:15.502182,Himalayan Bank Limited
2026042901010845,HBL,47,58,10,203.1,2031.0,2026-04-29,188443551,134,Neev Securities Pvt. Ltd.,Naasa Securities Co. Ltd.,2026-04-29 11:19:15.502618,Himalayan Bank Limited
2026042901010931,HBL,29,58,10,203.1,2031.0,2026-04-29,188443746,134,Trisul Securities & Invt. Ltd.,Naasa Securities Co. Ltd.,2026-04-29 11:19:25.560219,Himalayan Bank Limited
2026042901011033,HBL,58,96,10,203.0,2030.0,2026-04-29,188443983,134,Naasa Securities Co. Ltd.,Himalayan Securities Limited,2026-04-29 11:19:35.848565,Himalayan Bank Limited
2026042901011099,HBL,29,58,10,203.5,2035.0,2026-04-29,188444133,134,Trisul Securities & Invt. Ltd.,Naasa Securities Co. Ltd.,2026-04-29 11:19:42.760906,Himalayan Bank Limited
2026042901011100,HBL,29,45,10,204.0,2040.0,2026-04-29,188444136,134,Trisul Securities & Invt. Ltd.,Imperial Securities Company Pvt. Ltd.,2026-04-29 11:19:42.761004,Himalayan Bank Limited
2026042901011107,HBL,58,54,10,203.0,2030.0,2026-04-29,188444151,134,Naasa Securities Co. Ltd.,Sewa Securities Pvt. Ltd.,2026-04-29 11:19:43.787542,Himalayan Bank Limited
2026042901011154,HBL,58,21,10,203.0,2030.0,2026-04-29,188444291,134,Naasa Securities Co. Ltd.,Midas Stock Broking Company Private Limited,2026-04-29 11:19:52.556636,Himalayan Bank Limited
2026042901011164,HBL,58,58,10,203.0,2030.0,2026-04-29,188444311,134,Naasa Securities Co. Ltd.,Naasa Securities Co. Ltd.,2026-04-29 11:19:53.001887,Himalayan Bank Limited
2026042901011325,HBL,58,57,130,203.0,26390.0,2026-04-29,188444703,134,Naasa Securities Co. Ltd.,Aryatara Investment & Securities,2026-04-29 11:20:09.898739,Himalayan Bank Limited
2026042901011326,HBL,33,57,280,203.0,56840.0,2026-04-29,188444705,134,Dakshinkali Investment & Securities Pvt. Ltd.,Aryatara Investment & Securities,2026-04-29 11:20:09.899107,Himalayan Bank Limited
2026042901011925,HBL,17,57,64,203.0,12992.0,2026-04-29,188446099,134,ABC Securities Private Limited,Aryatara Investment & Securities,2026-04-29 11:21:16.091654,Himalayan Bank Limited
2026042901011926,HBL,17,77,10,203.0,2030.0,2026-04-29,188446101,134,ABC Securities Private Limited,Nabil Stock Dealer Ltd.,2026-04-29 11:21:16.092041,Himalayan Bank Limited
2026042901011927,HBL,17,45,10,203.0,2030.0,2026-04-29,188446103,134,ABC Securities Private Limited,Imperial Securities Company Pvt. Ltd.,2026-04-29 11:21:16.092297,Himalayan Bank Limited
2026042901011928,HBL,17,32,10,203.0,2030.0,2026-04-29,188446105,134,ABC Securities Private Limited,Premier Securities Company Ltd.,2026-04-29 11:21:16.092548,Himalayan Bank Limited
2026042901011929,HBL,17,22,10,203.0,2030.0,2026-04-29,188446107,134,ABC Securities Private Limited,Siprabi Securities Pvt. Ltd.,2026-04-29 11:21:16.092798,Himalayan Bank Limited
2026042901012040,HBL,17,35,396,203.0,80388.0,2026-04-29,188446370,134,ABC Securities Private Limited,Kohinoor Investment & Securities Pvt. Ltd.,2026-04-29 11:21:28.629575,Himalayan Bank Limited
2026042901012041,HBL,50,35,84,202.9,17043.6,2026-04-29,188446371,134,Cristal Kanchanjanga Securites Pvt. Ltd.,Kohinoor Investment & Securities Pvt. Ltd.,2026-04-29 11:21:28.629983,Himalayan Bank Limited
2026042901012085,HBL,50,32,10,202.9,2029.0,2026-04-29,188446489,134,Cristal Kanchanjanga Securites Pvt. Ltd.,Premier Securities Company Ltd.,2026-04-29 11:21:37.326587,Himalayan Bank Limited
2026042901012089,HBL,47,14,10,203.0,2030.0,2026-04-29,188446501,134,Neev Securities Pvt. Ltd.,Nepal Stock House (PVT) Ltd.,2026-04-29 11:21:37.831038,Himalayan Bank Limited
2026042901012093,HBL,47,58,10,203.0,2030.0,2026-04-29,188446515,134,Neev Securities Pvt. Ltd.,Naasa Securities Co. Ltd.,2026-04-29 11:21:38.776513,Himalayan Bank Limited
2026042901012109,HBL,47,58,10,203.0,2030.0,2026-04-29,188446571,134,Neev Securities Pvt. Ltd.,Naasa Securities Co. Ltd.,2026-04-29 11:21:42.495961,Himalayan Bank Limited
2026042901012231,HBL,47,45,10,203.0,2030.0,2026-04-29,188446847,134,Neev Securities Pvt. Ltd.,Imperial Securities Company Pvt. Ltd.,2026-04-29 11:21:51.257545,Himalayan Bank Limited
2026042901012243,HBL,47,49,10,203.0,2030.0,2026-04-29,188446887,134,Neev Securities Pvt. Ltd.,Online Securities Pvt. Ltd.,2026-04-29 11:21:54.879396,Himalayan Bank Limited
2026042901012314,HBL,47,11,20,203.0,4060.0,2026-04-29,188447042,134,Neev Securities Pvt. Ltd.,Malla & Malla Stock Broking Company Pvt. Limited,2026-04-29 11:21:59.575956,Himalayan Bank Limited
2026042901012412,HBL,33,11,20,203.0,4060.0,2026-04-29,188447248,134,Dakshinkali Investment & Securities Pvt. Ltd.,Malla & Malla Stock Broking Company Pvt. Limited,2026-04-29 11:22:05.157768,Himalayan Bank Limited
2026042901012470,HBL,50,47,10,202.9,2029.0,2026-04-29,188447385,134,Cristal Kanchanjanga Securites Pvt. Ltd.,Neev Securities Pvt. Ltd.,2026-04-29 11:22:13.368307,Himalayan Bank Limited
2026042901012539,HBL,50,45,10,202.9,2029.0,2026-04-29,188447533,134,Cristal Kanchanjanga Securites Pvt. Ltd.,Imperial Securities Company Pvt. Ltd.,2026-04-29 11:22:17.844482,Himalayan Bank Limited
2026042901012554,HBL,50,58,10,202.9,2029.0,2026-04-29,188447571,134,Cristal Kanchanjanga Securites Pvt. Ltd.,Naasa Securities Co. Ltd.,2026-04-29 11:22:21.599428,Himalayan Bank Limited
2026042901012562,HBL,50,11,50,202.9,10145.0,2026-04-29,188447591,134,Cristal Kanchanjanga Securites Pvt. Ltd.,Malla & Malla Stock Broking Company Pvt. Limited,2026-04-29 11:22:23.220997,Himalayan Bank Limited
2026042901012877,HBL,29,21,10,203.0,2030.0,2026-04-29,188448383,134,Trisul Securities & Invt. Ltd.,Midas Stock Broking Company Private Limited,2026-04-29 11:22:57.637195,Himalayan Bank Limited
2026042901012878,HBL,29,58,10,203.0,2030.0,2026-04-29,188448385,134,Trisul Securities & Invt. Ltd.,Naasa Securities Co. Ltd.,2026-04-29 11:22:57.637302,Himalayan Bank Limited
2026042901012879,HBL,29,49,10,203.0,2030.0,2026-04-29,188448387,134,Trisul Securities & Invt. Ltd.,Online Securities Pvt. Ltd.,2026-04-29 11:22:57.637430,Himalayan Bank Limited
2026042901012880,HBL,29,4,10,203.0,2030.0,2026-04-29,188448389,134,Trisul Securities & Invt. Ltd.,Opal Securities Investment (PVT) Ltd.,2026-04-29 11:22:57.637500,Himalayan Bank Limited
2026042901012881,HBL,29,45,10,203.0,2030.0,2026-04-29,188448392,134,Trisul Securities & Invt. Ltd.,Imperial Securities Company Pvt. Ltd.,2026-04-29 11:22:57.637573,Himalayan Bank Limited
2026042901012904,HBL,50,7,10,202.9,2029.0,2026-04-29,188448451,134,Cristal Kanchanjanga Securites Pvt. Ltd.,J.F. Securites (PVT) Ltd.,2026-04-29 11:23:01.798765,Himalayan Bank Limited
2026042901013004,HBL,50,48,706,202.9,143247.4,2026-04-29,188448684,134,Cristal Kanchanjanga Securites Pvt. Ltd.,Trishakti Securities Public Limited,2026-04-29 11:23:08.601781,Himalayan Bank Limited
2026042901013005,HBL,58,48,40,202.5,8100.0,2026-04-29,188448686,134,Naasa Securities Co. Ltd.,Trishakti Securities Public Limited,2026-04-29 11:23:08.602163,Himalayan Bank Limited
2026042901013006,HBL,34,48,25,202.5,5062.5,2026-04-29,188448688,134,Vision Securities Pvt. Ltd,Trishakti Securities Public Limited,2026-04-29 11:23:08.602424,Himalayan Bank Limited
2026042901013007,HBL,35,48,215,202.0,43430.0,2026-04-29,188448690,134,Kohinoor Investment & Securities Pvt. Ltd.,Trishakti Securities Public Limited,2026-04-29 11:23:08.602663,Himalayan Bank Limited
2026042901013008,HBL,14,48,14,202.0,2828.0,2026-04-29,188448691,134,Nepal Stock House (PVT) Ltd.,Trishakti Securities Public Limited,2026-04-29 11:23:08.602916,Himalayan Bank Limited
2026042901013200,HBL,42,8,10,202.1,2021.0,2026-04-29,188449197,134,Sani Securities Company Ltd.,Brilliant Securities Pvt. Ltd.,2026-04-29 11:23:32.606071,Himalayan Bank Limited
2026042901013427,HBL,42,58,10,202.1,2021.0,2026-04-29,188449737,134,Sani Securities Company Ltd.,Naasa Securities Co. Ltd.,2026-04-29 11:23:53.252739,Himalayan Bank Limited
2026042901013504,HBL,58,58,10,202.2,2022.0,2026-04-29,188449933,134,Naasa Securities Co. Ltd.,Naasa Securities Co. Ltd.,2026-04-29 11:24:05.182988,Himalayan Bank Limited
2026042901013581,HBL,58,45,10,202.2,2022.0,2026-04-29,188450149,134,Naasa Securities Co. Ltd.,Imperial Securities Company Pvt. Ltd.,2026-04-29 11:24:17.319239,Himalayan Bank Limited
2026042901013589,HBL,58,58,10,202.2,2022.0,2026-04-29,188450167,134,Naasa Securities Co. Ltd.,Naasa Securities Co. Ltd.,2026-04-29 11:24:18.808760,Himalayan Bank Limited
2026042901013664,HBL,47,58,10,202.9,2029.0,2026-04-29,188450324,134,Neev Securities Pvt. Ltd.,Naasa Securities Co. Ltd.,2026-04-29 11:24:21.903045,Himalayan Bank Limited
2026042901013856,HBL,41,42,10,203.0,2030.0,2026-04-29,188450763,134,Linch Stock Market Ltd.,Sani Securities Company Ltd.,2026-04-29 11:24:33.546806,Himalayan Bank Limited
2026042901013857,HBL,41,21,10,203.0,2030.0,2026-04-29,188450765,134,Linch Stock Market Ltd.,Midas Stock Broking Company Private Limited,2026-04-29 11:24:33.547237,Himalayan Bank Limited
2026042901013920,HBL,41,38,10,203.0,2030.0,2026-04-29,188450919,134,Linch Stock Market Ltd.,Dipshikha Dhitopatra Karobar Co. Pvt Ltd.,2026-04-29 11:24:41.803220,Himalayan Bank Limited
2026042901013925,HBL,29,58,10,204.0,2040.0,2026-04-29,188450930,134,Trisul Securities & Invt. Ltd.,Naasa Securities Co. Ltd.,2026-04-29 11:24:42.347109,Himalayan Bank Limited
2026042901013981,HBL,41,46,10,203.0,2030.0,2026-04-29,188451123,134,Linch Stock Market Ltd.,Kalika Securities Pvt. Ltd.,2026-04-29 11:24:55.250578,Himalayan Bank Limited
2026042901014017,HBL,41,18,10,203.0,2030.0,2026-04-29,188451233,134,Linch Stock Market Ltd.,Sagarmatha Securities Private Limited,2026-04-29 11:25:00.467241,Himalayan Bank Limited
2026042901014039,HBL,41,58,10,203.0,2030.0,2026-04-29,188451319,134,Linch Stock Market Ltd.,Naasa Securities Co. Ltd.,2026-04-29 11:25:05.611853,Himalayan Bank Limited
2026042901014086,HBL,41,56,10,203.0,2030.0,2026-04-29,188451437,134,Linch Stock Market Ltd.,Sri Hari Securities Pvt. Ltd.,2026-04-29 11:25:10.176425,Himalayan Bank Limited
2026042901014101,HBL,43,18,50,204.0,10200.0,2026-04-29,188451508,134,South Asian Bulls Pvt. Ltd.,Sagarmatha Securities Private Limited,2026-04-29 11:25:14.799742,Himalayan Bank Limited
2026042901014168,HBL,41,45,10,203.0,2030.0,2026-04-29,188451705,134,Linch Stock Market Ltd.,Imperial Securities Company Pvt. Ltd.,2026-04-29 11:25:25.900436,Himalayan Bank Limited
2026042901014356,HBL,42,18,10,204.0,2040.0,2026-04-29,188452122,134,Sani Securities Company Ltd.,Sagarmatha Securities Private Limited,2026-04-29 11:25:45.006071,Himalayan Bank Limited
2026042901014504,HBL,41,29,10,203.0,2030.0,2026-04-29,188452487,134,Linch Stock Market Ltd.,Trisul Securities & Invt. Ltd.,2026-04-29 11:26:04.815762,Himalayan Bank Limited
2026042901014570,HBL,41,17,10,203.0,2030.0,2026-04-29,188452679,134,Linch Stock Market Ltd.,ABC Securities Private Limited,2026-04-29 11:26:15.809940,Himalayan Bank Limited
2026042901014607,HBL,42,58,10,203.0,2030.0,2026-04-29,188452791,134,Sani Securities Company Ltd.,Naasa Securities Co. Ltd.,2026-04-29 11:26:25.361928,Himalayan Bank Limited
2026042901014666,HBL,70,52,10,203.1,2031.0,2026-04-29,188452939,134,Infinity Securities Limited,Sundhara Securities Limited,2026-04-29 11:26:30.625354,Himalayan Bank Limited
2026042901014728,HBL,42,45,10,203.0,2030.0,2026-04-29,188453097,134,Sani Securities Company Ltd.,Imperial Securities Company Pvt. Ltd.,2026-04-29 11:26:42.051224,Himalayan Bank Limited
2026042901014729,HBL,42,36,10,203.0,2030.0,2026-04-29,188453101,134,Sani Securities Company Ltd.,Secured Securities Ltd.,2026-04-29 11:26:42.368553,Himalayan Bank Limited
2026042901014869,HBL,58,13,10,203.1,2031.0,2026-04-29,188453451,134,Naasa Securities Co. Ltd.,Thrive Brokerage House Pvt. Ltd,2026-04-29 11:26:58.268296,Himalayan Bank Limited
2026042901015033,HBL,58,7,10,203.1,2031.0,2026-04-29,188453907,134,Naasa Securities Co. Ltd.,J.F. Securites (PVT) Ltd.,2026-04-29 11:27:23.666708,Himalayan Bank Limited
2026042901015149,HBL,58,34,10,203.1,2031.0,2026-04-29,188454217,134,Naasa Securities Co. Ltd.,Vision Securities Pvt. Ltd,2026-04-29 11:27:42.923875,Himalayan Bank Limited
2026042901015185,HBL,58,58,10,203.1,2031.0,2026-04-29,188454301,134,Naasa Securities Co. Ltd.,Naasa Securities Co. Ltd.,2026-04-29 11:27:47.778381,Himalayan Bank Limited
2026042901015308,HBL,35,22,30,203.9,6117.0,2026-04-29,188454591,134,Kohinoor Investment & Securities Pvt. Ltd.,Siprabi Securities Pvt. Ltd.,2026-04-29 11:28:04.645468,Himalayan Bank Limited
2026042901015309,HBL,35,18,70,204.0,14280.0,2026-04-29,188454594,134,Kohinoor Investment & Securities Pvt. Ltd.,Sagarmatha Securities Private Limited,2026-04-29 11:28:04.645710,Himalayan Bank Limited
2026042901015420,HBL,58,38,10,203.1,2031.0,2026-04-29,188454891,134,Naasa Securities Co. Ltd.,Dipshikha Dhitopatra Karobar Co. Pvt Ltd.,2026-04-29 11:28:25.160107,Himalayan Bank Limited
2026042901015443,HBL,42,8,10,203.0,2030.0,2026-04-29,188454975,134,Sani Securities Company Ltd.,Brilliant Securities Pvt. Ltd.,2026-04-29 11:28:31.695473,Himalayan Bank Limited
2026042901015504,HBL,42,54,10,203.0,2030.0,2026-04-29,188455141,134,Sani Securities Company Ltd.,Sewa Securities Pvt. Ltd.,2026-04-29 11:28:42.973916,Himalayan Bank Limited
2026042901015516,HBL,42,41,10,203.0,2030.0,2026-04-29,188455167,134,Sani Securities Company Ltd.,Linch Stock Market Ltd.,2026-04-29 11:28:44.673796,Himalayan Bank Limited
2026042901015541,HBL,17,48,10,203.9,2039.0,2026-04-29,188455229,134,ABC Securities Private Limited,Trishakti Securities Public Limited,2026-04-29 11:28:48.297584,Himalayan Bank Limited
2026042901015542,HBL,17,18,70,204.0,14280.0,2026-04-29,188455231,134,ABC Securities Private Limited,Sagarmatha Securities Private Limited,2026-04-29 11:28:48.297992,Himalayan Bank Limited
2026042901015543,HBL,17,49,50,204.0,10200.0,2026-04-29,188455233,134,ABC Securities Private Limited,Online Securities Pvt. Ltd.,2026-04-29 11:28:48.298304,Himalayan Bank Limited
2026042901015544,HBL,17,58,10,204.0,2040.0,2026-04-29,188455235,134,ABC Securities Private Limited,Naasa Securities Co. Ltd.,2026-04-29 11:28:48.298598,Himalayan Bank Limited
2026042901015545,HBL,17,57,10,204.0,2040.0,2026-04-29,188455237,134,ABC Securities Private Limited,Aryatara Investment & Securities,2026-04-29 11:28:48.298917,Himalayan Bank Limited
2026042901015546,HBL,17,7,10,204.0,2040.0,2026-04-29,188455239,134,ABC Securities Private Limited,J.F. Securites (PVT) Ltd.,2026-04-29 11:28:48.299247,Himalayan Bank Limited
2026042901015547,HBL,17,35,10,204.0,2040.0,2026-04-29,188455242,134,ABC Securities Private Limited,Kohinoor Investment & Securities Pvt. Ltd.,2026-04-29 11:28:48.299550,Himalayan Bank Limited
2026042901015600,HBL,13,58,10,203.2,2032.0,2026-04-29,188455367,134,Thrive Brokerage House Pvt. Ltd,Naasa Securities Co. Ltd.,2026-04-29 11:28:56.838357,Himalayan Bank Limited
2026042901015632,HBL,13,54,10,203.2,2032.0,2026-04-29,188455455,134,Thrive Brokerage House Pvt. Ltd,Sewa Securities Pvt. Ltd.,2026-04-29 11:29:01.453498,Himalayan Bank Limited
2026042901015715,HBL,13,35,10,203.2,2032.0,2026-04-29,188455681,134,Thrive Brokerage House Pvt. Ltd,Kohinoor Investment & Securities Pvt. Ltd.,2026-04-29 11:29:15.945918,Himalayan Bank Limited
2026042901015769,HBL,13,45,10,203.2,2032.0,2026-04-29,188455809,134,Thrive Brokerage House Pvt. Ltd,Imperial Securities Company Pvt. Ltd.,2026-04-29 11:29:17.371835,Himalayan Bank Limited
2026042901015812,HBL,13,26,10,203.2,2032.0,2026-04-29,188455915,134,Thrive Brokerage House Pvt. Ltd,Asian Securities Private Ltd.,2026-04-29 11:29:22.974556,Himalayan Bank Limited
2026042901015936,HBL,58,58,10,203.3,2033.0,2026-04-29,188456221,134,Naasa Securities Co. Ltd.,Naasa Securities Co. Ltd.,2026-04-29 11:29:42.684926,Himalayan Bank Limited
2026042901015953,HBL,58,48,10,203.3,2033.0,2026-04-29,188456265,134,Naasa Securities Co. Ltd.,Trishakti Securities Public Limited,2026-04-29 11:29:44.758582,Himalayan Bank Limited
2026042901015972,HBL,58,54,10,203.3,2033.0,2026-04-29,188456319,134,Naasa Securities Co. Ltd.,Sewa Securities Pvt. Ltd.,2026-04-29 11:29:49.687733,Himalayan Bank Limited
2026042901016001,HBL,58,4,10,203.3,2033.0,2026-04-29,188456385,134,Naasa Securities Co. Ltd.,Opal Securities Investment (PVT) Ltd.,2026-04-29 11:29:52.786390,Himalayan Bank Limited
2026042901016279,HBL,58,34,10,203.3,2033.0,2026-04-29,188457057,134,Naasa Securities Co. Ltd.,Vision Securities Pvt. Ltd,2026-04-29 11:30:25.337953,Himalayan Bank Limited
2026042901016333,HBL,58,45,10,203.3,2033.0,2026-04-29,188457225,134,Naasa Securities Co. Ltd.,Imperial Securities Company Pvt. Ltd.,2026-04-29 11:30:33.156560,Himalayan Bank Limited
2026042901016360,HBL,58,42,10,203.3,2033.0,2026-04-29,188457287,134,Naasa Securities Co. Ltd.,Sani Securities Company Ltd.,2026-04-29 11:30:37.881396,Himalayan Bank Limited
2026042901016496,HBL,13,1,10,203.2,2032.0,2026-04-29,188457653,134,Thrive Brokerage House Pvt. Ltd,Kumari Securities Private Limited,2026-04-29 11:31:02.500443,Himalayan Bank Limited
2026042901016672,HBL,13,42,10,203.2,2032.0,2026-04-29,188458129,134,Thrive Brokerage House Pvt. Ltd,Sani Securities Company Ltd.,2026-04-29 11:31:35.776839,Himalayan Bank Limited
2026042901016718,HBL,13,38,10,203.2,2032.0,2026-04-29,188458235,134,Thrive Brokerage House Pvt. Ltd,Dipshikha Dhitopatra Karobar Co. Pvt Ltd.,2026-04-29 11:31:41.237438,Himalayan Bank Limited
2026042901016822,HBL,56,58,10,204.0,2040.0,2026-04-29,188458511,134,Sri Hari Securities Pvt. Ltd.,Naasa Securities Co. Ltd.,2026-04-29 11:31:58.380390,Himalayan Bank Limited
2026042901016823,HBL,56,48,10,204.0,2040.0,2026-04-29,188458514,134,Sri Hari Securities Pvt. Ltd.,Trishakti Securities Public Limited,2026-04-29 11:31:58.380850,Himalayan Bank Limited
2026042901016872,HBL,13,4,10,203.2,2032.0,2026-04-29,188458649,134,Thrive Brokerage House Pvt. Ltd,Opal Securities Investment (PVT) Ltd.,2026-04-29 11:32:09.068589,Himalayan Bank Limited
2026042901016915,HBL,13,38,10,203.2,2032.0,2026-04-29,188458763,134,Thrive Brokerage House Pvt. Ltd,Dipshikha Dhitopatra Karobar Co. Pvt Ltd.,2026-04-29 11:32:16.183872,Himalayan Bank Limited
2026042901016995,HBL,56,45,10,204.0,2040.0,2026-04-29,188458960,134,Sri Hari Securities Pvt. Ltd.,Imperial Securities Company Pvt. Ltd.,2026-04-29 11:32:22.285884,Himalayan Bank Limited
2026042901017082,HBL,13,58,10,203.2,2032.0,2026-04-29,188459225,134,Thrive Brokerage House Pvt. Ltd,Naasa Securities Co. Ltd.,2026-04-29 11:32:37.625765,Himalayan Bank Limited
2026042901017110,HBL,13,32,136,203.2,27635.2,2026-04-29,188459319,134,Thrive Brokerage House Pvt. Ltd,Premier Securities Company Ltd.,2026-04-29 11:32:43.327073,Himalayan Bank Limited
2026042901017115,HBL,13,58,10,203.2,2032.0,2026-04-29,188459329,134,Thrive Brokerage House Pvt. Ltd,Naasa Securities Co. Ltd.,2026-04-29 11:32:44.835188,Himalayan Bank Limited
2026042901017176,HBL,13,58,10,203.2,2032.0,2026-04-29,188459477,134,Thrive Brokerage House Pvt. Ltd,Naasa Securities Co. Ltd.,2026-04-29 11:32:53.086449,Himalayan Bank Limited
2026042901017204,HBL,13,58,10,203.2,2032.0,2026-04-29,188459563,134,Thrive Brokerage House Pvt. Ltd,Naasa Securities Co. Ltd.,2026-04-29 11:32:58.303775,Himalayan Bank Limited
2026042901017354,HBL,13,49,10,203.2,2032.0,2026-04-29,188459955,134,Thrive Brokerage House Pvt. Ltd,Online Securities Pvt. Ltd.,2026-04-29 11:33:19.346770,Himalayan Bank Limited
2026042901017512,HBL,13,45,10,203.2,2032.0,2026-04-29,188460337,134,Thrive Brokerage House Pvt. Ltd,Imperial Securities Company Pvt. Ltd.,2026-04-29 11:33:39.208949,Himalayan Bank Limited
2026042901017551,HBL,13,17,10,203.2,2032.0,2026-04-29,188460453,134,Thrive Brokerage House Pvt. Ltd,ABC Securities Private Limited,2026-04-29 11:33:43.204191,Himalayan Bank Limited
2026042901017682,HBL,13,34,10,203.2,2032.0,2026-04-29,188460959,134,Thrive Brokerage House Pvt. Ltd,Vision Securities Pvt. Ltd,2026-04-29 11:34:05.144653,Himalayan Bank Limited
2026042901017746,HBL,13,32,10,203.2,2032.0,2026-04-29,188461131,134,Thrive Brokerage House Pvt. Ltd,Premier Securities Company Ltd.,2026-04-29 11:34:17.385096,Himalayan Bank Limited
2026042901017954,HBL,13,14,10,203.2,2032.0,2026-04-29,188461531,134,Thrive Brokerage House Pvt. Ltd,Nepal Stock House (PVT) Ltd.,2026-04-29 11:34:19.645884,Himalayan Bank Limited
2026042901017976,HBL,34,45,10,203.6,2036.0,2026-04-29,188461619,134,Vision Securities Pvt. Ltd,Imperial Securities Company Pvt. Ltd.,2026-04-29 11:34:23.991880,Himalayan Bank Limited
2026042901017977,HBL,34,58,10,204.0,2040.0,2026-04-29,188461621,134,Vision Securities Pvt. Ltd,Naasa Securities Co. Ltd.,2026-04-29 11:34:23.992114,Himalayan Bank Limited
2026042901017978,HBL,34,58,10,204.0,2040.0,2026-04-29,188461623,134,Vision Securities Pvt. Ltd,Naasa Securities Co. Ltd.,2026-04-29 11:34:23.992217,Himalayan Bank Limited
2026042901017979,HBL,34,58,10,204.0,2040.0,2026-04-29,188461625,134,Vision Securities Pvt. Ltd,Naasa Securities Co. Ltd.,2026-04-29 11:34:23.992529,Himalayan Bank Limited
2026042901018030,HBL,34,57,10,204.0,2040.0,2026-04-29,188461779,134,Vision Securities Pvt. Ltd,Aryatara Investment & Securities,2026-04-29 11:34:35.195904,Himalayan Bank Limited
2026042901018195,HBL,13,51,10,203.2,2032.0,2026-04-29,188462219,134,Thrive Brokerage House Pvt. Ltd,Oxford Securities Pvt. Ltd.,2026-04-29 11:35:03.639908,Himalayan Bank Limited
2026042901018200,HBL,13,17,10,203.2,2032.0,2026-04-29,188462229,134,Thrive Brokerage House Pvt. Ltd,ABC Securities Private Limited,2026-04-29 11:35:05.889363,Himalayan Bank Limited
2026042901018240,HBL,13,38,10,203.2,2032.0,2026-04-29,188462345,134,Thrive Brokerage House Pvt. Ltd,Dipshikha Dhitopatra Karobar Co. Pvt Ltd.,2026-04-29 11:35:17.571300,Himalayan Bank Limited
2026042901018320,HBL,13,34,10,203.2,2032.0,2026-04-29,188462559,134,Thrive Brokerage House Pvt. Ltd,Vision Securities Pvt. Ltd,2026-04-29 11:35:32.174621,Himalayan Bank Limited
2026042901018334,HBL,13,42,10,203.2,2032.0,2026-04-29,188462601,134,Thrive Brokerage House Pvt. Ltd,Sani Securities Company Ltd.,2026-04-29 11:35:37.077704,Himalayan Bank Limited
2026042901018418,HBL,13,48,10,203.2,2032.0,2026-04-29,188462881,134,Thrive Brokerage House Pvt. Ltd,Trishakti Securities Public Limited,2026-04-29 11:35:53.804384,Himalayan Bank Limited
2026042901018723,HBL,13,58,10,203.2,2032.0,2026-04-29,188463679,134,Thrive Brokerage House Pvt. Ltd,Naasa Securities Co. Ltd.,2026-04-29 11:36:34.356249,Himalayan Bank Limited
2026042901018725,HBL,13,45,10,203.2,2032.0,2026-04-29,188463683,134,Thrive Brokerage House Pvt. Ltd,Imperial Securities Company Pvt. Ltd.,2026-04-29 11:36:34.559261,Himalayan Bank Limited
2026042901018752,HBL,13,4,9,198.0,1782.0,2026-04-29,188463743,134,Thrive Brokerage House Pvt. Ltd,Opal Securities Investment (PVT) Ltd.,2026-04-29 11:36:42.561382,Himalayan Bank Limited
2026042901018977,HBL,13,71,10,203.2,2032.0,2026-04-29,188464363,134,Thrive Brokerage House Pvt. Ltd,SHUBHAKAMANA SECURITIES PVT. LTD,2026-04-29 11:37:26.160087,Himalayan Bank Limited
2026042901019025,HBL,13,46,10,203.2,2032.0,2026-04-29,188464493,134,Thrive Brokerage House Pvt. Ltd,Kalika Securities Pvt. Ltd.,2026-04-29 11:37:36.708916,Himalayan Bank Limited
2026042901019045,HBL,13,58,70,203.2,14224.0,2026-04-29,188464553,134,Thrive Brokerage House Pvt. Ltd,Naasa Securities Co. Ltd.,2026-04-29 11:37:40.730904,Himalayan Bank Limited
2026042901019096,HBL,13,28,10,203.2,2032.0,2026-04-29,188464699,134,Thrive Brokerage House Pvt. Ltd,Shree Krishna Securities Ltd.,2026-04-29 11:37:44.823508,Himalayan Bank Limited
2026042901019151,HBL,13,66,10,203.2,2032.0,2026-04-29,188464857,134,Thrive Brokerage House Pvt. Ltd,Miyo Securities Pvt Ltd,2026-04-29 11:37:52.241598,Himalayan Bank Limited
2026042901019153,HBL,13,6,10,203.2,2032.0,2026-04-29,188464861,134,Thrive Brokerage House Pvt. Ltd,Agrawal Securities (PVT) Ltd.,2026-04-29 11:37:52.446744,Himalayan Bank Limited
2026042901019436,HBL,13,35,10,203.2,2032.0,2026-04-29,188465667,134,Thrive Brokerage House Pvt. Ltd,Kohinoor Investment & Securities Pvt. Ltd.,2026-04-29 11:38:45.970602,Himalayan Bank Limited
2026042901019459,HBL,13,58,10,203.2,2032.0,2026-04-29,188465715,134,Thrive Brokerage House Pvt. Ltd,Naasa Securities Co. Ltd.,2026-04-29 11:38:48.618913,Himalayan Bank Limited
2026042901019597,HBL,13,96,10,203.2,2032.0,2026-04-29,188466101,134,Thrive Brokerage House Pvt. Ltd,Himalayan Securities Limited,2026-04-29 11:39:10.873267,Himalayan Bank Limited
2026042901019748,HBL,13,58,10,203.2,2032.0,2026-04-29,188466495,134,Thrive Brokerage House Pvt. Ltd,Naasa Securities Co. Ltd.,2026-04-29 11:39:36.539703,Himalayan Bank Limited
2026042901019797,HBL,13,42,10,203.2,2032.0,2026-04-29,188466597,134,Thrive Brokerage House Pvt. Ltd,Sani Securities Company Ltd.,2026-04-29 11:39:41.074446,Himalayan Bank Limited
2026042901019842,HBL,13,7,10,203.2,2032.0,2026-04-29,188466699,134,Thrive Brokerage House Pvt. Ltd,J.F. Securites (PVT) Ltd.,2026-04-29 11:39:45.776730,Himalayan Bank Limited
2026042901019869,HBL,13,49,10,203.2,2032.0,2026-04-29,188466769,134,Thrive Brokerage House Pvt. Ltd,Online Securities Pvt. Ltd.,2026-04-29 11:39:50.040869,Himalayan Bank Limited
2026042901019910,HBL,13,52,10,203.2,2032.0,2026-04-29,188466873,134,Thrive Brokerage House Pvt. Ltd,Sundhara Securities Limited,2026-04-29 11:39:58.231839,Himalayan Bank Limited
2026042901020123,HBL,13,7,10,203.2,2032.0,2026-04-29,188467443,134,Thrive Brokerage House Pvt. Ltd,J.F. Securites (PVT) Ltd.,2026-04-29 11:40:34.158128,Himalayan Bank Limited
2026042901020132,HBL,13,25,10,203.2,2032.0,2026-04-29,188467463,134,Thrive Brokerage House Pvt. Ltd,Sweta Securities Private Limited,2026-04-29 11:40:35.055730,Himalayan Bank Limited
2026042901020139,HBL,57,38,10,203.3,2033.0,2026-04-29,188467491,134,Aryatara Investment & Securities,Dipshikha Dhitopatra Karobar Co. Pvt Ltd.,2026-04-29 11:40:37.463304,Himalayan Bank Limited
2026042901020140,HBL,57,77,10,203.3,2033.0,2026-04-29,188467493,134,Aryatara Investment & Securities,Nabil Stock Dealer Ltd.,2026-04-29 11:40:37.463858,Himalayan Bank Limited
2026042901020174,HBL,57,4,10,203.3,2033.0,2026-04-29,188467577,134,Aryatara Investment & Securities,Opal Securities Investment (PVT) Ltd.,2026-04-29 11:40:43.583421,Himalayan Bank Limited
2026042901020274,HBL,88,52,10,203.3,2033.0,2026-04-29,188467864,134,Blue Chip Securities Ltd,Sundhara Securities Limited,2026-04-29 11:41:03.843255,Himalayan Bank Limited
2026042901020275,HBL,13,52,220,203.2,44704.0,2026-04-29,188467865,134,Thrive Brokerage House Pvt. Ltd,Sundhara Securities Limited,2026-04-29 11:41:03.843753,Himalayan Bank Limited
2026042901020319,HBL,13,53,10,203.2,2032.0,2026-04-29,188467993,134,Thrive Brokerage House Pvt. Ltd,Investment Management Nepal Pvt. Ltd.,2026-04-29 11:41:09.733839,Himalayan Bank Limited
2026042901020366,HBL,13,46,10,203.2,2032.0,2026-04-29,188468129,134,Thrive Brokerage House Pvt. Ltd,Kalika Securities Pvt. Ltd.,2026-04-29 11:41:20.249609,Himalayan Bank Limited
2026042901020369,HBL,13,19,10,203.2,2032.0,2026-04-29,188468135,134,Thrive Brokerage House Pvt. Ltd,Nepal Investment And Securities Trading Private Limited,2026-04-29 11:41:20.977918,Himalayan Bank Limited
2026042901020374,HBL,13,51,10,203.2,2032.0,2026-04-29,188468161,134,Thrive Brokerage House Pvt. Ltd,Oxford Securities Pvt. Ltd.,2026-04-29 11:41:22.964740,Himalayan Bank Limited
2026042901020422,HBL,13,49,10,203.2,2032.0,2026-04-29,188468311,134,Thrive Brokerage House Pvt. Ltd,Online Securities Pvt. Ltd.,2026-04-29 11:41:30.051826,Himalayan Bank Limited
2026042901020508,HBL,13,34,10,203.2,2032.0,2026-04-29,188468537,134,Thrive Brokerage House Pvt. Ltd,Vision Securities Pvt. Ltd,2026-04-29 11:41:46.538297,Himalayan Bank Limited
2026042901020575,HBL,13,34,10,203.2,2032.0,2026-04-29,188468703,134,Thrive Brokerage House Pvt. Ltd,Vision Securities Pvt. Ltd,2026-04-29 11:41:55.982603,Himalayan Bank Limited
2026042901020578,HBL,13,51,29,203.2,5892.8,2026-04-29,188468709,134,Thrive Brokerage House Pvt. Ltd,Oxford Securities Pvt. Ltd.,2026-04-29 11:41:56.368745,Himalayan Bank Limited
2026042901020600,HBL,13,5,10,203.2,2032.0,2026-04-29,188468759,134,Thrive Brokerage House Pvt. Ltd,Market Securities & Exchange (PVT) Ltd.,2026-04-29 11:41:59.552997,Himalayan Bank Limited
2026042901020736,HBL,13,58,10,203.2,2032.0,2026-04-29,188469185,134,Thrive Brokerage House Pvt. Ltd,Naasa Securities Co. Ltd.,2026-04-29 11:42:26.208154,Himalayan Bank Limited
2026042901020745,HBL,13,26,10,203.2,2032.0,2026-04-29,188469229,134,Thrive Brokerage House Pvt. Ltd,Asian Securities Private Ltd.,2026-04-29 11:42:29.918306,Himalayan Bank Limited
2026042901020779,HBL,13,6,10,203.2,2032.0,2026-04-29,188469333,134,Thrive Brokerage House Pvt. Ltd,Agrawal Securities (PVT) Ltd.,2026-04-29 11:42:38.338016,Himalayan Bank Limited
2026042901020841,HBL,58,57,10,203.2,2032.0,2026-04-29,188469499,134,Naasa Securities Co. Ltd.,Aryatara Investment & Securities,2026-04-29 11:42:54.248218,Himalayan Bank Limited
2026042901020924,HBL,58,58,10,203.2,2032.0,2026-04-29,188469731,134,Naasa Securities Co. Ltd.,Naasa Securities Co. Ltd.,2026-04-29 11:43:10.052144,Himalayan Bank Limited
2026042901020951,HBL,42,26,10,203.1,2031.0,2026-04-29,188469815,134,Sani Securities Company Ltd.,Asian Securities Private Ltd.,2026-04-29 11:43:16.572653,Himalayan Bank Limited
2026042901021273,HBL,42,35,10,203.1,2031.0,2026-04-29,188470729,134,Sani Securities Company Ltd.,Kohinoor Investment & Securities Pvt. Ltd.,2026-04-29 11:44:26.948773,Himalayan Bank Limited
2026042901021357,HBL,42,14,10,203.1,2031.0,2026-04-29,188470965,134,Sani Securities Company Ltd.,Nepal Stock House (PVT) Ltd.,2026-04-29 11:44:43.495322,Himalayan Bank Limited
2026042901021374,HBL,42,13,10,203.1,2031.0,2026-04-29,188471025,134,Sani Securities Company Ltd.,Thrive Brokerage House Pvt. Ltd,2026-04-29 11:44:48.848087,Himalayan Bank Limited
2026042901021444,HBL,42,57,10,203.1,2031.0,2026-04-29,188471217,134,Sani Securities Company Ltd.,Aryatara Investment & Securities,2026-04-29 11:45:05.814414,Himalayan Bank Limited
2026042901021450,HBL,42,74,10,203.0,2030.0,2026-04-29,188471243,134,Sani Securities Company Ltd.,KALASH STOCK MARKET PVT. LTD.,2026-04-29 11:45:07.748197,Himalayan Bank Limited
2026042901021501,HBL,42,45,10,203.0,2030.0,2026-04-29,188471427,134,Sani Securities Company Ltd.,Imperial Securities Company Pvt. Ltd.,2026-04-29 11:45:17.527069,Himalayan Bank Limited
2026042901021673,HBL,42,42,10,203.0,2030.0,2026-04-29,188471891,134,Sani Securities Company Ltd.,Sani Securities Company Ltd.,2026-04-29 11:45:46.135202,Himalayan Bank Limited
2026042901021850,HBL,42,58,119,203.0,24157.0,2026-04-29,188472391,134,Sani Securities Company Ltd.,Naasa Securities Co. Ltd.,2026-04-29 11:46:17.027663,Himalayan Bank Limited
2026042901021985,HBL,42,4,20,203.0,4060.0,2026-04-29,188472723,134,Sani Securities Company Ltd.,Opal Securities Investment (PVT) Ltd.,2026-04-29 11:46:39.581674,Himalayan Bank Limited
2026042901022033,HBL,42,49,10,203.0,2030.0,2026-04-29,188472847,134,Sani Securities Company Ltd.,Online Securities Pvt. Ltd.,2026-04-29 11:46:46.985579,Himalayan Bank Limited
2026042901022047,HBL,42,50,10,203.0,2030.0,2026-04-29,188472887,134,Sani Securities Company Ltd.,Cristal Kanchanjanga Securites Pvt. Ltd.,2026-04-29 11:46:49.610245,Himalayan Bank Limited
2026042901022147,HBL,42,81,10,203.0,2030.0,2026-04-29,188473163,134,Sani Securities Company Ltd.,Aakashbhairab Securities Ltd.,2026-04-29 11:47:08.900489,Himalayan Bank Limited
2026042901022155,HBL,42,56,10,203.0,2030.0,2026-04-29,188473184,134,Sani Securities Company Ltd.,Sri Hari Securities Pvt. Ltd.,2026-04-29 11:47:10.142444,Himalayan Bank Limited
2026042901022187,HBL,42,34,32,203.0,6496.0,2026-04-29,188473335,134,Sani Securities Company Ltd.,Vision Securities Pvt. Ltd,2026-04-29 11:47:15.590983,Himalayan Bank Limited
2026042901022217,HBL,42,42,10,203.0,2030.0,2026-04-29,188473429,134,Sani Securities Company Ltd.,Sani Securities Company Ltd.,2026-04-29 11:47:23.343086,Himalayan Bank Limited
2026042901022241,HBL,42,58,84,203.0,17052.0,2026-04-29,188473508,134,Sani Securities Company Ltd.,Naasa Securities Co. Ltd.,2026-04-29 11:47:30.616470,Himalayan Bank Limited
2026042901022270,HBL,42,28,10,203.0,2030.0,2026-04-29,188473561,134,Sani Securities Company Ltd.,Shree Krishna Securities Ltd.,2026-04-29 11:47:32.362103,Himalayan Bank Limited
2026042901022288,HBL,42,4,295,203.0,59885.0,2026-04-29,188473612,134,Sani Securities Company Ltd.,Opal Securities Investment (PVT) Ltd.,2026-04-29 11:47:36.972802,Himalayan Bank Limited
2026042901022289,HBL,17,4,10,203.0,2030.0,2026-04-29,188473614,134,ABC Securities Private Limited,Opal Securities Investment (PVT) Ltd.,2026-04-29 11:47:36.973370,Himalayan Bank Limited
2026042901022290,HBL,58,4,46,203.0,9338.0,2026-04-29,188473616,134,Naasa Securities Co. Ltd.,Opal Securities Investment (PVT) Ltd.,2026-04-29 11:47:36.973754,Himalayan Bank Limited
2026042901022291,HBL,13,4,300,203.0,60900.0,2026-04-29,188473618,134,Thrive Brokerage House Pvt. Ltd,Opal Securities Investment (PVT) Ltd.,2026-04-29 11:47:36.974148,Himalayan Bank Limited
2026042901022292,HBL,14,4,106,203.0,21518.0,2026-04-29,188473620,134,Nepal Stock House (PVT) Ltd.,Opal Securities Investment (PVT) Ltd.,2026-04-29 11:47:36.974536,Himalayan Bank Limited
2026042901022293,HBL,32,4,20,203.0,4060.0,2026-04-29,188473622,134,Premier Securities Company Ltd.,Opal Securities Investment (PVT) Ltd.,2026-04-29 11:47:36.974911,Himalayan Bank Limited
2026042901022294,HBL,1,4,20,203.0,4060.0,2026-04-29,188473624,134,Kumari Securities Private Limited,Opal Securities Investment (PVT) Ltd.,2026-04-29 11:47:36.975315,Himalayan Bank Limited
2026042901022295,HBL,45,4,120,203.0,24360.0,2026-04-29,188473626,134,Imperial Securities Company Pvt. Ltd.,Opal Securities Investment (PVT) Ltd.,2026-04-29 11:47:36.975683,Himalayan Bank Limited
2026042901022296,HBL,58,4,10,203.0,2030.0,2026-04-29,188473628,134,Naasa Securities Co. Ltd.,Opal Securities Investment (PVT) Ltd.,2026-04-29 11:47:36.976047,Himalayan Bank Limited
2026042901022297,HBL,58,4,50,203.0,10150.0,2026-04-29,188473630,134,Naasa Securities Co. Ltd.,Opal Securities Investment (PVT) Ltd.,2026-04-29 11:47:36.976405,Himalayan Bank Limited
2026042901022353,HBL,58,35,10,202.8,2028.0,2026-04-29,188473797,134,Naasa Securities Co. Ltd.,Kohinoor Investment & Securities Pvt. Ltd.,2026-04-29 11:47:47.751134,Himalayan Bank Limited
2026042901022361,HBL,58,58,10,202.8,2028.0,2026-04-29,188473817,134,Naasa Securities Co. Ltd.,Naasa Securities Co. Ltd.,2026-04-29 11:47:49.815187,Himalayan Bank Limited
2026042901022371,HBL,58,47,10,202.8,2028.0,2026-04-29,188473857,134,Naasa Securities Co. Ltd.,Neev Securities Pvt. Ltd.,2026-04-29 11:47:52.238098,Himalayan Bank Limited
2026042901022470,HBL,58,39,10,202.8,2028.0,2026-04-29,188474149,134,Naasa Securities Co. Ltd.,Sumeru Securities Pvt. Ltd.,2026-04-29 11:48:15.397124,Himalayan Bank Limited
2026042901022515,HBL,58,58,10,202.5,2025.0,2026-04-29,188474275,134,Naasa Securities Co. Ltd.,Naasa Securities Co. Ltd.,2026-04-29 11:48:28.526404,Himalayan Bank Limited
2026042901022516,HBL,57,77,10,202.5,2025.0,2026-04-29,188474277,134,Aryatara Investment & Securities,Nabil Stock Dealer Ltd.,2026-04-29 11:48:28.891165,Himalayan Bank Limited
2026042901022569,HBL,57,16,10,202.5,2025.0,2026-04-29,188474421,134,Aryatara Investment & Securities,Primo Securities (PVT) Ltd.,2026-04-29 11:48:41.545172,Himalayan Bank Limited
2026042901022699,HBL,50,16,19,202.6,3849.4,2026-04-29,188474803,134,Cristal Kanchanjanga Securites Pvt. Ltd.,Primo Securities (PVT) Ltd.,2026-04-29 11:49:11.655505,Himalayan Bank Limited
2026042901022765,HBL,50,58,10,202.6,2026.0,2026-04-29,188475003,134,Cristal Kanchanjanga Securites Pvt. Ltd.,Naasa Securities Co. Ltd.,2026-04-29 11:49:25.509744,Himalayan Bank Limited
2026042901022788,HBL,50,56,10,202.6,2026.0,2026-04-29,188475073,134,Cristal Kanchanjanga Securites Pvt. Ltd.,Sri Hari Securities Pvt. Ltd.,2026-04-29 11:49:34.535544,Himalayan Bank Limited
2026042901022790,HBL,50,58,10,202.6,2026.0,2026-04-29,188475083,134,Cristal Kanchanjanga Securites Pvt. Ltd.,Naasa Securities Co. Ltd.,2026-04-29 11:49:35.373924,Himalayan Bank Limited
2026042901022878,HBL,50,35,10,202.6,2026.0,2026-04-29,188475319,134,Cristal Kanchanjanga Securites Pvt. Ltd.,Kohinoor Investment & Securities Pvt. Ltd.,2026-04-29 11:49:50.588842,Himalayan Bank Limited
2026042901022894,HBL,50,58,10,202.6,2026.0,2026-04-29,188475413,134,Cristal Kanchanjanga Securites Pvt. Ltd.,Naasa Securities Co. Ltd.,2026-04-29 11:49:54.175057,Himalayan Bank Limited
2026042901022897,HBL,50,44,10,202.6,2026.0,2026-04-29,188475485,134,Cristal Kanchanjanga Securites Pvt. Ltd.,Dynamic Money Managers Securities Pvt. Ltd.,2026-04-29 11:49:54.877127,Himalayan Bank Limited
2026042901022983,HBL,58,58,10,202.9,2029.0,2026-04-29,188475757,134,Naasa Securities Co. Ltd.,Naasa Securities Co. Ltd.,2026-04-29 11:50:17.223300,Himalayan Bank Limited
2026042901023087,HBL,58,76,10,202.9,2029.0,2026-04-29,188476027,134,Naasa Securities Co. Ltd.,Machhapuchchhre Securities Limited,2026-04-29 11:50:35.816787,Himalayan Bank Limited
2026042901023101,HBL,58,42,10,202.9,2029.0,2026-04-29,188476083,134,Naasa Securities Co. Ltd.,Sani Securities Company Ltd.,2026-04-29 11:50:38.493498,Himalayan Bank Limited
2026042901023116,HBL,58,38,10,202.9,2029.0,2026-04-29,188476116,134,Naasa Securities Co. Ltd.,Dipshikha Dhitopatra Karobar Co. Pvt Ltd.,2026-04-29 11:50:40.389445,Himalayan Bank Limited
2026042901023197,HBL,50,58,10,202.6,2026.0,2026-04-29,188476349,134,Cristal Kanchanjanga Securites Pvt. Ltd.,Naasa Securities Co. Ltd.,2026-04-29 11:50:54.278007,Himalayan Bank Limited
2026042901023395,HBL,50,62,10,202.6,2026.0,2026-04-29,188476849,134,Cristal Kanchanjanga Securites Pvt. Ltd.,Capital Max Securities Ltd,2026-04-29 11:51:18.073281,Himalayan Bank Limited
2026042901023451,HBL,50,34,10,202.6,2026.0,2026-04-29,188476997,134,Cristal Kanchanjanga Securites Pvt. Ltd.,Vision Securities Pvt. Ltd,2026-04-29 11:51:25.052030,Himalayan Bank Limited
2026042901023549,HBL,50,4,10,202.6,2026.0,2026-04-29,188477319,134,Cristal Kanchanjanga Securites Pvt. Ltd.,Opal Securities Investment (PVT) Ltd.,2026-04-29 11:51:43.737472,Himalayan Bank Limited
2026042901023631,HBL,50,42,10,202.6,2026.0,2026-04-29,188477585,134,Cristal Kanchanjanga Securites Pvt. Ltd.,Sani Securities Company Ltd.,2026-04-29 11:52:05.956569,Himalayan Bank Limited
2026042901023712,HBL,50,59,10,202.6,2026.0,2026-04-29,188477813,134,Cristal Kanchanjanga Securites Pvt. Ltd.,Deevyaa Securities & Stock House Pvt. Ltd,2026-04-29 11:52:22.785686,Himalayan Bank Limited
2026042901023865,HBL,50,58,10,202.6,2026.0,2026-04-29,188478239,134,Cristal Kanchanjanga Securites Pvt. Ltd.,Naasa Securities Co. Ltd.,2026-04-29 11:52:47.432102,Himalayan Bank Limited
2026042901023875,HBL,50,38,40,202.6,8104.0,2026-04-29,188478271,134,Cristal Kanchanjanga Securites Pvt. Ltd.,Dipshikha Dhitopatra Karobar Co. Pvt Ltd.,2026-04-29 11:52:49.067759,Himalayan Bank Limited
2026042901023969,HBL,50,38,10,202.6,2026.0,2026-04-29,188478551,134,Cristal Kanchanjanga Securites Pvt. Ltd.,Dipshikha Dhitopatra Karobar Co. Pvt Ltd.,2026-04-29 11:53:07.872100,Himalayan Bank Limited
2026042901024037,HBL,50,58,47,202.6,9522.2,2026-04-29,188478730,134,Cristal Kanchanjanga Securites Pvt. Ltd.,Naasa Securities Co. Ltd.,2026-04-29 11:53:15.763528,Himalayan Bank Limited
2026042901024038,HBL,58,58,12,202.6,2431.2,2026-04-29,188478732,134,Naasa Securities Co. Ltd.,Naasa Securities Co. Ltd.,2026-04-29 11:53:15.763609,Himalayan Bank Limited
2026042901024039,HBL,57,58,490,202.5,99225.0,2026-04-29,188478734,134,Aryatara Investment & Securities,Naasa Securities Co. Ltd.,2026-04-29 11:53:15.763635,Himalayan Bank Limited
2026042901024040,HBL,28,58,50,202.4,10120.0,2026-04-29,188478736,134,Shree Krishna Securities Ltd.,Naasa Securities Co. Ltd.,2026-04-29 11:53:15.763662,Himalayan Bank Limited
2026042901024041,HBL,42,58,201,202.3,40662.3,2026-04-29,188478737,134,Sani Securities Company Ltd.,Naasa Securities Co. Ltd.,2026-04-29 11:53:15.763684,Himalayan Bank Limited
2026042901024048,HBL,42,16,10,202.3,2023.0,2026-04-29,188478777,134,Sani Securities Company Ltd.,Primo Securities (PVT) Ltd.,2026-04-29 11:53:17.582401,Himalayan Bank Limited
2026042901024190,HBL,34,54,10,202.2,2022.0,2026-04-29,188479223,134,Vision Securities Pvt. Ltd,Sewa Securities Pvt. Ltd.,2026-04-29 11:53:43.665419,Himalayan Bank Limited
2026042901024304,HBL,34,39,10,202.2,2022.0,2026-04-29,188479573,134,Vision Securities Pvt. Ltd,Sumeru Securities Pvt. Ltd.,2026-04-29 11:54:00.216281,Himalayan Bank Limited
2026042901024331,HBL,34,58,37,202.2,7481.4,2026-04-29,188479647,134,Vision Securities Pvt. Ltd,Naasa Securities Co. Ltd.,2026-04-29 11:54:06.074384,Himalayan Bank Limited
2026042901024365,HBL,34,96,10,202.2,2022.0,2026-04-29,188479745,134,Vision Securities Pvt. Ltd,Himalayan Securities Limited,2026-04-29 11:54:13.025791,Himalayan Bank Limited
2026042901024384,HBL,72,42,50,202.4,10120.0,2026-04-29,188479800,134,Hatemalo Financial Services Private Limited,Sani Securities Company Ltd.,2026-04-29 11:54:17.809309,Himalayan Bank Limited
2026042901024436,HBL,34,34,10,202.2,2022.0,2026-04-29,188479999,134,Vision Securities Pvt. Ltd,Vision Securities Pvt. Ltd,2026-04-29 11:54:30.252616,Himalayan Bank Limited
2026042901024517,HBL,34,42,10,202.2,2022.0,2026-04-29,188480235,134,Vision Securities Pvt. Ltd,Sani Securities Company Ltd.,2026-04-29 11:54:47.901346,Himalayan Bank Limited
2026042901024638,HBL,49,45,10,202.3,2023.0,2026-04-29,188480572,134,Online Securities Pvt. Ltd.,Imperial Securities Company Pvt. Ltd.,2026-04-29 11:55:09.715486,Himalayan Bank Limited
2026042901024691,HBL,34,49,10,202.2,2022.0,2026-04-29,188480767,134,Vision Securities Pvt. Ltd,Online Securities Pvt. Ltd.,2026-04-29 11:55:23.355509,Himalayan Bank Limited
2026042901024725,HBL,34,38,10,202.2,2022.0,2026-04-29,188480857,134,Vision Securities Pvt. Ltd,Dipshikha Dhitopatra Karobar Co. Pvt Ltd.,2026-04-29 11:55:31.405189,Himalayan Bank Limited
2026042901024788,HBL,34,58,10,202.2,2022.0,2026-04-29,188481047,134,Vision Securities Pvt. Ltd,Naasa Securities Co. Ltd.,2026-04-29 11:55:41.295067,Himalayan Bank Limited
2026042901024838,HBL,34,42,10,202.2,2022.0,2026-04-29,188481189,134,Vision Securities Pvt. Ltd,Sani Securities Company Ltd.,2026-04-29 11:55:52.650797,Himalayan Bank Limited
2026042901024839,HBL,34,57,10,202.2,2022.0,2026-04-29,188481191,134,Vision Securities Pvt. Ltd,Aryatara Investment & Securities,2026-04-29 11:55:52.837016,Himalayan Bank Limited
2026042901024995,HBL,58,35,10,202.3,2023.0,2026-04-29,188481707,134,Naasa Securities Co. Ltd.,Kohinoor Investment & Securities Pvt. Ltd.,2026-04-29 11:56:26.515436,Himalayan Bank Limited
2026042901025044,HBL,58,32,10,202.3,2023.0,2026-04-29,188481873,134,Naasa Securities Co. Ltd.,Premier Securities Company Ltd.,2026-04-29 11:56:36.413926,Himalayan Bank Limited
2026042901025065,HBL,58,42,55,202.3,11126.5,2026-04-29,188481937,134,Naasa Securities Co. Ltd.,Sani Securities Company Ltd.,2026-04-29 11:56:38.905786,Himalayan Bank Limited
2026042901025130,HBL,58,58,10,202.3,2023.0,2026-04-29,188482131,134,Naasa Securities Co. Ltd.,Naasa Securities Co. Ltd.,2026-04-29 11:56:52.096137,Himalayan Bank Limited
2026042901025189,HBL,58,6,10,202.3,2023.0,2026-04-29,188482353,134,Naasa Securities Co. Ltd.,Agrawal Securities (PVT) Ltd.,2026-04-29 11:57:04.564754,Himalayan Bank Limited
2026042901025319,HBL,58,4,10,202.3,2023.0,2026-04-29,188482717,134,Naasa Securities Co. Ltd.,Opal Securities Investment (PVT) Ltd.,2026-04-29 11:57:19.972149,Himalayan Bank Limited
2026042901025566,HBL,57,53,10,202.4,2024.0,2026-04-29,188483549,134,Aryatara Investment & Securities,Investment Management Nepal Pvt. Ltd.,2026-04-29 11:57:55.147907,Himalayan Bank Limited
2026042901025587,HBL,57,11,10,202.4,2024.0,2026-04-29,188483617,134,Aryatara Investment & Securities,Malla & Malla Stock Broking Company Pvt. Limited,2026-04-29 11:57:59.871776,Himalayan Bank Limited
2026042901025832,HBL,57,58,10,202.4,2024.0,2026-04-29,188484325,134,Aryatara Investment & Securities,Naasa Securities Co. Ltd.,2026-04-29 11:58:39.799352,Himalayan Bank Limited
2026042901026102,HBL,57,41,10,202.4,2024.0,2026-04-29,188485085,134,Aryatara Investment & Securities,Linch Stock Market Ltd.,2026-04-29 11:59:23.413637,Himalayan Bank Limited
2026042901026127,HBL,57,58,10,202.4,2024.0,2026-04-29,188485159,134,Aryatara Investment & Securities,Naasa Securities Co. Ltd.,2026-04-29 11:59:27.453420,Himalayan Bank Limited
2026042901026179,HBL,57,58,10,202.4,2024.0,2026-04-29,188485317,134,Aryatara Investment & Securities,Naasa Securities Co. Ltd.,2026-04-29 11:59:39.120933,Himalayan Bank Limited
2026042901026228,HBL,57,58,10,202.4,2024.0,2026-04-29,188485475,134,Aryatara Investment & Securities,Naasa Securities Co. Ltd.,2026-04-29 11:59:50.010904,Himalayan Bank Limited
2026042901026372,HBL,34,58,10,202.4,2024.0,2026-04-29,188485859,134,Vision Securities Pvt. Ltd,Naasa Securities Co. Ltd.,2026-04-29 12:00:16.292714,Himalayan Bank Limited
2026042901026386,HBL,34,42,10,202.4,2024.0,2026-04-29,188485891,134,Vision Securities Pvt. Ltd,Sani Securities Company Ltd.,2026-04-29 12:00:18.132270,Himalayan Bank Limited
2026042901026442,HBL,34,42,10,202.4,2024.0,2026-04-29,188486027,134,Vision Securities Pvt. Ltd,Sani Securities Company Ltd.,2026-04-29 12:00:25.951854,Himalayan Bank Limited
2026042901026581,HBL,34,58,10,202.4,2024.0,2026-04-29,188486493,134,Vision Securities Pvt. Ltd,Naasa Securities Co. Ltd.,2026-04-29 12:01:01.205364,Himalayan Bank Limited
2026042901026765,HBL,16,56,10,202.5,2025.0,2026-04-29,188486971,134,Primo Securities (PVT) Ltd.,Sri Hari Securities Pvt. Ltd.,2026-04-29 12:01:31.981191,Himalayan Bank Limited
2026042901026812,HBL,16,58,10,202.5,2025.0,2026-04-29,188487117,134,Primo Securities (PVT) Ltd.,Naasa Securities Co. Ltd.,2026-04-29 12:01:47.392228,Himalayan Bank Limited
2026042901026825,HBL,16,58,10,202.5,2025.0,2026-04-29,188487151,134,Primo Securities (PVT) Ltd.,Naasa Securities Co. Ltd.,2026-04-29 12:01:49.160234,Himalayan Bank Limited
2026042901026847,HBL,16,42,10,202.5,2025.0,2026-04-29,188487215,134,Primo Securities (PVT) Ltd.,Sani Securities Company Ltd.,2026-04-29 12:01:54.113903,Himalayan Bank Limited
2026042901026924,HBL,16,52,10,202.5,2025.0,2026-04-29,188487435,134,Primo Securities (PVT) Ltd.,Sundhara Securities Limited,2026-04-29 12:02:11.277729,Himalayan Bank Limited
2026042901027104,HBL,16,16,10,202.5,2025.0,2026-04-29,188487909,134,Primo Securities (PVT) Ltd.,Primo Securities (PVT) Ltd.,2026-04-29 12:02:42.615658,Himalayan Bank Limited
2026042901027140,HBL,16,75,10,202.5,2025.0,2026-04-29,188487999,134,Primo Securities (PVT) Ltd.,N.I.M.B. Stock Markets Limited,2026-04-29 12:02:48.036015,Himalayan Bank Limited
2026042901027182,HBL,16,17,10,202.5,2025.0,2026-04-29,188488105,134,Primo Securities (PVT) Ltd.,ABC Securities Private Limited,2026-04-29 12:02:58.084832,Himalayan Bank Limited
2026042901027254,HBL,67,44,10,202.6,2026.0,2026-04-29,188488405,134,Property Wiard Limited,Dynamic Money Managers Securities Pvt. Ltd.,2026-04-29 12:03:19.280342,Himalayan Bank Limited
2026042901027255,HBL,67,58,10,202.6,2026.0,2026-04-29,188488407,134,Property Wiard Limited,Naasa Securities Co. Ltd.,2026-04-29 12:03:19.280579,Himalayan Bank Limited
2026042901027256,HBL,67,52,10,202.6,2026.0,2026-04-29,188488409,134,Property Wiard Limited,Sundhara Securities Limited,2026-04-29 12:03:19.280734,Himalayan Bank Limited
2026042901027257,HBL,67,82,10,202.6,2026.0,2026-04-29,188488412,134,Property Wiard Limited,N.M.B. SECURITIES LIMITED,2026-04-29 12:03:19.280902,Himalayan Bank Limited
2026042901027578,HBL,16,49,10,202.5,2025.0,2026-04-29,188489277,134,Primo Securities (PVT) Ltd.,Online Securities Pvt. Ltd.,2026-04-29 12:04:02.568389,Himalayan Bank Limited
2026042901027630,HBL,16,63,10,202.5,2025.0,2026-04-29,188489405,134,Primo Securities (PVT) Ltd.,Himalayan Brokerage Company Limited,2026-04-29 12:04:14.240498,Himalayan Bank Limited
2026042901027639,HBL,34,58,10,202.4,2024.0,2026-04-29,188489435,134,Vision Securities Pvt. Ltd,Naasa Securities Co. Ltd.,2026-04-29 12:04:15.195218,Himalayan Bank Limited
2026042901027717,HBL,58,58,10,202.3,2023.0,2026-04-29,188489653,134,Naasa Securities Co. Ltd.,Naasa Securities Co. Ltd.,2026-04-29 12:04:35.145002,Himalayan Bank Limited
2026042901027736,HBL,67,42,10,202.4,2024.0,2026-04-29,188489707,134,Property Wiard Limited,Sani Securities Company Ltd.,2026-04-29 12:04:38.553875,Himalayan Bank Limited
2026042901027737,HBL,42,6,10,202.3,2023.0,2026-04-29,188489709,134,Sani Securities Company Ltd.,Agrawal Securities (PVT) Ltd.,2026-04-29 12:04:38.798189,Himalayan Bank Limited
2026042901027875,HBL,42,65,10,202.3,2023.0,2026-04-29,188490061,134,Sani Securities Company Ltd.,Sharepro Securities Private Limited,2026-04-29 12:05:02.256922,Himalayan Bank Limited
2026042901027932,HBL,67,6,10,202.4,2024.0,2026-04-29,188490253,134,Property Wiard Limited,Agrawal Securities (PVT) Ltd.,2026-04-29 12:05:14.223459,Himalayan Bank Limited
2026042901027945,HBL,42,4,10,202.3,2023.0,2026-04-29,188490287,134,Sani Securities Company Ltd.,Opal Securities Investment (PVT) Ltd.,2026-04-29 12:05:16.994266,Himalayan Bank Limited
2026042901028007,HBL,42,1,10,202.3,2023.0,2026-04-29,188490507,134,Sani Securities Company Ltd.,Kumari Securities Private Limited,2026-04-29 12:05:32.858272,Himalayan Bank Limited
2026042901028042,HBL,42,21,10,202.3,2023.0,2026-04-29,188490593,134,Sani Securities Company Ltd.,Midas Stock Broking Company Private Limited,2026-04-29 12:05:38.076945,Himalayan Bank Limited
2026042901028153,HBL,42,58,10,202.6,2026.0,2026-04-29,188490873,134,Sani Securities Company Ltd.,Naasa Securities Co. Ltd.,2026-04-29 12:06:03.260045,Himalayan Bank Limited
2026042901028154,HBL,42,4,23,203.0,4669.0,2026-04-29,188490875,134,Sani Securities Company Ltd.,Opal Securities Investment (PVT) Ltd.,2026-04-29 12:06:03.260401,Himalayan Bank Limited
2026042901028155,HBL,42,49,10,203.0,2030.0,2026-04-29,188490877,134,Sani Securities Company Ltd.,Online Securities Pvt. Ltd.,2026-04-29 12:06:03.260567,Himalayan Bank Limited
2026042901028156,HBL,42,25,10,203.0,2030.0,2026-04-29,188490879,134,Sani Securities Company Ltd.,Sweta Securities Private Limited,2026-04-29 12:06:03.260715,Himalayan Bank Limited
2026042901028157,HBL,42,41,10,203.0,2030.0,2026-04-29,188490881,134,Sani Securities Company Ltd.,Linch Stock Market Ltd.,2026-04-29 12:06:03.260862,Himalayan Bank Limited
2026042901028158,HBL,42,4,10,203.0,2030.0,2026-04-29,188490883,134,Sani Securities Company Ltd.,Opal Securities Investment (PVT) Ltd.,2026-04-29 12:06:03.261012,Himalayan Bank Limited
2026042901028159,HBL,42,34,10,203.0,2030.0,2026-04-29,188490885,134,Sani Securities Company Ltd.,Vision Securities Pvt. Ltd,2026-04-29 12:06:03.261174,Himalayan Bank Limited
2026042901028160,HBL,42,49,10,203.0,2030.0,2026-04-29,188490887,134,Sani Securities Company Ltd.,Online Securities Pvt. Ltd.,2026-04-29 12:06:03.261324,Himalayan Bank Limited
2026042901028161,HBL,42,49,10,203.0,2030.0,2026-04-29,188490889,134,Sani Securities Company Ltd.,Online Securities Pvt. Ltd.,2026-04-29 12:06:03.261476,Himalayan Bank Limited
2026042901028162,HBL,42,7,100,203.0,20300.0,2026-04-29,188490891,134,Sani Securities Company Ltd.,J.F. Securites (PVT) Ltd.,2026-04-29 12:06:03.261626,Himalayan Bank Limited
2026042901028163,HBL,42,21,10,203.0,2030.0,2026-04-29,188490893,134,Sani Securities Company Ltd.,Midas Stock Broking Company Private Limited,2026-04-29 12:06:03.261775,Himalayan Bank Limited
2026042901028164,HBL,42,42,87,203.0,17661.0,2026-04-29,188490896,134,Sani Securities Company Ltd.,Sani Securities Company Ltd.,2026-04-29 12:06:03.261924,Himalayan Bank Limited
2026042901028201,HBL,67,52,10,202.4,2024.0,2026-04-29,188490987,134,Property Wiard Limited,Sundhara Securities Limited,2026-04-29 12:06:09.826361,Himalayan Bank Limited
2026042901028296,HBL,42,42,10,202.3,2023.0,2026-04-29,188491243,134,Sani Securities Company Ltd.,Sani Securities Company Ltd.,2026-04-29 12:06:30.178822,Himalayan Bank Limited
2026042901028531,HBL,67,14,10,202.4,2024.0,2026-04-29,188491825,134,Property Wiard Limited,Nepal Stock House (PVT) Ltd.,2026-04-29 12:07:08.166237,Himalayan Bank Limited
2026042901028569,HBL,42,42,10,202.3,2023.0,2026-04-29,188491917,134,Sani Securities Company Ltd.,Sani Securities Company Ltd.,2026-04-29 12:07:13.529741,Himalayan Bank Limited
2026042901028666,HBL,42,42,10,202.3,2023.0,2026-04-29,188492207,134,Sani Securities Company Ltd.,Sani Securities Company Ltd.,2026-04-29 12:07:29.819275,Himalayan Bank Limited
2026042901028761,HBL,42,58,10,202.3,2023.0,2026-04-29,188492453,134,Sani Securities Company Ltd.,Naasa Securities Co. Ltd.,2026-04-29 12:07:44.559589,Himalayan Bank Limited
2026042901028767,HBL,42,35,10,202.3,2023.0,2026-04-29,188492465,134,Sani Securities Company Ltd.,Kohinoor Investment & Securities Pvt. Ltd.,2026-04-29 12:07:44.909310,Himalayan Bank Limited
2026042901028814,HBL,67,49,10,202.4,2024.0,2026-04-29,188492609,134,Property Wiard Limited,Online Securities Pvt. Ltd.,2026-04-29 12:07:57.056802,Himalayan Bank Limited
2026042901028879,HBL,49,35,10,202.4,2024.0,2026-04-29,188492787,134,Online Securities Pvt. Ltd.,Kohinoor Investment & Securities Pvt. Ltd.,2026-04-29 12:08:05.133409,Himalayan Bank Limited
2026042901028880,HBL,49,42,913,203.0,185339.0,2026-04-29,188492789,134,Online Securities Pvt. Ltd.,Sani Securities Company Ltd.,2026-04-29 12:08:05.134060,Himalayan Bank Limited
2026042901028881,HBL,49,45,10,203.0,2030.0,2026-04-29,188492791,134,Online Securities Pvt. Ltd.,Imperial Securities Company Pvt. Ltd.,2026-04-29 12:08:05.134515,Himalayan Bank Limited
2026042901028912,HBL,49,14,10,203.0,2030.0,2026-04-29,188492893,134,Online Securities Pvt. Ltd.,Nepal Stock House (PVT) Ltd.,2026-04-29 12:08:11.694048,Himalayan Bank Limited
2026042901028934,HBL,49,58,10,203.0,2030.0,2026-04-29,188492955,134,Online Securities Pvt. Ltd.,Naasa Securities Co. Ltd.,2026-04-29 12:08:15.149973,Himalayan Bank Limited
2026042901028942,HBL,49,45,10,203.0,2030.0,2026-04-29,188492977,134,Online Securities Pvt. Ltd.,Imperial Securities Company Pvt. Ltd.,2026-04-29 12:08:16.968374,Himalayan Bank Limited
2026042901028963,HBL,49,58,10,203.0,2030.0,2026-04-29,188493031,134,Online Securities Pvt. Ltd.,Naasa Securities Co. Ltd.,2026-04-29 12:08:23.606430,Himalayan Bank Limited
2026042901028988,HBL,46,26,50,202.3,10115.0,2026-04-29,188493128,134,Kalika Securities Pvt. Ltd.,Asian Securities Private Ltd.,2026-04-29 12:08:33.997848,Himalayan Bank Limited
2026042901028989,HBL,6,26,31,202.3,6271.3,2026-04-29,188493130,134,Agrawal Securities (PVT) Ltd.,Asian Securities Private Ltd.,2026-04-29 12:08:33.998538,Himalayan Bank Limited
2026042901028990,HBL,34,26,363,202.2,73398.6,2026-04-29,188493132,134,Vision Securities Pvt. Ltd,Asian Securities Private Ltd.,2026-04-29 12:08:33.999010,Himalayan Bank Limited
2026042901028991,HBL,10,26,350,202.1,70735.0,2026-04-29,188493134,134,Pragyan Securities (PVT) Ltd.,Asian Securities Private Ltd.,2026-04-29 12:08:33.999465,Himalayan Bank Limited
2026042901028992,HBL,42,26,100,202.1,20210.0,2026-04-29,188493136,134,Sani Securities Company Ltd.,Asian Securities Private Ltd.,2026-04-29 12:08:33.999928,Himalayan Bank Limited
2026042901028993,HBL,14,26,136,202.0,27472.0,2026-04-29,188493138,134,Nepal Stock House (PVT) Ltd.,Asian Securities Private Ltd.,2026-04-29 12:08:34.000415,Himalayan Bank Limited
2026042901028994,HBL,36,26,200,202.0,40400.0,2026-04-29,188493140,134,Secured Securities Ltd.,Asian Securities Private Ltd.,2026-04-29 12:08:34.000875,Himalayan Bank Limited
2026042901028995,HBL,32,26,20,202.0,4040.0,2026-04-29,188493142,134,Premier Securities Company Ltd.,Asian Securities Private Ltd.,2026-04-29 12:08:34.001343,Himalayan Bank Limited
2026042901028996,HBL,42,26,75,202.0,15150.0,2026-04-29,188493143,134,Sani Securities Company Ltd.,Asian Securities Private Ltd.,2026-04-29 12:08:34.001802,Himalayan Bank Limited
2026042901029120,HBL,28,38,10,202.1,2021.0,2026-04-29,188493565,134,Shree Krishna Securities Ltd.,Dipshikha Dhitopatra Karobar Co. Pvt Ltd.,2026-04-29 12:09:06.133497,Himalayan Bank Limited
2026042901029140,HBL,42,58,190,202.0,38380.0,2026-04-29,188493623,134,Sani Securities Company Ltd.,Naasa Securities Co. Ltd.,2026-04-29 12:09:13.117832,Himalayan Bank Limited
2026042901029270,HBL,67,42,10,202.1,2021.0,2026-04-29,188493979,134,Property Wiard Limited,Sani Securities Company Ltd.,2026-04-29 12:09:33.620973,Himalayan Bank Limited
2026042901029744,HBL,25,58,10,202.5,2025.0,2026-04-29,188495305,134,Sweta Securities Private Limited,Naasa Securities Co. Ltd.,2026-04-29 12:11:06.244091,Himalayan Bank Limited
2026042901029819,HBL,25,53,10,202.5,2025.0,2026-04-29,188495489,134,Sweta Securities Private Limited,Investment Management Nepal Pvt. Ltd.,2026-04-29 12:11:19.526222,Himalayan Bank Limited
2026042901029915,HBL,25,35,11,202.5,2227.5,2026-04-29,188495713,134,Sweta Securities Private Limited,Kohinoor Investment & Securities Pvt. Ltd.,2026-04-29 12:11:31.553956,Himalayan Bank Limited
2026042901029925,HBL,25,4,10,202.5,2025.0,2026-04-29,188495735,134,Sweta Securities Private Limited,Opal Securities Investment (PVT) Ltd.,2026-04-29 12:11:34.156498,Himalayan Bank Limited
2026042901029991,HBL,25,34,10,202.5,2025.0,2026-04-29,188495905,134,Sweta Securities Private Limited,Vision Securities Pvt. Ltd,2026-04-29 12:11:45.999093,Himalayan Bank Limited
2026042901029992,HBL,25,54,10,202.5,2025.0,2026-04-29,188495909,134,Sweta Securities Private Limited,Sewa Securities Pvt. Ltd.,2026-04-29 12:11:46.184892,Himalayan Bank Limited
2026042901030038,HBL,49,52,7,203.0,1421.0,2026-04-29,188496019,134,Online Securities Pvt. Ltd.,Sundhara Securities Limited,2026-04-29 12:11:52.919043,Himalayan Bank Limited
2026042901030135,HBL,58,94,10,203.0,2030.0,2026-04-29,188496254,134,Naasa Securities Co. Ltd.,K.B.L. Securities Limited ,2026-04-29 12:12:10.896083,Himalayan Bank Limited
2026042901030332,HBL,25,58,10,202.5,2025.0,2026-04-29,188496799,134,Sweta Securities Private Limited,Naasa Securities Co. Ltd.,2026-04-29 12:12:55.923012,Himalayan Bank Limited
2026042901030344,HBL,25,58,10,202.5,2025.0,2026-04-29,188496829,134,Sweta Securities Private Limited,Naasa Securities Co. Ltd.,2026-04-29 12:12:58.996319,Himalayan Bank Limited
2026042901030530,HBL,25,34,10,202.5,2025.0,2026-04-29,188497445,134,Sweta Securities Private Limited,Vision Securities Pvt. Ltd,2026-04-29 12:13:51.100816,Himalayan Bank Limited
2026042901030755,HBL,42,35,10,202.1,2021.0,2026-04-29,188498057,134,Sani Securities Company Ltd.,Kohinoor Investment & Securities Pvt. Ltd.,2026-04-29 12:14:28.363072,Himalayan Bank Limited
2026042901030777,HBL,32,42,10,202.5,2025.0,2026-04-29,188498108,134,Premier Securities Company Ltd.,Sani Securities Company Ltd.,2026-04-29 12:14:31.840715,Himalayan Bank Limited
2026042901030883,HBL,42,6,10,202.1,2021.0,2026-04-29,188498427,134,Sani Securities Company Ltd.,Agrawal Securities (PVT) Ltd.,2026-04-29 12:14:50.523830,Himalayan Bank Limited
2026042901030934,HBL,25,49,10,202.5,2025.0,2026-04-29,188498609,134,Sweta Securities Private Limited,Online Securities Pvt. Ltd.,2026-04-29 12:15:03.947878,Himalayan Bank Limited
2026042901030938,HBL,42,32,10,202.1,2021.0,2026-04-29,188498621,134,Sani Securities Company Ltd.,Premier Securities Company Ltd.,2026-04-29 12:15:05.279349,Himalayan Bank Limited
2026042901030951,HBL,42,8,10,202.1,2021.0,2026-04-29,188498657,134,Sani Securities Company Ltd.,Brilliant Securities Pvt. Ltd.,2026-04-29 12:15:09.296267,Himalayan Bank Limited
2026042901030969,HBL,42,34,10,202.1,2021.0,2026-04-29,188498721,134,Sani Securities Company Ltd.,Vision Securities Pvt. Ltd,2026-04-29 12:15:14.149292,Himalayan Bank Limited
2026042901030977,HBL,42,59,10,202.1,2021.0,2026-04-29,188498737,134,Sani Securities Company Ltd.,Deevyaa Securities & Stock House Pvt. Ltd,2026-04-29 12:15:16.735768,Himalayan Bank Limited
2026042901031026,HBL,42,35,10,202.1,2021.0,2026-04-29,188498877,134,Sani Securities Company Ltd.,Kohinoor Investment & Securities Pvt. Ltd.,2026-04-29 12:15:28.934093,Himalayan Bank Limited
2026042901031148,HBL,29,44,10,203.0,2030.0,2026-04-29,188499216,134,Trisul Securities & Invt. Ltd.,Dynamic Money Managers Securities Pvt. Ltd.,2026-04-29 12:15:51.565507,Himalayan Bank Limited
2026042901031167,HBL,42,49,10,202.1,2021.0,2026-04-29,188499261,134,Sani Securities Company Ltd.,Online Securities Pvt. Ltd.,2026-04-29 12:15:57.704129,Himalayan Bank Limited
2026042901031297,HBL,83,41,10,203.0,2030.0,2026-04-29,188499625,134,Sanima Securities Limited,Linch Stock Market Ltd.,2026-04-29 12:16:30.184838,Himalayan Bank Limited
2026042901031335,HBL,83,44,10,203.0,2030.0,2026-04-29,188499725,134,Sanima Securities Limited,Dynamic Money Managers Securities Pvt. Ltd.,2026-04-29 12:16:38.342597,Himalayan Bank Limited
2026042901031377,HBL,83,35,10,203.0,2030.0,2026-04-29,188499921,134,Sanima Securities Limited,Kohinoor Investment & Securities Pvt. Ltd.,2026-04-29 12:16:49.631072,Himalayan Bank Limited
2026042901031494,HBL,58,34,10,203.2,2032.0,2026-04-29,188500263,134,Naasa Securities Co. Ltd.,Vision Securities Pvt. Ltd,2026-04-29 12:17:14.240213,Himalayan Bank Limited
2026042901031495,HBL,58,49,10,203.2,2032.0,2026-04-29,188500266,134,Naasa Securities Co. Ltd.,Online Securities Pvt. Ltd.,2026-04-29 12:17:14.240519,Himalayan Bank Limited
2026042901031658,HBL,83,45,10,203.0,2030.0,2026-04-29,188500665,134,Sanima Securities Limited,Imperial Securities Company Pvt. Ltd.,2026-04-29 12:17:36.988895,Himalayan Bank Limited
2026042901031713,HBL,83,96,10,203.0,2030.0,2026-04-29,188500833,134,Sanima Securities Limited,Himalayan Securities Limited,2026-04-29 12:17:51.223492,Himalayan Bank Limited
2026042901031749,HBL,83,14,10,203.0,2030.0,2026-04-29,188500911,134,Sanima Securities Limited,Nepal Stock House (PVT) Ltd.,2026-04-29 12:17:55.045776,Himalayan Bank Limited
2026042901031753,HBL,83,58,10,203.0,2030.0,2026-04-29,188500925,134,Sanima Securities Limited,Naasa Securities Co. Ltd.,2026-04-29 12:17:56.064579,Himalayan Bank Limited
2026042901031775,HBL,83,57,10,203.0,2030.0,2026-04-29,188500975,134,Sanima Securities Limited,Aryatara Investment & Securities,2026-04-29 12:18:01.947111,Himalayan Bank Limited
2026042901031837,HBL,83,58,10,203.0,2030.0,2026-04-29,188501155,134,Sanima Securities Limited,Naasa Securities Co. Ltd.,2026-04-29 12:18:15.819653,Himalayan Bank Limited
2026042901031869,HBL,83,56,10,203.0,2030.0,2026-04-29,188501251,134,Sanima Securities Limited,Sri Hari Securities Pvt. Ltd.,2026-04-29 12:18:24.935970,Himalayan Bank Limited
2026042901032212,HBL,83,3,10,203.0,2030.0,2026-04-29,188502157,134,Sanima Securities Limited,Arun Securities (PVT) Ltd.,2026-04-29 12:19:33.670601,Himalayan Bank Limited
2026042901032222,HBL,83,46,10,203.0,2030.0,2026-04-29,188502189,134,Sanima Securities Limited,Kalika Securities Pvt. Ltd.,2026-04-29 12:19:35.650793,Himalayan Bank Limited
2026042901032432,HBL,83,28,10,203.0,2030.0,2026-04-29,188502773,134,Sanima Securities Limited,Shree Krishna Securities Ltd.,2026-04-29 12:20:20.000773,Himalayan Bank Limited
2026042901032445,HBL,83,22,10,203.0,2030.0,2026-04-29,188502821,134,Sanima Securities Limited,Siprabi Securities Pvt. Ltd.,2026-04-29 12:20:23.308152,Himalayan Bank Limited
2026042901032504,HBL,83,4,10,203.0,2030.0,2026-04-29,188502977,134,Sanima Securities Limited,Opal Securities Investment (PVT) Ltd.,2026-04-29 12:20:39.630910,Himalayan Bank Limited
2026042901032762,HBL,83,36,10,203.0,2030.0,2026-04-29,188503651,134,Sanima Securities Limited,Secured Securities Ltd.,2026-04-29 12:21:25.596279,Himalayan Bank Limited
2026042901032774,HBL,83,17,10,203.0,2030.0,2026-04-29,188503683,134,Sanima Securities Limited,ABC Securities Private Limited,2026-04-29 12:21:28.386934,Himalayan Bank Limited
2026042901032797,HBL,83,22,10,203.0,2030.0,2026-04-29,188503755,134,Sanima Securities Limited,Siprabi Securities Pvt. Ltd.,2026-04-29 12:21:33.488974,Himalayan Bank Limited
2026042901032859,HBL,83,4,10,203.0,2030.0,2026-04-29,188503961,134,Sanima Securities Limited,Opal Securities Investment (PVT) Ltd.,2026-04-29 12:21:49.693251,Himalayan Bank Limited
2026042901032971,HBL,83,17,10,203.0,2030.0,2026-04-29,188504289,134,Sanima Securities Limited,ABC Securities Private Limited,2026-04-29 12:22:10.820126,Himalayan Bank Limited
2026042901033007,HBL,83,35,100,203.0,20300.0,2026-04-29,188504374,134,Sanima Securities Limited,Kohinoor Investment & Securities Pvt. Ltd.,2026-04-29 12:22:15.652802,Himalayan Bank Limited
2026042901033008,HBL,49,35,16,203.0,3248.0,2026-04-29,188504375,134,Online Securities Pvt. Ltd.,Kohinoor Investment & Securities Pvt. Ltd.,2026-04-29 12:22:15.653521,Himalayan Bank Limited
2026042901033033,HBL,49,59,10,203.0,2030.0,2026-04-29,188504437,134,Online Securities Pvt. Ltd.,Deevyaa Securities & Stock House Pvt. Ltd,2026-04-29 12:22:20.202176,Himalayan Bank Limited
2026042901033147,HBL,49,45,10,203.0,2030.0,2026-04-29,188504751,134,Online Securities Pvt. Ltd.,Imperial Securities Company Pvt. Ltd.,2026-04-29 12:22:41.542571,Himalayan Bank Limited
2026042901033301,HBL,49,58,10,203.0,2030.0,2026-04-29,188505127,134,Online Securities Pvt. Ltd.,Naasa Securities Co. Ltd.,2026-04-29 12:23:06.891658,Himalayan Bank Limited
2026042901033314,HBL,11,4,500,203.0,101500.0,2026-04-29,188505176,134,Malla & Malla Stock Broking Company Pvt. Limited,Opal Securities Investment (PVT) Ltd.,2026-04-29 12:23:09.984489,Himalayan Bank Limited
2026042901033315,HBL,43,4,10,203.0,2030.0,2026-04-29,188505178,134,South Asian Bulls Pvt. Ltd.,Opal Securities Investment (PVT) Ltd.,2026-04-29 12:23:09.984808,Himalayan Bank Limited
2026042901033320,HBL,42,17,10,202.1,2021.0,2026-04-29,188505189,134,Sani Securities Company Ltd.,ABC Securities Private Limited,2026-04-29 12:23:10.778234,Himalayan Bank Limited
2026042901033441,HBL,42,49,10,202.1,2021.0,2026-04-29,188505497,134,Sani Securities Company Ltd.,Online Securities Pvt. Ltd.,2026-04-29 12:23:34.280279,Himalayan Bank Limited
2026042901033488,HBL,49,56,10,202.1,2021.0,2026-04-29,188505627,134,Online Securities Pvt. Ltd.,Sri Hari Securities Pvt. Ltd.,2026-04-29 12:23:43.912299,Himalayan Bank Limited
2026042901033684,HBL,85,58,10,202.1,2021.0,2026-04-29,188506163,134,Capital Hub P. Ltd,Naasa Securities Co. Ltd.,2026-04-29 12:24:23.603866,Himalayan Bank Limited
2026042901033829,HBL,85,58,10,202.1,2021.0,2026-04-29,188506617,134,Capital Hub P. Ltd,Naasa Securities Co. Ltd.,2026-04-29 12:24:53.199006,Himalayan Bank Limited
2026042901034057,HBL,58,58,10,202.4,2024.0,2026-04-29,188507241,134,Naasa Securities Co. Ltd.,Naasa Securities Co. Ltd.,2026-04-29 12:25:36.011420,Himalayan Bank Limited
2026042901034301,HBL,58,32,10,202.4,2024.0,2026-04-29,188507831,134,Naasa Securities Co. Ltd.,Premier Securities Company Ltd.,2026-04-29 12:25:59.944448,Himalayan Bank Limited
2026042901034435,HBL,58,74,10,202.4,2024.0,2026-04-29,188508169,134,Naasa Securities Co. Ltd.,KALASH STOCK MARKET PVT. LTD.,2026-04-29 12:26:22.370957,Himalayan Bank Limited
2026042901034605,HBL,45,49,10,202.5,2025.0,2026-04-29,188508573,134,Imperial Securities Company Pvt. Ltd.,Online Securities Pvt. Ltd.,2026-04-29 12:26:50.709110,Himalayan Bank Limited
2026042901034606,HBL,45,4,20,203.0,4060.0,2026-04-29,188508576,134,Imperial Securities Company Pvt. Ltd.,Opal Securities Investment (PVT) Ltd.,2026-04-29 12:26:50.709851,Himalayan Bank Limited
2026042901034612,HBL,58,58,10,202.4,2024.0,2026-04-29,188508601,134,Naasa Securities Co. Ltd.,Naasa Securities Co. Ltd.,2026-04-29 12:26:53.758794,Himalayan Bank Limited
2026042901034702,HBL,58,19,10,202.4,2024.0,2026-04-29,188508847,134,Naasa Securities Co. Ltd.,Nepal Investment And Securities Trading Private Limited,2026-04-29 12:27:13.456256,Himalayan Bank Limited
2026042901034705,HBL,85,38,10,202.1,2021.0,2026-04-29,188508863,134,Capital Hub P. Ltd,Dipshikha Dhitopatra Karobar Co. Pvt Ltd.,2026-04-29 12:27:14.398340,Himalayan Bank Limited
2026042901034783,HBL,85,49,10,202.1,2021.0,2026-04-29,188509059,134,Capital Hub P. Ltd,Online Securities Pvt. Ltd.,2026-04-29 12:27:27.788057,Himalayan Bank Limited
2026042901034798,HBL,25,94,10,202.1,2021.0,2026-04-29,188509095,134,Sweta Securities Private Limited,K.B.L. Securities Limited ,2026-04-29 12:27:32.016870,Himalayan Bank Limited
2026042901034818,HBL,25,11,10,202.1,2021.0,2026-04-29,188509177,134,Sweta Securities Private Limited,Malla & Malla Stock Broking Company Pvt. Limited,2026-04-29 12:27:38.550925,Himalayan Bank Limited
2026042901034845,HBL,25,32,10,202.1,2021.0,2026-04-29,188509245,134,Sweta Securities Private Limited,Premier Securities Company Ltd.,2026-04-29 12:27:46.243897,Himalayan Bank Limited
2026042901034849,HBL,41,4,1190,203.0,241570.0,2026-04-29,188509253,134,Linch Stock Market Ltd.,Opal Securities Investment (PVT) Ltd.,2026-04-29 12:27:47.211385,Himalayan Bank Limited
2026042901034850,HBL,41,58,10,203.0,2030.0,2026-04-29,188509256,134,Linch Stock Market Ltd.,Naasa Securities Co. Ltd.,2026-04-29 12:27:47.211728,Himalayan Bank Limited
2026042901034878,HBL,57,38,10,203.0,2030.0,2026-04-29,188509355,134,Aryatara Investment & Securities,Dipshikha Dhitopatra Karobar Co. Pvt Ltd.,2026-04-29 12:27:54.825550,Himalayan Bank Limited
2026042901034879,HBL,57,49,10,203.0,2030.0,2026-04-29,188509357,134,Aryatara Investment & Securities,Online Securities Pvt. Ltd.,2026-04-29 12:27:54.826339,Himalayan Bank Limited
2026042901034995,HBL,57,28,10,203.0,2030.0,2026-04-29,188509683,134,Aryatara Investment & Securities,Shree Krishna Securities Ltd.,2026-04-29 12:28:11.333005,Himalayan Bank Limited
2026042901035142,HBL,57,48,10,203.0,2030.0,2026-04-29,188510135,134,Aryatara Investment & Securities,Trishakti Securities Public Limited,2026-04-29 12:28:52.791072,Himalayan Bank Limited
2026042901035145,HBL,57,58,10,203.0,2030.0,2026-04-29,188510147,134,Aryatara Investment & Securities,Naasa Securities Co. Ltd.,2026-04-29 12:28:53.383510,Himalayan Bank Limited
2026042901035166,HBL,57,4,10,203.0,2030.0,2026-04-29,188510219,134,Aryatara Investment & Securities,Opal Securities Investment (PVT) Ltd.,2026-04-29 12:29:00.873362,Himalayan Bank Limited
2026042901035247,HBL,51,58,10,203.1,2031.0,2026-04-29,188510446,134,Oxford Securities Pvt. Ltd.,Naasa Securities Co. Ltd.,2026-04-29 12:29:24.311662,Himalayan Bank Limited
2026042901035257,HBL,57,49,10,203.0,2030.0,2026-04-29,188510507,134,Aryatara Investment & Securities,Online Securities Pvt. Ltd.,2026-04-29 12:29:27.703107,Himalayan Bank Limited
2026042901035260,HBL,57,42,10,203.0,2030.0,2026-04-29,188510513,134,Aryatara Investment & Securities,Sani Securities Company Ltd.,2026-04-29 12:29:28.276245,Himalayan Bank Limited
2026042901035283,HBL,57,45,10,203.0,2030.0,2026-04-29,188510565,134,Aryatara Investment & Securities,Imperial Securities Company Pvt. Ltd.,2026-04-29 12:29:33.676034,Himalayan Bank Limited
2026042901035381,HBL,57,58,10,203.0,2030.0,2026-04-29,188510823,134,Aryatara Investment & Securities,Naasa Securities Co. Ltd.,2026-04-29 12:29:48.151813,Himalayan Bank Limited
2026042901035458,HBL,51,38,10,203.2,2032.0,2026-04-29,188511026,134,Oxford Securities Pvt. Ltd.,Dipshikha Dhitopatra Karobar Co. Pvt Ltd.,2026-04-29 12:30:00.522348,Himalayan Bank Limited
2026042901035662,HBL,57,91,10,203.0,2030.0,2026-04-29,188511553,134,Aryatara Investment & Securities,Citizens Share Broker Limited,2026-04-29 12:30:45.554573,Himalayan Bank Limited
2026042901035722,HBL,57,51,10,203.0,2030.0,2026-04-29,188511723,134,Aryatara Investment & Securities,Oxford Securities Pvt. Ltd.,2026-04-29 12:30:59.333143,Himalayan Bank Limited
2026042901035727,HBL,57,45,10,203.0,2030.0,2026-04-29,188511751,134,Aryatara Investment & Securities,Imperial Securities Company Pvt. Ltd.,2026-04-29 12:31:02.925998,Himalayan Bank Limited
2026042901035772,HBL,57,34,10,203.0,2030.0,2026-04-29,188511867,134,Aryatara Investment & Securities,Vision Securities Pvt. Ltd,2026-04-29 12:31:18.899915,Himalayan Bank Limited
2026042901035780,HBL,57,38,360,203.0,73080.0,2026-04-29,188511890,134,Aryatara Investment & Securities,Dipshikha Dhitopatra Karobar Co. Pvt Ltd.,2026-04-29 12:31:20.133839,Himalayan Bank Limited
2026042901035781,HBL,42,38,30,203.0,6090.0,2026-04-29,188511892,134,Sani Securities Company Ltd.,Dipshikha Dhitopatra Karobar Co. Pvt Ltd.,2026-04-29 12:31:20.134678,Himalayan Bank Limited
2026042901035782,HBL,14,38,10,203.0,2030.0,2026-04-29,188511893,134,Nepal Stock House (PVT) Ltd.,Dipshikha Dhitopatra Karobar Co. Pvt Ltd.,2026-04-29 12:31:20.135286,Himalayan Bank Limited
2026042901035806,HBL,33,58,10,202.2,2022.0,2026-04-29,188511987,134,Dakshinkali Investment & Securities Pvt. Ltd.,Naasa Securities Co. Ltd.,2026-04-29 12:31:31.864217,Himalayan Bank Limited
2026042901035827,HBL,33,58,10,202.2,2022.0,2026-04-29,188512045,134,Dakshinkali Investment & Securities Pvt. Ltd.,Naasa Securities Co. Ltd.,2026-04-29 12:31:38.156945,Himalayan Bank Limited
2026042901036131,HBL,33,34,10,202.2,2022.0,2026-04-29,188512763,134,Dakshinkali Investment & Securities Pvt. Ltd.,Vision Securities Pvt. Ltd,2026-04-29 12:32:22.829104,Himalayan Bank Limited
2026042901036172,HBL,33,58,10,202.2,2022.0,2026-04-29,188512873,134,Dakshinkali Investment & Securities Pvt. Ltd.,Naasa Securities Co. Ltd.,2026-04-29 12:32:32.305488,Himalayan Bank Limited
2026042901036264,HBL,51,49,10,203.0,2030.0,2026-04-29,188513082,134,Oxford Securities Pvt. Ltd.,Online Securities Pvt. Ltd.,2026-04-29 12:32:40.252771,Himalayan Bank Limited
2026042901036355,HBL,33,58,10,202.2,2022.0,2026-04-29,188513285,134,Dakshinkali Investment & Securities Pvt. Ltd.,Naasa Securities Co. Ltd.,2026-04-29 12:32:49.132806,Himalayan Bank Limited
2026042901036639,HBL,33,58,10,202.2,2022.0,2026-04-29,188513983,134,Dakshinkali Investment & Securities Pvt. Ltd.,Naasa Securities Co. Ltd.,2026-04-29 12:33:42.719430,Himalayan Bank Limited
2026042901036656,HBL,33,58,10,202.2,2022.0,2026-04-29,188514031,134,Dakshinkali Investment & Securities Pvt. Ltd.,Naasa Securities Co. Ltd.,2026-04-29 12:33:49.130424,Himalayan Bank Limited
2026042901036895,HBL,33,48,10,202.2,2022.0,2026-04-29,188514617,134,Dakshinkali Investment & Securities Pvt. Ltd.,Trishakti Securities Public Limited,2026-04-29 12:34:12.841747,Himalayan Bank Limited
2026042901037008,HBL,67,35,70,202.3,14161.0,2026-04-29,188514944,134,Property Wiard Limited,Kohinoor Investment & Securities Pvt. Ltd.,2026-04-29 12:34:40.193313,Himalayan Bank Limited
2026042901037009,HBL,33,35,220,202.2,44484.0,2026-04-29,188514946,134,Dakshinkali Investment & Securities Pvt. Ltd.,Kohinoor Investment & Securities Pvt. Ltd.,2026-04-29 12:34:40.194162,Himalayan Bank Limited
2026042901037010,HBL,25,35,70,202.1,14147.0,2026-04-29,188514948,134,Sweta Securities Private Limited,Kohinoor Investment & Securities Pvt. Ltd.,2026-04-29 12:34:40.194770,Himalayan Bank Limited
