contract_id,symbol,buyer_member_id,seller_member_id,volume,price,amount,buyer_broker,seller_broker,transaction_time
2026042905000193,HIDCL,45,81,40,270.0,10800.0,Imperial Securities Company Pvt. Ltd.,Aakashbhairab Securities Ltd.,2026-04-29 11:06:43.912697
2026042905000243,HIDCL,39,33,73,268.0,19564.0,Sumeru Securities Pvt. Ltd.,Dakshinkali Investment & Securities Pvt. Ltd.,2026-04-29 11:07:54.774944
2026042905000278,HIDCL,56,81,10,270.0,2700.0,Sri Hari Securities Pvt. Ltd.,Aakashbhairab Securities Ltd.,2026-04-29 11:08:54.935555
2026042905000456,HIDCL,58,38,10,269.5,2695.0,Naasa Securities Co. Ltd.,Dipshikha Dhitopatra Karobar Co. Pvt Ltd.,2026-04-29 11:12:46.882582
2026042905000458,HIDCL,39,5,30,268.0,8040.0,Sumeru Securities Pvt. Ltd.,Market Securities & Exchange (PVT) Ltd.,2026-04-29 11:12:47.879954
2026042905000504,HIDCL,39,40,897,268.0,240396.0,Sumeru Securities Pvt. Ltd.,Creative Securities Pvt Ltd,2026-04-29 11:13:35.424559
2026042905000505,HIDCL,52,40,103,268.0,27604.0,Sundhara Securities Limited,Creative Securities Pvt Ltd,2026-04-29 11:13:35.424691
2026042905000506,HIDCL,52,81,50,268.0,13400.0,Sundhara Securities Limited,Aakashbhairab Securities Ltd.,2026-04-29 11:13:35.729164
2026042905000569,HIDCL,53,34,10,267.0,2670.0,Investment Management Nepal Pvt. Ltd.,Vision Securities Pvt. Ltd,2026-04-29 11:14:58.497211
2026042905000953,HIDCL,39,57,100,268.0,26800.0,Sumeru Securities Pvt. Ltd.,Aryatara Investment & Securities,2026-04-29 11:21:21.184993
2026042905000954,HIDCL,92,57,100,268.0,26800.0,Roadshow securities limited,Aryatara Investment & Securities,2026-04-29 11:21:21.185234
2026042905000978,HIDCL,92,17,200,268.0,53600.0,Roadshow securities limited,ABC Securities Private Limited,2026-04-29 11:21:58.839681
2026042905001028,HIDCL,92,81,100,268.0,26800.0,Roadshow securities limited,Aakashbhairab Securities Ltd.,2026-04-29 11:23:01.428411
2026042905001171,HIDCL,57,19,15,267.3,4009.5,Aryatara Investment & Securities,Nepal Investment And Securities Trading Private Limited,2026-04-29 11:25:24.699489
2026042905001210,HIDCL,57,58,15,267.3,4009.5,Aryatara Investment & Securities,Naasa Securities Co. Ltd.,2026-04-29 11:26:27.685116
2026042905001211,HIDCL,45,58,14,267.2,3740.8,Imperial Securities Company Pvt. Ltd.,Naasa Securities Co. Ltd.,2026-04-29 11:26:27.685279
2026042905001443,HIDCL,29,58,15,267.2,4008.0,Trisul Securities & Invt. Ltd.,Naasa Securities Co. Ltd.,2026-04-29 11:29:47.541234
2026042905001482,HIDCL,29,14,250,267.2,66800.0,Trisul Securities & Invt. Ltd.,Nepal Stock House (PVT) Ltd.,2026-04-29 11:30:24.107035
2026042905001524,HIDCL,36,14,100,267.2,26720.0,Secured Securities Ltd.,Nepal Stock House (PVT) Ltd.,2026-04-29 11:31:17.485959
2026042905001548,HIDCL,47,14,100,267.2,26720.0,Neev Securities Pvt. Ltd.,Nepal Stock House (PVT) Ltd.,2026-04-29 11:31:47.483675
2026042905001551,HIDCL,59,14,100,267.2,26720.0,Deevyaa Securities & Stock House Pvt. Ltd,Nepal Stock House (PVT) Ltd.,2026-04-29 11:31:53.461610
2026042905001604,HIDCL,39,14,450,267.2,120240.0,Sumeru Securities Pvt. Ltd.,Nepal Stock House (PVT) Ltd.,2026-04-29 11:32:48.907067
2026042905001784,HIDCL,39,4,141,268.5,37858.5,Sumeru Securities Pvt. Ltd.,Opal Securities Investment (PVT) Ltd.,2026-04-29 11:34:38.731167
2026042905001785,HIDCL,39,4,141,268.5,37858.5,Sumeru Securities Pvt. Ltd.,Opal Securities Investment (PVT) Ltd.,2026-04-29 11:34:38.731292
2026042905001818,HIDCL,34,34,1,265.1,265.1,Vision Securities Pvt. Ltd,Vision Securities Pvt. Ltd,2026-04-29 11:35:09.878224
2026042905001832,HIDCL,35,39,300,268.0,80400.0,Kohinoor Investment & Securities Pvt. Ltd.,Sumeru Securities Pvt. Ltd.,2026-04-29 11:35:27.113722
2026042905001842,HIDCL,39,58,233,269.0,62677.0,Sumeru Securities Pvt. Ltd.,Naasa Securities Co. Ltd.,2026-04-29 11:35:33.474259
2026042905001843,HIDCL,39,42,183,269.0,49227.0,Sumeru Securities Pvt. Ltd.,Sani Securities Company Ltd.,2026-04-29 11:35:33.474566
2026042905001844,HIDCL,39,17,50,269.0,13450.0,Sumeru Securities Pvt. Ltd.,ABC Securities Private Limited,2026-04-29 11:35:33.474747
2026042905002049,HIDCL,35,28,29,268.0,7772.0,Kohinoor Investment & Securities Pvt. Ltd.,Shree Krishna Securities Ltd.,2026-04-29 11:39:21.218567
2026042905002243,HIDCL,58,44,1,268.0,268.0,Naasa Securities Co. Ltd.,Dynamic Money Managers Securities Pvt. Ltd.,2026-04-29 11:42:51.738493
2026042905002246,HIDCL,35,101,1671,268.0,447828.0,Kohinoor Investment & Securities Pvt. Ltd.,APPLE SECURITIES PRIVATE LIMITED,2026-04-29 11:42:58.294542
2026042905002247,HIDCL,11,101,93,268.0,24924.0,Malla & Malla Stock Broking Company Pvt. Limited,APPLE SECURITIES PRIVATE LIMITED,2026-04-29 11:42:58.294838
2026042905002318,HIDCL,58,101,10,268.0,2680.0,Naasa Securities Co. Ltd.,APPLE SECURITIES PRIVATE LIMITED,2026-04-29 11:44:17.919008
2026042905002383,HIDCL,58,101,10,268.0,2680.0,Naasa Securities Co. Ltd.,APPLE SECURITIES PRIVATE LIMITED,2026-04-29 11:45:49.146660
2026042905002401,HIDCL,41,34,142,267.1,37928.2,Linch Stock Market Ltd.,Vision Securities Pvt. Ltd,2026-04-29 11:46:04.796359
2026042905002582,HIDCL,49,51,10,267.2,2672.0,Online Securities Pvt. Ltd.,Oxford Securities Pvt. Ltd.,2026-04-29 11:49:27.093649
2026042905002631,HIDCL,49,67,540,267.2,144288.0,Online Securities Pvt. Ltd.,Property Wiard Limited,2026-04-29 11:50:10.218400
2026042905002674,HIDCL,43,45,100,267.2,26720.0,South Asian Bulls Pvt. Ltd.,Imperial Securities Company Pvt. Ltd.,2026-04-29 11:50:51.152196
2026042905002703,HIDCL,43,49,76,267.2,20307.2,South Asian Bulls Pvt. Ltd.,Online Securities Pvt. Ltd.,2026-04-29 11:51:20.442435
2026042905002704,HIDCL,6,49,100,267.2,26720.0,Agrawal Securities (PVT) Ltd.,Online Securities Pvt. Ltd.,2026-04-29 11:51:20.442636
2026042905002705,HIDCL,41,49,824,267.1,220090.4,Linch Stock Market Ltd.,Online Securities Pvt. Ltd.,2026-04-29 11:51:20.442707
2026042905002776,HIDCL,41,34,1284,267.1,342956.4,Linch Stock Market Ltd.,Vision Securities Pvt. Ltd,2026-04-29 11:51:59.438124
2026042905002795,HIDCL,53,45,30,267.0,8010.0,Investment Management Nepal Pvt. Ltd.,Imperial Securities Company Pvt. Ltd.,2026-04-29 11:52:28.989046
2026042905002796,HIDCL,39,45,100,267.0,26700.0,Sumeru Securities Pvt. Ltd.,Imperial Securities Company Pvt. Ltd.,2026-04-29 11:52:28.989233
2026042905002797,HIDCL,39,45,275,267.0,73425.0,Sumeru Securities Pvt. Ltd.,Imperial Securities Company Pvt. Ltd.,2026-04-29 11:52:28.989303
2026042905002820,HIDCL,49,101,910,268.0,243880.0,Online Securities Pvt. Ltd.,APPLE SECURITIES PRIVATE LIMITED,2026-04-29 11:52:56.397395
2026042905002822,HIDCL,39,54,225,267.0,60075.0,Sumeru Securities Pvt. Ltd.,Sewa Securities Pvt. Ltd.,2026-04-29 11:52:58.531874
2026042905002823,HIDCL,42,54,200,267.0,53400.0,Sani Securities Company Ltd.,Sewa Securities Pvt. Ltd.,2026-04-29 11:52:58.531971
2026042905002824,HIDCL,35,54,500,267.0,133500.0,Kohinoor Investment & Securities Pvt. Ltd.,Sewa Securities Pvt. Ltd.,2026-04-29 11:52:58.532005
2026042905002825,HIDCL,16,54,75,267.0,20025.0,Primo Securities (PVT) Ltd.,Sewa Securities Pvt. Ltd.,2026-04-29 11:52:58.532035
2026042905003007,HIDCL,58,101,80,268.0,21440.0,Naasa Securities Co. Ltd.,APPLE SECURITIES PRIVATE LIMITED,2026-04-29 11:55:32.662253
2026042905003008,HIDCL,16,14,25,267.0,6675.0,Primo Securities (PVT) Ltd.,Nepal Stock House (PVT) Ltd.,2026-04-29 11:55:32.943951
2026042905003009,HIDCL,56,14,100,266.5,26650.0,Sri Hari Securities Pvt. Ltd.,Nepal Stock House (PVT) Ltd.,2026-04-29 11:55:32.944117
2026042905003010,HIDCL,56,14,50,266.2,13310.0,Sri Hari Securities Pvt. Ltd.,Nepal Stock House (PVT) Ltd.,2026-04-29 11:55:32.944194
2026042905003011,HIDCL,58,14,45,266.1,11974.5,Naasa Securities Co. Ltd.,Nepal Stock House (PVT) Ltd.,2026-04-29 11:55:32.944277
2026042905003012,HIDCL,14,14,100,266.0,26600.0,Nepal Stock House (PVT) Ltd.,Nepal Stock House (PVT) Ltd.,2026-04-29 11:55:32.944357
2026042905003013,HIDCL,13,14,800,266.0,212800.0,Thrive Brokerage House Pvt. Ltd,Nepal Stock House (PVT) Ltd.,2026-04-29 11:55:32.944425
2026042905003014,HIDCL,17,14,500,266.0,133000.0,ABC Securities Private Limited,Nepal Stock House (PVT) Ltd.,2026-04-29 11:55:32.944494
2026042905003015,HIDCL,39,14,1000,266.0,266000.0,Sumeru Securities Pvt. Ltd.,Nepal Stock House (PVT) Ltd.,2026-04-29 11:55:32.944559
2026042905003016,HIDCL,51,14,57,266.0,15162.0,Oxford Securities Pvt. Ltd.,Nepal Stock House (PVT) Ltd.,2026-04-29 11:55:32.944625
2026042905003017,HIDCL,58,14,15,266.0,3990.0,Naasa Securities Co. Ltd.,Nepal Stock House (PVT) Ltd.,2026-04-29 11:55:32.944690
2026042905003018,HIDCL,58,14,10,266.0,2660.0,Naasa Securities Co. Ltd.,Nepal Stock House (PVT) Ltd.,2026-04-29 11:55:32.944755
2026042905003019,HIDCL,17,14,224,266.0,59584.0,ABC Securities Private Limited,Nepal Stock House (PVT) Ltd.,2026-04-29 11:55:32.944818
2026042905003020,HIDCL,25,14,74,266.0,19684.0,Sweta Securities Private Limited,Nepal Stock House (PVT) Ltd.,2026-04-29 11:55:32.944881
2026042905003131,HIDCL,1,50,4,260.0,1040.0,Kumari Securities Private Limited,Cristal Kanchanjanga Securites Pvt. Ltd.,2026-04-29 11:56:53.680234
2026042905003165,HIDCL,34,50,200,266.0,53200.0,Vision Securities Pvt. Ltd,Cristal Kanchanjanga Securites Pvt. Ltd.,2026-04-29 11:57:14.842294
2026042905003207,HIDCL,45,14,50,265.5,13275.0,Imperial Securities Company Pvt. Ltd.,Nepal Stock House (PVT) Ltd.,2026-04-29 11:57:34.310265
2026042905003304,HIDCL,52,58,15,265.5,3982.5,Sundhara Securities Limited,Naasa Securities Co. Ltd.,2026-04-29 11:59:01.087793
2026042905003305,HIDCL,52,50,15,266.0,3990.0,Sundhara Securities Limited,Cristal Kanchanjanga Securites Pvt. Ltd.,2026-04-29 11:59:01.087997
2026042905003401,HIDCL,38,50,100,266.0,26600.0,Dipshikha Dhitopatra Karobar Co. Pvt Ltd.,Cristal Kanchanjanga Securites Pvt. Ltd.,2026-04-29 12:00:25.809869
2026042905003431,HIDCL,35,50,685,266.0,182210.0,Kohinoor Investment & Securities Pvt. Ltd.,Cristal Kanchanjanga Securites Pvt. Ltd.,2026-04-29 12:00:58.954270
2026042905003443,HIDCL,35,14,300,266.0,79800.0,Kohinoor Investment & Securities Pvt. Ltd.,Nepal Stock House (PVT) Ltd.,2026-04-29 12:01:20.121383
2026042905003766,HIDCL,48,75,48,266.1,12772.8,Trishakti Securities Public Limited,N.I.M.B. Stock Markets Limited,2026-04-29 12:07:20.303707
2026042905003767,HIDCL,35,75,15,266.0,3990.0,Kohinoor Investment & Securities Pvt. Ltd.,N.I.M.B. Stock Markets Limited,2026-04-29 12:07:20.303945
2026042905003768,HIDCL,6,75,50,266.0,13300.0,Agrawal Securities (PVT) Ltd.,N.I.M.B. Stock Markets Limited,2026-04-29 12:07:20.304055
2026042905003769,HIDCL,42,75,485,266.0,129010.0,Sani Securities Company Ltd.,N.I.M.B. Stock Markets Limited,2026-04-29 12:07:20.304137
2026042905003770,HIDCL,42,75,500,266.0,133000.0,Sani Securities Company Ltd.,N.I.M.B. Stock Markets Limited,2026-04-29 12:07:20.304216
2026042905003771,HIDCL,42,75,500,266.0,133000.0,Sani Securities Company Ltd.,N.I.M.B. Stock Markets Limited,2026-04-29 12:07:20.304293
2026042905003772,HIDCL,58,75,250,265.6,66400.0,Naasa Securities Co. Ltd.,N.I.M.B. Stock Markets Limited,2026-04-29 12:07:20.304379
2026042905003773,HIDCL,49,75,200,265.6,53120.0,Online Securities Pvt. Ltd.,N.I.M.B. Stock Markets Limited,2026-04-29 12:07:20.304459
2026042905003774,HIDCL,101,75,1497,265.5,397453.5,APPLE SECURITIES PRIVATE LIMITED,N.I.M.B. Stock Markets Limited,2026-04-29 12:07:20.304538
2026042905003834,HIDCL,22,36,100,265.6,26560.0,Siprabi Securities Pvt. Ltd.,Secured Securities Ltd.,2026-04-29 12:08:34.378386
2026042905003835,HIDCL,101,36,50,265.5,13275.0,APPLE SECURITIES PRIVATE LIMITED,Secured Securities Ltd.,2026-04-29 12:08:34.378777
2026042905003919,HIDCL,101,58,66,265.5,17523.0,APPLE SECURITIES PRIVATE LIMITED,Naasa Securities Co. Ltd.,2026-04-29 12:10:28.461513
2026042905003921,HIDCL,33,70,1000,266.0,266000.0,Dakshinkali Investment & Securities Pvt. Ltd.,Infinity Securities Limited,2026-04-29 12:10:30.741869
2026042905004121,HIDCL,58,45,1,265.0,265.0,Naasa Securities Co. Ltd.,Imperial Securities Company Pvt. Ltd.,2026-04-29 12:14:26.583701
2026042905004126,HIDCL,89,37,10,267.0,2670.0,Global IME Securities Limited,Swarna Laxmi Securities Pvt. Ltd.,2026-04-29 12:14:36.721624
2026042905004199,HIDCL,36,37,990,267.0,264330.0,Secured Securities Ltd.,Swarna Laxmi Securities Pvt. Ltd.,2026-04-29 12:16:14.946927
2026042905004776,HIDCL,42,57,50,267.0,13350.0,Sani Securities Company Ltd.,Aryatara Investment & Securities,2026-04-29 12:27:11.193308
2026042905004793,HIDCL,40,42,10,266.3,2663.0,Creative Securities Pvt Ltd,Sani Securities Company Ltd.,2026-04-29 12:27:28.593212
2026042905004829,HIDCL,34,45,1,267.0,267.0,Vision Securities Pvt. Ltd,Imperial Securities Company Pvt. Ltd.,2026-04-29 12:28:02.808302
2026042905004870,HIDCL,58,57,70,267.0,18690.0,Naasa Securities Co. Ltd.,Aryatara Investment & Securities,2026-04-29 12:28:56.064956
2026042905004891,HIDCL,58,58,1,260.0,260.0,Naasa Securities Co. Ltd.,Naasa Securities Co. Ltd.,2026-04-29 12:29:12.924918
2026042905004956,HIDCL,101,57,80,267.0,21360.0,APPLE SECURITIES PRIVATE LIMITED,Aryatara Investment & Securities,2026-04-29 12:31:03.518902
2026042905004957,HIDCL,101,65,1000,267.5,267500.0,APPLE SECURITIES PRIVATE LIMITED,Sharepro Securities Private Limited,2026-04-29 12:31:03.519365
2026042905004958,HIDCL,101,101,920,268.0,246560.0,APPLE SECURITIES PRIVATE LIMITED,APPLE SECURITIES PRIVATE LIMITED,2026-04-29 12:31:03.519649
2026042905004996,HIDCL,42,4,45,266.4,11988.0,Sani Securities Company Ltd.,Opal Securities Investment (PVT) Ltd.,2026-04-29 12:32:12.811677
2026042905005042,HIDCL,21,39,100,267.0,26700.0,Midas Stock Broking Company Private Limited,Sumeru Securities Pvt. Ltd.,2026-04-29 12:34:00.022147
2026042905005103,HIDCL,29,49,48,267.0,12816.0,Trisul Securities & Invt. Ltd.,Online Securities Pvt. Ltd.,2026-04-29 12:35:29.859162
2026042905005116,HIDCL,45,16,72,266.4,19180.8,Imperial Securities Company Pvt. Ltd.,Primo Securities (PVT) Ltd.,2026-04-29 12:36:03.113124
2026042905005117,HIDCL,40,16,128,266.3,34086.4,Creative Securities Pvt Ltd,Primo Securities (PVT) Ltd.,2026-04-29 12:36:03.113233
2026042905005148,HIDCL,58,49,10,267.0,2670.0,Naasa Securities Co. Ltd.,Online Securities Pvt. Ltd.,2026-04-29 12:36:55.777645
2026042905005355,HIDCL,21,49,12,267.0,3204.0,Midas Stock Broking Company Private Limited,Online Securities Pvt. Ltd.,2026-04-29 12:40:16.195972
2026042905005384,HIDCL,25,6,3,268.0,804.0,Sweta Securities Private Limited,Agrawal Securities (PVT) Ltd.,2026-04-29 12:40:59.690855
2026042905005439,HIDCL,40,26,62,266.3,16510.6,Creative Securities Pvt Ltd,Asian Securities Private Ltd.,2026-04-29 12:42:20.436870
2026042905005440,HIDCL,42,26,15,266.1,3991.5,Sani Securities Company Ltd.,Asian Securities Private Ltd.,2026-04-29 12:42:20.436981
2026042905005441,HIDCL,58,26,150,266.0,39900.0,Naasa Securities Co. Ltd.,Asian Securities Private Ltd.,2026-04-29 12:42:20.437076
2026042905005442,HIDCL,44,26,773,266.0,205618.0,Dynamic Money Managers Securities Pvt. Ltd.,Asian Securities Private Ltd.,2026-04-29 12:42:20.437150
2026042905005594,HIDCL,21,5,200,267.0,53400.0,Midas Stock Broking Company Private Limited,Market Securities & Exchange (PVT) Ltd.,2026-04-29 12:45:29.107441
2026042905005595,HIDCL,21,13,159,267.0,42453.0,Midas Stock Broking Company Private Limited,Thrive Brokerage House Pvt. Ltd,2026-04-29 12:45:29.107721
2026042905005596,HIDCL,21,101,141,268.0,37788.0,Midas Stock Broking Company Private Limited,APPLE SECURITIES PRIVATE LIMITED,2026-04-29 12:45:29.107839
2026042905005622,HIDCL,44,58,180,266.0,47880.0,Dynamic Money Managers Securities Pvt. Ltd.,Naasa Securities Co. Ltd.,2026-04-29 12:46:04.424939
2026042905005708,HIDCL,58,51,1,265.0,265.0,Naasa Securities Co. Ltd.,Oxford Securities Pvt. Ltd.,2026-04-29 12:48:54.289070
2026042905005841,HIDCL,13,101,165,268.0,44220.0,Thrive Brokerage House Pvt. Ltd,APPLE SECURITIES PRIVATE LIMITED,2026-04-29 12:50:55.776029
2026042905005842,HIDCL,13,22,27,268.0,7236.0,Thrive Brokerage House Pvt. Ltd,Siprabi Securities Pvt. Ltd.,2026-04-29 12:50:55.776561
2026042905005843,HIDCL,13,53,158,268.7,42454.6,Thrive Brokerage House Pvt. Ltd,Investment Management Nepal Pvt. Ltd.,2026-04-29 12:50:55.776883
2026042905006230,HIDCL,36,71,50,268.8,13440.0,Secured Securities Ltd.,SHUBHAKAMANA SECURITIES PVT. LTD,2026-04-29 12:59:36.499972
2026042905006506,HIDCL,57,42,50,268.0,13400.0,Aryatara Investment & Securities,Sani Securities Company Ltd.,2026-04-29 13:04:56.686651
2026042905006562,HIDCL,57,34,68,268.0,18224.0,Aryatara Investment & Securities,Vision Securities Pvt. Ltd,2026-04-29 13:05:59.261622
2026042905006750,HIDCL,45,34,10,268.2,2682.0,Imperial Securities Company Pvt. Ltd.,Vision Securities Pvt. Ltd,2026-04-29 13:09:33.134716
2026042905006755,HIDCL,58,71,10,268.8,2688.0,Naasa Securities Co. Ltd.,SHUBHAKAMANA SECURITIES PVT. LTD,2026-04-29 13:09:43.389083
2026042905006768,HIDCL,45,34,36,268.2,9655.2,Imperial Securities Company Pvt. Ltd.,Vision Securities Pvt. Ltd,2026-04-29 13:10:14.216842
2026042905006779,HIDCL,58,34,30,268.2,8046.0,Naasa Securities Co. Ltd.,Vision Securities Pvt. Ltd,2026-04-29 13:10:30.614910
2026042905007040,HIDCL,22,16,11,266.5,2931.5,Siprabi Securities Pvt. Ltd.,Primo Securities (PVT) Ltd.,2026-04-29 13:16:36.652157
2026042905007094,HIDCL,14,50,10,268.0,2680.0,Nepal Stock House (PVT) Ltd.,Cristal Kanchanjanga Securites Pvt. Ltd.,2026-04-29 13:17:39.775891
2026042905007185,HIDCL,39,50,36,268.0,9648.0,Sumeru Securities Pvt. Ltd.,Cristal Kanchanjanga Securites Pvt. Ltd.,2026-04-29 13:19:18.536599
2026042905007186,HIDCL,39,13,100,268.0,26800.0,Sumeru Securities Pvt. Ltd.,Thrive Brokerage House Pvt. Ltd,2026-04-29 13:19:18.536940
2026042905007235,HIDCL,38,42,18,268.0,4824.0,Dipshikha Dhitopatra Karobar Co. Pvt Ltd.,Sani Securities Company Ltd.,2026-04-29 13:20:53.606025
2026042905007282,HIDCL,38,34,20,268.5,5370.0,Dipshikha Dhitopatra Karobar Co. Pvt Ltd.,Vision Securities Pvt. Ltd,2026-04-29 13:21:59.095086
2026042905007292,HIDCL,45,3,10,267.0,2670.0,Imperial Securities Company Pvt. Ltd.,Arun Securities (PVT) Ltd.,2026-04-29 13:22:20.545080
2026042905007441,HIDCL,14,3,70,266.8,18676.0,Nepal Stock House (PVT) Ltd.,Arun Securities (PVT) Ltd.,2026-04-29 13:25:25.846686
2026042905007614,HIDCL,51,3,244,266.8,65099.2,Oxford Securities Pvt. Ltd.,Arun Securities (PVT) Ltd.,2026-04-29 13:29:09.967680
2026042905007615,HIDCL,51,14,506,266.8,135000.8,Oxford Securities Pvt. Ltd.,Nepal Stock House (PVT) Ltd.,2026-04-29 13:29:09.968004
2026042905007641,HIDCL,38,45,30,266.6,7998.0,Dipshikha Dhitopatra Karobar Co. Pvt Ltd.,Imperial Securities Company Pvt. Ltd.,2026-04-29 13:29:25.964169
2026042905007642,HIDCL,49,45,27,266.5,7195.5,Online Securities Pvt. Ltd.,Imperial Securities Company Pvt. Ltd.,2026-04-29 13:29:25.964504
2026042905007643,HIDCL,14,45,50,266.3,13315.0,Nepal Stock House (PVT) Ltd.,Imperial Securities Company Pvt. Ltd.,2026-04-29 13:29:25.964634
2026042905007644,HIDCL,32,45,583,266.3,155252.9,Premier Securities Company Ltd.,Imperial Securities Company Pvt. Ltd.,2026-04-29 13:29:25.964758
2026042905007886,HIDCL,25,6,50,266.7,13335.0,Sweta Securities Private Limited,Agrawal Securities (PVT) Ltd.,2026-04-29 13:35:29.032537
2026042905007940,HIDCL,32,34,217,266.3,57787.1,Premier Securities Company Ltd.,Vision Securities Pvt. Ltd,2026-04-29 13:36:56.032595
2026042905007997,HIDCL,58,34,100,266.5,26650.0,Naasa Securities Co. Ltd.,Vision Securities Pvt. Ltd,2026-04-29 13:38:40.958443
2026042905007998,HIDCL,45,34,10,266.3,2663.0,Imperial Securities Company Pvt. Ltd.,Vision Securities Pvt. Ltd,2026-04-29 13:38:40.959021
2026042905007999,HIDCL,78,34,890,266.2,236918.0,Garima Securities Limited,Vision Securities Pvt. Ltd,2026-04-29 13:38:40.959401
2026042905008019,HIDCL,92,6,120,266.7,32004.0,Roadshow securities limited,Agrawal Securities (PVT) Ltd.,2026-04-29 13:39:18.331968
2026042905008113,HIDCL,78,59,54,266.2,14374.8,Garima Securities Limited,Deevyaa Securities & Stock House Pvt. Ltd,2026-04-29 13:41:54.872376
2026042905008167,HIDCL,42,6,200,266.7,53340.0,Sani Securities Company Ltd.,Agrawal Securities (PVT) Ltd.,2026-04-29 13:42:53.462049
2026042905008174,HIDCL,49,6,72,266.7,19202.4,Online Securities Pvt. Ltd.,Agrawal Securities (PVT) Ltd.,2026-04-29 13:43:05.143197
2026042905008191,HIDCL,92,6,380,266.7,101346.0,Roadshow securities limited,Agrawal Securities (PVT) Ltd.,2026-04-29 13:43:38.501253
2026042905008256,HIDCL,45,6,22,266.7,5867.4,Imperial Securities Company Pvt. Ltd.,Agrawal Securities (PVT) Ltd.,2026-04-29 13:45:12.301797
2026042905008279,HIDCL,45,6,456,266.7,121615.2,Imperial Securities Company Pvt. Ltd.,Agrawal Securities (PVT) Ltd.,2026-04-29 13:45:56.502569
2026042905008280,HIDCL,45,46,544,266.7,145084.8,Imperial Securities Company Pvt. Ltd.,Kalika Securities Pvt. Ltd.,2026-04-29 13:45:56.502850
2026042905008485,HIDCL,49,46,11,266.7,2933.7,Online Securities Pvt. Ltd.,Kalika Securities Pvt. Ltd.,2026-04-29 13:49:59.029937
2026042905008526,HIDCL,42,46,445,266.7,118681.5,Sani Securities Company Ltd.,Kalika Securities Pvt. Ltd.,2026-04-29 13:51:01.594764
2026042905008527,HIDCL,42,14,555,266.8,148074.0,Sani Securities Company Ltd.,Nepal Stock House (PVT) Ltd.,2026-04-29 13:51:01.595145
2026042905008528,HIDCL,58,14,10,266.8,2668.0,Naasa Securities Co. Ltd.,Nepal Stock House (PVT) Ltd.,2026-04-29 13:51:02.824932
2026042905008580,HIDCL,42,14,233,266.8,62164.4,Sani Securities Company Ltd.,Nepal Stock House (PVT) Ltd.,2026-04-29 13:52:07.631175
2026042905008634,HIDCL,91,14,2221,266.8,592562.8,Citizens Share Broker Limited,Nepal Stock House (PVT) Ltd.,2026-04-29 13:53:08.981944
2026042905008697,HIDCL,91,17,142,267.0,37914.0,Citizens Share Broker Limited,ABC Securities Private Limited,2026-04-29 13:54:13.751013
2026042905008802,HIDCL,38,56,101,267.1,26977.1,Dipshikha Dhitopatra Karobar Co. Pvt Ltd.,Sri Hari Securities Pvt. Ltd.,2026-04-29 13:56:40.719166
2026042905008899,HIDCL,38,49,170,267.1,45407.0,Dipshikha Dhitopatra Karobar Co. Pvt Ltd.,Online Securities Pvt. Ltd.,2026-04-29 13:59:00.050730
2026042905008955,HIDCL,38,28,73,267.1,19498.3,Dipshikha Dhitopatra Karobar Co. Pvt Ltd.,Shree Krishna Securities Ltd.,2026-04-29 14:00:24.161624
2026042905009214,HIDCL,40,34,100,267.8,26780.0,Creative Securities Pvt Ltd,Vision Securities Pvt. Ltd,2026-04-29 14:07:18.327972
2026042905009215,HIDCL,38,34,400,267.5,107000.0,Dipshikha Dhitopatra Karobar Co. Pvt Ltd.,Vision Securities Pvt. Ltd,2026-04-29 14:07:18.328655
2026042905009405,HIDCL,38,64,256,267.5,68480.0,Dipshikha Dhitopatra Karobar Co. Pvt Ltd.,SUN SECURITIES PVT LTD,2026-04-29 14:11:48.324657
2026042905009421,HIDCL,17,22,15,267.2,4008.0,ABC Securities Private Limited,Siprabi Securities Pvt. Ltd.,2026-04-29 14:12:09.099494
2026042905009533,HIDCL,17,57,15,267.2,4008.0,ABC Securities Private Limited,Aryatara Investment & Securities,2026-04-29 14:13:40.885478
2026042905009534,HIDCL,7,57,50,267.2,13360.0,J.F. Securites (PVT) Ltd.,Aryatara Investment & Securities,2026-04-29 14:13:40.886071
2026042905009535,HIDCL,52,57,20,267.1,5342.0,Sundhara Securities Limited,Aryatara Investment & Securities,2026-04-29 14:13:40.886494
2026042905009536,HIDCL,91,57,320,267.0,85440.0,Citizens Share Broker Limited,Aryatara Investment & Securities,2026-04-29 14:13:40.886904
2026042905009564,HIDCL,91,6,150,267.0,40050.0,Citizens Share Broker Limited,Agrawal Securities (PVT) Ltd.,2026-04-29 14:14:10.253450
2026042905009664,HIDCL,91,71,167,267.0,44589.0,Citizens Share Broker Limited,SHUBHAKAMANA SECURITIES PVT. LTD,2026-04-29 14:15:14.801854
2026042905009665,HIDCL,4,71,600,267.0,160200.0,Opal Securities Investment (PVT) Ltd.,SHUBHAKAMANA SECURITIES PVT. LTD,2026-04-29 14:15:14.802171
2026042905009666,HIDCL,21,71,20,267.0,5340.0,Midas Stock Broking Company Private Limited,SHUBHAKAMANA SECURITIES PVT. LTD,2026-04-29 14:15:14.802305
2026042905009667,HIDCL,38,71,25,267.0,6675.0,Dipshikha Dhitopatra Karobar Co. Pvt Ltd.,SHUBHAKAMANA SECURITIES PVT. LTD,2026-04-29 14:15:14.802440
2026042905009741,HIDCL,17,71,88,267.0,23496.0,ABC Securities Private Limited,SHUBHAKAMANA SECURITIES PVT. LTD,2026-04-29 14:16:20.426948
2026042905009887,HIDCL,10,71,80,267.0,21360.0,Pragyan Securities (PVT) Ltd.,SHUBHAKAMANA SECURITIES PVT. LTD,2026-04-29 14:19:51.212327
2026042905009929,HIDCL,1,28,1,259.1,259.1,Kumari Securities Private Limited,Shree Krishna Securities Ltd.,2026-04-29 14:20:26.312246
2026042905009944,HIDCL,21,46,100,266.3,26630.0,Midas Stock Broking Company Private Limited,Kalika Securities Pvt. Ltd.,2026-04-29 14:21:05.607548
2026042905009945,HIDCL,40,46,900,266.1,239490.0,Creative Securities Pvt Ltd,Kalika Securities Pvt. Ltd.,2026-04-29 14:21:05.607937
2026042905010021,HIDCL,42,25,20,266.4,5328.0,Sani Securities Company Ltd.,Sweta Securities Private Limited,2026-04-29 14:21:58.029434
2026042905010037,HIDCL,40,46,100,266.1,26610.0,Creative Securities Pvt Ltd,Kalika Securities Pvt. Ltd.,2026-04-29 14:22:16.019923
2026042905010038,HIDCL,38,46,100,266.1,26610.0,Dipshikha Dhitopatra Karobar Co. Pvt Ltd.,Kalika Securities Pvt. Ltd.,2026-04-29 14:22:16.020606
2026042905010039,HIDCL,51,46,1875,266.1,498937.5,Oxford Securities Pvt. Ltd.,Kalika Securities Pvt. Ltd.,2026-04-29 14:22:16.021003
2026042905010040,HIDCL,42,46,100,266.1,26610.0,Sani Securities Company Ltd.,Kalika Securities Pvt. Ltd.,2026-04-29 14:22:16.021397
2026042905010041,HIDCL,46,46,100,266.1,26610.0,Kalika Securities Pvt. Ltd.,Kalika Securities Pvt. Ltd.,2026-04-29 14:22:16.021773
2026042905010042,HIDCL,44,46,47,266.0,12502.0,Dynamic Money Managers Securities Pvt. Ltd.,Kalika Securities Pvt. Ltd.,2026-04-29 14:22:16.022163
2026042905010043,HIDCL,77,46,13,266.0,3458.0,Nabil Stock Dealer Ltd.,Kalika Securities Pvt. Ltd.,2026-04-29 14:22:16.022570
2026042905010044,HIDCL,58,46,20,266.0,5320.0,Naasa Securities Co. Ltd.,Kalika Securities Pvt. Ltd.,2026-04-29 14:22:16.022939
2026042905010045,HIDCL,40,46,145,266.0,38570.0,Creative Securities Pvt Ltd,Kalika Securities Pvt. Ltd.,2026-04-29 14:22:16.023327
2026042905010166,HIDCL,40,46,50,266.0,13300.0,Creative Securities Pvt Ltd,Kalika Securities Pvt. Ltd.,2026-04-29 14:24:06.521928
2026042905010173,HIDCL,40,43,13,266.0,3458.0,Creative Securities Pvt Ltd,South Asian Bulls Pvt. Ltd.,2026-04-29 14:24:11.820784
2026042905010256,HIDCL,40,38,170,266.0,45220.0,Creative Securities Pvt Ltd,Dipshikha Dhitopatra Karobar Co. Pvt Ltd.,2026-04-29 14:24:51.090371
2026042905010385,HIDCL,58,42,55,266.1,14635.5,Naasa Securities Co. Ltd.,Sani Securities Company Ltd.,2026-04-29 14:26:54.077170
2026042905010523,HIDCL,40,51,622,266.0,165452.0,Creative Securities Pvt Ltd,Oxford Securities Pvt. Ltd.,2026-04-29 14:28:19.924577
2026042905010524,HIDCL,45,51,10,266.0,2660.0,Imperial Securities Company Pvt. Ltd.,Oxford Securities Pvt. Ltd.,2026-04-29 14:28:19.925246
2026042905010525,HIDCL,44,51,100,266.0,26600.0,Dynamic Money Managers Securities Pvt. Ltd.,Oxford Securities Pvt. Ltd.,2026-04-29 14:28:19.925663
2026042905010526,HIDCL,13,51,68,266.0,18088.0,Thrive Brokerage House Pvt. Ltd,Oxford Securities Pvt. Ltd.,2026-04-29 14:28:19.926069
2026042905010609,HIDCL,45,71,60,267.0,16020.0,Imperial Securities Company Pvt. Ltd.,SHUBHAKAMANA SECURITIES PVT. LTD,2026-04-29 14:28:40.775014
2026042905010610,HIDCL,45,52,40,267.0,10680.0,Imperial Securities Company Pvt. Ltd.,Sundhara Securities Limited,2026-04-29 14:28:40.775662
2026042905010648,HIDCL,13,51,132,266.0,35112.0,Thrive Brokerage House Pvt. Ltd,Oxford Securities Pvt. Ltd.,2026-04-29 14:28:55.700901
2026042905010649,HIDCL,7,51,1500,266.0,399000.0,J.F. Securites (PVT) Ltd.,Oxford Securities Pvt. Ltd.,2026-04-29 14:28:55.701199
2026042905010650,HIDCL,35,51,250,266.0,66500.0,Kohinoor Investment & Securities Pvt. Ltd.,Oxford Securities Pvt. Ltd.,2026-04-29 14:28:55.701350
2026042905010651,HIDCL,22,51,89,266.0,23674.0,Siprabi Securities Pvt. Ltd.,Oxford Securities Pvt. Ltd.,2026-04-29 14:28:55.701480
2026042905010652,HIDCL,21,51,1500,266.0,399000.0,Midas Stock Broking Company Private Limited,Oxford Securities Pvt. Ltd.,2026-04-29 14:28:55.701611
2026042905010653,HIDCL,45,51,500,266.0,133000.0,Imperial Securities Company Pvt. Ltd.,Oxford Securities Pvt. Ltd.,2026-04-29 14:28:55.701740
2026042905010654,HIDCL,14,51,100,266.0,26600.0,Nepal Stock House (PVT) Ltd.,Oxford Securities Pvt. Ltd.,2026-04-29 14:28:55.701873
2026042905010655,HIDCL,14,51,10,266.0,2660.0,Nepal Stock House (PVT) Ltd.,Oxford Securities Pvt. Ltd.,2026-04-29 14:28:55.702003
2026042905010656,HIDCL,39,51,100,266.0,26600.0,Sumeru Securities Pvt. Ltd.,Oxford Securities Pvt. Ltd.,2026-04-29 14:28:55.702151
2026042905010657,HIDCL,21,51,50,266.0,13300.0,Midas Stock Broking Company Private Limited,Oxford Securities Pvt. Ltd.,2026-04-29 14:28:55.702281
2026042905010658,HIDCL,42,51,564,266.0,150024.0,Sani Securities Company Ltd.,Oxford Securities Pvt. Ltd.,2026-04-29 14:28:55.702412
2026042905011021,HIDCL,42,59,136,266.0,36176.0,Sani Securities Company Ltd.,Deevyaa Securities & Stock House Pvt. Ltd,2026-04-29 14:32:17.636729
2026042905011022,HIDCL,71,59,20,266.0,5320.0,SHUBHAKAMANA SECURITIES PVT. LTD,Deevyaa Securities & Stock House Pvt. Ltd,2026-04-29 14:32:17.637059
2026042905011152,HIDCL,71,25,100,266.0,26600.0,SHUBHAKAMANA SECURITIES PVT. LTD,Sweta Securities Private Limited,2026-04-29 14:33:55.721119
2026042905011188,HIDCL,38,44,20,266.1,5322.0,Dipshikha Dhitopatra Karobar Co. Pvt Ltd.,Dynamic Money Managers Securities Pvt. Ltd.,2026-04-29 14:34:44.929961
2026042905011189,HIDCL,49,44,980,266.1,260778.0,Online Securities Pvt. Ltd.,Dynamic Money Managers Securities Pvt. Ltd.,2026-04-29 14:34:44.930284
2026042905011228,HIDCL,49,45,10,266.1,2661.0,Online Securities Pvt. Ltd.,Imperial Securities Company Pvt. Ltd.,2026-04-29 14:35:29.832362
2026042905011300,HIDCL,21,25,20,267.0,5340.0,Midas Stock Broking Company Private Limited,Sweta Securities Private Limited,2026-04-29 14:36:33.860779
2026042905011335,HIDCL,58,25,30,267.0,8010.0,Naasa Securities Co. Ltd.,Sweta Securities Private Limited,2026-04-29 14:37:04.013799
2026042905011336,HIDCL,58,96,10,267.0,2670.0,Naasa Securities Co. Ltd.,Himalayan Securities Limited,2026-04-29 14:37:04.014408
2026042905011393,HIDCL,58,6,70,267.4,18718.0,Naasa Securities Co. Ltd.,Agrawal Securities (PVT) Ltd.,2026-04-29 14:37:46.620721
2026042905011439,HIDCL,58,40,39,267.0,10413.0,Naasa Securities Co. Ltd.,Creative Securities Pvt Ltd,2026-04-29 14:38:09.885307
2026042905011549,HIDCL,49,58,10,266.1,2661.0,Online Securities Pvt. Ltd.,Naasa Securities Co. Ltd.,2026-04-29 14:39:18.456385
2026042905011664,HIDCL,49,41,190,266.1,50559.0,Online Securities Pvt. Ltd.,Linch Stock Market Ltd.,2026-04-29 14:40:41.272760
2026042905012008,HIDCL,42,40,50,266.3,13315.0,Sani Securities Company Ltd.,Creative Securities Pvt Ltd,2026-04-29 14:45:02.027541
2026042905012081,HIDCL,74,40,82,266.3,21836.6,KALASH STOCK MARKET PVT. LTD.,Creative Securities Pvt Ltd,2026-04-29 14:45:47.607804
2026042905012082,HIDCL,74,36,18,266.3,4793.4,KALASH STOCK MARKET PVT. LTD.,Secured Securities Ltd.,2026-04-29 14:45:47.608457
2026042905012083,HIDCL,58,36,25,266.3,6657.5,Naasa Securities Co. Ltd.,Secured Securities Ltd.,2026-04-29 14:45:49.514746
2026042905012113,HIDCL,90,36,343,266.2,91306.6,Sajilo Broker Limited,Secured Securities Ltd.,2026-04-29 14:46:11.698994
2026042905012183,HIDCL,74,6,80,266.3,21304.0,KALASH STOCK MARKET PVT. LTD.,Agrawal Securities (PVT) Ltd.,2026-04-29 14:47:07.079022
2026042905012222,HIDCL,74,57,20,266.3,5326.0,KALASH STOCK MARKET PVT. LTD.,Aryatara Investment & Securities,2026-04-29 14:47:17.328296
2026042905012223,HIDCL,90,57,57,266.2,15173.4,Sajilo Broker Limited,Aryatara Investment & Securities,2026-04-29 14:47:17.328347
2026042905012224,HIDCL,58,57,250,266.2,66550.0,Naasa Securities Co. Ltd.,Aryatara Investment & Securities,2026-04-29 14:47:17.328375
2026042905012225,HIDCL,49,57,173,266.1,46035.3,Online Securities Pvt. Ltd.,Aryatara Investment & Securities,2026-04-29 14:47:17.328399
2026042905012640,HIDCL,21,45,100,267.0,26700.0,Midas Stock Broking Company Private Limited,Imperial Securities Company Pvt. Ltd.,2026-04-29 14:50:46.076831
2026042905012641,HIDCL,21,25,50,267.0,13350.0,Midas Stock Broking Company Private Limited,Sweta Securities Private Limited,2026-04-29 14:50:46.077138
2026042905012862,HIDCL,8,64,50,267.5,13375.0,Brilliant Securities Pvt. Ltd.,SUN SECURITIES PVT LTD,2026-04-29 14:53:09.195278
2026042905013012,HIDCL,58,34,100,267.0,26700.0,Naasa Securities Co. Ltd.,Vision Securities Pvt. Ltd,2026-04-29 14:54:13.220572
2026042905013022,HIDCL,58,39,400,267.0,106800.0,Naasa Securities Co. Ltd.,Sumeru Securities Pvt. Ltd.,2026-04-29 14:54:22.844293
2026042905013294,HIDCL,58,43,200,267.0,53400.0,Naasa Securities Co. Ltd.,South Asian Bulls Pvt. Ltd.,2026-04-29 14:56:07.710335
2026042905013295,HIDCL,58,43,100,267.0,26700.0,Naasa Securities Co. Ltd.,South Asian Bulls Pvt. Ltd.,2026-04-29 14:56:07.710669
2026042905013296,HIDCL,42,43,700,267.0,186900.0,Sani Securities Company Ltd.,South Asian Bulls Pvt. Ltd.,2026-04-29 14:56:07.710804
2026042905013313,HIDCL,42,25,85,267.0,22695.0,Sani Securities Company Ltd.,Sweta Securities Private Limited,2026-04-29 14:56:19.016729
2026042905013336,HIDCL,42,42,215,267.0,57405.0,Sani Securities Company Ltd.,Sani Securities Company Ltd.,2026-04-29 14:56:32.731380
2026042905013337,HIDCL,45,42,285,267.0,76095.0,Imperial Securities Company Pvt. Ltd.,Sani Securities Company Ltd.,2026-04-29 14:56:32.731684
2026042905013442,HIDCL,45,34,500,267.0,133500.0,Imperial Securities Company Pvt. Ltd.,Vision Securities Pvt. Ltd,2026-04-29 14:57:08.369214
2026042905013486,HIDCL,45,47,46,267.0,12282.0,Imperial Securities Company Pvt. Ltd.,Neev Securities Pvt. Ltd.,2026-04-29 14:57:21.222949
2026042905013487,HIDCL,56,47,56,267.0,14952.0,Sri Hari Securities Pvt. Ltd.,Neev Securities Pvt. Ltd.,2026-04-29 14:57:21.223356
2026042905013669,HIDCL,56,14,203,267.0,54201.0,Sri Hari Securities Pvt. Ltd.,Nepal Stock House (PVT) Ltd.,2026-04-29 14:58:26.891239
2026042905014003,HIDCL,58,57,20,267.5,5350.0,Naasa Securities Co. Ltd.,Aryatara Investment & Securities,2026-04-29 14:59:26.911818
2026042905014027,HIDCL,54,57,27,267.5,7222.5,Sewa Securities Pvt. Ltd.,Aryatara Investment & Securities,2026-04-29 14:59:30.097804
2026042905014028,HIDCL,54,6,20,267.5,5350.0,Sewa Securities Pvt. Ltd.,Agrawal Securities (PVT) Ltd.,2026-04-29 14:59:30.098085
2026042905014056,HIDCL,54,57,153,267.5,40927.5,Sewa Securities Pvt. Ltd.,Aryatara Investment & Securities,2026-04-29 14:59:32.495103
2026042905014057,HIDCL,56,57,241,267.0,64347.0,Sri Hari Securities Pvt. Ltd.,Aryatara Investment & Securities,2026-04-29 14:59:32.495409
2026042905014058,HIDCL,42,57,300,267.0,80100.0,Sani Securities Company Ltd.,Aryatara Investment & Securities,2026-04-29 14:59:32.495614
2026042905014059,HIDCL,38,57,10,267.0,2670.0,Dipshikha Dhitopatra Karobar Co. Pvt Ltd.,Aryatara Investment & Securities,2026-04-29 14:59:32.495774
2026042905014060,HIDCL,17,57,61,267.0,16287.0,ABC Securities Private Limited,Aryatara Investment & Securities,2026-04-29 14:59:32.495952
2026042905014067,HIDCL,49,54,600,266.4,159840.0,Online Securities Pvt. Ltd.,Sewa Securities Pvt. Ltd.,2026-04-29 14:59:34.061977
2026042905014267,HIDCL,53,57,10,267.0,2670.0,Investment Management Nepal Pvt. Ltd.,Aryatara Investment & Securities,2026-04-29 14:59:57.514743
2026042905014301,HIDCL,62,57,10,267.0,2670.0,Capital Max Securities Ltd,Aryatara Investment & Securities,2026-04-29 14:59:59.621048
