contractId,stockSymbol,buyerMemberId,sellerMemberId,quantity,rate,amount,businessDate,tradeBookId,stockId,buyerBrokerName,sellerBrokerName,transaction_time,securityName
2026042904000059,JOSHI,43,58,49,280.1,13724.9,2026-04-29,188420661,2789,South Asian Bulls Pvt. Ltd.,Naasa Securities Co. Ltd.,2026-04-29 11:02:42.534466,Joshi Hydropower Development Company Ltd
2026042904000136,JOSHI,43,28,20,283.9,5678.0,2026-04-29,188424260,2789,South Asian Bulls Pvt. Ltd.,Shree Krishna Securities Ltd.,2026-04-29 11:05:37.426579,Joshi Hydropower Development Company Ltd
2026042904000153,JOSHI,58,28,50,283.9,14195.0,2026-04-29,188424604,2789,Naasa Securities Co. Ltd.,Shree Krishna Securities Ltd.,2026-04-29 11:05:57.101862,Joshi Hydropower Development Company Ltd
2026042904000173,JOSHI,14,28,155,283.9,44004.5,2026-04-29,188424937,2789,Nepal Stock House (PVT) Ltd.,Shree Krishna Securities Ltd.,2026-04-29 11:06:13.836465,Joshi Hydropower Development Company Ltd
2026042904000174,JOSHI,14,25,60,283.9,17034.0,2026-04-29,188424939,2789,Nepal Stock House (PVT) Ltd.,Sweta Securities Private Limited,2026-04-29 11:06:13.836614,Joshi Hydropower Development Company Ltd
2026042904000288,JOSHI,58,58,20,284.0,5680.0,2026-04-29,188428394,2789,Naasa Securities Co. Ltd.,Naasa Securities Co. Ltd.,2026-04-29 11:09:03.597171,Joshi Hydropower Development Company Ltd
2026042904000480,JOSHI,43,58,10,283.9,2839.0,2026-04-29,188434451,2789,South Asian Bulls Pvt. Ltd.,Naasa Securities Co. Ltd.,2026-04-29 11:13:13.639325,Joshi Hydropower Development Company Ltd
2026042904000503,JOSHI,4,45,200,283.0,56600.0,2026-04-29,188435905,2789,Opal Securities Investment (PVT) Ltd.,Imperial Securities Company Pvt. Ltd.,2026-04-29 11:14:12.323428,Joshi Hydropower Development Company Ltd
2026042904000514,JOSHI,14,45,50,281.2,14060.0,2026-04-29,188436494,2789,Nepal Stock House (PVT) Ltd.,Imperial Securities Company Pvt. Ltd.,2026-04-29 11:14:36.689252,Joshi Hydropower Development Company Ltd
2026042904000515,JOSHI,42,45,100,281.1,28110.0,2026-04-29,188436496,2789,Sani Securities Company Ltd.,Imperial Securities Company Pvt. Ltd.,2026-04-29 11:14:36.689426,Joshi Hydropower Development Company Ltd
2026042904000516,JOSHI,58,45,1000,281.0,281000.0,2026-04-29,188436498,2789,Naasa Securities Co. Ltd.,Imperial Securities Company Pvt. Ltd.,2026-04-29 11:14:36.689524,Joshi Hydropower Development Company Ltd
2026042904000517,JOSHI,51,45,500,281.0,140500.0,2026-04-29,188436499,2789,Oxford Securities Pvt. Ltd.,Imperial Securities Company Pvt. Ltd.,2026-04-29 11:14:36.689609,Joshi Hydropower Development Company Ltd
2026042904000573,JOSHI,43,45,50,280.5,14025.0,2026-04-29,188438464,2789,South Asian Bulls Pvt. Ltd.,Imperial Securities Company Pvt. Ltd.,2026-04-29 11:15:49.617073,Joshi Hydropower Development Company Ltd
2026042904000574,JOSHI,26,45,400,280.4,112160.0,2026-04-29,188438466,2789,Asian Securities Private Ltd.,Imperial Securities Company Pvt. Ltd.,2026-04-29 11:15:49.617157,Joshi Hydropower Development Company Ltd
2026042904000575,JOSHI,6,45,100,280.3,28030.0,2026-04-29,188438468,2789,Agrawal Securities (PVT) Ltd.,Imperial Securities Company Pvt. Ltd.,2026-04-29 11:15:49.617191,Joshi Hydropower Development Company Ltd
2026042904000576,JOSHI,41,45,1000,280.2,280200.0,2026-04-29,188438470,2789,Linch Stock Market Ltd.,Imperial Securities Company Pvt. Ltd.,2026-04-29 11:15:49.617224,Joshi Hydropower Development Company Ltd
2026042904000577,JOSHI,43,45,951,280.1,266375.1,2026-04-29,188438472,2789,South Asian Bulls Pvt. Ltd.,Imperial Securities Company Pvt. Ltd.,2026-04-29 11:15:49.617255,Joshi Hydropower Development Company Ltd
2026042904000578,JOSHI,4,45,499,280.1,139769.9,2026-04-29,188438473,2789,Opal Securities Investment (PVT) Ltd.,Imperial Securities Company Pvt. Ltd.,2026-04-29 11:15:49.617294,Joshi Hydropower Development Company Ltd
2026042904000606,JOSHI,41,58,10,283.9,2839.0,2026-04-29,188439000,2789,Linch Stock Market Ltd.,Naasa Securities Co. Ltd.,2026-04-29 11:16:06.756542,Joshi Hydropower Development Company Ltd
2026042904000607,JOSHI,41,66,10,283.9,2839.0,2026-04-29,188439003,2789,Linch Stock Market Ltd.,Miyo Securities Pvt Ltd,2026-04-29 11:16:06.756598,Joshi Hydropower Development Company Ltd
2026042904000612,JOSHI,58,45,300,280.0,84000.0,2026-04-29,188439602,2789,Naasa Securities Co. Ltd.,Imperial Securities Company Pvt. Ltd.,2026-04-29 11:16:27.664250,Joshi Hydropower Development Company Ltd
2026042904000613,JOSHI,21,45,12,280.0,3360.0,2026-04-29,188439604,2789,Midas Stock Broking Company Private Limited,Imperial Securities Company Pvt. Ltd.,2026-04-29 11:16:27.664401,Joshi Hydropower Development Company Ltd
2026042904000614,JOSHI,7,45,35,280.0,9800.0,2026-04-29,188439605,2789,J.F. Securites (PVT) Ltd.,Imperial Securities Company Pvt. Ltd.,2026-04-29 11:16:27.664501,Joshi Hydropower Development Company Ltd
2026042904000734,JOSHI,41,58,10,283.0,2830.0,2026-04-29,188444097,2789,Linch Stock Market Ltd.,Naasa Securities Co. Ltd.,2026-04-29 11:19:41.662709,Joshi Hydropower Development Company Ltd
2026042904000735,JOSHI,41,45,10,284.0,2840.0,2026-04-29,188444100,2789,Linch Stock Market Ltd.,Imperial Securities Company Pvt. Ltd.,2026-04-29 11:19:41.662801,Joshi Hydropower Development Company Ltd
2026042904001103,JOSHI,42,45,400,284.0,113600.0,2026-04-29,188454246,2789,Sani Securities Company Ltd.,Imperial Securities Company Pvt. Ltd.,2026-04-29 11:27:45.489899,Joshi Hydropower Development Company Ltd
2026042904001154,JOSHI,4,42,33,281.3,9282.9,2026-04-29,188455973,2789,Opal Securities Investment (PVT) Ltd.,Sani Securities Company Ltd.,2026-04-29 11:29:24.594064,Joshi Hydropower Development Company Ltd
2026042904001304,JOSHI,42,45,300,284.0,85200.0,2026-04-29,188460504,2789,Sani Securities Company Ltd.,Imperial Securities Company Pvt. Ltd.,2026-04-29 11:33:47.280681,Joshi Hydropower Development Company Ltd
2026042904001314,JOSHI,42,45,100,283.0,28300.0,2026-04-29,188460967,2789,Sani Securities Company Ltd.,Imperial Securities Company Pvt. Ltd.,2026-04-29 11:34:05.821252,Joshi Hydropower Development Company Ltd
2026042904002269,JOSHI,58,45,23,283.0,6509.0,2026-04-29,188477766,2789,Naasa Securities Co. Ltd.,Imperial Securities Company Pvt. Ltd.,2026-04-29 11:52:19.878035,Joshi Hydropower Development Company Ltd
2026042904002270,JOSHI,4,45,500,282.0,141000.0,2026-04-29,188477768,2789,Opal Securities Investment (PVT) Ltd.,Imperial Securities Company Pvt. Ltd.,2026-04-29 11:52:19.878258,Joshi Hydropower Development Company Ltd
2026042904002271,JOSHI,58,45,27,282.0,7614.0,2026-04-29,188477769,2789,Naasa Securities Co. Ltd.,Imperial Securities Company Pvt. Ltd.,2026-04-29 11:52:19.878402,Joshi Hydropower Development Company Ltd
2026042904002379,JOSHI,58,36,13,282.0,3666.0,2026-04-29,188479958,2789,Naasa Securities Co. Ltd.,Secured Securities Ltd.,2026-04-29 11:54:28.085870,Joshi Hydropower Development Company Ltd
2026042904002380,JOSHI,26,36,400,281.6,112640.0,2026-04-29,188479960,2789,Asian Securities Private Ltd.,Secured Securities Ltd.,2026-04-29 11:54:28.085973,Joshi Hydropower Development Company Ltd
2026042904002381,JOSHI,14,36,200,281.5,56300.0,2026-04-29,188479962,2789,Nepal Stock House (PVT) Ltd.,Secured Securities Ltd.,2026-04-29 11:54:28.086042,Joshi Hydropower Development Company Ltd
2026042904002382,JOSHI,3,36,150,281.5,42225.0,2026-04-29,188479964,2789,Arun Securities (PVT) Ltd.,Secured Securities Ltd.,2026-04-29 11:54:28.086084,Joshi Hydropower Development Company Ltd
2026042904002383,JOSHI,44,36,237,281.4,66691.8,2026-04-29,188479965,2789,Dynamic Money Managers Securities Pvt. Ltd.,Secured Securities Ltd.,2026-04-29 11:54:28.086124,Joshi Hydropower Development Company Ltd
2026042904002435,JOSHI,44,36,500,281.4,140700.0,2026-04-29,188480675,2789,Dynamic Money Managers Securities Pvt. Ltd.,Secured Securities Ltd.,2026-04-29 11:55:18.219672,Joshi Hydropower Development Company Ltd
2026042904002700,JOSHI,63,45,500,283.0,141500.0,2026-04-29,188484508,2789,Himalayan Brokerage Company Limited,Imperial Securities Company Pvt. Ltd.,2026-04-29 11:58:50.064909,Joshi Hydropower Development Company Ltd
2026042904002762,JOSHI,51,36,10,283.0,2830.0,2026-04-29,188485570,2789,Oxford Securities Pvt. Ltd.,Secured Securities Ltd.,2026-04-29 11:59:57.380008,Joshi Hydropower Development Company Ltd
2026042904002809,JOSHI,1,22,20,282.0,5640.0,2026-04-29,188486227,2789,Kumari Securities Private Limited,Siprabi Securities Pvt. Ltd.,2026-04-29 12:00:41.005247,Joshi Hydropower Development Company Ltd
2026042904003108,JOSHI,1,57,80,282.0,22560.0,2026-04-29,188493068,2789,Kumari Securities Private Limited,Aryatara Investment & Securities,2026-04-29 12:08:27.659810,Joshi Hydropower Development Company Ltd
2026042904003109,JOSHI,43,57,20,282.0,5640.0,2026-04-29,188493070,2789,South Asian Bulls Pvt. Ltd.,Aryatara Investment & Securities,2026-04-29 12:08:27.659924,Joshi Hydropower Development Company Ltd
2026042904003110,JOSHI,44,57,28,281.4,7879.2,2026-04-29,188493072,2789,Dynamic Money Managers Securities Pvt. Ltd.,Aryatara Investment & Securities,2026-04-29 12:08:27.659967,Joshi Hydropower Development Company Ltd
2026042904003111,JOSHI,42,57,22,281.3,6188.6,2026-04-29,188493074,2789,Sani Securities Company Ltd.,Aryatara Investment & Securities,2026-04-29 12:08:27.660011,Joshi Hydropower Development Company Ltd
2026042904003112,JOSHI,38,57,300,281.1,84330.0,2026-04-29,188493076,2789,Dipshikha Dhitopatra Karobar Co. Pvt Ltd.,Aryatara Investment & Securities,2026-04-29 12:08:27.660053,Joshi Hydropower Development Company Ltd
2026042904003113,JOSHI,43,57,50,281.1,14055.0,2026-04-29,188493077,2789,South Asian Bulls Pvt. Ltd.,Aryatara Investment & Securities,2026-04-29 12:08:27.660135,Joshi Hydropower Development Company Ltd
2026042904003149,JOSHI,43,57,50,281.1,14055.0,2026-04-29,188493547,2789,South Asian Bulls Pvt. Ltd.,Aryatara Investment & Securities,2026-04-29 12:09:04.414658,Joshi Hydropower Development Company Ltd
2026042904003295,JOSHI,43,62,10,281.1,2811.0,2026-04-29,188496462,2789,South Asian Bulls Pvt. Ltd.,Capital Max Securities Ltd,2026-04-29 12:12:30.045717,Joshi Hydropower Development Company Ltd
2026042904003296,JOSHI,38,62,20,281.0,5620.0,2026-04-29,188496464,2789,Dipshikha Dhitopatra Karobar Co. Pvt Ltd.,Capital Max Securities Ltd,2026-04-29 12:12:30.045859,Joshi Hydropower Development Company Ltd
2026042904003297,JOSHI,7,62,200,281.0,56200.0,2026-04-29,188496466,2789,J.F. Securites (PVT) Ltd.,Capital Max Securities Ltd,2026-04-29 12:12:30.045905,Joshi Hydropower Development Company Ltd
2026042904003298,JOSHI,16,62,50,281.0,14050.0,2026-04-29,188496468,2789,Primo Securities (PVT) Ltd.,Capital Max Securities Ltd,2026-04-29 12:12:30.045950,Joshi Hydropower Development Company Ltd
2026042904003299,JOSHI,58,62,10,281.0,2810.0,2026-04-29,188496470,2789,Naasa Securities Co. Ltd.,Capital Max Securities Ltd,2026-04-29 12:12:30.045998,Joshi Hydropower Development Company Ltd
2026042904003300,JOSHI,1,62,100,281.0,28100.0,2026-04-29,188496472,2789,Kumari Securities Private Limited,Capital Max Securities Ltd,2026-04-29 12:12:30.046060,Joshi Hydropower Development Company Ltd
2026042904003301,JOSHI,42,62,300,281.0,84300.0,2026-04-29,188496474,2789,Sani Securities Company Ltd.,Capital Max Securities Ltd,2026-04-29 12:12:30.046112,Joshi Hydropower Development Company Ltd
2026042904003302,JOSHI,59,62,200,280.3,56060.0,2026-04-29,188496476,2789,Deevyaa Securities & Stock House Pvt. Ltd,Capital Max Securities Ltd,2026-04-29 12:12:30.046154,Joshi Hydropower Development Company Ltd
2026042904003303,JOSHI,41,62,220,280.2,61644.0,2026-04-29,188496477,2789,Linch Stock Market Ltd.,Capital Max Securities Ltd,2026-04-29 12:12:30.046196,Joshi Hydropower Development Company Ltd
2026042904003311,JOSHI,41,45,33,280.2,9246.6,2026-04-29,188496843,2789,Linch Stock Market Ltd.,Imperial Securities Company Pvt. Ltd.,2026-04-29 12:12:59.713861,Joshi Hydropower Development Company Ltd
2026042904003422,JOSHI,52,19,17,280.3,4765.1,2026-04-29,188498591,2789,Sundhara Securities Limited,Nepal Investment And Securities Trading Private Limited,2026-04-29 12:15:02.264102,Joshi Hydropower Development Company Ltd
2026042904003957,JOSHI,42,36,500,283.0,141500.0,2026-04-29,188509312,2789,Sani Securities Company Ltd.,Secured Securities Ltd.,2026-04-29 12:27:51.941480,Joshi Hydropower Development Company Ltd
2026042904003973,JOSHI,52,36,83,283.0,23489.0,2026-04-29,188509678,2789,Sundhara Securities Limited,Secured Securities Ltd.,2026-04-29 12:28:10.821920,Joshi Hydropower Development Company Ltd
2026042904003989,JOSHI,14,36,500,283.0,141500.0,2026-04-29,188509910,2789,Nepal Stock House (PVT) Ltd.,Secured Securities Ltd.,2026-04-29 12:28:29.321426,Joshi Hydropower Development Company Ltd
2026042904004063,JOSHI,14,22,200,281.7,56340.0,2026-04-29,188511010,2789,Nepal Stock House (PVT) Ltd.,Siprabi Securities Pvt. Ltd.,2026-04-29 12:29:59.696770,Joshi Hydropower Development Company Ltd
2026042904004098,JOSHI,74,22,12,281.6,3379.2,2026-04-29,188511731,2789,KALASH STOCK MARKET PVT. LTD.,Siprabi Securities Pvt. Ltd.,2026-04-29 12:30:59.772650,Joshi Hydropower Development Company Ltd
2026042904004103,JOSHI,58,36,15,283.0,4245.0,2026-04-29,188511847,2789,Naasa Securities Co. Ltd.,Secured Securities Ltd.,2026-04-29 12:31:16.887610,Joshi Hydropower Development Company Ltd
2026042904004543,JOSHI,48,10,10,285.0,2850.0,2026-04-29,188520028,2789,Trishakti Securities Public Limited,Pragyan Securities (PVT) Ltd.,2026-04-29 12:42:22.808508,Joshi Hydropower Development Company Ltd
2026042904004884,JOSHI,74,17,188,281.6,52940.8,2026-04-29,188524856,2789,KALASH STOCK MARKET PVT. LTD.,ABC Securities Private Limited,2026-04-29 12:51:17.691307,Joshi Hydropower Development Company Ltd
2026042904004885,JOSHI,35,17,30,281.2,8436.0,2026-04-29,188524858,2789,Kohinoor Investment & Securities Pvt. Ltd.,ABC Securities Private Limited,2026-04-29 12:51:17.691613,Joshi Hydropower Development Company Ltd
2026042904004886,JOSHI,86,17,100,281.1,28110.0,2026-04-29,188524860,2789,Stoxkarts Securities Limited,ABC Securities Private Limited,2026-04-29 12:51:17.691752,Joshi Hydropower Development Company Ltd
2026042904004887,JOSHI,14,17,100,280.5,28050.0,2026-04-29,188524862,2789,Nepal Stock House (PVT) Ltd.,ABC Securities Private Limited,2026-04-29 12:51:17.691891,Joshi Hydropower Development Company Ltd
2026042904004888,JOSHI,14,17,100,280.4,28040.0,2026-04-29,188524864,2789,Nepal Stock House (PVT) Ltd.,ABC Securities Private Limited,2026-04-29 12:51:17.692136,Joshi Hydropower Development Company Ltd
2026042904004889,JOSHI,34,17,10,280.4,2804.0,2026-04-29,188524866,2789,Vision Securities Pvt. Ltd,ABC Securities Private Limited,2026-04-29 12:51:17.692374,Joshi Hydropower Development Company Ltd
2026042904004890,JOSHI,41,17,747,280.2,209309.4,2026-04-29,188524868,2789,Linch Stock Market Ltd.,ABC Securities Private Limited,2026-04-29 12:51:17.692540,Joshi Hydropower Development Company Ltd
2026042904004891,JOSHI,41,17,1000,280.1,280100.0,2026-04-29,188524870,2789,Linch Stock Market Ltd.,ABC Securities Private Limited,2026-04-29 12:51:17.692705,Joshi Hydropower Development Company Ltd
2026042904004892,JOSHI,42,17,500,280.0,140000.0,2026-04-29,188524872,2789,Sani Securities Company Ltd.,ABC Securities Private Limited,2026-04-29 12:51:17.692964,Joshi Hydropower Development Company Ltd
2026042904004893,JOSHI,41,17,52,280.0,14560.0,2026-04-29,188524874,2789,Linch Stock Market Ltd.,ABC Securities Private Limited,2026-04-29 12:51:17.693145,Joshi Hydropower Development Company Ltd
2026042904004894,JOSHI,49,17,150,280.0,42000.0,2026-04-29,188524876,2789,Online Securities Pvt. Ltd.,ABC Securities Private Limited,2026-04-29 12:51:17.693293,Joshi Hydropower Development Company Ltd
2026042904004895,JOSHI,22,17,10,280.0,2800.0,2026-04-29,188524878,2789,Siprabi Securities Pvt. Ltd.,ABC Securities Private Limited,2026-04-29 12:51:17.693530,Joshi Hydropower Development Company Ltd
2026042904004896,JOSHI,57,17,17,280.0,4760.0,2026-04-29,188524880,2789,Aryatara Investment & Securities,ABC Securities Private Limited,2026-04-29 12:51:17.693674,Joshi Hydropower Development Company Ltd
2026042904004897,JOSHI,4,17,100,280.0,28000.0,2026-04-29,188524882,2789,Opal Securities Investment (PVT) Ltd.,ABC Securities Private Limited,2026-04-29 12:51:17.693802,Joshi Hydropower Development Company Ltd
2026042904004898,JOSHI,57,17,200,280.0,56000.0,2026-04-29,188524884,2789,Aryatara Investment & Securities,ABC Securities Private Limited,2026-04-29 12:51:17.694008,Joshi Hydropower Development Company Ltd
2026042904004899,JOSHI,35,17,25,280.0,7000.0,2026-04-29,188524886,2789,Kohinoor Investment & Securities Pvt. Ltd.,ABC Securities Private Limited,2026-04-29 12:51:17.694174,Joshi Hydropower Development Company Ltd
2026042904004900,JOSHI,1,17,200,280.0,56000.0,2026-04-29,188524888,2789,Kumari Securities Private Limited,ABC Securities Private Limited,2026-04-29 12:51:17.694358,Joshi Hydropower Development Company Ltd
2026042904004901,JOSHI,39,17,471,280.0,131880.0,2026-04-29,188524889,2789,Sumeru Securities Pvt. Ltd.,ABC Securities Private Limited,2026-04-29 12:51:17.694579,Joshi Hydropower Development Company Ltd
2026042904004921,JOSHI,4,44,5,281.3,1406.5,2026-04-29,188525217,2789,Opal Securities Investment (PVT) Ltd.,Dynamic Money Managers Securities Pvt. Ltd.,2026-04-29 12:51:58.909627,Joshi Hydropower Development Company Ltd
2026042904004945,JOSHI,4,44,1,280.1,280.1,2026-04-29,188525521,2789,Opal Securities Investment (PVT) Ltd.,Dynamic Money Managers Securities Pvt. Ltd.,2026-04-29 12:52:37.996923,Joshi Hydropower Development Company Ltd
2026042904005220,JOSHI,39,80,250,280.0,70000.0,2026-04-29,188528893,2789,Sumeru Securities Pvt. Ltd.,Indira securities pvt. ltd,2026-04-29 12:58:31.938527,Joshi Hydropower Development Company Ltd
2026042904005497,JOSHI,42,14,35,280.5,9817.5,2026-04-29,188532654,2789,Sani Securities Company Ltd.,Nepal Stock House (PVT) Ltd.,2026-04-29 13:05:03.047040,Joshi Hydropower Development Company Ltd
2026042904005732,JOSHI,41,36,20,284.9,5698.0,2026-04-29,188536688,2789,Linch Stock Market Ltd.,Secured Securities Ltd.,2026-04-29 13:11:41.333902,Joshi Hydropower Development Company Ltd
2026042904005842,JOSHI,58,36,90,284.9,25641.0,2026-04-29,188539082,2789,Naasa Securities Co. Ltd.,Secured Securities Ltd.,2026-04-29 13:15:06.276545,Joshi Hydropower Development Company Ltd
2026042904005882,JOSHI,29,57,55,282.5,15537.5,2026-04-29,188539608,2789,Trisul Securities & Invt. Ltd.,Aryatara Investment & Securities,2026-04-29 13:16:18.835870,Joshi Hydropower Development Company Ltd
2026042904005883,JOSHI,59,57,150,282.4,42360.0,2026-04-29,188539610,2789,Deevyaa Securities & Stock House Pvt. Ltd,Aryatara Investment & Securities,2026-04-29 13:16:18.836068,Joshi Hydropower Development Company Ltd
2026042904005905,JOSHI,14,57,115,280.7,32280.5,2026-04-29,188539995,2789,Nepal Stock House (PVT) Ltd.,Aryatara Investment & Securities,2026-04-29 13:17:11.246119,Joshi Hydropower Development Company Ltd
2026042904006099,JOSHI,51,37,60,281.0,16860.0,2026-04-29,188544002,2789,Oxford Securities Pvt. Ltd.,Swarna Laxmi Securities Pvt. Ltd.,2026-04-29 13:23:54.893633,Joshi Hydropower Development Company Ltd
2026042904006100,JOSHI,59,37,200,280.7,56140.0,2026-04-29,188544004,2789,Deevyaa Securities & Stock House Pvt. Ltd,Swarna Laxmi Securities Pvt. Ltd.,2026-04-29 13:23:54.893892,Joshi Hydropower Development Company Ltd
2026042904006101,JOSHI,74,37,40,280.6,11224.0,2026-04-29,188544005,2789,KALASH STOCK MARKET PVT. LTD.,Swarna Laxmi Securities Pvt. Ltd.,2026-04-29 13:23:54.894059,Joshi Hydropower Development Company Ltd
2026042904006699,JOSHI,41,16,20,284.0,5680.0,2026-04-29,188552366,2789,Linch Stock Market Ltd.,Primo Securities (PVT) Ltd.,2026-04-29 13:39:00.635609,Joshi Hydropower Development Company Ltd
2026042904006879,JOSHI,11,16,80,284.0,22720.0,2026-04-29,188556130,2789,Malla & Malla Stock Broking Company Pvt. Limited,Primo Securities (PVT) Ltd.,2026-04-29 13:45:33.361020,Joshi Hydropower Development Company Ltd
2026042904006997,JOSHI,5,16,100,284.0,28400.0,2026-04-29,188557799,2789,Market Securities & Exchange (PVT) Ltd.,Primo Securities (PVT) Ltd.,2026-04-29 13:48:45.581988,Joshi Hydropower Development Company Ltd
2026042904006998,JOSHI,5,3,100,284.0,28400.0,2026-04-29,188557802,2789,Market Securities & Exchange (PVT) Ltd.,Arun Securities (PVT) Ltd.,2026-04-29 13:48:45.582140,Joshi Hydropower Development Company Ltd
2026042904007411,JOSHI,19,58,355,281.1,99790.5,2026-04-29,188562806,2789,Nepal Investment And Securities Trading Private Limited,Naasa Securities Co. Ltd.,2026-04-29 13:57:03.890238,Joshi Hydropower Development Company Ltd
2026042904007412,JOSHI,42,58,360,281.0,101160.0,2026-04-29,188562807,2789,Sani Securities Company Ltd.,Naasa Securities Co. Ltd.,2026-04-29 13:57:03.890434,Joshi Hydropower Development Company Ltd
2026042904007467,JOSHI,44,44,1,280.1,280.1,2026-04-29,188563457,2789,Dynamic Money Managers Securities Pvt. Ltd.,Dynamic Money Managers Securities Pvt. Ltd.,2026-04-29 13:58:18.219776,Joshi Hydropower Development Company Ltd
2026042904007572,JOSHI,41,6,80,283.0,22640.0,2026-04-29,188564077,2789,Linch Stock Market Ltd.,Agrawal Securities (PVT) Ltd.,2026-04-29 13:59:21.395571,Joshi Hydropower Development Company Ltd
2026042904007573,JOSHI,41,3,20,284.0,5680.0,2026-04-29,188564080,2789,Linch Stock Market Ltd.,Arun Securities (PVT) Ltd.,2026-04-29 13:59:21.395911,Joshi Hydropower Development Company Ltd
2026042904007784,JOSHI,71,11,75,281.1,21082.5,2026-04-29,188566217,2789,SHUBHAKAMANA SECURITIES PVT. LTD,Malla & Malla Stock Broking Company Pvt. Limited,2026-04-29 14:02:33.132669,Joshi Hydropower Development Company Ltd
2026042904007984,JOSHI,41,41,20,283.9,5678.0,2026-04-29,188567930,2789,Linch Stock Market Ltd.,Linch Stock Market Ltd.,2026-04-29 14:05:29.084343,Joshi Hydropower Development Company Ltd
2026042904008419,JOSHI,4,41,180,283.9,51102.0,2026-04-29,188573057,2789,Opal Securities Investment (PVT) Ltd.,Linch Stock Market Ltd.,2026-04-29 14:14:48.112652,Joshi Hydropower Development Company Ltd
2026042904008420,JOSHI,4,3,880,284.0,249920.0,2026-04-29,188573059,2789,Opal Securities Investment (PVT) Ltd.,Arun Securities (PVT) Ltd.,2026-04-29 14:14:48.112854,Joshi Hydropower Development Company Ltd
2026042904008421,JOSHI,4,57,413,284.0,117292.0,2026-04-29,188573063,2789,Opal Securities Investment (PVT) Ltd.,Aryatara Investment & Securities,2026-04-29 14:14:48.112933,Joshi Hydropower Development Company Ltd
2026042904008422,JOSHI,4,41,150,284.0,42600.0,2026-04-29,188573065,2789,Opal Securities Investment (PVT) Ltd.,Linch Stock Market Ltd.,2026-04-29 14:14:48.112993,Joshi Hydropower Development Company Ltd
2026042904008423,JOSHI,4,49,100,284.0,28400.0,2026-04-29,188573067,2789,Opal Securities Investment (PVT) Ltd.,Online Securities Pvt. Ltd.,2026-04-29 14:14:48.113052,Joshi Hydropower Development Company Ltd
2026042904008424,JOSHI,4,36,890,284.9,253561.0,2026-04-29,188573069,2789,Opal Securities Investment (PVT) Ltd.,Secured Securities Ltd.,2026-04-29 14:14:48.113112,Joshi Hydropower Development Company Ltd
2026042904008425,JOSHI,4,10,491,285.0,139935.0,2026-04-29,188573071,2789,Opal Securities Investment (PVT) Ltd.,Pragyan Securities (PVT) Ltd.,2026-04-29 14:14:48.113173,Joshi Hydropower Development Company Ltd
2026042904008426,JOSHI,4,42,1065,285.0,303525.0,2026-04-29,188573073,2789,Opal Securities Investment (PVT) Ltd.,Sani Securities Company Ltd.,2026-04-29 14:14:48.113234,Joshi Hydropower Development Company Ltd
2026042904008427,JOSHI,4,29,50,285.0,14250.0,2026-04-29,188573075,2789,Opal Securities Investment (PVT) Ltd.,Trisul Securities & Invt. Ltd.,2026-04-29 14:14:48.113339,Joshi Hydropower Development Company Ltd
2026042904008428,JOSHI,4,26,33,285.0,9405.0,2026-04-29,188573077,2789,Opal Securities Investment (PVT) Ltd.,Asian Securities Private Ltd.,2026-04-29 14:14:48.113397,Joshi Hydropower Development Company Ltd
2026042904008429,JOSHI,4,51,17,285.0,4845.0,2026-04-29,188573079,2789,Opal Securities Investment (PVT) Ltd.,Oxford Securities Pvt. Ltd.,2026-04-29 14:14:48.113490,Joshi Hydropower Development Company Ltd
2026042904008457,JOSHI,4,34,1731,285.0,493335.0,2026-04-29,188573457,2789,Opal Securities Investment (PVT) Ltd.,Vision Securities Pvt. Ltd,2026-04-29 14:15:23.029054,Joshi Hydropower Development Company Ltd
2026042904008551,JOSHI,62,36,100,285.9,28590.0,2026-04-29,188574830,2789,Capital Max Securities Ltd,Secured Securities Ltd.,2026-04-29 14:17:42.970163,Joshi Hydropower Development Company Ltd
2026042904008566,JOSHI,62,48,64,286.0,18304.0,2026-04-29,188575056,2789,Capital Max Securities Ltd,Trishakti Securities Public Limited,2026-04-29 14:18:15.099911,Joshi Hydropower Development Company Ltd
2026042904009795,JOSHI,34,1,83,284.0,23572.0,2026-04-29,188586322,2789,Vision Securities Pvt. Ltd,Kumari Securities Private Limited,2026-04-29 14:30:55.295461,Joshi Hydropower Development Company Ltd
2026042904009796,JOSHI,6,1,100,283.0,28300.0,2026-04-29,188586324,2789,Agrawal Securities (PVT) Ltd.,Kumari Securities Private Limited,2026-04-29 14:30:55.295755,Joshi Hydropower Development Company Ltd
2026042904009797,JOSHI,42,1,100,282.0,28200.0,2026-04-29,188586326,2789,Sani Securities Company Ltd.,Kumari Securities Private Limited,2026-04-29 14:30:55.295943,Joshi Hydropower Development Company Ltd
2026042904009798,JOSHI,26,1,10,282.0,2820.0,2026-04-29,188586328,2789,Asian Securities Private Ltd.,Kumari Securities Private Limited,2026-04-29 14:30:55.296123,Joshi Hydropower Development Company Ltd
2026042904009799,JOSHI,36,1,10,282.0,2820.0,2026-04-29,188586330,2789,Secured Securities Ltd.,Kumari Securities Private Limited,2026-04-29 14:30:55.296273,Joshi Hydropower Development Company Ltd
2026042904009800,JOSHI,21,1,250,282.0,70500.0,2026-04-29,188586332,2789,Midas Stock Broking Company Private Limited,Kumari Securities Private Limited,2026-04-29 14:30:55.296460,Joshi Hydropower Development Company Ltd
2026042904010434,JOSHI,58,16,10,282.0,2820.0,2026-04-29,188592239,2789,Naasa Securities Co. Ltd.,Primo Securities (PVT) Ltd.,2026-04-29 14:37:28.533574,Joshi Hydropower Development Company Ltd
2026042904010726,JOSHI,58,1,40,282.0,11280.0,2026-04-29,188595250,2789,Naasa Securities Co. Ltd.,Kumari Securities Private Limited,2026-04-29 14:40:09.972168,Joshi Hydropower Development Company Ltd
2026042904010727,JOSHI,71,1,25,281.1,7027.5,2026-04-29,188595252,2789,SHUBHAKAMANA SECURITIES PVT. LTD,Kumari Securities Private Limited,2026-04-29 14:40:09.972471,Joshi Hydropower Development Company Ltd
2026042904010728,JOSHI,36,1,100,281.1,28110.0,2026-04-29,188595254,2789,Secured Securities Ltd.,Kumari Securities Private Limited,2026-04-29 14:40:09.972646,Joshi Hydropower Development Company Ltd
2026042904010729,JOSHI,38,1,20,281.1,5622.0,2026-04-29,188595256,2789,Dipshikha Dhitopatra Karobar Co. Pvt Ltd.,Kumari Securities Private Limited,2026-04-29 14:40:09.972813,Joshi Hydropower Development Company Ltd
2026042904010730,JOSHI,42,1,262,281.0,73622.0,2026-04-29,188595257,2789,Sani Securities Company Ltd.,Kumari Securities Private Limited,2026-04-29 14:40:09.973021,Joshi Hydropower Development Company Ltd
2026042904011352,JOSHI,42,1,1078,281.0,302918.0,2026-04-29,188600510,2789,Sani Securities Company Ltd.,Kumari Securities Private Limited,2026-04-29 14:44:59.756771,Joshi Hydropower Development Company Ltd
2026042904011353,JOSHI,42,1,572,281.0,160732.0,2026-04-29,188600511,2789,Sani Securities Company Ltd.,Kumari Securities Private Limited,2026-04-29 14:44:59.756915,Joshi Hydropower Development Company Ltd
2026042904011770,JOSHI,26,42,15,281.5,4222.5,2026-04-29,188604317,2789,Asian Securities Private Ltd.,Sani Securities Company Ltd.,2026-04-29 14:48:11.136522,Joshi Hydropower Development Company Ltd
2026042904011923,JOSHI,41,57,20,284.8,5696.0,2026-04-29,188605696,2789,Linch Stock Market Ltd.,Aryatara Investment & Securities,2026-04-29 14:49:19.965368,Joshi Hydropower Development Company Ltd
2026042904012112,JOSHI,42,34,140,281.0,39340.0,2026-04-29,188607235,2789,Sani Securities Company Ltd.,Vision Securities Pvt. Ltd,2026-04-29 14:50:23.125042,Joshi Hydropower Development Company Ltd
2026042904012413,JOSHI,63,1,300,281.1,84330.0,2026-04-29,188610182,2789,Himalayan Brokerage Company Limited,Kumari Securities Private Limited,2026-04-29 14:52:38.206700,Joshi Hydropower Development Company Ltd
2026042904012414,JOSHI,36,1,10,281.1,2811.0,2026-04-29,188610184,2789,Secured Securities Ltd.,Kumari Securities Private Limited,2026-04-29 14:52:38.206846,Joshi Hydropower Development Company Ltd
2026042904012415,JOSHI,42,1,290,281.0,81490.0,2026-04-29,188610185,2789,Sani Securities Company Ltd.,Kumari Securities Private Limited,2026-04-29 14:52:38.206905,Joshi Hydropower Development Company Ltd
2026042904012506,JOSHI,41,7,20,284.5,5690.0,2026-04-29,188610622,2789,Linch Stock Market Ltd.,J.F. Securites (PVT) Ltd.,2026-04-29 14:52:57.154487,Joshi Hydropower Development Company Ltd
2026042904012748,JOSHI,42,80,100,281.0,28100.0,2026-04-29,188612987,2789,Sani Securities Company Ltd.,Indira securities pvt. ltd,2026-04-29 14:54:35.522407,Joshi Hydropower Development Company Ltd
2026042904013079,JOSHI,41,36,30,284.0,8520.0,2026-04-29,188615994,2789,Linch Stock Market Ltd.,Secured Securities Ltd.,2026-04-29 14:56:30.861775,Joshi Hydropower Development Company Ltd
2026042904013527,JOSHI,34,49,100,281.1,28110.0,2026-04-29,188620046,2789,Vision Securities Pvt. Ltd,Online Securities Pvt. Ltd.,2026-04-29 14:58:37.724551,Joshi Hydropower Development Company Ltd
2026042904013528,JOSHI,42,49,198,281.0,55638.0,2026-04-29,188620048,2789,Sani Securities Company Ltd.,Online Securities Pvt. Ltd.,2026-04-29 14:58:37.724698,Joshi Hydropower Development Company Ltd
2026042904013529,JOSHI,42,49,130,281.0,36530.0,2026-04-29,188620050,2789,Sani Securities Company Ltd.,Online Securities Pvt. Ltd.,2026-04-29 14:58:37.724765,Joshi Hydropower Development Company Ltd
2026042904013530,JOSHI,35,49,150,281.0,42150.0,2026-04-29,188620052,2789,Kohinoor Investment & Securities Pvt. Ltd.,Online Securities Pvt. Ltd.,2026-04-29 14:58:37.724826,Joshi Hydropower Development Company Ltd
2026042904013531,JOSHI,65,49,477,281.0,134037.0,2026-04-29,188620053,2789,Sharepro Securities Private Limited,Online Securities Pvt. Ltd.,2026-04-29 14:58:37.724885,Joshi Hydropower Development Company Ltd
2026042904013717,JOSHI,41,57,10,283.0,2830.0,2026-04-29,188621555,2789,Linch Stock Market Ltd.,Aryatara Investment & Securities,2026-04-29 14:59:11.992708,Joshi Hydropower Development Company Ltd
2026042904013964,JOSHI,42,7,100,281.5,28150.0,2026-04-29,188624620,2789,Sani Securities Company Ltd.,J.F. Securites (PVT) Ltd.,2026-04-29 14:59:57.189706,Joshi Hydropower Development Company Ltd
2026042904013965,JOSHI,57,7,100,281.1,28110.0,2026-04-29,188624622,2789,Aryatara Investment & Securities,J.F. Securites (PVT) Ltd.,2026-04-29 14:59:57.189859,Joshi Hydropower Development Company Ltd
2026042904013966,JOSHI,65,7,23,281.0,6463.0,2026-04-29,188624624,2789,Sharepro Securities Private Limited,J.F. Securites (PVT) Ltd.,2026-04-29 14:59:57.189921,Joshi Hydropower Development Company Ltd
2026042904013967,JOSHI,36,7,350,281.0,98350.0,2026-04-29,188624626,2789,Secured Securities Ltd.,J.F. Securites (PVT) Ltd.,2026-04-29 14:59:57.189986,Joshi Hydropower Development Company Ltd
2026042904013968,JOSHI,59,7,200,281.0,56200.0,2026-04-29,188624628,2789,Deevyaa Securities & Stock House Pvt. Ltd,J.F. Securites (PVT) Ltd.,2026-04-29 14:59:57.190041,Joshi Hydropower Development Company Ltd
2026042904013969,JOSHI,48,7,100,281.0,28100.0,2026-04-29,188624630,2789,Trishakti Securities Public Limited,J.F. Securites (PVT) Ltd.,2026-04-29 14:59:57.190089,Joshi Hydropower Development Company Ltd
2026042904014025,JOSHI,47,7,50,281.0,14050.0,2026-04-29,188625406,2789,Neev Securities Pvt. Ltd.,J.F. Securites (PVT) Ltd.,2026-04-29 14:59:58.133651,Joshi Hydropower Development Company Ltd
