contractId,stockSymbol,buyerMemberId,sellerMemberId,quantity,rate,amount,businessDate,tradeBookId,stockId,buyerBrokerName,sellerBrokerName,transaction_time,securityName
2026042901000089,KBL,77,1,220,223.0,49060.0,2026-04-29,188418313,142,Nabil Stock Dealer Ltd.,Kumari Securities Private Limited,2026-04-29 11:00:26.920434,Kumari Bank Limited
2026042901000110,KBL,77,21,170,223.0,37910.0,2026-04-29,188418364,142,Nabil Stock Dealer Ltd.,Midas Stock Broking Company Private Limited,2026-04-29 11:00:29.592998,Kumari Bank Limited
2026042901000111,KBL,11,21,30,223.0,6690.0,2026-04-29,188418366,142,Malla & Malla Stock Broking Company Pvt. Limited,Midas Stock Broking Company Private Limited,2026-04-29 11:00:29.593362,Kumari Bank Limited
2026042901000149,KBL,58,21,50,223.0,11150.0,2026-04-29,188418450,142,Naasa Securities Co. Ltd.,Midas Stock Broking Company Private Limited,2026-04-29 11:00:43.463837,Kumari Bank Limited
2026042901000183,KBL,49,21,10,222.5,2225.0,2026-04-29,188418532,142,Online Securities Pvt. Ltd.,Midas Stock Broking Company Private Limited,2026-04-29 11:00:49.455219,Kumari Bank Limited
2026042901000184,KBL,49,21,100,222.0,22200.0,2026-04-29,188418534,142,Online Securities Pvt. Ltd.,Midas Stock Broking Company Private Limited,2026-04-29 11:00:49.455384,Kumari Bank Limited
2026042901000283,KBL,53,74,500,221.0,110500.0,2026-04-29,188418747,142,Investment Management Nepal Pvt. Ltd.,KALASH STOCK MARKET PVT. LTD.,2026-04-29 11:01:05.224782,Kumari Bank Limited
2026042901000792,KBL,58,47,30,220.0,6600.0,2026-04-29,188419864,142,Naasa Securities Co. Ltd.,Neev Securities Pvt. Ltd.,2026-04-29 11:02:06.315995,Kumari Bank Limited
2026042901000793,KBL,57,47,470,220.0,103400.0,2026-04-29,188419865,142,Aryatara Investment & Securities,Neev Securities Pvt. Ltd.,2026-04-29 11:02:06.316350,Kumari Bank Limited
2026042901001063,KBL,57,48,85,220.0,18700.0,2026-04-29,188420474,142,Aryatara Investment & Securities,Trishakti Securities Public Limited,2026-04-29 11:02:35.776316,Kumari Bank Limited
2026042901001064,KBL,50,48,100,220.0,22000.0,2026-04-29,188420476,142,Cristal Kanchanjanga Securites Pvt. Ltd.,Trishakti Securities Public Limited,2026-04-29 11:02:35.776701,Kumari Bank Limited
2026042901001316,KBL,47,48,315,220.0,69300.0,2026-04-29,188421029,142,Neev Securities Pvt. Ltd.,Trishakti Securities Public Limited,2026-04-29 11:02:57.753403,Kumari Bank Limited
2026042901001360,KBL,47,34,248,220.0,54560.0,2026-04-29,188421129,142,Neev Securities Pvt. Ltd.,Vision Securities Pvt. Ltd,2026-04-29 11:03:02.060284,Kumari Bank Limited
2026042901001484,KBL,47,50,300,220.0,66000.0,2026-04-29,188421431,142,Neev Securities Pvt. Ltd.,Cristal Kanchanjanga Securites Pvt. Ltd.,2026-04-29 11:03:18.280120,Kumari Bank Limited
2026042901001551,KBL,47,36,137,220.0,30140.0,2026-04-29,188421576,142,Neev Securities Pvt. Ltd.,Secured Securities Ltd.,2026-04-29 11:03:26.987432,Kumari Bank Limited
2026042901001552,KBL,45,36,10,220.0,2200.0,2026-04-29,188421578,142,Imperial Securities Company Pvt. Ltd.,Secured Securities Ltd.,2026-04-29 11:03:26.987615,Kumari Bank Limited
2026042901001684,KBL,49,36,100,220.0,22000.0,2026-04-29,188421874,142,Online Securities Pvt. Ltd.,Secured Securities Ltd.,2026-04-29 11:03:44.104598,Kumari Bank Limited
2026042901002069,KBL,58,48,30,220.0,6600.0,2026-04-29,188422738,142,Naasa Securities Co. Ltd.,Trishakti Securities Public Limited,2026-04-29 11:04:16.948440,Kumari Bank Limited
2026042901002552,KBL,17,58,60,219.0,13140.0,2026-04-29,188423861,142,ABC Securities Private Limited,Naasa Securities Co. Ltd.,2026-04-29 11:05:19.910573,Kumari Bank Limited
2026042901002705,KBL,17,4,440,219.0,96360.0,2026-04-29,188424204,142,ABC Securities Private Limited,Opal Securities Investment (PVT) Ltd.,2026-04-29 11:05:35.070653,Kumari Bank Limited
2026042901002706,KBL,57,4,555,219.0,121545.0,2026-04-29,188424206,142,Aryatara Investment & Securities,Opal Securities Investment (PVT) Ltd.,2026-04-29 11:05:35.071158,Kumari Bank Limited
2026042901002917,KBL,50,43,100,219.0,21900.0,2026-04-29,188424734,142,Cristal Kanchanjanga Securites Pvt. Ltd.,South Asian Bulls Pvt. Ltd.,2026-04-29 11:06:05.983769,Kumari Bank Limited
2026042901002918,KBL,36,43,50,219.0,10950.0,2026-04-29,188424736,142,Secured Securities Ltd.,South Asian Bulls Pvt. Ltd.,2026-04-29 11:06:05.984008,Kumari Bank Limited
2026042901002919,KBL,46,43,465,219.0,101835.0,2026-04-29,188424737,142,Kalika Securities Pvt. Ltd.,South Asian Bulls Pvt. Ltd.,2026-04-29 11:06:05.984128,Kumari Bank Limited
2026042901003005,KBL,58,48,22,220.0,4840.0,2026-04-29,188424936,142,Naasa Securities Co. Ltd.,Trishakti Securities Public Limited,2026-04-29 11:06:13.801938,Kumari Bank Limited
2026042901003124,KBL,46,25,10,219.0,2190.0,2026-04-29,188425205,142,Kalika Securities Pvt. Ltd.,Sweta Securities Private Limited,2026-04-29 11:06:23.954042,Kumari Bank Limited
2026042901003157,KBL,46,44,12,219.0,2628.0,2026-04-29,188425275,142,Kalika Securities Pvt. Ltd.,Dynamic Money Managers Securities Pvt. Ltd.,2026-04-29 11:06:26.968411,Kumari Bank Limited
2026042901003634,KBL,46,1,513,219.0,112347.0,2026-04-29,188426404,142,Kalika Securities Pvt. Ltd.,Kumari Securities Private Limited,2026-04-29 11:07:18.463278,Kumari Bank Limited
2026042901003635,KBL,58,1,44,219.0,9636.0,2026-04-29,188426406,142,Naasa Securities Co. Ltd.,Kumari Securities Private Limited,2026-04-29 11:07:18.463495,Kumari Bank Limited
2026042901003636,KBL,50,1,143,219.0,31317.0,2026-04-29,188426407,142,Cristal Kanchanjanga Securites Pvt. Ltd.,Kumari Securities Private Limited,2026-04-29 11:07:18.463621,Kumari Bank Limited
2026042901003741,KBL,50,36,57,219.0,12483.0,2026-04-29,188426640,142,Cristal Kanchanjanga Securites Pvt. Ltd.,Secured Securities Ltd.,2026-04-29 11:07:31.545606,Kumari Bank Limited
2026042901003742,KBL,59,36,10,219.0,2190.0,2026-04-29,188426642,142,Deevyaa Securities & Stock House Pvt. Ltd,Secured Securities Ltd.,2026-04-29 11:07:31.545871,Kumari Bank Limited
2026042901003787,KBL,58,36,33,219.0,7227.0,2026-04-29,188426768,142,Naasa Securities Co. Ltd.,Secured Securities Ltd.,2026-04-29 11:07:39.687568,Kumari Bank Limited
2026042901003978,KBL,42,36,53,218.5,11580.5,2026-04-29,188427241,142,Sani Securities Company Ltd.,Secured Securities Ltd.,2026-04-29 11:08:12.896507,Kumari Bank Limited
2026042901004554,KBL,42,38,47,218.5,10269.5,2026-04-29,188428554,142,Sani Securities Company Ltd.,Dipshikha Dhitopatra Karobar Co. Pvt Ltd.,2026-04-29 11:09:08.642206,Kumari Bank Limited
2026042901004645,KBL,58,1,200,218.1,43620.0,2026-04-29,188428753,142,Naasa Securities Co. Ltd.,Kumari Securities Private Limited,2026-04-29 11:09:16.261055,Kumari Bank Limited
2026042901004786,KBL,22,54,500,218.0,109000.0,2026-04-29,188429079,142,Siprabi Securities Pvt. Ltd.,Sewa Securities Pvt. Ltd.,2026-04-29 11:09:29.614255,Kumari Bank Limited
2026042901004855,KBL,22,38,60,218.5,13110.0,2026-04-29,188429280,142,Siprabi Securities Pvt. Ltd.,Dipshikha Dhitopatra Karobar Co. Pvt Ltd.,2026-04-29 11:09:39.881359,Kumari Bank Limited
2026042901004856,KBL,74,38,11,218.5,2403.5,2026-04-29,188429282,142,KALASH STOCK MARKET PVT. LTD.,Dipshikha Dhitopatra Karobar Co. Pvt Ltd.,2026-04-29 11:09:39.949305,Kumari Bank Limited
2026042901005383,KBL,39,38,37,218.5,8084.5,2026-04-29,188430509,142,Sumeru Securities Pvt. Ltd.,Dipshikha Dhitopatra Karobar Co. Pvt Ltd.,2026-04-29 11:10:36.939988,Kumari Bank Limited
2026042901005759,KBL,49,88,40,218.1,8724.0,2026-04-29,188431407,142,Online Securities Pvt. Ltd.,Blue Chip Securities Ltd,2026-04-29 11:11:07.359014,Kumari Bank Limited
2026042901005773,KBL,49,21,95,218.1,20719.5,2026-04-29,188431438,142,Online Securities Pvt. Ltd.,Midas Stock Broking Company Private Limited,2026-04-29 11:11:10.281038,Kumari Bank Limited
2026042901005774,KBL,51,21,200,218.1,43620.0,2026-04-29,188431440,142,Oxford Securities Pvt. Ltd.,Midas Stock Broking Company Private Limited,2026-04-29 11:11:10.281645,Kumari Bank Limited
2026042901005775,KBL,22,21,1500,218.0,327000.0,2026-04-29,188431442,142,Siprabi Securities Pvt. Ltd.,Midas Stock Broking Company Private Limited,2026-04-29 11:11:10.282072,Kumari Bank Limited
2026042901005776,KBL,50,21,200,218.0,43600.0,2026-04-29,188431444,142,Cristal Kanchanjanga Securites Pvt. Ltd.,Midas Stock Broking Company Private Limited,2026-04-29 11:11:10.282479,Kumari Bank Limited
2026042901005777,KBL,57,21,222,218.0,48396.0,2026-04-29,188431446,142,Aryatara Investment & Securities,Midas Stock Broking Company Private Limited,2026-04-29 11:11:10.282885,Kumari Bank Limited
2026042901005778,KBL,50,21,200,218.0,43600.0,2026-04-29,188431448,142,Cristal Kanchanjanga Securites Pvt. Ltd.,Midas Stock Broking Company Private Limited,2026-04-29 11:11:10.283287,Kumari Bank Limited
2026042901005779,KBL,50,21,200,218.0,43600.0,2026-04-29,188431450,142,Cristal Kanchanjanga Securites Pvt. Ltd.,Midas Stock Broking Company Private Limited,2026-04-29 11:11:10.283665,Kumari Bank Limited
2026042901005780,KBL,50,21,100,218.0,21800.0,2026-04-29,188431452,142,Cristal Kanchanjanga Securites Pvt. Ltd.,Midas Stock Broking Company Private Limited,2026-04-29 11:11:10.284081,Kumari Bank Limited
2026042901005781,KBL,48,21,496,218.0,108128.0,2026-04-29,188431454,142,Trishakti Securities Public Limited,Midas Stock Broking Company Private Limited,2026-04-29 11:11:10.284478,Kumari Bank Limited
2026042901005782,KBL,42,21,200,218.0,43600.0,2026-04-29,188431456,142,Sani Securities Company Ltd.,Midas Stock Broking Company Private Limited,2026-04-29 11:11:10.284872,Kumari Bank Limited
2026042901005783,KBL,58,21,65,218.0,14170.0,2026-04-29,188431458,142,Naasa Securities Co. Ltd.,Midas Stock Broking Company Private Limited,2026-04-29 11:11:10.285272,Kumari Bank Limited
2026042901005784,KBL,38,21,500,218.0,109000.0,2026-04-29,188431460,142,Dipshikha Dhitopatra Karobar Co. Pvt Ltd.,Midas Stock Broking Company Private Limited,2026-04-29 11:11:10.285661,Kumari Bank Limited
2026042901005785,KBL,51,21,100,218.0,21800.0,2026-04-29,188431462,142,Oxford Securities Pvt. Ltd.,Midas Stock Broking Company Private Limited,2026-04-29 11:11:10.286077,Kumari Bank Limited
2026042901005786,KBL,52,21,20,218.0,4360.0,2026-04-29,188431464,142,Sundhara Securities Limited,Midas Stock Broking Company Private Limited,2026-04-29 11:11:10.286458,Kumari Bank Limited
2026042901005787,KBL,42,21,902,218.0,196636.0,2026-04-29,188431465,142,Sani Securities Company Ltd.,Midas Stock Broking Company Private Limited,2026-04-29 11:11:10.286849,Kumari Bank Limited
2026042901005945,KBL,57,4,50,218.8,10940.0,2026-04-29,188431837,142,Aryatara Investment & Securities,Opal Securities Investment (PVT) Ltd.,2026-04-29 11:11:24.689606,Kumari Bank Limited
2026042901006413,KBL,57,42,10,218.8,2188.0,2026-04-29,188432945,142,Aryatara Investment & Securities,Sani Securities Company Ltd.,2026-04-29 11:12:08.417513,Kumari Bank Limited
2026042901006965,KBL,57,94,39,218.8,8533.2,2026-04-29,188434264,142,Aryatara Investment & Securities,K.B.L. Securities Limited ,2026-04-29 11:13:04.085631,Kumari Bank Limited
2026042901007175,KBL,42,94,98,218.0,21364.0,2026-04-29,188434776,142,Sani Securities Company Ltd.,K.B.L. Securities Limited ,2026-04-29 11:13:26.276553,Kumari Bank Limited
2026042901007176,KBL,57,94,99,218.0,21582.0,2026-04-29,188434778,142,Aryatara Investment & Securities,K.B.L. Securities Limited ,2026-04-29 11:13:26.276849,Kumari Bank Limited
2026042901007177,KBL,43,94,164,218.0,35752.0,2026-04-29,188434779,142,South Asian Bulls Pvt. Ltd.,K.B.L. Securities Limited ,2026-04-29 11:13:26.276999,Kumari Bank Limited
2026042901008124,KBL,33,34,200,218.0,43600.0,2026-04-29,188436968,142,Dakshinkali Investment & Securities Pvt. Ltd.,Vision Securities Pvt. Ltd,2026-04-29 11:14:55.985674,Kumari Bank Limited
2026042901008125,KBL,42,34,200,218.0,43600.0,2026-04-29,188436970,142,Sani Securities Company Ltd.,Vision Securities Pvt. Ltd,2026-04-29 11:14:55.985994,Kumari Bank Limited
2026042901008270,KBL,57,34,30,218.0,6540.0,2026-04-29,188437321,142,Aryatara Investment & Securities,Vision Securities Pvt. Ltd,2026-04-29 11:15:12.451630,Kumari Bank Limited
2026042901009607,KBL,46,14,35,219.0,7665.0,2026-04-29,188440521,142,Kalika Securities Pvt. Ltd.,Nepal Stock House (PVT) Ltd.,2026-04-29 11:17:18.398802,Kumari Bank Limited
2026042901010132,KBL,58,1,63,219.9,13853.7,2026-04-29,188441902,142,Naasa Securities Co. Ltd.,Kumari Securities Private Limited,2026-04-29 11:18:07.246992,Kumari Bank Limited
2026042901011149,KBL,38,1,50,219.9,10995.0,2026-04-29,188444276,142,Dipshikha Dhitopatra Karobar Co. Pvt Ltd.,Kumari Securities Private Limited,2026-04-29 11:19:50.676792,Kumari Bank Limited
2026042901011179,KBL,46,57,122,219.0,26718.0,2026-04-29,188444356,142,Kalika Securities Pvt. Ltd.,Aryatara Investment & Securities,2026-04-29 11:19:56.235791,Kumari Bank Limited
2026042901011180,KBL,4,57,273,219.0,59787.0,2026-04-29,188444358,142,Opal Securities Investment (PVT) Ltd.,Aryatara Investment & Securities,2026-04-29 11:19:56.236121,Kumari Bank Limited
2026042901011181,KBL,51,57,50,219.0,10950.0,2026-04-29,188444360,142,Oxford Securities Pvt. Ltd.,Aryatara Investment & Securities,2026-04-29 11:19:56.236299,Kumari Bank Limited
2026042901011182,KBL,58,57,555,219.0,121545.0,2026-04-29,188444361,142,Naasa Securities Co. Ltd.,Aryatara Investment & Securities,2026-04-29 11:19:56.236488,Kumari Bank Limited
2026042901011381,KBL,58,1,25,219.9,5497.5,2026-04-29,188444838,142,Naasa Securities Co. Ltd.,Kumari Securities Private Limited,2026-04-29 11:20:18.613877,Kumari Bank Limited
2026042901012409,KBL,58,1,200,219.9,43980.0,2026-04-29,188447240,142,Naasa Securities Co. Ltd.,Kumari Securities Private Limited,2026-04-29 11:22:05.031556,Kumari Bank Limited
2026042901012435,KBL,42,1,162,219.9,35623.8,2026-04-29,188447297,142,Sani Securities Company Ltd.,Kumari Securities Private Limited,2026-04-29 11:22:08.590656,Kumari Bank Limited
2026042901012436,KBL,42,58,220,219.9,48378.0,2026-04-29,188447299,142,Sani Securities Company Ltd.,Naasa Securities Co. Ltd.,2026-04-29 11:22:08.591410,Kumari Bank Limited
2026042901012662,KBL,50,48,100,220.0,22000.0,2026-04-29,188447822,142,Cristal Kanchanjanga Securites Pvt. Ltd.,Trishakti Securities Public Limited,2026-04-29 11:22:32.179869,Kumari Bank Limited
2026042901012708,KBL,42,38,198,219.9,43540.2,2026-04-29,188447948,142,Sani Securities Company Ltd.,Dipshikha Dhitopatra Karobar Co. Pvt Ltd.,2026-04-29 11:22:37.804254,Kumari Bank Limited
2026042901013221,KBL,45,38,300,219.9,65970.0,2026-04-29,188449252,142,Imperial Securities Company Pvt. Ltd.,Dipshikha Dhitopatra Karobar Co. Pvt Ltd.,2026-04-29 11:23:36.241190,Kumari Bank Limited
2026042901013595,KBL,58,38,16,219.9,3518.4,2026-04-29,188450186,142,Naasa Securities Co. Ltd.,Dipshikha Dhitopatra Karobar Co. Pvt Ltd.,2026-04-29 11:24:19.691062,Kumari Bank Limited
2026042901014088,KBL,58,38,10,219.9,2199.0,2026-04-29,188451442,142,Naasa Securities Co. Ltd.,Dipshikha Dhitopatra Karobar Co. Pvt Ltd.,2026-04-29 11:25:10.634253,Kumari Bank Limited
2026042901014390,KBL,58,60,145,219.0,31755.0,2026-04-29,188452222,142,Naasa Securities Co. Ltd.,Nagarik Stock Dealer ,2026-04-29 11:25:50.749161,Kumari Bank Limited
2026042901014391,KBL,42,60,20,219.0,4380.0,2026-04-29,188452224,142,Sani Securities Company Ltd.,Nagarik Stock Dealer ,2026-04-29 11:25:50.749534,Kumari Bank Limited
2026042901014392,KBL,34,60,1500,219.0,328500.0,2026-04-29,188452226,142,Vision Securities Pvt. Ltd,Nagarik Stock Dealer ,2026-04-29 11:25:50.749745,Kumari Bank Limited
2026042901014393,KBL,14,60,335,219.0,73365.0,2026-04-29,188452227,142,Nepal Stock House (PVT) Ltd.,Nagarik Stock Dealer ,2026-04-29 11:25:50.749939,Kumari Bank Limited
2026042901014572,KBL,14,35,10,219.0,2190.0,2026-04-29,188452685,142,Nepal Stock House (PVT) Ltd.,Kohinoor Investment & Securities Pvt. Ltd.,2026-04-29 11:26:16.448937,Kumari Bank Limited
2026042901014573,KBL,14,4,5,219.0,1095.0,2026-04-29,188452687,142,Nepal Stock House (PVT) Ltd.,Opal Securities Investment (PVT) Ltd.,2026-04-29 11:26:16.449228,Kumari Bank Limited
2026042901014992,KBL,58,45,50,219.0,10950.0,2026-04-29,188453800,142,Naasa Securities Co. Ltd.,Imperial Securities Company Pvt. Ltd.,2026-04-29 11:27:15.438178,Kumari Bank Limited
2026042901015310,KBL,44,32,500,219.0,109500.0,2026-04-29,188454596,142,Dynamic Money Managers Securities Pvt. Ltd.,Premier Securities Company Ltd.,2026-04-29 11:28:04.646918,Kumari Bank Limited
2026042901015311,KBL,6,32,100,219.0,21900.0,2026-04-29,188454598,142,Agrawal Securities (PVT) Ltd.,Premier Securities Company Ltd.,2026-04-29 11:28:04.647359,Kumari Bank Limited
2026042901015312,KBL,59,32,50,219.0,10950.0,2026-04-29,188454600,142,Deevyaa Securities & Stock House Pvt. Ltd,Premier Securities Company Ltd.,2026-04-29 11:28:04.647597,Kumari Bank Limited
2026042901015313,KBL,3,32,98,219.0,21462.0,2026-04-29,188454602,142,Arun Securities (PVT) Ltd.,Premier Securities Company Ltd.,2026-04-29 11:28:04.647873,Kumari Bank Limited
2026042901015338,KBL,100,32,25,219.0,5475.0,2026-04-29,188454678,142,Sunrise Securities Limited,Premier Securities Company Ltd.,2026-04-29 11:28:11.576522,Kumari Bank Limited
2026042901015553,KBL,58,32,30,219.0,6570.0,2026-04-29,188455254,142,Naasa Securities Co. Ltd.,Premier Securities Company Ltd.,2026-04-29 11:28:48.956291,Kumari Bank Limited
2026042901015702,KBL,58,35,10,218.9,2189.0,2026-04-29,188455644,142,Naasa Securities Co. Ltd.,Kohinoor Investment & Securities Pvt. Ltd.,2026-04-29 11:29:14.834948,Kumari Bank Limited
2026042901016306,KBL,58,35,76,218.9,16636.4,2026-04-29,188457137,142,Naasa Securities Co. Ltd.,Kohinoor Investment & Securities Pvt. Ltd.,2026-04-29 11:30:29.945326,Kumari Bank Limited
2026042901016307,KBL,58,22,14,218.9,3064.6,2026-04-29,188457140,142,Naasa Securities Co. Ltd.,Siprabi Securities Pvt. Ltd.,2026-04-29 11:30:29.945458,Kumari Bank Limited
2026042901016404,KBL,58,32,200,219.0,43800.0,2026-04-29,188457402,142,Naasa Securities Co. Ltd.,Premier Securities Company Ltd.,2026-04-29 11:30:44.235991,Kumari Bank Limited
2026042901016785,KBL,54,26,500,218.7,109350.0,2026-04-29,188458406,142,Sewa Securities Pvt. Ltd.,Asian Securities Private Ltd.,2026-04-29 11:31:51.081444,Kumari Bank Limited
2026042901016786,KBL,6,26,200,218.6,43720.0,2026-04-29,188458408,142,Agrawal Securities (PVT) Ltd.,Asian Securities Private Ltd.,2026-04-29 11:31:51.082347,Kumari Bank Limited
2026042901016787,KBL,36,26,300,218.5,65550.0,2026-04-29,188458409,142,Secured Securities Ltd.,Asian Securities Private Ltd.,2026-04-29 11:31:51.083012,Kumari Bank Limited
2026042901016863,KBL,58,32,10,219.0,2190.0,2026-04-29,188458626,142,Naasa Securities Co. Ltd.,Premier Securities Company Ltd.,2026-04-29 11:32:06.923889,Kumari Bank Limited
2026042901017012,KBL,64,32,300,219.0,65700.0,2026-04-29,188459054,142,SUN SECURITIES PVT LTD,Premier Securities Company Ltd.,2026-04-29 11:32:26.735743,Kumari Bank Limited
2026042901017715,KBL,8,32,30,219.0,6570.0,2026-04-29,188461054,142,Brilliant Securities Pvt. Ltd.,Premier Securities Company Ltd.,2026-04-29 11:34:11.718214,Kumari Bank Limited
2026042901018264,KBL,36,49,100,218.5,21850.0,2026-04-29,188462400,142,Secured Securities Ltd.,Online Securities Pvt. Ltd.,2026-04-29 11:35:22.500068,Kumari Bank Limited
2026042901018265,KBL,56,49,95,218.5,20757.5,2026-04-29,188462402,142,Sri Hari Securities Pvt. Ltd.,Online Securities Pvt. Ltd.,2026-04-29 11:35:22.500538,Kumari Bank Limited
2026042901018266,KBL,58,49,10,218.5,2185.0,2026-04-29,188462404,142,Naasa Securities Co. Ltd.,Online Securities Pvt. Ltd.,2026-04-29 11:35:22.500979,Kumari Bank Limited
2026042901018267,KBL,45,49,100,218.5,21850.0,2026-04-29,188462406,142,Imperial Securities Company Pvt. Ltd.,Online Securities Pvt. Ltd.,2026-04-29 11:35:22.501400,Kumari Bank Limited
2026042901018268,KBL,58,49,91,218.4,19874.4,2026-04-29,188462408,142,Naasa Securities Co. Ltd.,Online Securities Pvt. Ltd.,2026-04-29 11:35:22.501752,Kumari Bank Limited
2026042901018269,KBL,58,49,200,218.3,43660.0,2026-04-29,188462410,142,Naasa Securities Co. Ltd.,Online Securities Pvt. Ltd.,2026-04-29 11:35:22.502103,Kumari Bank Limited
2026042901018270,KBL,82,49,1000,218.2,218200.0,2026-04-29,188462412,142,N.M.B. SECURITIES LIMITED,Online Securities Pvt. Ltd.,2026-04-29 11:35:22.502434,Kumari Bank Limited
2026042901018479,KBL,44,74,50,218.1,10905.0,2026-04-29,188463007,142,Dynamic Money Managers Securities Pvt. Ltd.,KALASH STOCK MARKET PVT. LTD.,2026-04-29 11:35:55.889882,Kumari Bank Limited
2026042901018609,KBL,19,49,50,218.2,10910.0,2026-04-29,188463366,142,Nepal Investment And Securities Trading Private Limited,Online Securities Pvt. Ltd.,2026-04-29 11:36:15.783202,Kumari Bank Limited
2026042901018884,KBL,34,49,50,218.2,10910.0,2026-04-29,188464096,142,Vision Securities Pvt. Ltd,Online Securities Pvt. Ltd.,2026-04-29 11:37:06.165080,Kumari Bank Limited
2026042901018950,KBL,34,49,50,218.2,10910.0,2026-04-29,188464304,142,Vision Securities Pvt. Ltd,Online Securities Pvt. Ltd.,2026-04-29 11:37:21.884838,Kumari Bank Limited
2026042901019206,KBL,44,57,100,218.1,21810.0,2026-04-29,188465032,142,Dynamic Money Managers Securities Pvt. Ltd.,Aryatara Investment & Securities,2026-04-29 11:38:07.020085,Kumari Bank Limited
2026042901019207,KBL,58,57,42,218.1,9160.2,2026-04-29,188465034,142,Naasa Securities Co. Ltd.,Aryatara Investment & Securities,2026-04-29 11:38:07.021062,Kumari Bank Limited
2026042901019208,KBL,66,57,58,218.1,12649.8,2026-04-29,188465035,142,Miyo Securities Pvt Ltd,Aryatara Investment & Securities,2026-04-29 11:38:07.021799,Kumari Bank Limited
2026042901019261,KBL,32,49,200,218.2,43640.0,2026-04-29,188465166,142,Premier Securities Company Ltd.,Online Securities Pvt. Ltd.,2026-04-29 11:38:14.495408,Kumari Bank Limited
2026042901019442,KBL,57,49,54,218.2,11782.8,2026-04-29,188465681,142,Aryatara Investment & Securities,Online Securities Pvt. Ltd.,2026-04-29 11:38:46.399538,Kumari Bank Limited
2026042901019631,KBL,57,87,76,218.2,16583.2,2026-04-29,188466233,142,Aryatara Investment & Securities,S.P.S.A. Securities Limited,2026-04-29 11:39:21.399705,Kumari Bank Limited
2026042901019632,KBL,58,87,30,218.2,6546.0,2026-04-29,188466235,142,Naasa Securities Co. Ltd.,S.P.S.A. Securities Limited,2026-04-29 11:39:21.400222,Kumari Bank Limited
2026042901019633,KBL,66,87,1942,218.1,423550.2,2026-04-29,188466237,142,Miyo Securities Pvt Ltd,S.P.S.A. Securities Limited,2026-04-29 11:39:21.400485,Kumari Bank Limited
2026042901019634,KBL,57,87,1970,218.0,429460.0,2026-04-29,188466239,142,Aryatara Investment & Securities,S.P.S.A. Securities Limited,2026-04-29 11:39:21.400771,Kumari Bank Limited
2026042901019635,KBL,51,87,30,218.0,6540.0,2026-04-29,188466241,142,Oxford Securities Pvt. Ltd.,S.P.S.A. Securities Limited,2026-04-29 11:39:21.401064,Kumari Bank Limited
2026042901019636,KBL,50,87,500,218.0,109000.0,2026-04-29,188466243,142,Cristal Kanchanjanga Securites Pvt. Ltd.,S.P.S.A. Securities Limited,2026-04-29 11:39:21.401341,Kumari Bank Limited
2026042901019637,KBL,51,87,200,218.0,43600.0,2026-04-29,188466245,142,Oxford Securities Pvt. Ltd.,S.P.S.A. Securities Limited,2026-04-29 11:39:21.401606,Kumari Bank Limited
2026042901019638,KBL,57,87,100,218.0,21800.0,2026-04-29,188466247,142,Aryatara Investment & Securities,S.P.S.A. Securities Limited,2026-04-29 11:39:21.401870,Kumari Bank Limited
2026042901019639,KBL,50,87,200,218.0,43600.0,2026-04-29,188466249,142,Cristal Kanchanjanga Securites Pvt. Ltd.,S.P.S.A. Securities Limited,2026-04-29 11:39:21.402175,Kumari Bank Limited
2026042901019640,KBL,77,87,50,218.0,10900.0,2026-04-29,188466251,142,Nabil Stock Dealer Ltd.,S.P.S.A. Securities Limited,2026-04-29 11:39:21.402460,Kumari Bank Limited
2026042901019641,KBL,45,87,400,218.0,87200.0,2026-04-29,188466253,142,Imperial Securities Company Pvt. Ltd.,S.P.S.A. Securities Limited,2026-04-29 11:39:21.402744,Kumari Bank Limited
2026042901019642,KBL,34,87,100,218.0,21800.0,2026-04-29,188466255,142,Vision Securities Pvt. Ltd,S.P.S.A. Securities Limited,2026-04-29 11:39:21.402992,Kumari Bank Limited
2026042901019643,KBL,74,87,70,218.0,15260.0,2026-04-29,188466257,142,KALASH STOCK MARKET PVT. LTD.,S.P.S.A. Securities Limited,2026-04-29 11:39:21.403258,Kumari Bank Limited
2026042901019644,KBL,94,87,138,218.0,30084.0,2026-04-29,188466259,142,K.B.L. Securities Limited ,S.P.S.A. Securities Limited,2026-04-29 11:39:21.403541,Kumari Bank Limited
2026042901019645,KBL,53,87,100,218.0,21800.0,2026-04-29,188466261,142,Investment Management Nepal Pvt. Ltd.,S.P.S.A. Securities Limited,2026-04-29 11:39:21.403797,Kumari Bank Limited
2026042901019646,KBL,48,87,496,218.0,108128.0,2026-04-29,188466205,142,Trishakti Securities Public Limited,S.P.S.A. Securities Limited,2026-04-29 11:39:21.404102,Kumari Bank Limited
2026042901019647,KBL,89,87,10,218.0,2180.0,2026-04-29,188466207,142,Global IME Securities Limited,S.P.S.A. Securities Limited,2026-04-29 11:39:21.404381,Kumari Bank Limited
2026042901019648,KBL,36,87,140,218.0,30520.0,2026-04-29,188466209,142,Secured Securities Ltd.,S.P.S.A. Securities Limited,2026-04-29 11:39:21.404642,Kumari Bank Limited
2026042901019649,KBL,34,87,25,218.0,5450.0,2026-04-29,188466211,142,Vision Securities Pvt. Ltd,S.P.S.A. Securities Limited,2026-04-29 11:39:21.404929,Kumari Bank Limited
2026042901019650,KBL,57,87,500,218.0,109000.0,2026-04-29,188466213,142,Aryatara Investment & Securities,S.P.S.A. Securities Limited,2026-04-29 11:39:21.405253,Kumari Bank Limited
2026042901019689,KBL,58,87,30,218.0,6540.0,2026-04-29,188466344,142,Naasa Securities Co. Ltd.,S.P.S.A. Securities Limited,2026-04-29 11:39:25.824143,Kumari Bank Limited
2026042901020530,KBL,57,63,21,217.9,4575.9,2026-04-29,188468591,142,Aryatara Investment & Securities,Himalayan Brokerage Company Limited,2026-04-29 11:41:48.512172,Kumari Bank Limited
2026042901020607,KBL,57,45,78,217.9,16996.2,2026-04-29,188468776,142,Aryatara Investment & Securities,Imperial Securities Company Pvt. Ltd.,2026-04-29 11:41:59.753775,Kumari Bank Limited
2026042901020608,KBL,51,45,200,217.9,43580.0,2026-04-29,188468778,142,Oxford Securities Pvt. Ltd.,Imperial Securities Company Pvt. Ltd.,2026-04-29 11:41:59.753817,Kumari Bank Limited
2026042901020609,KBL,57,45,99,217.8,21562.2,2026-04-29,188468780,142,Aryatara Investment & Securities,Imperial Securities Company Pvt. Ltd.,2026-04-29 11:41:59.753846,Kumari Bank Limited
2026042901020610,KBL,50,45,100,217.8,21780.0,2026-04-29,188468782,142,Cristal Kanchanjanga Securites Pvt. Ltd.,Imperial Securities Company Pvt. Ltd.,2026-04-29 11:41:59.753894,Kumari Bank Limited
2026042901020611,KBL,57,45,99,217.6,21542.4,2026-04-29,188468784,142,Aryatara Investment & Securities,Imperial Securities Company Pvt. Ltd.,2026-04-29 11:41:59.753928,Kumari Bank Limited
2026042901020612,KBL,38,45,50,217.5,10875.0,2026-04-29,188468786,142,Dipshikha Dhitopatra Karobar Co. Pvt Ltd.,Imperial Securities Company Pvt. Ltd.,2026-04-29 11:41:59.753954,Kumari Bank Limited
2026042901020613,KBL,51,45,200,217.5,43500.0,2026-04-29,188468788,142,Oxford Securities Pvt. Ltd.,Imperial Securities Company Pvt. Ltd.,2026-04-29 11:41:59.753982,Kumari Bank Limited
2026042901020614,KBL,57,45,99,217.5,21532.5,2026-04-29,188468790,142,Aryatara Investment & Securities,Imperial Securities Company Pvt. Ltd.,2026-04-29 11:41:59.754008,Kumari Bank Limited
2026042901020615,KBL,11,45,100,217.5,21750.0,2026-04-29,188468792,142,Malla & Malla Stock Broking Company Pvt. Limited,Imperial Securities Company Pvt. Ltd.,2026-04-29 11:41:59.754064,Kumari Bank Limited
2026042901020616,KBL,32,45,225,217.5,48937.5,2026-04-29,188468793,142,Premier Securities Company Ltd.,Imperial Securities Company Pvt. Ltd.,2026-04-29 11:41:59.754089,Kumari Bank Limited
2026042901020667,KBL,32,58,75,217.5,16312.5,2026-04-29,188468933,142,Premier Securities Company Ltd.,Naasa Securities Co. Ltd.,2026-04-29 11:42:10.226359,Kumari Bank Limited
2026042901020949,KBL,38,62,24,218.0,5232.0,2026-04-29,188469811,142,Dipshikha Dhitopatra Karobar Co. Pvt Ltd.,Capital Max Securities Ltd,2026-04-29 11:43:16.314459,Kumari Bank Limited
2026042901020950,KBL,38,26,287,218.0,62566.0,2026-04-29,188469814,142,Dipshikha Dhitopatra Karobar Co. Pvt Ltd.,Asian Securities Private Ltd.,2026-04-29 11:43:16.315463,Kumari Bank Limited
2026042901020984,KBL,58,26,13,218.0,2834.0,2026-04-29,188469944,142,Naasa Securities Co. Ltd.,Asian Securities Private Ltd.,2026-04-29 11:43:27.949974,Kumari Bank Limited
2026042901021318,KBL,87,26,450,218.0,98100.0,2026-04-29,188470866,142,S.P.S.A. Securities Limited,Asian Securities Private Ltd.,2026-04-29 11:44:34.842559,Kumari Bank Limited
2026042901021506,KBL,51,26,250,218.0,54500.0,2026-04-29,188471449,142,Oxford Securities Pvt. Ltd.,Asian Securities Private Ltd.,2026-04-29 11:45:19.970347,Kumari Bank Limited
2026042901021507,KBL,51,32,750,218.0,163500.0,2026-04-29,188471452,142,Oxford Securities Pvt. Ltd.,Premier Securities Company Ltd.,2026-04-29 11:45:19.971352,Kumari Bank Limited
2026042901021723,KBL,42,32,108,218.0,23544.0,2026-04-29,188472080,142,Sani Securities Company Ltd.,Premier Securities Company Ltd.,2026-04-29 11:45:57.450669,Kumari Bank Limited
2026042901021931,KBL,57,32,500,218.0,109000.0,2026-04-29,188472592,142,Aryatara Investment & Securities,Premier Securities Company Ltd.,2026-04-29 11:46:28.440308,Kumari Bank Limited
2026042901022102,KBL,32,32,50,218.0,10900.0,2026-04-29,188473038,142,Premier Securities Company Ltd.,Premier Securities Company Ltd.,2026-04-29 11:46:59.340123,Kumari Bank Limited
2026042901022385,KBL,58,34,10,217.8,2178.0,2026-04-29,188473894,142,Naasa Securities Co. Ltd.,Vision Securities Pvt. Ltd,2026-04-29 11:47:55.251169,Kumari Bank Limited
2026042901022386,KBL,32,34,200,217.7,43540.0,2026-04-29,188473896,142,Premier Securities Company Ltd.,Vision Securities Pvt. Ltd,2026-04-29 11:47:55.252297,Kumari Bank Limited
2026042901022387,KBL,58,34,38,217.7,8272.6,2026-04-29,188473898,142,Naasa Securities Co. Ltd.,Vision Securities Pvt. Ltd,2026-04-29 11:47:55.253144,Kumari Bank Limited
2026042901022388,KBL,34,34,50,217.6,10880.0,2026-04-29,188473900,142,Vision Securities Pvt. Ltd,Vision Securities Pvt. Ltd,2026-04-29 11:47:55.253972,Kumari Bank Limited
2026042901022389,KBL,45,34,333,217.6,72460.8,2026-04-29,188473901,142,Imperial Securities Company Pvt. Ltd.,Vision Securities Pvt. Ltd,2026-04-29 11:47:55.254802,Kumari Bank Limited
2026042901022681,KBL,95,58,100,217.7,21770.0,2026-04-29,188474765,142,Magnet Securities and Investment Company Private Limited,Naasa Securities Co. Ltd.,2026-04-29 11:49:07.445301,Kumari Bank Limited
2026042901022805,KBL,95,56,100,217.7,21770.0,2026-04-29,188475118,142,Magnet Securities and Investment Company Private Limited,Sri Hari Securities Pvt. Ltd.,2026-04-29 11:49:37.653146,Kumari Bank Limited
2026042901022806,KBL,45,56,600,217.6,130560.0,2026-04-29,188475119,142,Imperial Securities Company Pvt. Ltd.,Sri Hari Securities Pvt. Ltd.,2026-04-29 11:49:37.654340,Kumari Bank Limited
2026042901022883,KBL,45,87,67,217.6,14579.2,2026-04-29,188475342,142,Imperial Securities Company Pvt. Ltd.,S.P.S.A. Securities Limited,2026-04-29 11:49:52.283188,Kumari Bank Limited
2026042901022884,KBL,33,87,100,217.6,21760.0,2026-04-29,188475344,142,Dakshinkali Investment & Securities Pvt. Ltd.,S.P.S.A. Securities Limited,2026-04-29 11:49:52.283728,Kumari Bank Limited
2026042901022923,KBL,32,87,200,217.5,43500.0,2026-04-29,188475616,142,Premier Securities Company Ltd.,S.P.S.A. Securities Limited,2026-04-29 11:50:05.594211,Kumari Bank Limited
2026042901022924,KBL,34,87,333,217.5,72427.5,2026-04-29,188475617,142,Vision Securities Pvt. Ltd,S.P.S.A. Securities Limited,2026-04-29 11:50:05.594754,Kumari Bank Limited
2026042901023056,KBL,34,52,600,217.5,130500.0,2026-04-29,188475951,142,Vision Securities Pvt. Ltd,Sundhara Securities Limited,2026-04-29 11:50:30.036077,Kumari Bank Limited
2026042901023160,KBL,34,25,67,217.5,14572.5,2026-04-29,188476252,142,Vision Securities Pvt. Ltd,Sweta Securities Private Limited,2026-04-29 11:50:48.658222,Kumari Bank Limited
2026042901023161,KBL,29,25,163,217.5,35452.5,2026-04-29,188476253,142,Trisul Securities & Invt. Ltd.,Sweta Securities Private Limited,2026-04-29 11:50:48.659378,Kumari Bank Limited
2026042901023190,KBL,17,49,50,217.8,10890.0,2026-04-29,188476331,142,ABC Securities Private Limited,Online Securities Pvt. Ltd.,2026-04-29 11:50:53.510299,Kumari Bank Limited
2026042901023191,KBL,17,32,249,218.0,54282.0,2026-04-29,188476333,142,ABC Securities Private Limited,Premier Securities Company Ltd.,2026-04-29 11:50:53.511455,Kumari Bank Limited
2026042901023192,KBL,17,17,10,218.0,2180.0,2026-04-29,188476335,142,ABC Securities Private Limited,ABC Securities Private Limited,2026-04-29 11:50:53.512332,Kumari Bank Limited
2026042901023193,KBL,17,58,50,218.0,10900.0,2026-04-29,188476337,142,ABC Securities Private Limited,Naasa Securities Co. Ltd.,2026-04-29 11:50:53.513221,Kumari Bank Limited
2026042901023576,KBL,17,22,641,218.0,139738.0,2026-04-29,188477432,142,ABC Securities Private Limited,Siprabi Securities Pvt. Ltd.,2026-04-29 11:51:52.412239,Kumari Bank Limited
2026042901023577,KBL,48,22,496,218.0,108128.0,2026-04-29,188477433,142,Trishakti Securities Public Limited,Siprabi Securities Pvt. Ltd.,2026-04-29 11:51:52.413374,Kumari Bank Limited
2026042901024284,KBL,42,48,15,218.0,3270.0,2026-04-29,188479528,142,Sani Securities Company Ltd.,Trishakti Securities Public Limited,2026-04-29 11:53:55.791657,Kumari Bank Limited
2026042901024376,KBL,60,48,50,218.0,10900.0,2026-04-29,188479772,142,Nagarik Stock Dealer ,Trishakti Securities Public Limited,2026-04-29 11:54:14.647868,Kumari Bank Limited
2026042901024456,KBL,58,48,15,218.0,3270.0,2026-04-29,188480086,142,Naasa Securities Co. Ltd.,Trishakti Securities Public Limited,2026-04-29 11:54:36.791346,Kumari Bank Limited
2026042901024578,KBL,29,48,420,218.0,91560.0,2026-04-29,188480376,142,Trisul Securities & Invt. Ltd.,Trishakti Securities Public Limited,2026-04-29 11:54:59.431709,Kumari Bank Limited
2026042901024892,KBL,6,87,500,218.5,109250.0,2026-04-29,188481346,142,Agrawal Securities (PVT) Ltd.,S.P.S.A. Securities Limited,2026-04-29 11:56:02.174288,Kumari Bank Limited
2026042901024933,KBL,41,57,130,218.1,28353.0,2026-04-29,188481491,142,Linch Stock Market Ltd.,Aryatara Investment & Securities,2026-04-29 11:56:09.612016,Kumari Bank Limited
2026042901025026,KBL,58,87,25,218.5,5462.5,2026-04-29,188481822,142,Naasa Securities Co. Ltd.,S.P.S.A. Securities Limited,2026-04-29 11:56:33.282122,Kumari Bank Limited
2026042901025087,KBL,52,21,45,218.1,9814.5,2026-04-29,188482010,142,Sundhara Securities Limited,Midas Stock Broking Company Private Limited,2026-04-29 11:56:46.138519,Kumari Bank Limited
2026042901025088,KBL,34,21,20,217.8,4356.0,2026-04-29,188482012,142,Vision Securities Pvt. Ltd,Midas Stock Broking Company Private Limited,2026-04-29 11:56:46.139083,Kumari Bank Limited
2026042901025089,KBL,41,21,100,217.5,21750.0,2026-04-29,188482014,142,Linch Stock Market Ltd.,Midas Stock Broking Company Private Limited,2026-04-29 11:56:46.139393,Kumari Bank Limited
2026042901025090,KBL,34,21,400,217.5,87000.0,2026-04-29,188482016,142,Vision Securities Pvt. Ltd,Midas Stock Broking Company Private Limited,2026-04-29 11:56:46.139688,Kumari Bank Limited
2026042901025091,KBL,57,21,55,217.4,11957.0,2026-04-29,188482018,142,Aryatara Investment & Securities,Midas Stock Broking Company Private Limited,2026-04-29 11:56:46.139982,Kumari Bank Limited
2026042901025092,KBL,47,21,2000,217.4,434800.0,2026-04-29,188482020,142,Neev Securities Pvt. Ltd.,Midas Stock Broking Company Private Limited,2026-04-29 11:56:46.140291,Kumari Bank Limited
2026042901025093,KBL,41,21,250,217.3,54325.0,2026-04-29,188482022,142,Linch Stock Market Ltd.,Midas Stock Broking Company Private Limited,2026-04-29 11:56:46.140594,Kumari Bank Limited
2026042901025094,KBL,66,21,2000,217.3,434600.0,2026-04-29,188482024,142,Miyo Securities Pvt Ltd,Midas Stock Broking Company Private Limited,2026-04-29 11:56:46.140894,Kumari Bank Limited
2026042901025095,KBL,47,21,2000,217.3,434600.0,2026-04-29,188482026,142,Neev Securities Pvt. Ltd.,Midas Stock Broking Company Private Limited,2026-04-29 11:56:46.141194,Kumari Bank Limited
2026042901025096,KBL,6,21,3000,217.2,651600.0,2026-04-29,188482028,142,Agrawal Securities (PVT) Ltd.,Midas Stock Broking Company Private Limited,2026-04-29 11:56:46.141498,Kumari Bank Limited
2026042901025097,KBL,47,21,130,217.2,28236.0,2026-04-29,188482029,142,Neev Securities Pvt. Ltd.,Midas Stock Broking Company Private Limited,2026-04-29 11:56:46.141794,Kumari Bank Limited
2026042901025260,KBL,47,21,1870,217.2,406164.0,2026-04-29,188482566,142,Neev Securities Pvt. Ltd.,Midas Stock Broking Company Private Limited,2026-04-29 11:57:12.592587,Kumari Bank Limited
2026042901025261,KBL,96,21,25,217.1,5427.5,2026-04-29,188482568,142,Himalayan Securities Limited,Midas Stock Broking Company Private Limited,2026-04-29 11:57:12.593137,Kumari Bank Limited
2026042901025262,KBL,47,21,2000,217.1,434200.0,2026-04-29,188482570,142,Neev Securities Pvt. Ltd.,Midas Stock Broking Company Private Limited,2026-04-29 11:57:12.593442,Kumari Bank Limited
2026042901025263,KBL,90,21,10,217.0,2170.0,2026-04-29,188482572,142,Sajilo Broker Limited,Midas Stock Broking Company Private Limited,2026-04-29 11:57:12.593767,Kumari Bank Limited
2026042901025264,KBL,25,21,100,217.0,21700.0,2026-04-29,188482574,142,Sweta Securities Private Limited,Midas Stock Broking Company Private Limited,2026-04-29 11:57:12.594072,Kumari Bank Limited
2026042901025265,KBL,50,21,200,217.0,43400.0,2026-04-29,188482576,142,Cristal Kanchanjanga Securites Pvt. Ltd.,Midas Stock Broking Company Private Limited,2026-04-29 11:57:12.594371,Kumari Bank Limited
2026042901025266,KBL,32,21,300,217.0,65100.0,2026-04-29,188482578,142,Premier Securities Company Ltd.,Midas Stock Broking Company Private Limited,2026-04-29 11:57:12.594674,Kumari Bank Limited
2026042901025267,KBL,38,21,50,217.0,10850.0,2026-04-29,188482580,142,Dipshikha Dhitopatra Karobar Co. Pvt Ltd.,Midas Stock Broking Company Private Limited,2026-04-29 11:57:12.594969,Kumari Bank Limited
2026042901025268,KBL,42,21,25,217.0,5425.0,2026-04-29,188482582,142,Sani Securities Company Ltd.,Midas Stock Broking Company Private Limited,2026-04-29 11:57:12.595270,Kumari Bank Limited
2026042901025269,KBL,16,21,25,217.0,5425.0,2026-04-29,188482584,142,Primo Securities (PVT) Ltd.,Midas Stock Broking Company Private Limited,2026-04-29 11:57:12.595567,Kumari Bank Limited
2026042901025270,KBL,66,21,1000,217.0,217000.0,2026-04-29,188482586,142,Miyo Securities Pvt Ltd,Midas Stock Broking Company Private Limited,2026-04-29 11:57:12.595861,Kumari Bank Limited
2026042901025271,KBL,4,21,10,217.0,2170.0,2026-04-29,188482588,142,Opal Securities Investment (PVT) Ltd.,Midas Stock Broking Company Private Limited,2026-04-29 11:57:12.596163,Kumari Bank Limited
2026042901025272,KBL,6,21,500,217.0,108500.0,2026-04-29,188482521,142,Agrawal Securities (PVT) Ltd.,Midas Stock Broking Company Private Limited,2026-04-29 11:57:12.596458,Kumari Bank Limited
2026042901025273,KBL,39,21,200,217.0,43400.0,2026-04-29,188482523,142,Sumeru Securities Pvt. Ltd.,Midas Stock Broking Company Private Limited,2026-04-29 11:57:12.596765,Kumari Bank Limited
2026042901025274,KBL,57,21,50,217.0,10850.0,2026-04-29,188482525,142,Aryatara Investment & Securities,Midas Stock Broking Company Private Limited,2026-04-29 11:57:12.597065,Kumari Bank Limited
2026042901025275,KBL,47,21,2000,217.0,434000.0,2026-04-29,188482527,142,Neev Securities Pvt. Ltd.,Midas Stock Broking Company Private Limited,2026-04-29 11:57:12.597356,Kumari Bank Limited
2026042901025276,KBL,43,21,100,217.0,21700.0,2026-04-29,188482529,142,South Asian Bulls Pvt. Ltd.,Midas Stock Broking Company Private Limited,2026-04-29 11:57:12.597648,Kumari Bank Limited
2026042901025277,KBL,80,21,400,217.0,86800.0,2026-04-29,188482531,142,Indira securities pvt. ltd,Midas Stock Broking Company Private Limited,2026-04-29 11:57:12.597941,Kumari Bank Limited
2026042901025278,KBL,13,21,200,217.0,43400.0,2026-04-29,188482533,142,Thrive Brokerage House Pvt. Ltd,Midas Stock Broking Company Private Limited,2026-04-29 11:57:12.598251,Kumari Bank Limited
2026042901025279,KBL,79,21,50,217.0,10850.0,2026-04-29,188482535,142,pahiinvestment,Midas Stock Broking Company Private Limited,2026-04-29 11:57:12.598543,Kumari Bank Limited
2026042901025280,KBL,45,21,885,217.0,192045.0,2026-04-29,188482536,142,Imperial Securities Company Pvt. Ltd.,Midas Stock Broking Company Private Limited,2026-04-29 11:57:12.598826,Kumari Bank Limited
2026042901025714,KBL,38,49,300,217.5,65250.0,2026-04-29,188483938,142,Dipshikha Dhitopatra Karobar Co. Pvt Ltd.,Online Securities Pvt. Ltd.,2026-04-29 11:58:14.570700,Kumari Bank Limited
2026042901025715,KBL,53,49,2200,217.1,477620.0,2026-04-29,188483940,142,Investment Management Nepal Pvt. Ltd.,Online Securities Pvt. Ltd.,2026-04-29 11:58:14.572060,Kumari Bank Limited
2026042901025716,KBL,45,49,1415,217.0,307055.0,2026-04-29,188483942,142,Imperial Securities Company Pvt. Ltd.,Online Securities Pvt. Ltd.,2026-04-29 11:58:14.573318,Kumari Bank Limited
2026042901025717,KBL,52,49,25,217.0,5425.0,2026-04-29,188483944,142,Sundhara Securities Limited,Online Securities Pvt. Ltd.,2026-04-29 11:58:14.574462,Kumari Bank Limited
2026042901025718,KBL,42,49,40,217.0,8680.0,2026-04-29,188483946,142,Sani Securities Company Ltd.,Online Securities Pvt. Ltd.,2026-04-29 11:58:14.575594,Kumari Bank Limited
2026042901025719,KBL,53,49,150,217.0,32550.0,2026-04-29,188483948,142,Investment Management Nepal Pvt. Ltd.,Online Securities Pvt. Ltd.,2026-04-29 11:58:14.576717,Kumari Bank Limited
2026042901025720,KBL,53,49,25,217.0,5425.0,2026-04-29,188483950,142,Investment Management Nepal Pvt. Ltd.,Online Securities Pvt. Ltd.,2026-04-29 11:58:14.577537,Kumari Bank Limited
2026042901025721,KBL,5,49,95,217.0,20615.0,2026-04-29,188483952,142,Market Securities & Exchange (PVT) Ltd.,Online Securities Pvt. Ltd.,2026-04-29 11:58:14.577924,Kumari Bank Limited
2026042901025722,KBL,16,49,710,217.0,154070.0,2026-04-29,188483954,142,Primo Securities (PVT) Ltd.,Online Securities Pvt. Ltd.,2026-04-29 11:58:14.578259,Kumari Bank Limited
2026042901025723,KBL,32,49,40,217.0,8680.0,2026-04-29,188483955,142,Premier Securities Company Ltd.,Online Securities Pvt. Ltd.,2026-04-29 11:58:14.578613,Kumari Bank Limited
2026042901026044,KBL,32,22,160,217.0,34720.0,2026-04-29,188484916,142,Premier Securities Company Ltd.,Siprabi Securities Pvt. Ltd.,2026-04-29 11:59:14.112574,Kumari Bank Limited
2026042901026045,KBL,32,22,300,217.0,65100.0,2026-04-29,188484918,142,Premier Securities Company Ltd.,Siprabi Securities Pvt. Ltd.,2026-04-29 11:59:14.113088,Kumari Bank Limited
2026042901026046,KBL,42,22,30,217.0,6510.0,2026-04-29,188484920,142,Sani Securities Company Ltd.,Siprabi Securities Pvt. Ltd.,2026-04-29 11:59:14.113385,Kumari Bank Limited
2026042901026047,KBL,46,22,15,217.0,3255.0,2026-04-29,188484922,142,Kalika Securities Pvt. Ltd.,Siprabi Securities Pvt. Ltd.,2026-04-29 11:59:14.113676,Kumari Bank Limited
2026042901026048,KBL,52,22,20,217.0,4340.0,2026-04-29,188484924,142,Sundhara Securities Limited,Siprabi Securities Pvt. Ltd.,2026-04-29 11:59:14.113968,Kumari Bank Limited
2026042901026049,KBL,11,22,25,217.0,5425.0,2026-04-29,188484925,142,Malla & Malla Stock Broking Company Pvt. Limited,Siprabi Securities Pvt. Ltd.,2026-04-29 11:59:14.114263,Kumari Bank Limited
2026042901026269,KBL,4,53,60,217.5,13050.0,2026-04-29,188485583,142,Opal Securities Investment (PVT) Ltd.,Investment Management Nepal Pvt. Ltd.,2026-04-29 11:59:57.625706,Kumari Bank Limited
2026042901026270,KBL,4,42,500,218.0,109000.0,2026-04-29,188485585,142,Opal Securities Investment (PVT) Ltd.,Sani Securities Company Ltd.,2026-04-29 11:59:57.626244,Kumari Bank Limited
2026042901026271,KBL,4,58,1690,218.2,368758.0,2026-04-29,188485588,142,Opal Securities Investment (PVT) Ltd.,Naasa Securities Co. Ltd.,2026-04-29 11:59:57.626563,Kumari Bank Limited
2026042901026347,KBL,4,4,58,217.0,12586.0,2026-04-29,188485786,142,Opal Securities Investment (PVT) Ltd.,Opal Securities Investment (PVT) Ltd.,2026-04-29 12:00:09.687421,Kumari Bank Limited
2026042901026348,KBL,50,4,230,217.0,49910.0,2026-04-29,188485788,142,Cristal Kanchanjanga Securites Pvt. Ltd.,Opal Securities Investment (PVT) Ltd.,2026-04-29 12:00:09.688636,Kumari Bank Limited
2026042901026558,KBL,96,4,25,217.0,5425.0,2026-04-29,188486432,142,Himalayan Securities Limited,Opal Securities Investment (PVT) Ltd.,2026-04-29 12:00:55.341328,Kumari Bank Limited
2026042901026853,KBL,26,4,10,217.0,2170.0,2026-04-29,188487230,142,Asian Securities Private Ltd.,Opal Securities Investment (PVT) Ltd.,2026-04-29 12:01:55.041278,Kumari Bank Limited
2026042901026884,KBL,43,4,36,217.0,7812.0,2026-04-29,188487302,142,South Asian Bulls Pvt. Ltd.,Opal Securities Investment (PVT) Ltd.,2026-04-29 12:01:59.917039,Kumari Bank Limited
2026042901026952,KBL,19,4,300,217.0,65100.0,2026-04-29,188487530,142,Nepal Investment And Securities Trading Private Limited,Opal Securities Investment (PVT) Ltd.,2026-04-29 12:02:18.712061,Kumari Bank Limited
2026042901027642,KBL,80,48,305,216.8,66124.0,2026-04-29,188489443,142,Indira securities pvt. ltd,Trishakti Securities Public Limited,2026-04-29 12:04:16.136221,Kumari Bank Limited
2026042901027696,KBL,80,39,95,216.8,20596.0,2026-04-29,188489610,142,Indira securities pvt. ltd,Sumeru Securities Pvt. Ltd.,2026-04-29 12:04:29.802372,Kumari Bank Limited
2026042901027697,KBL,5,39,50,216.8,10840.0,2026-04-29,188489612,142,Market Securities & Exchange (PVT) Ltd.,Sumeru Securities Pvt. Ltd.,2026-04-29 12:04:29.802944,Kumari Bank Limited
2026042901027698,KBL,34,39,20,216.8,4336.0,2026-04-29,188489614,142,Vision Securities Pvt. Ltd,Sumeru Securities Pvt. Ltd.,2026-04-29 12:04:29.803257,Kumari Bank Limited
2026042901027699,KBL,80,39,400,216.7,86680.0,2026-04-29,188489616,142,Indira securities pvt. ltd,Sumeru Securities Pvt. Ltd.,2026-04-29 12:04:29.803552,Kumari Bank Limited
2026042901027700,KBL,80,39,400,216.6,86640.0,2026-04-29,188489618,142,Indira securities pvt. ltd,Sumeru Securities Pvt. Ltd.,2026-04-29 12:04:29.803848,Kumari Bank Limited
2026042901027701,KBL,53,39,35,216.5,7577.5,2026-04-29,188489619,142,Investment Management Nepal Pvt. Ltd.,Sumeru Securities Pvt. Ltd.,2026-04-29 12:04:29.804147,Kumari Bank Limited
2026042901027831,KBL,58,58,2,219.9,439.8,2026-04-29,188489945,142,Naasa Securities Co. Ltd.,Naasa Securities Co. Ltd.,2026-04-29 12:04:53.081965,Kumari Bank Limited
2026042901027841,KBL,17,39,100,216.8,21680.0,2026-04-29,188489974,142,ABC Securities Private Limited,Sumeru Securities Pvt. Ltd.,2026-04-29 12:04:54.631077,Kumari Bank Limited
2026042901027842,KBL,53,39,15,216.5,3247.5,2026-04-29,188489976,142,Investment Management Nepal Pvt. Ltd.,Sumeru Securities Pvt. Ltd.,2026-04-29 12:04:54.631682,Kumari Bank Limited
2026042901027843,KBL,46,39,20,216.5,4330.0,2026-04-29,188489978,142,Kalika Securities Pvt. Ltd.,Sumeru Securities Pvt. Ltd.,2026-04-29 12:04:54.632019,Kumari Bank Limited
2026042901027844,KBL,29,39,500,216.5,108250.0,2026-04-29,188489980,142,Trisul Securities & Invt. Ltd.,Sumeru Securities Pvt. Ltd.,2026-04-29 12:04:54.632347,Kumari Bank Limited
2026042901027845,KBL,80,39,400,216.4,86560.0,2026-04-29,188489982,142,Indira securities pvt. ltd,Sumeru Securities Pvt. Ltd.,2026-04-29 12:04:54.632707,Kumari Bank Limited
2026042901027846,KBL,80,39,400,216.2,86480.0,2026-04-29,188489984,142,Indira securities pvt. ltd,Sumeru Securities Pvt. Ltd.,2026-04-29 12:04:54.633044,Kumari Bank Limited
2026042901027847,KBL,57,39,265,216.1,57266.5,2026-04-29,188489985,142,Aryatara Investment & Securities,Sumeru Securities Pvt. Ltd.,2026-04-29 12:04:54.633384,Kumari Bank Limited
2026042901027977,KBL,34,58,10,216.3,2163.0,2026-04-29,188490381,142,Vision Securities Pvt. Ltd,Naasa Securities Co. Ltd.,2026-04-29 12:05:24.888526,Kumari Bank Limited
2026042901028283,KBL,3,44,30,217.0,6510.0,2026-04-29,188491214,142,Arun Securities (PVT) Ltd.,Dynamic Money Managers Securities Pvt. Ltd.,2026-04-29 12:06:27.217401,Kumari Bank Limited
2026042901028361,KBL,58,44,70,217.0,15190.0,2026-04-29,188491427,142,Naasa Securities Co. Ltd.,Dynamic Money Managers Securities Pvt. Ltd.,2026-04-29 12:06:42.321427,Kumari Bank Limited
2026042901028362,KBL,58,58,99930,218.0,21784740.0,2026-04-29,188491430,142,Naasa Securities Co. Ltd.,Naasa Securities Co. Ltd.,2026-04-29 12:06:42.321473,Kumari Bank Limited
2026042901028396,KBL,58,58,70,218.0,15260.0,2026-04-29,188491507,142,Naasa Securities Co. Ltd.,Naasa Securities Co. Ltd.,2026-04-29 12:06:50.118104,Kumari Bank Limited
2026042901028397,KBL,58,58,9930,218.0,2164740.0,2026-04-29,188491510,142,Naasa Securities Co. Ltd.,Naasa Securities Co. Ltd.,2026-04-29 12:06:50.119279,Kumari Bank Limited
2026042901028540,KBL,52,14,70,217.2,15204.0,2026-04-29,188491844,142,Sundhara Securities Limited,Nepal Stock House (PVT) Ltd.,2026-04-29 12:07:10.304288,Kumari Bank Limited
2026042901028541,KBL,58,14,10,217.2,2172.0,2026-04-29,188491846,142,Naasa Securities Co. Ltd.,Nepal Stock House (PVT) Ltd.,2026-04-29 12:07:10.304808,Kumari Bank Limited
2026042901028542,KBL,42,14,45,217.0,9765.0,2026-04-29,188491848,142,Sani Securities Company Ltd.,Nepal Stock House (PVT) Ltd.,2026-04-29 12:07:10.305130,Kumari Bank Limited
2026042901028543,KBL,95,14,375,216.5,81187.5,2026-04-29,188491849,142,Magnet Securities and Investment Company Private Limited,Nepal Stock House (PVT) Ltd.,2026-04-29 12:07:10.305463,Kumari Bank Limited
2026042901028714,KBL,58,58,601,218.0,131018.0,2026-04-29,188492310,142,Naasa Securities Co. Ltd.,Naasa Securities Co. Ltd.,2026-04-29 12:07:33.941725,Kumari Bank Limited
2026042901028954,KBL,58,34,50,218.0,10900.0,2026-04-29,188493010,142,Naasa Securities Co. Ltd.,Vision Securities Pvt. Ltd,2026-04-29 12:08:19.788408,Kumari Bank Limited
2026042901029043,KBL,42,57,600,218.0,130800.0,2026-04-29,188493314,142,Sani Securities Company Ltd.,Aryatara Investment & Securities,2026-04-29 12:08:46.401907,Kumari Bank Limited
2026042901029570,KBL,57,49,10,217.5,2175.0,2026-04-29,188494774,142,Aryatara Investment & Securities,Online Securities Pvt. Ltd.,2026-04-29 12:10:30.529088,Kumari Bank Limited
2026042901029571,KBL,17,49,215,217.1,46676.5,2026-04-29,188494775,142,ABC Securities Private Limited,Online Securities Pvt. Ltd.,2026-04-29 12:10:30.530360,Kumari Bank Limited
2026042901029581,KBL,58,52,100,218.0,21800.0,2026-04-29,188494805,142,Naasa Securities Co. Ltd.,Sundhara Securities Limited,2026-04-29 12:10:31.666999,Kumari Bank Limited
2026042901029582,KBL,58,25,230,218.0,50140.0,2026-04-29,188494807,142,Naasa Securities Co. Ltd.,Sweta Securities Private Limited,2026-04-29 12:10:31.667565,Kumari Bank Limited
2026042901029609,KBL,58,22,980,218.0,213640.0,2026-04-29,188494885,142,Naasa Securities Co. Ltd.,Siprabi Securities Pvt. Ltd.,2026-04-29 12:10:36.154323,Kumari Bank Limited
2026042901029630,KBL,74,4,10,218.2,2182.0,2026-04-29,188494934,142,KALASH STOCK MARKET PVT. LTD.,Opal Securities Investment (PVT) Ltd.,2026-04-29 12:10:40.500663,Kumari Bank Limited
2026042901029688,KBL,58,52,25,218.0,5450.0,2026-04-29,188495139,142,Naasa Securities Co. Ltd.,Sundhara Securities Limited,2026-04-29 12:10:54.671833,Kumari Bank Limited
2026042901029724,KBL,42,4,1000,218.2,218200.0,2026-04-29,188495230,142,Sani Securities Company Ltd.,Opal Securities Investment (PVT) Ltd.,2026-04-29 12:11:01.200723,Kumari Bank Limited
2026042901030060,KBL,58,34,285,218.0,62130.0,2026-04-29,188496078,142,Naasa Securities Co. Ltd.,Vision Securities Pvt. Ltd,2026-04-29 12:11:58.002872,Kumari Bank Limited
2026042901030168,KBL,58,34,1515,218.0,330270.0,2026-04-29,188496361,142,Naasa Securities Co. Ltd.,Vision Securities Pvt. Ltd,2026-04-29 12:12:19.634923,Kumari Bank Limited
2026042901030169,KBL,58,52,200,218.0,43600.0,2026-04-29,188496363,142,Naasa Securities Co. Ltd.,Sundhara Securities Limited,2026-04-29 12:12:19.636186,Kumari Bank Limited
2026042901030318,KBL,58,57,1064,218.0,231952.0,2026-04-29,188496766,142,Naasa Securities Co. Ltd.,Aryatara Investment & Securities,2026-04-29 12:12:53.448312,Kumari Bank Limited
2026042901030319,KBL,57,57,436,218.0,95048.0,2026-04-29,188496767,142,Aryatara Investment & Securities,Aryatara Investment & Securities,2026-04-29 12:12:53.448899,Kumari Bank Limited
2026042901030512,KBL,57,58,44,218.0,9592.0,2026-04-29,188497386,142,Aryatara Investment & Securities,Naasa Securities Co. Ltd.,2026-04-29 12:13:44.408646,Kumari Bank Limited
2026042901030538,KBL,6,11,10,217.5,2175.0,2026-04-29,188497461,142,Agrawal Securities (PVT) Ltd.,Malla & Malla Stock Broking Company Pvt. Limited,2026-04-29 12:13:52.246836,Kumari Bank Limited
2026042901030730,KBL,25,58,100,218.0,21800.0,2026-04-29,188497984,142,Sweta Securities Private Limited,Naasa Securities Co. Ltd.,2026-04-29 12:14:20.037004,Kumari Bank Limited
2026042901030770,KBL,6,45,120,217.5,26100.0,2026-04-29,188498091,142,Agrawal Securities (PVT) Ltd.,Imperial Securities Company Pvt. Ltd.,2026-04-29 12:14:30.605340,Kumari Bank Limited
2026042901031094,KBL,41,58,171,218.0,37278.0,2026-04-29,188499077,142,Linch Stock Market Ltd.,Naasa Securities Co. Ltd.,2026-04-29 12:15:40.172307,Kumari Bank Limited
2026042901031095,KBL,41,1,20,218.2,4364.0,2026-04-29,188499079,142,Linch Stock Market Ltd.,Kumari Securities Private Limited,2026-04-29 12:15:40.173641,Kumari Bank Limited
2026042901031096,KBL,41,22,209,218.3,45624.7,2026-04-29,188499082,142,Linch Stock Market Ltd.,Siprabi Securities Pvt. Ltd.,2026-04-29 12:15:40.174749,Kumari Bank Limited
2026042901031570,KBL,40,22,11,218.3,2401.3,2026-04-29,188500438,142,Creative Securities Pvt Ltd,Siprabi Securities Pvt. Ltd.,2026-04-29 12:17:23.680001,Kumari Bank Limited
2026042901032117,KBL,28,34,50,218.0,10900.0,2026-04-29,188501906,142,Shree Krishna Securities Ltd.,Vision Securities Pvt. Ltd,2026-04-29 12:19:14.804918,Kumari Bank Limited
2026042901032118,KBL,22,34,300,218.0,65400.0,2026-04-29,188501908,142,Siprabi Securities Pvt. Ltd.,Vision Securities Pvt. Ltd,2026-04-29 12:19:14.805090,Kumari Bank Limited
2026042901032119,KBL,58,34,110,218.0,23980.0,2026-04-29,188501910,142,Naasa Securities Co. Ltd.,Vision Securities Pvt. Ltd,2026-04-29 12:19:14.805162,Kumari Bank Limited
2026042901032120,KBL,57,34,20,218.0,4360.0,2026-04-29,188501912,142,Aryatara Investment & Securities,Vision Securities Pvt. Ltd,2026-04-29 12:19:14.805225,Kumari Bank Limited
2026042901032121,KBL,42,34,50,217.8,10890.0,2026-04-29,188501914,142,Sani Securities Company Ltd.,Vision Securities Pvt. Ltd,2026-04-29 12:19:14.805301,Kumari Bank Limited
2026042901032122,KBL,58,34,1270,217.7,276479.0,2026-04-29,188501915,142,Naasa Securities Co. Ltd.,Vision Securities Pvt. Ltd,2026-04-29 12:19:14.805378,Kumari Bank Limited
2026042901032310,KBL,58,5,430,217.7,93611.0,2026-04-29,188502474,142,Naasa Securities Co. Ltd.,Market Securities & Exchange (PVT) Ltd.,2026-04-29 12:19:59.426433,Kumari Bank Limited
2026042901032522,KBL,49,36,70,217.6,15232.0,2026-04-29,188503033,142,Online Securities Pvt. Ltd.,Secured Securities Ltd.,2026-04-29 12:20:42.562251,Kumari Bank Limited
2026042901032546,KBL,22,5,400,217.7,87080.0,2026-04-29,188503118,142,Siprabi Securities Pvt. Ltd.,Market Securities & Exchange (PVT) Ltd.,2026-04-29 12:20:51.370171,Kumari Bank Limited
2026042901032668,KBL,34,5,50,217.7,10885.0,2026-04-29,188503386,142,Vision Securities Pvt. Ltd,Market Securities & Exchange (PVT) Ltd.,2026-04-29 12:21:04.117887,Kumari Bank Limited
2026042901032693,KBL,42,5,500,217.7,108850.0,2026-04-29,188503450,142,Sani Securities Company Ltd.,Market Securities & Exchange (PVT) Ltd.,2026-04-29 12:21:09.466454,Kumari Bank Limited
2026042901032755,KBL,34,5,91,217.7,19810.7,2026-04-29,188503635,142,Vision Securities Pvt. Ltd,Market Securities & Exchange (PVT) Ltd.,2026-04-29 12:21:22.978763,Kumari Bank Limited
2026042901032889,KBL,44,28,100,218.0,21800.0,2026-04-29,188504032,142,Dynamic Money Managers Securities Pvt. Ltd.,Shree Krishna Securities Ltd.,2026-04-29 12:21:53.652363,Kumari Bank Limited
2026042901032972,KBL,42,52,100,218.0,21800.0,2026-04-29,188504292,142,Sani Securities Company Ltd.,Sundhara Securities Limited,2026-04-29 12:22:10.902096,Kumari Bank Limited
2026042901033266,KBL,37,22,670,218.3,146261.0,2026-04-29,188505053,142,Swarna Laxmi Securities Pvt. Ltd.,Siprabi Securities Pvt. Ltd.,2026-04-29 12:23:00.950994,Kumari Bank Limited
2026042901033267,KBL,37,87,330,218.5,72105.0,2026-04-29,188505056,142,Swarna Laxmi Securities Pvt. Ltd.,S.P.S.A. Securities Limited,2026-04-29 12:23:00.952489,Kumari Bank Limited
2026042901033443,KBL,14,87,20,218.5,4370.0,2026-04-29,188505514,142,Nepal Stock House (PVT) Ltd.,S.P.S.A. Securities Limited,2026-04-29 12:23:34.919901,Kumari Bank Limited
2026042901033519,KBL,58,49,49,218.0,10682.0,2026-04-29,188505754,142,Naasa Securities Co. Ltd.,Online Securities Pvt. Ltd.,2026-04-29 12:23:53.188491,Kumari Bank Limited
2026042901033520,KBL,6,49,870,217.8,189486.0,2026-04-29,188505756,142,Agrawal Securities (PVT) Ltd.,Online Securities Pvt. Ltd.,2026-04-29 12:23:53.189130,Kumari Bank Limited
2026042901033521,KBL,34,49,899,217.7,195712.3,2026-04-29,188505758,142,Vision Securities Pvt. Ltd,Online Securities Pvt. Ltd.,2026-04-29 12:23:53.189551,Kumari Bank Limited
2026042901033522,KBL,58,49,72,217.7,15674.4,2026-04-29,188505760,142,Naasa Securities Co. Ltd.,Online Securities Pvt. Ltd.,2026-04-29 12:23:53.189956,Kumari Bank Limited
2026042901033523,KBL,49,49,130,217.6,28288.0,2026-04-29,188505762,142,Online Securities Pvt. Ltd.,Online Securities Pvt. Ltd.,2026-04-29 12:23:53.190367,Kumari Bank Limited
2026042901033524,KBL,28,49,100,217.6,21760.0,2026-04-29,188505764,142,Shree Krishna Securities Ltd.,Online Securities Pvt. Ltd.,2026-04-29 12:23:53.190766,Kumari Bank Limited
2026042901033525,KBL,43,49,380,217.6,82688.0,2026-04-29,188505765,142,South Asian Bulls Pvt. Ltd.,Online Securities Pvt. Ltd.,2026-04-29 12:23:53.191181,Kumari Bank Limited
2026042901033533,KBL,89,87,20,218.5,4370.0,2026-04-29,188505804,142,Global IME Securities Limited,S.P.S.A. Securities Limited,2026-04-29 12:23:56.479921,Kumari Bank Limited
2026042901033632,KBL,66,42,740,217.8,161172.0,2026-04-29,188506025,142,Miyo Securities Pvt Ltd,Sani Securities Company Ltd.,2026-04-29 12:24:09.312658,Kumari Bank Limited
2026042901033633,KBL,66,87,1998,218.5,436563.0,2026-04-29,188506027,142,Miyo Securities Pvt Ltd,S.P.S.A. Securities Limited,2026-04-29 12:24:09.314147,Kumari Bank Limited
2026042901033634,KBL,66,58,20,218.5,4370.0,2026-04-29,188506029,142,Miyo Securities Pvt Ltd,Naasa Securities Co. Ltd.,2026-04-29 12:24:09.315367,Kumari Bank Limited
2026042901033635,KBL,66,42,2000,218.5,437000.0,2026-04-29,188506031,142,Miyo Securities Pvt Ltd,Sani Securities Company Ltd.,2026-04-29 12:24:09.316581,Kumari Bank Limited
2026042901033636,KBL,66,4,242,218.8,52949.6,2026-04-29,188506034,142,Miyo Securities Pvt Ltd,Opal Securities Investment (PVT) Ltd.,2026-04-29 12:24:09.317801,Kumari Bank Limited
2026042901033675,KBL,66,4,1089,218.8,238273.2,2026-04-29,188506144,142,Miyo Securities Pvt Ltd,Opal Securities Investment (PVT) Ltd.,2026-04-29 12:24:19.879946,Kumari Bank Limited
2026042901033878,KBL,16,22,100,218.7,21870.0,2026-04-29,188506744,142,Primo Securities (PVT) Ltd.,Siprabi Securities Pvt. Ltd.,2026-04-29 12:25:00.242736,Kumari Bank Limited
2026042901034393,KBL,11,22,300,218.7,65610.0,2026-04-29,188508040,142,Malla & Malla Stock Broking Company Pvt. Limited,Siprabi Securities Pvt. Ltd.,2026-04-29 12:26:11.991699,Kumari Bank Limited
2026042901035022,KBL,34,42,20,218.2,4364.0,2026-04-29,188509745,142,Vision Securities Pvt. Ltd,Sani Securities Company Ltd.,2026-04-29 12:28:17.171072,Kumari Bank Limited
2026042901035453,KBL,45,58,2000,218.4,436800.0,2026-04-29,188511005,142,Imperial Securities Company Pvt. Ltd.,Naasa Securities Co. Ltd.,2026-04-29 12:29:59.466648,Kumari Bank Limited
2026042901035546,KBL,1,4,54,218.6,11804.4,2026-04-29,188511230,142,Kumari Securities Private Limited,Opal Securities Investment (PVT) Ltd.,2026-04-29 12:30:04.281160,Kumari Bank Limited
2026042901035600,KBL,32,4,46,218.6,10055.6,2026-04-29,188511373,142,Premier Securities Company Ltd.,Opal Securities Investment (PVT) Ltd.,2026-04-29 12:30:27.457490,Kumari Bank Limited
2026042901035610,KBL,32,46,23,218.6,5027.8,2026-04-29,188511415,142,Premier Securities Company Ltd.,Kalika Securities Pvt. Ltd.,2026-04-29 12:30:31.787730,Kumari Bank Limited
2026042901035682,KBL,45,22,20,218.7,4374.0,2026-04-29,188511610,142,Imperial Securities Company Pvt. Ltd.,Siprabi Securities Pvt. Ltd.,2026-04-29 12:30:51.369839,Kumari Bank Limited
2026042901035769,KBL,57,22,470,218.7,102789.0,2026-04-29,188511861,142,Aryatara Investment & Securities,Siprabi Securities Pvt. Ltd.,2026-04-29 12:31:18.280206,Kumari Bank Limited
2026042901036035,KBL,58,45,10,219.0,2190.0,2026-04-29,188512526,142,Naasa Securities Co. Ltd.,Imperial Securities Company Pvt. Ltd.,2026-04-29 12:32:06.511668,Kumari Bank Limited
2026042901036159,KBL,41,58,500,219.0,109500.0,2026-04-29,188512828,142,Linch Stock Market Ltd.,Naasa Securities Co. Ltd.,2026-04-29 12:32:27.389932,Kumari Bank Limited
2026042901036829,KBL,42,58,90,219.0,19710.0,2026-04-29,188514410,142,Sani Securities Company Ltd.,Naasa Securities Co. Ltd.,2026-04-29 12:33:57.797263,Kumari Bank Limited
2026042901036883,KBL,50,58,1410,219.0,308790.0,2026-04-29,188514585,142,Cristal Kanchanjanga Securites Pvt. Ltd.,Naasa Securities Co. Ltd.,2026-04-29 12:34:10.154472,Kumari Bank Limited
2026042901036884,KBL,50,51,90,219.0,19710.0,2026-04-29,188514588,142,Cristal Kanchanjanga Securites Pvt. Ltd.,Oxford Securities Pvt. Ltd.,2026-04-29 12:34:10.155256,Kumari Bank Limited
2026042901037179,KBL,42,51,45,219.0,9855.0,2026-04-29,188515362,142,Sani Securities Company Ltd.,Oxford Securities Pvt. Ltd.,2026-04-29 12:35:05.548567,Kumari Bank Limited
2026042901037210,KBL,38,51,391,219.0,85629.0,2026-04-29,188515453,142,Dipshikha Dhitopatra Karobar Co. Pvt Ltd.,Oxford Securities Pvt. Ltd.,2026-04-29 12:35:18.502102,Kumari Bank Limited
2026042901037211,KBL,38,77,10,219.0,2190.0,2026-04-29,188515455,142,Dipshikha Dhitopatra Karobar Co. Pvt Ltd.,Nabil Stock Dealer Ltd.,2026-04-29 12:35:18.503813,Kumari Bank Limited
2026042901037212,KBL,38,51,1000,219.3,219300.0,2026-04-29,188515457,142,Dipshikha Dhitopatra Karobar Co. Pvt Ltd.,Oxford Securities Pvt. Ltd.,2026-04-29 12:35:18.505308,Kumari Bank Limited
2026042901037390,KBL,38,49,46,219.3,10087.8,2026-04-29,188515951,142,Dipshikha Dhitopatra Karobar Co. Pvt Ltd.,Online Securities Pvt. Ltd.,2026-04-29 12:36:17.756713,Kumari Bank Limited
2026042901037696,KBL,38,34,500,219.3,109650.0,2026-04-29,188516899,142,Dipshikha Dhitopatra Karobar Co. Pvt Ltd.,Vision Securities Pvt. Ltd,2026-04-29 12:37:43.270603,Kumari Bank Limited
2026042901037818,KBL,38,62,53,219.3,11622.9,2026-04-29,188517356,142,Dipshikha Dhitopatra Karobar Co. Pvt Ltd.,Capital Max Securities Ltd,2026-04-29 12:38:21.267877,Kumari Bank Limited
2026042901037819,KBL,6,62,13,219.3,2850.9,2026-04-29,188517358,142,Agrawal Securities (PVT) Ltd.,Capital Max Securities Ltd,2026-04-29 12:38:21.268572,Kumari Bank Limited
2026042901037820,KBL,42,62,300,219.0,65700.0,2026-04-29,188517360,142,Sani Securities Company Ltd.,Capital Max Securities Ltd,2026-04-29 12:38:21.269021,Kumari Bank Limited
2026042901037998,KBL,53,62,100,219.0,21900.0,2026-04-29,188517922,142,Investment Management Nepal Pvt. Ltd.,Capital Max Securities Ltd,2026-04-29 12:39:08.500250,Kumari Bank Limited
2026042901038116,KBL,57,22,30,218.7,6561.0,2026-04-29,188518358,142,Aryatara Investment & Securities,Siprabi Securities Pvt. Ltd.,2026-04-29 12:39:47.621188,Kumari Bank Limited
2026042901038117,KBL,32,22,31,218.6,6776.6,2026-04-29,188518360,142,Premier Securities Company Ltd.,Siprabi Securities Pvt. Ltd.,2026-04-29 12:39:47.621941,Kumari Bank Limited
2026042901038118,KBL,45,22,1000,218.4,218400.0,2026-04-29,188518362,142,Imperial Securities Company Pvt. Ltd.,Siprabi Securities Pvt. Ltd.,2026-04-29 12:39:47.622451,Kumari Bank Limited
2026042901038119,KBL,34,22,439,218.2,95789.8,2026-04-29,188518363,142,Vision Securities Pvt. Ltd,Siprabi Securities Pvt. Ltd.,2026-04-29 12:39:47.622886,Kumari Bank Limited
2026042901038178,KBL,34,38,41,218.2,8946.2,2026-04-29,188518620,142,Vision Securities Pvt. Ltd,Dipshikha Dhitopatra Karobar Co. Pvt Ltd.,2026-04-29 12:40:11.834077,Kumari Bank Limited
2026042901038179,KBL,58,38,20,218.0,4360.0,2026-04-29,188518622,142,Naasa Securities Co. Ltd.,Dipshikha Dhitopatra Karobar Co. Pvt Ltd.,2026-04-29 12:40:11.834760,Kumari Bank Limited
2026042901038180,KBL,28,38,50,218.0,10900.0,2026-04-29,188518624,142,Shree Krishna Securities Ltd.,Dipshikha Dhitopatra Karobar Co. Pvt Ltd.,2026-04-29 12:40:11.835206,Kumari Bank Limited
2026042901038181,KBL,22,38,500,218.0,109000.0,2026-04-29,188518626,142,Siprabi Securities Pvt. Ltd.,Dipshikha Dhitopatra Karobar Co. Pvt Ltd.,2026-04-29 12:40:11.835630,Kumari Bank Limited
2026042901038182,KBL,16,38,32,218.0,6976.0,2026-04-29,188518628,142,Primo Securities (PVT) Ltd.,Dipshikha Dhitopatra Karobar Co. Pvt Ltd.,2026-04-29 12:40:11.836062,Kumari Bank Limited
2026042901038183,KBL,44,38,100,218.0,21800.0,2026-04-29,188518630,142,Dynamic Money Managers Securities Pvt. Ltd.,Dipshikha Dhitopatra Karobar Co. Pvt Ltd.,2026-04-29 12:40:11.836485,Kumari Bank Limited
2026042901038184,KBL,47,38,257,218.0,56026.0,2026-04-29,188518631,142,Neev Securities Pvt. Ltd.,Dipshikha Dhitopatra Karobar Co. Pvt Ltd.,2026-04-29 12:40:11.836908,Kumari Bank Limited
2026042901038454,KBL,47,22,643,218.0,140174.0,2026-04-29,188519472,142,Neev Securities Pvt. Ltd.,Siprabi Securities Pvt. Ltd.,2026-04-29 12:41:28.119230,Kumari Bank Limited
2026042901038455,KBL,58,22,10,218.0,2180.0,2026-04-29,188519474,142,Naasa Securities Co. Ltd.,Siprabi Securities Pvt. Ltd.,2026-04-29 12:41:28.120883,Kumari Bank Limited
2026042901038456,KBL,41,22,50,217.9,10895.0,2026-04-29,188519476,142,Linch Stock Market Ltd.,Siprabi Securities Pvt. Ltd.,2026-04-29 12:41:28.122230,Kumari Bank Limited
2026042901038457,KBL,45,22,297,217.8,64686.6,2026-04-29,188519477,142,Imperial Securities Company Pvt. Ltd.,Siprabi Securities Pvt. Ltd.,2026-04-29 12:41:28.123540,Kumari Bank Limited
2026042901038776,KBL,11,49,10,218.0,2180.0,2026-04-29,188520545,142,Malla & Malla Stock Broking Company Pvt. Limited,Online Securities Pvt. Ltd.,2026-04-29 12:43:17.601986,Kumari Bank Limited
2026042901038879,KBL,11,57,10,218.0,2180.0,2026-04-29,188520837,142,Malla & Malla Stock Broking Company Pvt. Limited,Aryatara Investment & Securities,2026-04-29 12:43:51.541569,Kumari Bank Limited
2026042901039660,KBL,11,49,280,218.0,61040.0,2026-04-29,188523286,142,Malla & Malla Stock Broking Company Pvt. Limited,Online Securities Pvt. Ltd.,2026-04-29 12:48:49.411897,Kumari Bank Limited
2026042901039661,KBL,45,49,230,218.0,50140.0,2026-04-29,188523288,142,Imperial Securities Company Pvt. Ltd.,Online Securities Pvt. Ltd.,2026-04-29 12:48:49.413595,Kumari Bank Limited
2026042901039662,KBL,11,49,150,218.0,32700.0,2026-04-29,188523290,142,Malla & Malla Stock Broking Company Pvt. Limited,Online Securities Pvt. Ltd.,2026-04-29 12:48:49.414978,Kumari Bank Limited
2026042901039663,KBL,91,49,40,218.0,8720.0,2026-04-29,188523292,142,Citizens Share Broker Limited,Online Securities Pvt. Ltd.,2026-04-29 12:48:49.416363,Kumari Bank Limited
2026042901039664,KBL,28,49,300,217.9,65370.0,2026-04-29,188523293,142,Shree Krishna Securities Ltd.,Online Securities Pvt. Ltd.,2026-04-29 12:48:49.417732,Kumari Bank Limited
2026042901040087,KBL,95,44,150,218.0,32700.0,2026-04-29,188524904,142,Magnet Securities and Investment Company Private Limited,Dynamic Money Managers Securities Pvt. Ltd.,2026-04-29 12:51:22.048939,Kumari Bank Limited
2026042901040228,KBL,28,25,224,217.9,48809.6,2026-04-29,188525323,142,Shree Krishna Securities Ltd.,Sweta Securities Private Limited,2026-04-29 12:52:11.703533,Kumari Bank Limited
2026042901040319,KBL,56,44,30,218.0,6540.0,2026-04-29,188525578,142,Sri Hari Securities Pvt. Ltd.,Dynamic Money Managers Securities Pvt. Ltd.,2026-04-29 12:52:42.544703,Kumari Bank Limited
2026042901040454,KBL,44,44,50,218.0,10900.0,2026-04-29,188525960,142,Dynamic Money Managers Securities Pvt. Ltd.,Dynamic Money Managers Securities Pvt. Ltd.,2026-04-29 12:53:19.459356,Kumari Bank Limited
2026042901040505,KBL,65,44,50,218.0,10900.0,2026-04-29,188526114,142,Sharepro Securities Private Limited,Dynamic Money Managers Securities Pvt. Ltd.,2026-04-29 12:53:41.601151,Kumari Bank Limited
2026042901040568,KBL,44,44,50,218.0,10900.0,2026-04-29,188526305,142,Dynamic Money Managers Securities Pvt. Ltd.,Dynamic Money Managers Securities Pvt. Ltd.,2026-04-29 12:53:59.698089,Kumari Bank Limited
2026042901040723,KBL,58,49,8,218.0,1744.0,2026-04-29,188526779,142,Naasa Securities Co. Ltd.,Online Securities Pvt. Ltd.,2026-04-29 12:54:34.436938,Kumari Bank Limited
2026042901040876,KBL,32,44,1435,218.0,312830.0,2026-04-29,188527267,142,Premier Securities Company Ltd.,Dynamic Money Managers Securities Pvt. Ltd.,2026-04-29 12:55:32.789575,Kumari Bank Limited
2026042901040877,KBL,32,6,520,218.0,113360.0,2026-04-29,188527269,142,Premier Securities Company Ltd.,Agrawal Securities (PVT) Ltd.,2026-04-29 12:55:32.791451,Kumari Bank Limited
2026042901040881,KBL,32,49,45,218.0,9810.0,2026-04-29,188527284,142,Premier Securities Company Ltd.,Online Securities Pvt. Ltd.,2026-04-29 12:55:35.837236,Kumari Bank Limited
2026042901040887,KBL,28,4,450,217.9,98055.0,2026-04-29,188527309,142,Shree Krishna Securities Ltd.,Opal Securities Investment (PVT) Ltd.,2026-04-29 12:55:38.639325,Kumari Bank Limited
2026042901040937,KBL,39,49,55,218.0,11990.0,2026-04-29,188527451,142,Sumeru Securities Pvt. Ltd.,Online Securities Pvt. Ltd.,2026-04-29 12:56:00.189967,Kumari Bank Limited
2026042901041559,KBL,39,46,908,218.0,197944.0,2026-04-29,188529654,142,Sumeru Securities Pvt. Ltd.,Kalika Securities Pvt. Ltd.,2026-04-29 12:59:46.625494,Kumari Bank Limited
2026042901041560,KBL,52,46,55,218.0,11990.0,2026-04-29,188529656,142,Sundhara Securities Limited,Kalika Securities Pvt. Ltd.,2026-04-29 12:59:46.627436,Kumari Bank Limited
2026042901041561,KBL,62,46,10,218.0,2180.0,2026-04-29,188529658,142,Capital Max Securities Ltd,Kalika Securities Pvt. Ltd.,2026-04-29 12:59:46.628978,Kumari Bank Limited
2026042901041562,KBL,42,46,20,218.0,4360.0,2026-04-29,188529660,142,Sani Securities Company Ltd.,Kalika Securities Pvt. Ltd.,2026-04-29 12:59:46.630543,Kumari Bank Limited
2026042901041563,KBL,22,46,50,218.0,10900.0,2026-04-29,188529662,142,Siprabi Securities Pvt. Ltd.,Kalika Securities Pvt. Ltd.,2026-04-29 12:59:46.631781,Kumari Bank Limited
2026042901041564,KBL,17,46,957,218.0,208626.0,2026-04-29,188529663,142,ABC Securities Private Limited,Kalika Securities Pvt. Ltd.,2026-04-29 12:59:46.632274,Kumari Bank Limited
2026042901041894,KBL,17,58,43,218.0,9374.0,2026-04-29,188530670,142,ABC Securities Private Limited,Naasa Securities Co. Ltd.,2026-04-29 13:01:40.966291,Kumari Bank Limited
2026042901041895,KBL,32,58,1000,218.0,218000.0,2026-04-29,188530672,142,Premier Securities Company Ltd.,Naasa Securities Co. Ltd.,2026-04-29 13:01:40.967089,Kumari Bank Limited
2026042901041896,KBL,57,58,70,218.0,15260.0,2026-04-29,188530674,142,Aryatara Investment & Securities,Naasa Securities Co. Ltd.,2026-04-29 13:01:40.967586,Kumari Bank Limited
2026042901041897,KBL,49,58,200,218.0,43600.0,2026-04-29,188530676,142,Online Securities Pvt. Ltd.,Naasa Securities Co. Ltd.,2026-04-29 13:01:40.968081,Kumari Bank Limited
2026042901041898,KBL,28,58,26,217.9,5665.4,2026-04-29,188530678,142,Shree Krishna Securities Ltd.,Naasa Securities Co. Ltd.,2026-04-29 13:01:40.968561,Kumari Bank Limited
2026042901041899,KBL,21,58,45,217.9,9805.5,2026-04-29,188530680,142,Midas Stock Broking Company Private Limited,Naasa Securities Co. Ltd.,2026-04-29 13:01:40.969050,Kumari Bank Limited
2026042901041900,KBL,45,58,203,217.8,44213.4,2026-04-29,188530682,142,Imperial Securities Company Pvt. Ltd.,Naasa Securities Co. Ltd.,2026-04-29 13:01:40.969563,Kumari Bank Limited
2026042901041901,KBL,37,58,75,217.6,16320.0,2026-04-29,188530684,142,Swarna Laxmi Securities Pvt. Ltd.,Naasa Securities Co. Ltd.,2026-04-29 13:01:40.970054,Kumari Bank Limited
2026042901041902,KBL,11,58,100,217.6,21760.0,2026-04-29,188530686,142,Malla & Malla Stock Broking Company Pvt. Limited,Naasa Securities Co. Ltd.,2026-04-29 13:01:40.970541,Kumari Bank Limited
2026042901041903,KBL,58,58,30,217.5,6525.0,2026-04-29,188530688,142,Naasa Securities Co. Ltd.,Naasa Securities Co. Ltd.,2026-04-29 13:01:40.971033,Kumari Bank Limited
2026042901041904,KBL,34,58,635,217.5,138112.5,2026-04-29,188530690,142,Vision Securities Pvt. Ltd,Naasa Securities Co. Ltd.,2026-04-29 13:01:40.971515,Kumari Bank Limited
2026042901041905,KBL,42,58,500,217.5,108750.0,2026-04-29,188530692,142,Sani Securities Company Ltd.,Naasa Securities Co. Ltd.,2026-04-29 13:01:40.971993,Kumari Bank Limited
2026042901041906,KBL,17,58,285,217.1,61873.5,2026-04-29,188530694,142,ABC Securities Private Limited,Naasa Securities Co. Ltd.,2026-04-29 13:01:40.972494,Kumari Bank Limited
2026042901041907,KBL,48,58,200,217.1,43420.0,2026-04-29,188530696,142,Trishakti Securities Public Limited,Naasa Securities Co. Ltd.,2026-04-29 13:01:40.972976,Kumari Bank Limited
2026042901041908,KBL,58,58,312,217.1,67735.2,2026-04-29,188530698,142,Naasa Securities Co. Ltd.,Naasa Securities Co. Ltd.,2026-04-29 13:01:40.973458,Kumari Bank Limited
2026042901041909,KBL,43,58,300,217.1,65130.0,2026-04-29,188530700,142,South Asian Bulls Pvt. Ltd.,Naasa Securities Co. Ltd.,2026-04-29 13:01:40.973933,Kumari Bank Limited
2026042901041910,KBL,43,58,200,217.1,43420.0,2026-04-29,188530702,142,South Asian Bulls Pvt. Ltd.,Naasa Securities Co. Ltd.,2026-04-29 13:01:40.974428,Kumari Bank Limited
2026042901041911,KBL,51,58,200,217.0,43400.0,2026-04-29,188530704,142,Oxford Securities Pvt. Ltd.,Naasa Securities Co. Ltd.,2026-04-29 13:01:40.974906,Kumari Bank Limited
2026042901041912,KBL,56,58,10,217.0,2170.0,2026-04-29,188530706,142,Sri Hari Securities Pvt. Ltd.,Naasa Securities Co. Ltd.,2026-04-29 13:01:40.975388,Kumari Bank Limited
2026042901041913,KBL,56,58,10,217.0,2170.0,2026-04-29,188530708,142,Sri Hari Securities Pvt. Ltd.,Naasa Securities Co. Ltd.,2026-04-29 13:01:40.975869,Kumari Bank Limited
2026042901041914,KBL,94,58,500,217.0,108500.0,2026-04-29,188530710,142,K.B.L. Securities Limited ,Naasa Securities Co. Ltd.,2026-04-29 13:01:40.976352,Kumari Bank Limited
2026042901041915,KBL,49,58,10,217.0,2170.0,2026-04-29,188530712,142,Online Securities Pvt. Ltd.,Naasa Securities Co. Ltd.,2026-04-29 13:01:40.976829,Kumari Bank Limited
2026042901041916,KBL,17,58,500,217.0,108500.0,2026-04-29,188530714,142,ABC Securities Private Limited,Naasa Securities Co. Ltd.,2026-04-29 13:01:40.977308,Kumari Bank Limited
2026042901041917,KBL,57,58,70,217.0,15190.0,2026-04-29,188530716,142,Aryatara Investment & Securities,Naasa Securities Co. Ltd.,2026-04-29 13:01:40.977784,Kumari Bank Limited
2026042901041918,KBL,52,58,1000,217.0,217000.0,2026-04-29,188530718,142,Sundhara Securities Limited,Naasa Securities Co. Ltd.,2026-04-29 13:01:40.978260,Kumari Bank Limited
2026042901041919,KBL,3,58,1000,217.0,217000.0,2026-04-29,188530720,142,Arun Securities (PVT) Ltd.,Naasa Securities Co. Ltd.,2026-04-29 13:01:40.978761,Kumari Bank Limited
2026042901041920,KBL,32,58,1000,217.0,217000.0,2026-04-29,188530722,142,Premier Securities Company Ltd.,Naasa Securities Co. Ltd.,2026-04-29 13:01:40.979239,Kumari Bank Limited
2026042901041921,KBL,41,58,100,217.0,21700.0,2026-04-29,188530724,142,Linch Stock Market Ltd.,Naasa Securities Co. Ltd.,2026-04-29 13:01:40.979712,Kumari Bank Limited
2026042901041922,KBL,58,58,2000,217.0,434000.0,2026-04-29,188530726,142,Naasa Securities Co. Ltd.,Naasa Securities Co. Ltd.,2026-04-29 13:01:40.980189,Kumari Bank Limited
2026042901041923,KBL,49,58,300,217.0,65100.0,2026-04-29,188530728,142,Online Securities Pvt. Ltd.,Naasa Securities Co. Ltd.,2026-04-29 13:01:40.980665,Kumari Bank Limited
2026042901041924,KBL,7,58,1000,217.0,217000.0,2026-04-29,188530730,142,J.F. Securites (PVT) Ltd.,Naasa Securities Co. Ltd.,2026-04-29 13:01:40.981147,Kumari Bank Limited
2026042901041925,KBL,22,58,500,217.0,108500.0,2026-04-29,188530732,142,Siprabi Securities Pvt. Ltd.,Naasa Securities Co. Ltd.,2026-04-29 13:01:40.981625,Kumari Bank Limited
2026042901041926,KBL,32,58,50,217.0,10850.0,2026-04-29,188530734,142,Premier Securities Company Ltd.,Naasa Securities Co. Ltd.,2026-04-29 13:01:40.982106,Kumari Bank Limited
2026042901041927,KBL,42,58,30,217.0,6510.0,2026-04-29,188530736,142,Sani Securities Company Ltd.,Naasa Securities Co. Ltd.,2026-04-29 13:01:40.982577,Kumari Bank Limited
2026042901041928,KBL,34,58,100,217.0,21700.0,2026-04-29,188530738,142,Vision Securities Pvt. Ltd,Naasa Securities Co. Ltd.,2026-04-29 13:01:40.983058,Kumari Bank Limited
2026042901041929,KBL,5,58,500,217.0,108500.0,2026-04-29,188530740,142,Market Securities & Exchange (PVT) Ltd.,Naasa Securities Co. Ltd.,2026-04-29 13:01:40.983532,Kumari Bank Limited
2026042901041930,KBL,58,58,22,217.0,4774.0,2026-04-29,188530742,142,Naasa Securities Co. Ltd.,Naasa Securities Co. Ltd.,2026-04-29 13:01:40.984002,Kumari Bank Limited
2026042901041931,KBL,58,58,100,217.0,21700.0,2026-04-29,188530744,142,Naasa Securities Co. Ltd.,Naasa Securities Co. Ltd.,2026-04-29 13:01:40.984478,Kumari Bank Limited
2026042901041932,KBL,58,58,50,217.0,10850.0,2026-04-29,188530746,142,Naasa Securities Co. Ltd.,Naasa Securities Co. Ltd.,2026-04-29 13:01:40.984946,Kumari Bank Limited
2026042901041933,KBL,58,58,100,217.0,21700.0,2026-04-29,188530748,142,Naasa Securities Co. Ltd.,Naasa Securities Co. Ltd.,2026-04-29 13:01:40.985422,Kumari Bank Limited
2026042901041934,KBL,25,58,20,217.0,4340.0,2026-04-29,188530750,142,Sweta Securities Private Limited,Naasa Securities Co. Ltd.,2026-04-29 13:01:40.985893,Kumari Bank Limited
2026042901041935,KBL,44,58,100,217.0,21700.0,2026-04-29,188530752,142,Dynamic Money Managers Securities Pvt. Ltd.,Naasa Securities Co. Ltd.,2026-04-29 13:01:40.986365,Kumari Bank Limited
2026042901041936,KBL,29,58,1000,217.0,217000.0,2026-04-29,188530754,142,Trisul Securities & Invt. Ltd.,Naasa Securities Co. Ltd.,2026-04-29 13:01:40.986835,Kumari Bank Limited
2026042901041937,KBL,94,58,200,217.0,43400.0,2026-04-29,188530756,142,K.B.L. Securities Limited ,Naasa Securities Co. Ltd.,2026-04-29 13:01:40.987336,Kumari Bank Limited
2026042901041938,KBL,35,58,130,217.0,28210.0,2026-04-29,188530758,142,Kohinoor Investment & Securities Pvt. Ltd.,Naasa Securities Co. Ltd.,2026-04-29 13:01:40.987800,Kumari Bank Limited
2026042901041939,KBL,17,58,200,217.0,43400.0,2026-04-29,188530760,142,ABC Securities Private Limited,Naasa Securities Co. Ltd.,2026-04-29 13:01:40.988272,Kumari Bank Limited
2026042901041940,KBL,32,58,1000,217.0,217000.0,2026-04-29,188530762,142,Premier Securities Company Ltd.,Naasa Securities Co. Ltd.,2026-04-29 13:01:40.988737,Kumari Bank Limited
2026042901041941,KBL,45,58,10,217.0,2170.0,2026-04-29,188530764,142,Imperial Securities Company Pvt. Ltd.,Naasa Securities Co. Ltd.,2026-04-29 13:01:40.989209,Kumari Bank Limited
2026042901041993,KBL,11,58,45,217.0,9765.0,2026-04-29,188530968,142,Malla & Malla Stock Broking Company Pvt. Limited,Naasa Securities Co. Ltd.,2026-04-29 13:02:03.434241,Kumari Bank Limited
2026042901042156,KBL,52,58,100,217.0,21700.0,2026-04-29,188531560,142,Sundhara Securities Limited,Naasa Securities Co. Ltd.,2026-04-29 13:03:07.733651,Kumari Bank Limited
2026042901042168,KBL,53,58,260,216.6,56316.0,2026-04-29,188531600,142,Investment Management Nepal Pvt. Ltd.,Naasa Securities Co. Ltd.,2026-04-29 13:03:13.660037,Kumari Bank Limited
2026042901042169,KBL,95,58,125,216.5,27062.5,2026-04-29,188531602,142,Magnet Securities and Investment Company Private Limited,Naasa Securities Co. Ltd.,2026-04-29 13:03:13.660925,Kumari Bank Limited
2026042901042170,KBL,58,58,10,216.5,2165.0,2026-04-29,188531604,142,Naasa Securities Co. Ltd.,Naasa Securities Co. Ltd.,2026-04-29 13:03:13.661639,Kumari Bank Limited
2026042901042171,KBL,46,58,605,216.5,130982.5,2026-04-29,188531605,142,Kalika Securities Pvt. Ltd.,Naasa Securities Co. Ltd.,2026-04-29 13:03:13.662286,Kumari Bank Limited
2026042901042231,KBL,58,58,50,217.0,10850.0,2026-04-29,188531778,142,Naasa Securities Co. Ltd.,Naasa Securities Co. Ltd.,2026-04-29 13:03:34.427715,Kumari Bank Limited
2026042901042244,KBL,46,58,395,216.5,85517.5,2026-04-29,188531828,142,Kalika Securities Pvt. Ltd.,Naasa Securities Co. Ltd.,2026-04-29 13:03:39.759273,Kumari Bank Limited
2026042901042245,KBL,80,58,400,216.5,86600.0,2026-04-29,188531830,142,Indira securities pvt. ltd,Naasa Securities Co. Ltd.,2026-04-29 13:03:39.761006,Kumari Bank Limited
2026042901042291,KBL,94,58,50,216.5,10825.0,2026-04-29,188532076,142,K.B.L. Securities Limited ,Naasa Securities Co. Ltd.,2026-04-29 13:04:00.433291,Kumari Bank Limited
2026042901042339,KBL,48,58,100,216.5,21650.0,2026-04-29,188532230,142,Trishakti Securities Public Limited,Naasa Securities Co. Ltd.,2026-04-29 13:04:17.642342,Kumari Bank Limited
2026042901042402,KBL,17,58,55,216.5,11907.5,2026-04-29,188532405,142,ABC Securities Private Limited,Naasa Securities Co. Ltd.,2026-04-29 13:04:32.532599,Kumari Bank Limited
2026042901042534,KBL,43,19,4,211.5,846.0,2026-04-29,188532753,142,South Asian Bulls Pvt. Ltd.,Nepal Investment And Securities Trading Private Limited,2026-04-29 13:05:15.539837,Kumari Bank Limited
2026042901042594,KBL,51,58,200,216.8,43360.0,2026-04-29,188532972,142,Oxford Securities Pvt. Ltd.,Naasa Securities Co. Ltd.,2026-04-29 13:05:33.986568,Kumari Bank Limited
2026042901042612,KBL,6,58,23,216.8,4986.4,2026-04-29,188533072,142,Agrawal Securities (PVT) Ltd.,Naasa Securities Co. Ltd.,2026-04-29 13:05:41.466936,Kumari Bank Limited
2026042901042833,KBL,58,58,50,216.8,10840.0,2026-04-29,188533728,142,Naasa Securities Co. Ltd.,Naasa Securities Co. Ltd.,2026-04-29 13:06:45.996077,Kumari Bank Limited
2026042901042866,KBL,57,58,10,216.7,2167.0,2026-04-29,188533834,142,Aryatara Investment & Securities,Naasa Securities Co. Ltd.,2026-04-29 13:06:55.868307,Kumari Bank Limited
2026042901042867,KBL,58,58,45,216.6,9747.0,2026-04-29,188533836,142,Naasa Securities Co. Ltd.,Naasa Securities Co. Ltd.,2026-04-29 13:06:55.869091,Kumari Bank Limited
2026042901042868,KBL,17,58,15,216.5,3247.5,2026-04-29,188533838,142,ABC Securities Private Limited,Naasa Securities Co. Ltd.,2026-04-29 13:06:55.869683,Kumari Bank Limited
2026042901042869,KBL,58,58,300,216.5,64950.0,2026-04-29,188533840,142,Naasa Securities Co. Ltd.,Naasa Securities Co. Ltd.,2026-04-29 13:06:55.870299,Kumari Bank Limited
2026042901042928,KBL,29,58,500,216.5,108250.0,2026-04-29,188534040,142,Trisul Securities & Invt. Ltd.,Naasa Securities Co. Ltd.,2026-04-29 13:07:18.292927,Kumari Bank Limited
2026042901042986,KBL,80,6,267,216.4,57778.8,2026-04-29,188534203,142,Indira securities pvt. ltd,Agrawal Securities (PVT) Ltd.,2026-04-29 13:07:35.917169,Kumari Bank Limited
2026042901043067,KBL,80,58,133,216.4,28781.2,2026-04-29,188534454,142,Indira securities pvt. ltd,Naasa Securities Co. Ltd.,2026-04-29 13:08:03.023890,Kumari Bank Limited
2026042901043068,KBL,59,58,200,216.4,43280.0,2026-04-29,188534456,142,Deevyaa Securities & Stock House Pvt. Ltd,Naasa Securities Co. Ltd.,2026-04-29 13:08:03.024709,Kumari Bank Limited
2026042901043069,KBL,58,58,24,216.4,5193.6,2026-04-29,188534458,142,Naasa Securities Co. Ltd.,Naasa Securities Co. Ltd.,2026-04-29 13:08:03.025200,Kumari Bank Limited
2026042901043070,KBL,41,58,100,216.3,21630.0,2026-04-29,188534460,142,Linch Stock Market Ltd.,Naasa Securities Co. Ltd.,2026-04-29 13:08:03.025682,Kumari Bank Limited
2026042901043071,KBL,49,58,50,216.3,10815.0,2026-04-29,188534462,142,Online Securities Pvt. Ltd.,Naasa Securities Co. Ltd.,2026-04-29 13:08:03.026167,Kumari Bank Limited
2026042901043072,KBL,28,58,10,216.3,2163.0,2026-04-29,188534464,142,Shree Krishna Securities Ltd.,Naasa Securities Co. Ltd.,2026-04-29 13:08:03.026644,Kumari Bank Limited
2026042901043073,KBL,80,58,400,216.3,86520.0,2026-04-29,188534466,142,Indira securities pvt. ltd,Naasa Securities Co. Ltd.,2026-04-29 13:08:03.027117,Kumari Bank Limited
2026042901043074,KBL,7,58,213,216.3,46071.9,2026-04-29,188534467,142,J.F. Securites (PVT) Ltd.,Naasa Securities Co. Ltd.,2026-04-29 13:08:03.027595,Kumari Bank Limited
2026042901043178,KBL,7,58,287,216.3,62078.1,2026-04-29,188534802,142,J.F. Securites (PVT) Ltd.,Naasa Securities Co. Ltd.,2026-04-29 13:08:28.429424,Kumari Bank Limited
2026042901043179,KBL,42,58,10,216.2,2162.0,2026-04-29,188534804,142,Sani Securities Company Ltd.,Naasa Securities Co. Ltd.,2026-04-29 13:08:28.431367,Kumari Bank Limited
2026042901043180,KBL,80,58,400,216.2,86480.0,2026-04-29,188534806,142,Indira securities pvt. ltd,Naasa Securities Co. Ltd.,2026-04-29 13:08:28.432973,Kumari Bank Limited
2026042901043181,KBL,49,58,100,216.2,21620.0,2026-04-29,188534808,142,Online Securities Pvt. Ltd.,Naasa Securities Co. Ltd.,2026-04-29 13:08:28.434529,Kumari Bank Limited
2026042901043182,KBL,51,58,250,216.2,54050.0,2026-04-29,188534810,142,Oxford Securities Pvt. Ltd.,Naasa Securities Co. Ltd.,2026-04-29 13:08:28.436079,Kumari Bank Limited
2026042901043183,KBL,32,58,500,216.2,108100.0,2026-04-29,188534812,142,Premier Securities Company Ltd.,Naasa Securities Co. Ltd.,2026-04-29 13:08:28.437602,Kumari Bank Limited
2026042901043184,KBL,57,58,735,216.1,158833.5,2026-04-29,188534814,142,Aryatara Investment & Securities,Naasa Securities Co. Ltd.,2026-04-29 13:08:28.438178,Kumari Bank Limited
2026042901043185,KBL,57,58,10000,216.1,2161000.0,2026-04-29,188534816,142,Aryatara Investment & Securities,Naasa Securities Co. Ltd.,2026-04-29 13:08:28.438663,Kumari Bank Limited
2026042901043186,KBL,35,58,40,216.1,8644.0,2026-04-29,188534818,142,Kohinoor Investment & Securities Pvt. Ltd.,Naasa Securities Co. Ltd.,2026-04-29 13:08:28.439165,Kumari Bank Limited
2026042901043187,KBL,32,58,1000,216.1,216100.0,2026-04-29,188534820,142,Premier Securities Company Ltd.,Naasa Securities Co. Ltd.,2026-04-29 13:08:28.439657,Kumari Bank Limited
2026042901043188,KBL,13,58,500,216.1,108050.0,2026-04-29,188534822,142,Thrive Brokerage House Pvt. Ltd,Naasa Securities Co. Ltd.,2026-04-29 13:08:28.440158,Kumari Bank Limited
2026042901043189,KBL,80,58,600,216.1,129660.0,2026-04-29,188534824,142,Indira securities pvt. ltd,Naasa Securities Co. Ltd.,2026-04-29 13:08:28.440660,Kumari Bank Limited
2026042901043190,KBL,49,58,60,216.1,12966.0,2026-04-29,188534826,142,Online Securities Pvt. Ltd.,Naasa Securities Co. Ltd.,2026-04-29 13:08:28.441145,Kumari Bank Limited
2026042901043191,KBL,13,58,500,216.0,108000.0,2026-04-29,188534828,142,Thrive Brokerage House Pvt. Ltd,Naasa Securities Co. Ltd.,2026-04-29 13:08:28.441625,Kumari Bank Limited
2026042901043192,KBL,67,58,1000,216.0,216000.0,2026-04-29,188534830,142,Property Wiard Limited,Naasa Securities Co. Ltd.,2026-04-29 13:08:28.442127,Kumari Bank Limited
2026042901043193,KBL,34,58,500,216.0,108000.0,2026-04-29,188534832,142,Vision Securities Pvt. Ltd,Naasa Securities Co. Ltd.,2026-04-29 13:08:28.442626,Kumari Bank Limited
2026042901043194,KBL,38,58,50,216.0,10800.0,2026-04-29,188534834,142,Dipshikha Dhitopatra Karobar Co. Pvt Ltd.,Naasa Securities Co. Ltd.,2026-04-29 13:08:28.443114,Kumari Bank Limited
2026042901043195,KBL,39,58,1962,216.0,423792.0,2026-04-29,188534836,142,Sumeru Securities Pvt. Ltd.,Naasa Securities Co. Ltd.,2026-04-29 13:08:28.443593,Kumari Bank Limited
2026042901043196,KBL,19,58,500,216.0,108000.0,2026-04-29,188534838,142,Nepal Investment And Securities Trading Private Limited,Naasa Securities Co. Ltd.,2026-04-29 13:08:28.444092,Kumari Bank Limited
2026042901043197,KBL,50,58,500,216.0,108000.0,2026-04-29,188534840,142,Cristal Kanchanjanga Securites Pvt. Ltd.,Naasa Securities Co. Ltd.,2026-04-29 13:08:28.444567,Kumari Bank Limited
2026042901043198,KBL,42,58,10,216.0,2160.0,2026-04-29,188534842,142,Sani Securities Company Ltd.,Naasa Securities Co. Ltd.,2026-04-29 13:08:28.445047,Kumari Bank Limited
2026042901043199,KBL,34,58,100,216.0,21600.0,2026-04-29,188534844,142,Vision Securities Pvt. Ltd,Naasa Securities Co. Ltd.,2026-04-29 13:08:28.445537,Kumari Bank Limited
2026042901043200,KBL,49,58,242,216.0,52272.0,2026-04-29,188534846,142,Online Securities Pvt. Ltd.,Naasa Securities Co. Ltd.,2026-04-29 13:08:28.446026,Kumari Bank Limited
2026042901043201,KBL,58,58,200,216.0,43200.0,2026-04-29,188534848,142,Naasa Securities Co. Ltd.,Naasa Securities Co. Ltd.,2026-04-29 13:08:28.446495,Kumari Bank Limited
2026042901043202,KBL,22,58,2000,216.0,432000.0,2026-04-29,188534850,142,Siprabi Securities Pvt. Ltd.,Naasa Securities Co. Ltd.,2026-04-29 13:08:28.447000,Kumari Bank Limited
2026042901043203,KBL,25,58,1000,216.0,216000.0,2026-04-29,188534852,142,Sweta Securities Private Limited,Naasa Securities Co. Ltd.,2026-04-29 13:08:28.447476,Kumari Bank Limited
2026042901043204,KBL,49,58,150,216.0,32400.0,2026-04-29,188534854,142,Online Securities Pvt. Ltd.,Naasa Securities Co. Ltd.,2026-04-29 13:08:28.447946,Kumari Bank Limited
2026042901043205,KBL,28,58,300,216.0,64800.0,2026-04-29,188534856,142,Shree Krishna Securities Ltd.,Naasa Securities Co. Ltd.,2026-04-29 13:08:28.448441,Kumari Bank Limited
2026042901043206,KBL,32,58,300,216.0,64800.0,2026-04-29,188534858,142,Premier Securities Company Ltd.,Naasa Securities Co. Ltd.,2026-04-29 13:08:28.448924,Kumari Bank Limited
2026042901043207,KBL,49,58,140,216.0,30240.0,2026-04-29,188534860,142,Online Securities Pvt. Ltd.,Naasa Securities Co. Ltd.,2026-04-29 13:08:28.449404,Kumari Bank Limited
2026042901043208,KBL,32,58,50,216.0,10800.0,2026-04-29,188534862,142,Premier Securities Company Ltd.,Naasa Securities Co. Ltd.,2026-04-29 13:08:28.449868,Kumari Bank Limited
2026042901043209,KBL,47,58,5000,216.0,1080000.0,2026-04-29,188534864,142,Neev Securities Pvt. Ltd.,Naasa Securities Co. Ltd.,2026-04-29 13:08:28.450349,Kumari Bank Limited
2026042901043210,KBL,47,58,50,216.0,10800.0,2026-04-29,188534866,142,Neev Securities Pvt. Ltd.,Naasa Securities Co. Ltd.,2026-04-29 13:08:28.450837,Kumari Bank Limited
2026042901043211,KBL,11,58,100,216.0,21600.0,2026-04-29,188534868,142,Malla & Malla Stock Broking Company Pvt. Limited,Naasa Securities Co. Ltd.,2026-04-29 13:08:28.451356,Kumari Bank Limited
2026042901043212,KBL,4,58,500,216.0,108000.0,2026-04-29,188534870,142,Opal Securities Investment (PVT) Ltd.,Naasa Securities Co. Ltd.,2026-04-29 13:08:28.451823,Kumari Bank Limited
2026042901043213,KBL,7,58,500,216.0,108000.0,2026-04-29,188534872,142,J.F. Securites (PVT) Ltd.,Naasa Securities Co. Ltd.,2026-04-29 13:08:28.452289,Kumari Bank Limited
2026042901043214,KBL,45,58,20,216.0,4320.0,2026-04-29,188534875,142,Imperial Securities Company Pvt. Ltd.,Naasa Securities Co. Ltd.,2026-04-29 13:08:28.452766,Kumari Bank Limited
2026042901043215,KBL,66,58,1000,216.0,216000.0,2026-04-29,188534878,142,Miyo Securities Pvt Ltd,Naasa Securities Co. Ltd.,2026-04-29 13:08:28.453235,Kumari Bank Limited
2026042901043216,KBL,14,58,1000,216.0,216000.0,2026-04-29,188534880,142,Nepal Stock House (PVT) Ltd.,Naasa Securities Co. Ltd.,2026-04-29 13:08:28.453709,Kumari Bank Limited
2026042901043217,KBL,58,58,10,216.0,2160.0,2026-04-29,188534882,142,Naasa Securities Co. Ltd.,Naasa Securities Co. Ltd.,2026-04-29 13:08:28.454172,Kumari Bank Limited
2026042901043218,KBL,51,58,200,216.0,43200.0,2026-04-29,188534884,142,Oxford Securities Pvt. Ltd.,Naasa Securities Co. Ltd.,2026-04-29 13:08:28.454646,Kumari Bank Limited
2026042901043219,KBL,22,58,1000,216.0,216000.0,2026-04-29,188534886,142,Siprabi Securities Pvt. Ltd.,Naasa Securities Co. Ltd.,2026-04-29 13:08:28.455103,Kumari Bank Limited
2026042901043220,KBL,42,58,2000,216.0,432000.0,2026-04-29,188534888,142,Sani Securities Company Ltd.,Naasa Securities Co. Ltd.,2026-04-29 13:08:28.455575,Kumari Bank Limited
2026042901043221,KBL,4,58,3000,216.0,648000.0,2026-04-29,188534890,142,Opal Securities Investment (PVT) Ltd.,Naasa Securities Co. Ltd.,2026-04-29 13:08:28.456044,Kumari Bank Limited
2026042901043222,KBL,41,58,140,216.0,30240.0,2026-04-29,188534892,142,Linch Stock Market Ltd.,Naasa Securities Co. Ltd.,2026-04-29 13:08:28.456518,Kumari Bank Limited
2026042901043223,KBL,6,58,200,216.0,43200.0,2026-04-29,188534894,142,Agrawal Securities (PVT) Ltd.,Naasa Securities Co. Ltd.,2026-04-29 13:08:28.456972,Kumari Bank Limited
2026042901043224,KBL,62,58,500,216.0,108000.0,2026-04-29,188534896,142,Capital Max Securities Ltd,Naasa Securities Co. Ltd.,2026-04-29 13:08:28.457445,Kumari Bank Limited
2026042901043225,KBL,41,58,1000,216.0,216000.0,2026-04-29,188534898,142,Linch Stock Market Ltd.,Naasa Securities Co. Ltd.,2026-04-29 13:08:28.457897,Kumari Bank Limited
2026042901043226,KBL,42,58,20,216.0,4320.0,2026-04-29,188534900,142,Sani Securities Company Ltd.,Naasa Securities Co. Ltd.,2026-04-29 13:08:28.458391,Kumari Bank Limited
2026042901043227,KBL,80,58,400,216.0,86400.0,2026-04-29,188534902,142,Indira securities pvt. ltd,Naasa Securities Co. Ltd.,2026-04-29 13:08:28.458850,Kumari Bank Limited
2026042901043228,KBL,33,58,2000,216.0,432000.0,2026-04-29,188534904,142,Dakshinkali Investment & Securities Pvt. Ltd.,Naasa Securities Co. Ltd.,2026-04-29 13:08:28.459325,Kumari Bank Limited
2026042901043229,KBL,21,58,50,216.0,10800.0,2026-04-29,188534906,142,Midas Stock Broking Company Private Limited,Naasa Securities Co. Ltd.,2026-04-29 13:08:28.459792,Kumari Bank Limited
2026042901043230,KBL,58,58,455,216.0,98280.0,2026-04-29,188534908,142,Naasa Securities Co. Ltd.,Naasa Securities Co. Ltd.,2026-04-29 13:08:28.460271,Kumari Bank Limited
2026042901043231,KBL,19,58,500,216.0,108000.0,2026-04-29,188534910,142,Nepal Investment And Securities Trading Private Limited,Naasa Securities Co. Ltd.,2026-04-29 13:08:28.460723,Kumari Bank Limited
2026042901043232,KBL,57,58,100,216.0,21600.0,2026-04-29,188534912,142,Aryatara Investment & Securities,Naasa Securities Co. Ltd.,2026-04-29 13:08:28.461217,Kumari Bank Limited
2026042901043233,KBL,57,58,180,216.0,38880.0,2026-04-29,188534914,142,Aryatara Investment & Securities,Naasa Securities Co. Ltd.,2026-04-29 13:08:28.461674,Kumari Bank Limited
2026042901043234,KBL,46,58,630,216.0,136080.0,2026-04-29,188534916,142,Kalika Securities Pvt. Ltd.,Naasa Securities Co. Ltd.,2026-04-29 13:08:28.462125,Kumari Bank Limited
2026042901043235,KBL,61,58,500,216.0,108000.0,2026-04-29,188534918,142,BHOLE GANESH SECURITIES LTD,Naasa Securities Co. Ltd.,2026-04-29 13:08:28.462589,Kumari Bank Limited
2026042901043236,KBL,57,58,50,216.0,10800.0,2026-04-29,188534920,142,Aryatara Investment & Securities,Naasa Securities Co. Ltd.,2026-04-29 13:08:28.463097,Kumari Bank Limited
2026042901043237,KBL,28,58,100,216.0,21600.0,2026-04-29,188534922,142,Shree Krishna Securities Ltd.,Naasa Securities Co. Ltd.,2026-04-29 13:08:28.463557,Kumari Bank Limited
2026042901043238,KBL,52,58,350,216.0,75600.0,2026-04-29,188534924,142,Sundhara Securities Limited,Naasa Securities Co. Ltd.,2026-04-29 13:08:28.464004,Kumari Bank Limited
2026042901043239,KBL,57,58,100,216.0,21600.0,2026-04-29,188534926,142,Aryatara Investment & Securities,Naasa Securities Co. Ltd.,2026-04-29 13:08:28.464474,Kumari Bank Limited
2026042901043240,KBL,38,58,500,216.0,108000.0,2026-04-29,188534928,142,Dipshikha Dhitopatra Karobar Co. Pvt Ltd.,Naasa Securities Co. Ltd.,2026-04-29 13:08:28.464929,Kumari Bank Limited
2026042901043241,KBL,53,58,50,216.0,10800.0,2026-04-29,188534930,142,Investment Management Nepal Pvt. Ltd.,Naasa Securities Co. Ltd.,2026-04-29 13:08:28.465400,Kumari Bank Limited
2026042901043242,KBL,45,58,200,216.0,43200.0,2026-04-29,188534932,142,Imperial Securities Company Pvt. Ltd.,Naasa Securities Co. Ltd.,2026-04-29 13:08:28.465854,Kumari Bank Limited
2026042901043243,KBL,50,58,1000,216.0,216000.0,2026-04-29,188534934,142,Cristal Kanchanjanga Securites Pvt. Ltd.,Naasa Securities Co. Ltd.,2026-04-29 13:08:28.466302,Kumari Bank Limited
2026042901043244,KBL,7,58,280,216.0,60480.0,2026-04-29,188534936,142,J.F. Securites (PVT) Ltd.,Naasa Securities Co. Ltd.,2026-04-29 13:08:28.466760,Kumari Bank Limited
2026042901043245,KBL,45,58,1000,215.8,215800.0,2026-04-29,188534938,142,Imperial Securities Company Pvt. Ltd.,Naasa Securities Co. Ltd.,2026-04-29 13:08:28.467210,Kumari Bank Limited
2026042901043246,KBL,80,58,400,215.8,86320.0,2026-04-29,188534940,142,Indira securities pvt. ltd,Naasa Securities Co. Ltd.,2026-04-29 13:08:28.467695,Kumari Bank Limited
2026042901043247,KBL,80,58,400,215.8,86320.0,2026-04-29,188534942,142,Indira securities pvt. ltd,Naasa Securities Co. Ltd.,2026-04-29 13:08:28.468151,Kumari Bank Limited
2026042901043248,KBL,80,58,400,215.6,86240.0,2026-04-29,188534944,142,Indira securities pvt. ltd,Naasa Securities Co. Ltd.,2026-04-29 13:08:28.468633,Kumari Bank Limited
2026042901043249,KBL,80,58,400,215.6,86240.0,2026-04-29,188534946,142,Indira securities pvt. ltd,Naasa Securities Co. Ltd.,2026-04-29 13:08:28.469090,Kumari Bank Limited
2026042901043250,KBL,38,58,125,215.5,26937.5,2026-04-29,188534948,142,Dipshikha Dhitopatra Karobar Co. Pvt Ltd.,Naasa Securities Co. Ltd.,2026-04-29 13:08:28.469553,Kumari Bank Limited
2026042901043251,KBL,38,58,20,215.5,4310.0,2026-04-29,188534950,142,Dipshikha Dhitopatra Karobar Co. Pvt Ltd.,Naasa Securities Co. Ltd.,2026-04-29 13:08:28.470012,Kumari Bank Limited
2026042901043252,KBL,58,58,500,215.5,107750.0,2026-04-29,188534952,142,Naasa Securities Co. Ltd.,Naasa Securities Co. Ltd.,2026-04-29 13:08:28.470476,Kumari Bank Limited
2026042901043253,KBL,80,58,400,215.4,86160.0,2026-04-29,188534954,142,Indira securities pvt. ltd,Naasa Securities Co. Ltd.,2026-04-29 13:08:28.470918,Kumari Bank Limited
2026042901043254,KBL,80,58,400,215.4,86160.0,2026-04-29,188534956,142,Indira securities pvt. ltd,Naasa Securities Co. Ltd.,2026-04-29 13:08:28.471365,Kumari Bank Limited
2026042901043255,KBL,80,58,400,215.3,86120.0,2026-04-29,188534958,142,Indira securities pvt. ltd,Naasa Securities Co. Ltd.,2026-04-29 13:08:28.471864,Kumari Bank Limited
2026042901043256,KBL,34,58,50,215.2,10760.0,2026-04-29,188534960,142,Vision Securities Pvt. Ltd,Naasa Securities Co. Ltd.,2026-04-29 13:08:28.472333,Kumari Bank Limited
2026042901043257,KBL,80,58,400,215.2,86080.0,2026-04-29,188534962,142,Indira securities pvt. ltd,Naasa Securities Co. Ltd.,2026-04-29 13:08:28.472807,Kumari Bank Limited
2026042901043258,KBL,38,58,30,215.2,6456.0,2026-04-29,188534964,142,Dipshikha Dhitopatra Karobar Co. Pvt Ltd.,Naasa Securities Co. Ltd.,2026-04-29 13:08:28.473258,Kumari Bank Limited
2026042901043259,KBL,34,58,50,215.2,10760.0,2026-04-29,188534966,142,Vision Securities Pvt. Ltd,Naasa Securities Co. Ltd.,2026-04-29 13:08:28.473716,Kumari Bank Limited
2026042901043260,KBL,80,58,400,215.2,86080.0,2026-04-29,188534968,142,Indira securities pvt. ltd,Naasa Securities Co. Ltd.,2026-04-29 13:08:28.474166,Kumari Bank Limited
2026042901043261,KBL,57,58,200,215.1,43020.0,2026-04-29,188534970,142,Aryatara Investment & Securities,Naasa Securities Co. Ltd.,2026-04-29 13:08:28.474621,Kumari Bank Limited
2026042901043262,KBL,16,58,500,215.1,107550.0,2026-04-29,188534972,142,Primo Securities (PVT) Ltd.,Naasa Securities Co. Ltd.,2026-04-29 13:08:28.475086,Kumari Bank Limited
2026042901043263,KBL,82,58,40,215.0,8600.0,2026-04-29,188534974,142,N.M.B. SECURITIES LIMITED,Naasa Securities Co. Ltd.,2026-04-29 13:08:28.475542,Kumari Bank Limited
2026042901043264,KBL,58,58,10,215.0,2150.0,2026-04-29,188534976,142,Naasa Securities Co. Ltd.,Naasa Securities Co. Ltd.,2026-04-29 13:08:28.476001,Kumari Bank Limited
2026042901043265,KBL,89,58,460,215.0,98900.0,2026-04-29,188534978,142,Global IME Securities Limited,Naasa Securities Co. Ltd.,2026-04-29 13:08:28.476454,Kumari Bank Limited
2026042901043266,KBL,38,58,1000,215.0,215000.0,2026-04-29,188534980,142,Dipshikha Dhitopatra Karobar Co. Pvt Ltd.,Naasa Securities Co. Ltd.,2026-04-29 13:08:28.476909,Kumari Bank Limited
