contract_id,symbol,buyer_member_id,seller_member_id,volume,price,amount,buyer_broker,seller_broker,transaction_time
2026042901000089,KBL,77,1,220,223.0,49060.0,Nabil Stock Dealer Ltd.,Kumari Securities Private Limited,2026-04-29 11:00:26.920434
2026042901000110,KBL,77,21,170,223.0,37910.0,Nabil Stock Dealer Ltd.,Midas Stock Broking Company Private Limited,2026-04-29 11:00:29.592998
2026042901000111,KBL,11,21,30,223.0,6690.0,Malla & Malla Stock Broking Company Pvt. Limited,Midas Stock Broking Company Private Limited,2026-04-29 11:00:29.593362
2026042901000149,KBL,58,21,50,223.0,11150.0,Naasa Securities Co. Ltd.,Midas Stock Broking Company Private Limited,2026-04-29 11:00:43.463837
2026042901000183,KBL,49,21,10,222.5,2225.0,Online Securities Pvt. Ltd.,Midas Stock Broking Company Private Limited,2026-04-29 11:00:49.455219
2026042901000184,KBL,49,21,100,222.0,22200.0,Online Securities Pvt. Ltd.,Midas Stock Broking Company Private Limited,2026-04-29 11:00:49.455384
2026042901000283,KBL,53,74,500,221.0,110500.0,Investment Management Nepal Pvt. Ltd.,KALASH STOCK MARKET PVT. LTD.,2026-04-29 11:01:05.224782
2026042901000792,KBL,58,47,30,220.0,6600.0,Naasa Securities Co. Ltd.,Neev Securities Pvt. Ltd.,2026-04-29 11:02:06.315995
2026042901000793,KBL,57,47,470,220.0,103400.0,Aryatara Investment & Securities,Neev Securities Pvt. Ltd.,2026-04-29 11:02:06.316350
2026042901001063,KBL,57,48,85,220.0,18700.0,Aryatara Investment & Securities,Trishakti Securities Public Limited,2026-04-29 11:02:35.776316
2026042901001064,KBL,50,48,100,220.0,22000.0,Cristal Kanchanjanga Securites Pvt. Ltd.,Trishakti Securities Public Limited,2026-04-29 11:02:35.776701
2026042901001316,KBL,47,48,315,220.0,69300.0,Neev Securities Pvt. Ltd.,Trishakti Securities Public Limited,2026-04-29 11:02:57.753403
2026042901001360,KBL,47,34,248,220.0,54560.0,Neev Securities Pvt. Ltd.,Vision Securities Pvt. Ltd,2026-04-29 11:03:02.060284
2026042901001484,KBL,47,50,300,220.0,66000.0,Neev Securities Pvt. Ltd.,Cristal Kanchanjanga Securites Pvt. Ltd.,2026-04-29 11:03:18.280120
2026042901001551,KBL,47,36,137,220.0,30140.0,Neev Securities Pvt. Ltd.,Secured Securities Ltd.,2026-04-29 11:03:26.987432
2026042901001552,KBL,45,36,10,220.0,2200.0,Imperial Securities Company Pvt. Ltd.,Secured Securities Ltd.,2026-04-29 11:03:26.987615
2026042901001684,KBL,49,36,100,220.0,22000.0,Online Securities Pvt. Ltd.,Secured Securities Ltd.,2026-04-29 11:03:44.104598
2026042901002069,KBL,58,48,30,220.0,6600.0,Naasa Securities Co. Ltd.,Trishakti Securities Public Limited,2026-04-29 11:04:16.948440
2026042901002552,KBL,17,58,60,219.0,13140.0,ABC Securities Private Limited,Naasa Securities Co. Ltd.,2026-04-29 11:05:19.910573
2026042901002705,KBL,17,4,440,219.0,96360.0,ABC Securities Private Limited,Opal Securities Investment (PVT) Ltd.,2026-04-29 11:05:35.070653
2026042901002706,KBL,57,4,555,219.0,121545.0,Aryatara Investment & Securities,Opal Securities Investment (PVT) Ltd.,2026-04-29 11:05:35.071158
2026042901002917,KBL,50,43,100,219.0,21900.0,Cristal Kanchanjanga Securites Pvt. Ltd.,South Asian Bulls Pvt. Ltd.,2026-04-29 11:06:05.983769
2026042901002918,KBL,36,43,50,219.0,10950.0,Secured Securities Ltd.,South Asian Bulls Pvt. Ltd.,2026-04-29 11:06:05.984008
2026042901002919,KBL,46,43,465,219.0,101835.0,Kalika Securities Pvt. Ltd.,South Asian Bulls Pvt. Ltd.,2026-04-29 11:06:05.984128
2026042901003005,KBL,58,48,22,220.0,4840.0,Naasa Securities Co. Ltd.,Trishakti Securities Public Limited,2026-04-29 11:06:13.801938
2026042901003124,KBL,46,25,10,219.0,2190.0,Kalika Securities Pvt. Ltd.,Sweta Securities Private Limited,2026-04-29 11:06:23.954042
2026042901003157,KBL,46,44,12,219.0,2628.0,Kalika Securities Pvt. Ltd.,Dynamic Money Managers Securities Pvt. Ltd.,2026-04-29 11:06:26.968411
2026042901003634,KBL,46,1,513,219.0,112347.0,Kalika Securities Pvt. Ltd.,Kumari Securities Private Limited,2026-04-29 11:07:18.463278
2026042901003635,KBL,58,1,44,219.0,9636.0,Naasa Securities Co. Ltd.,Kumari Securities Private Limited,2026-04-29 11:07:18.463495
2026042901003636,KBL,50,1,143,219.0,31317.0,Cristal Kanchanjanga Securites Pvt. Ltd.,Kumari Securities Private Limited,2026-04-29 11:07:18.463621
2026042901003741,KBL,50,36,57,219.0,12483.0,Cristal Kanchanjanga Securites Pvt. Ltd.,Secured Securities Ltd.,2026-04-29 11:07:31.545606
2026042901003742,KBL,59,36,10,219.0,2190.0,Deevyaa Securities & Stock House Pvt. Ltd,Secured Securities Ltd.,2026-04-29 11:07:31.545871
2026042901003787,KBL,58,36,33,219.0,7227.0,Naasa Securities Co. Ltd.,Secured Securities Ltd.,2026-04-29 11:07:39.687568
2026042901003978,KBL,42,36,53,218.5,11580.5,Sani Securities Company Ltd.,Secured Securities Ltd.,2026-04-29 11:08:12.896507
2026042901004554,KBL,42,38,47,218.5,10269.5,Sani Securities Company Ltd.,Dipshikha Dhitopatra Karobar Co. Pvt Ltd.,2026-04-29 11:09:08.642206
2026042901004645,KBL,58,1,200,218.1,43620.0,Naasa Securities Co. Ltd.,Kumari Securities Private Limited,2026-04-29 11:09:16.261055
2026042901004786,KBL,22,54,500,218.0,109000.0,Siprabi Securities Pvt. Ltd.,Sewa Securities Pvt. Ltd.,2026-04-29 11:09:29.614255
2026042901004855,KBL,22,38,60,218.5,13110.0,Siprabi Securities Pvt. Ltd.,Dipshikha Dhitopatra Karobar Co. Pvt Ltd.,2026-04-29 11:09:39.881359
2026042901004856,KBL,74,38,11,218.5,2403.5,KALASH STOCK MARKET PVT. LTD.,Dipshikha Dhitopatra Karobar Co. Pvt Ltd.,2026-04-29 11:09:39.949305
2026042901005383,KBL,39,38,37,218.5,8084.5,Sumeru Securities Pvt. Ltd.,Dipshikha Dhitopatra Karobar Co. Pvt Ltd.,2026-04-29 11:10:36.939988
2026042901005759,KBL,49,88,40,218.1,8724.0,Online Securities Pvt. Ltd.,Blue Chip Securities Ltd,2026-04-29 11:11:07.359014
2026042901005773,KBL,49,21,95,218.1,20719.5,Online Securities Pvt. Ltd.,Midas Stock Broking Company Private Limited,2026-04-29 11:11:10.281038
2026042901005774,KBL,51,21,200,218.1,43620.0,Oxford Securities Pvt. Ltd.,Midas Stock Broking Company Private Limited,2026-04-29 11:11:10.281645
2026042901005775,KBL,22,21,1500,218.0,327000.0,Siprabi Securities Pvt. Ltd.,Midas Stock Broking Company Private Limited,2026-04-29 11:11:10.282072
2026042901005776,KBL,50,21,200,218.0,43600.0,Cristal Kanchanjanga Securites Pvt. Ltd.,Midas Stock Broking Company Private Limited,2026-04-29 11:11:10.282479
2026042901005777,KBL,57,21,222,218.0,48396.0,Aryatara Investment & Securities,Midas Stock Broking Company Private Limited,2026-04-29 11:11:10.282885
2026042901005778,KBL,50,21,200,218.0,43600.0,Cristal Kanchanjanga Securites Pvt. Ltd.,Midas Stock Broking Company Private Limited,2026-04-29 11:11:10.283287
2026042901005779,KBL,50,21,200,218.0,43600.0,Cristal Kanchanjanga Securites Pvt. Ltd.,Midas Stock Broking Company Private Limited,2026-04-29 11:11:10.283665
2026042901005780,KBL,50,21,100,218.0,21800.0,Cristal Kanchanjanga Securites Pvt. Ltd.,Midas Stock Broking Company Private Limited,2026-04-29 11:11:10.284081
2026042901005781,KBL,48,21,496,218.0,108128.0,Trishakti Securities Public Limited,Midas Stock Broking Company Private Limited,2026-04-29 11:11:10.284478
2026042901005782,KBL,42,21,200,218.0,43600.0,Sani Securities Company Ltd.,Midas Stock Broking Company Private Limited,2026-04-29 11:11:10.284872
2026042901005783,KBL,58,21,65,218.0,14170.0,Naasa Securities Co. Ltd.,Midas Stock Broking Company Private Limited,2026-04-29 11:11:10.285272
2026042901005784,KBL,38,21,500,218.0,109000.0,Dipshikha Dhitopatra Karobar Co. Pvt Ltd.,Midas Stock Broking Company Private Limited,2026-04-29 11:11:10.285661
2026042901005785,KBL,51,21,100,218.0,21800.0,Oxford Securities Pvt. Ltd.,Midas Stock Broking Company Private Limited,2026-04-29 11:11:10.286077
2026042901005786,KBL,52,21,20,218.0,4360.0,Sundhara Securities Limited,Midas Stock Broking Company Private Limited,2026-04-29 11:11:10.286458
2026042901005787,KBL,42,21,902,218.0,196636.0,Sani Securities Company Ltd.,Midas Stock Broking Company Private Limited,2026-04-29 11:11:10.286849
2026042901005945,KBL,57,4,50,218.8,10940.0,Aryatara Investment & Securities,Opal Securities Investment (PVT) Ltd.,2026-04-29 11:11:24.689606
2026042901006413,KBL,57,42,10,218.8,2188.0,Aryatara Investment & Securities,Sani Securities Company Ltd.,2026-04-29 11:12:08.417513
2026042901006965,KBL,57,94,39,218.8,8533.2,Aryatara Investment & Securities,K.B.L. Securities Limited ,2026-04-29 11:13:04.085631
2026042901007175,KBL,42,94,98,218.0,21364.0,Sani Securities Company Ltd.,K.B.L. Securities Limited ,2026-04-29 11:13:26.276553
2026042901007176,KBL,57,94,99,218.0,21582.0,Aryatara Investment & Securities,K.B.L. Securities Limited ,2026-04-29 11:13:26.276849
2026042901007177,KBL,43,94,164,218.0,35752.0,South Asian Bulls Pvt. Ltd.,K.B.L. Securities Limited ,2026-04-29 11:13:26.276999
2026042901008124,KBL,33,34,200,218.0,43600.0,Dakshinkali Investment & Securities Pvt. Ltd.,Vision Securities Pvt. Ltd,2026-04-29 11:14:55.985674
2026042901008125,KBL,42,34,200,218.0,43600.0,Sani Securities Company Ltd.,Vision Securities Pvt. Ltd,2026-04-29 11:14:55.985994
2026042901008270,KBL,57,34,30,218.0,6540.0,Aryatara Investment & Securities,Vision Securities Pvt. Ltd,2026-04-29 11:15:12.451630
2026042901009607,KBL,46,14,35,219.0,7665.0,Kalika Securities Pvt. Ltd.,Nepal Stock House (PVT) Ltd.,2026-04-29 11:17:18.398802
2026042901010132,KBL,58,1,63,219.9,13853.7,Naasa Securities Co. Ltd.,Kumari Securities Private Limited,2026-04-29 11:18:07.246992
2026042901011149,KBL,38,1,50,219.9,10995.0,Dipshikha Dhitopatra Karobar Co. Pvt Ltd.,Kumari Securities Private Limited,2026-04-29 11:19:50.676792
2026042901011179,KBL,46,57,122,219.0,26718.0,Kalika Securities Pvt. Ltd.,Aryatara Investment & Securities,2026-04-29 11:19:56.235791
2026042901011180,KBL,4,57,273,219.0,59787.0,Opal Securities Investment (PVT) Ltd.,Aryatara Investment & Securities,2026-04-29 11:19:56.236121
2026042901011181,KBL,51,57,50,219.0,10950.0,Oxford Securities Pvt. Ltd.,Aryatara Investment & Securities,2026-04-29 11:19:56.236299
2026042901011182,KBL,58,57,555,219.0,121545.0,Naasa Securities Co. Ltd.,Aryatara Investment & Securities,2026-04-29 11:19:56.236488
2026042901011381,KBL,58,1,25,219.9,5497.5,Naasa Securities Co. Ltd.,Kumari Securities Private Limited,2026-04-29 11:20:18.613877
2026042901012409,KBL,58,1,200,219.9,43980.0,Naasa Securities Co. Ltd.,Kumari Securities Private Limited,2026-04-29 11:22:05.031556
2026042901012435,KBL,42,1,162,219.9,35623.8,Sani Securities Company Ltd.,Kumari Securities Private Limited,2026-04-29 11:22:08.590656
2026042901012436,KBL,42,58,220,219.9,48378.0,Sani Securities Company Ltd.,Naasa Securities Co. Ltd.,2026-04-29 11:22:08.591410
2026042901012662,KBL,50,48,100,220.0,22000.0,Cristal Kanchanjanga Securites Pvt. Ltd.,Trishakti Securities Public Limited,2026-04-29 11:22:32.179869
2026042901012708,KBL,42,38,198,219.9,43540.2,Sani Securities Company Ltd.,Dipshikha Dhitopatra Karobar Co. Pvt Ltd.,2026-04-29 11:22:37.804254
2026042901013221,KBL,45,38,300,219.9,65970.0,Imperial Securities Company Pvt. Ltd.,Dipshikha Dhitopatra Karobar Co. Pvt Ltd.,2026-04-29 11:23:36.241190
2026042901013595,KBL,58,38,16,219.9,3518.4,Naasa Securities Co. Ltd.,Dipshikha Dhitopatra Karobar Co. Pvt Ltd.,2026-04-29 11:24:19.691062
2026042901014088,KBL,58,38,10,219.9,2199.0,Naasa Securities Co. Ltd.,Dipshikha Dhitopatra Karobar Co. Pvt Ltd.,2026-04-29 11:25:10.634253
2026042901014390,KBL,58,60,145,219.0,31755.0,Naasa Securities Co. Ltd.,Nagarik Stock Dealer ,2026-04-29 11:25:50.749161
2026042901014391,KBL,42,60,20,219.0,4380.0,Sani Securities Company Ltd.,Nagarik Stock Dealer ,2026-04-29 11:25:50.749534
2026042901014392,KBL,34,60,1500,219.0,328500.0,Vision Securities Pvt. Ltd,Nagarik Stock Dealer ,2026-04-29 11:25:50.749745
2026042901014393,KBL,14,60,335,219.0,73365.0,Nepal Stock House (PVT) Ltd.,Nagarik Stock Dealer ,2026-04-29 11:25:50.749939
2026042901014572,KBL,14,35,10,219.0,2190.0,Nepal Stock House (PVT) Ltd.,Kohinoor Investment & Securities Pvt. Ltd.,2026-04-29 11:26:16.448937
2026042901014573,KBL,14,4,5,219.0,1095.0,Nepal Stock House (PVT) Ltd.,Opal Securities Investment (PVT) Ltd.,2026-04-29 11:26:16.449228
2026042901014992,KBL,58,45,50,219.0,10950.0,Naasa Securities Co. Ltd.,Imperial Securities Company Pvt. Ltd.,2026-04-29 11:27:15.438178
2026042901015310,KBL,44,32,500,219.0,109500.0,Dynamic Money Managers Securities Pvt. Ltd.,Premier Securities Company Ltd.,2026-04-29 11:28:04.646918
2026042901015311,KBL,6,32,100,219.0,21900.0,Agrawal Securities (PVT) Ltd.,Premier Securities Company Ltd.,2026-04-29 11:28:04.647359
2026042901015312,KBL,59,32,50,219.0,10950.0,Deevyaa Securities & Stock House Pvt. Ltd,Premier Securities Company Ltd.,2026-04-29 11:28:04.647597
2026042901015313,KBL,3,32,98,219.0,21462.0,Arun Securities (PVT) Ltd.,Premier Securities Company Ltd.,2026-04-29 11:28:04.647873
2026042901015338,KBL,100,32,25,219.0,5475.0,Sunrise Securities Limited,Premier Securities Company Ltd.,2026-04-29 11:28:11.576522
2026042901015553,KBL,58,32,30,219.0,6570.0,Naasa Securities Co. Ltd.,Premier Securities Company Ltd.,2026-04-29 11:28:48.956291
2026042901015702,KBL,58,35,10,218.9,2189.0,Naasa Securities Co. Ltd.,Kohinoor Investment & Securities Pvt. Ltd.,2026-04-29 11:29:14.834948
2026042901016306,KBL,58,35,76,218.9,16636.4,Naasa Securities Co. Ltd.,Kohinoor Investment & Securities Pvt. Ltd.,2026-04-29 11:30:29.945326
2026042901016307,KBL,58,22,14,218.9,3064.6,Naasa Securities Co. Ltd.,Siprabi Securities Pvt. Ltd.,2026-04-29 11:30:29.945458
2026042901016404,KBL,58,32,200,219.0,43800.0,Naasa Securities Co. Ltd.,Premier Securities Company Ltd.,2026-04-29 11:30:44.235991
2026042901016785,KBL,54,26,500,218.7,109350.0,Sewa Securities Pvt. Ltd.,Asian Securities Private Ltd.,2026-04-29 11:31:51.081444
2026042901016786,KBL,6,26,200,218.6,43720.0,Agrawal Securities (PVT) Ltd.,Asian Securities Private Ltd.,2026-04-29 11:31:51.082347
2026042901016787,KBL,36,26,300,218.5,65550.0,Secured Securities Ltd.,Asian Securities Private Ltd.,2026-04-29 11:31:51.083012
2026042901016863,KBL,58,32,10,219.0,2190.0,Naasa Securities Co. Ltd.,Premier Securities Company Ltd.,2026-04-29 11:32:06.923889
2026042901017012,KBL,64,32,300,219.0,65700.0,SUN SECURITIES PVT LTD,Premier Securities Company Ltd.,2026-04-29 11:32:26.735743
2026042901017715,KBL,8,32,30,219.0,6570.0,Brilliant Securities Pvt. Ltd.,Premier Securities Company Ltd.,2026-04-29 11:34:11.718214
2026042901018264,KBL,36,49,100,218.5,21850.0,Secured Securities Ltd.,Online Securities Pvt. Ltd.,2026-04-29 11:35:22.500068
2026042901018265,KBL,56,49,95,218.5,20757.5,Sri Hari Securities Pvt. Ltd.,Online Securities Pvt. Ltd.,2026-04-29 11:35:22.500538
2026042901018266,KBL,58,49,10,218.5,2185.0,Naasa Securities Co. Ltd.,Online Securities Pvt. Ltd.,2026-04-29 11:35:22.500979
2026042901018267,KBL,45,49,100,218.5,21850.0,Imperial Securities Company Pvt. Ltd.,Online Securities Pvt. Ltd.,2026-04-29 11:35:22.501400
2026042901018268,KBL,58,49,91,218.4,19874.4,Naasa Securities Co. Ltd.,Online Securities Pvt. Ltd.,2026-04-29 11:35:22.501752
2026042901018269,KBL,58,49,200,218.3,43660.0,Naasa Securities Co. Ltd.,Online Securities Pvt. Ltd.,2026-04-29 11:35:22.502103
2026042901018270,KBL,82,49,1000,218.2,218200.0,N.M.B. SECURITIES LIMITED,Online Securities Pvt. Ltd.,2026-04-29 11:35:22.502434
2026042901018479,KBL,44,74,50,218.1,10905.0,Dynamic Money Managers Securities Pvt. Ltd.,KALASH STOCK MARKET PVT. LTD.,2026-04-29 11:35:55.889882
2026042901018609,KBL,19,49,50,218.2,10910.0,Nepal Investment And Securities Trading Private Limited,Online Securities Pvt. Ltd.,2026-04-29 11:36:15.783202
2026042901018884,KBL,34,49,50,218.2,10910.0,Vision Securities Pvt. Ltd,Online Securities Pvt. Ltd.,2026-04-29 11:37:06.165080
2026042901018950,KBL,34,49,50,218.2,10910.0,Vision Securities Pvt. Ltd,Online Securities Pvt. Ltd.,2026-04-29 11:37:21.884838
2026042901019206,KBL,44,57,100,218.1,21810.0,Dynamic Money Managers Securities Pvt. Ltd.,Aryatara Investment & Securities,2026-04-29 11:38:07.020085
2026042901019207,KBL,58,57,42,218.1,9160.2,Naasa Securities Co. Ltd.,Aryatara Investment & Securities,2026-04-29 11:38:07.021062
2026042901019208,KBL,66,57,58,218.1,12649.8,Miyo Securities Pvt Ltd,Aryatara Investment & Securities,2026-04-29 11:38:07.021799
2026042901019261,KBL,32,49,200,218.2,43640.0,Premier Securities Company Ltd.,Online Securities Pvt. Ltd.,2026-04-29 11:38:14.495408
2026042901019442,KBL,57,49,54,218.2,11782.8,Aryatara Investment & Securities,Online Securities Pvt. Ltd.,2026-04-29 11:38:46.399538
2026042901019631,KBL,57,87,76,218.2,16583.2,Aryatara Investment & Securities,S.P.S.A. Securities Limited,2026-04-29 11:39:21.399705
2026042901019632,KBL,58,87,30,218.2,6546.0,Naasa Securities Co. Ltd.,S.P.S.A. Securities Limited,2026-04-29 11:39:21.400222
2026042901019633,KBL,66,87,1942,218.1,423550.2,Miyo Securities Pvt Ltd,S.P.S.A. Securities Limited,2026-04-29 11:39:21.400485
2026042901019634,KBL,57,87,1970,218.0,429460.0,Aryatara Investment & Securities,S.P.S.A. Securities Limited,2026-04-29 11:39:21.400771
2026042901019635,KBL,51,87,30,218.0,6540.0,Oxford Securities Pvt. Ltd.,S.P.S.A. Securities Limited,2026-04-29 11:39:21.401064
2026042901019636,KBL,50,87,500,218.0,109000.0,Cristal Kanchanjanga Securites Pvt. Ltd.,S.P.S.A. Securities Limited,2026-04-29 11:39:21.401341
2026042901019637,KBL,51,87,200,218.0,43600.0,Oxford Securities Pvt. Ltd.,S.P.S.A. Securities Limited,2026-04-29 11:39:21.401606
2026042901019638,KBL,57,87,100,218.0,21800.0,Aryatara Investment & Securities,S.P.S.A. Securities Limited,2026-04-29 11:39:21.401870
2026042901019639,KBL,50,87,200,218.0,43600.0,Cristal Kanchanjanga Securites Pvt. Ltd.,S.P.S.A. Securities Limited,2026-04-29 11:39:21.402175
2026042901019640,KBL,77,87,50,218.0,10900.0,Nabil Stock Dealer Ltd.,S.P.S.A. Securities Limited,2026-04-29 11:39:21.402460
2026042901019641,KBL,45,87,400,218.0,87200.0,Imperial Securities Company Pvt. Ltd.,S.P.S.A. Securities Limited,2026-04-29 11:39:21.402744
2026042901019642,KBL,34,87,100,218.0,21800.0,Vision Securities Pvt. Ltd,S.P.S.A. Securities Limited,2026-04-29 11:39:21.402992
2026042901019643,KBL,74,87,70,218.0,15260.0,KALASH STOCK MARKET PVT. LTD.,S.P.S.A. Securities Limited,2026-04-29 11:39:21.403258
2026042901019644,KBL,94,87,138,218.0,30084.0,K.B.L. Securities Limited ,S.P.S.A. Securities Limited,2026-04-29 11:39:21.403541
2026042901019645,KBL,53,87,100,218.0,21800.0,Investment Management Nepal Pvt. Ltd.,S.P.S.A. Securities Limited,2026-04-29 11:39:21.403797
2026042901019646,KBL,48,87,496,218.0,108128.0,Trishakti Securities Public Limited,S.P.S.A. Securities Limited,2026-04-29 11:39:21.404102
2026042901019647,KBL,89,87,10,218.0,2180.0,Global IME Securities Limited,S.P.S.A. Securities Limited,2026-04-29 11:39:21.404381
2026042901019648,KBL,36,87,140,218.0,30520.0,Secured Securities Ltd.,S.P.S.A. Securities Limited,2026-04-29 11:39:21.404642
2026042901019649,KBL,34,87,25,218.0,5450.0,Vision Securities Pvt. Ltd,S.P.S.A. Securities Limited,2026-04-29 11:39:21.404929
2026042901019650,KBL,57,87,500,218.0,109000.0,Aryatara Investment & Securities,S.P.S.A. Securities Limited,2026-04-29 11:39:21.405253
2026042901019689,KBL,58,87,30,218.0,6540.0,Naasa Securities Co. Ltd.,S.P.S.A. Securities Limited,2026-04-29 11:39:25.824143
2026042901020530,KBL,57,63,21,217.9,4575.9,Aryatara Investment & Securities,Himalayan Brokerage Company Limited,2026-04-29 11:41:48.512172
2026042901020607,KBL,57,45,78,217.9,16996.2,Aryatara Investment & Securities,Imperial Securities Company Pvt. Ltd.,2026-04-29 11:41:59.753775
2026042901020608,KBL,51,45,200,217.9,43580.0,Oxford Securities Pvt. Ltd.,Imperial Securities Company Pvt. Ltd.,2026-04-29 11:41:59.753817
2026042901020609,KBL,57,45,99,217.8,21562.2,Aryatara Investment & Securities,Imperial Securities Company Pvt. Ltd.,2026-04-29 11:41:59.753846
2026042901020610,KBL,50,45,100,217.8,21780.0,Cristal Kanchanjanga Securites Pvt. Ltd.,Imperial Securities Company Pvt. Ltd.,2026-04-29 11:41:59.753894
2026042901020611,KBL,57,45,99,217.6,21542.4,Aryatara Investment & Securities,Imperial Securities Company Pvt. Ltd.,2026-04-29 11:41:59.753928
2026042901020612,KBL,38,45,50,217.5,10875.0,Dipshikha Dhitopatra Karobar Co. Pvt Ltd.,Imperial Securities Company Pvt. Ltd.,2026-04-29 11:41:59.753954
2026042901020613,KBL,51,45,200,217.5,43500.0,Oxford Securities Pvt. Ltd.,Imperial Securities Company Pvt. Ltd.,2026-04-29 11:41:59.753982
2026042901020614,KBL,57,45,99,217.5,21532.5,Aryatara Investment & Securities,Imperial Securities Company Pvt. Ltd.,2026-04-29 11:41:59.754008
2026042901020615,KBL,11,45,100,217.5,21750.0,Malla & Malla Stock Broking Company Pvt. Limited,Imperial Securities Company Pvt. Ltd.,2026-04-29 11:41:59.754064
2026042901020616,KBL,32,45,225,217.5,48937.5,Premier Securities Company Ltd.,Imperial Securities Company Pvt. Ltd.,2026-04-29 11:41:59.754089
2026042901020667,KBL,32,58,75,217.5,16312.5,Premier Securities Company Ltd.,Naasa Securities Co. Ltd.,2026-04-29 11:42:10.226359
2026042901020949,KBL,38,62,24,218.0,5232.0,Dipshikha Dhitopatra Karobar Co. Pvt Ltd.,Capital Max Securities Ltd,2026-04-29 11:43:16.314459
2026042901020950,KBL,38,26,287,218.0,62566.0,Dipshikha Dhitopatra Karobar Co. Pvt Ltd.,Asian Securities Private Ltd.,2026-04-29 11:43:16.315463
2026042901020984,KBL,58,26,13,218.0,2834.0,Naasa Securities Co. Ltd.,Asian Securities Private Ltd.,2026-04-29 11:43:27.949974
2026042901021318,KBL,87,26,450,218.0,98100.0,S.P.S.A. Securities Limited,Asian Securities Private Ltd.,2026-04-29 11:44:34.842559
2026042901021506,KBL,51,26,250,218.0,54500.0,Oxford Securities Pvt. Ltd.,Asian Securities Private Ltd.,2026-04-29 11:45:19.970347
2026042901021507,KBL,51,32,750,218.0,163500.0,Oxford Securities Pvt. Ltd.,Premier Securities Company Ltd.,2026-04-29 11:45:19.971352
2026042901021723,KBL,42,32,108,218.0,23544.0,Sani Securities Company Ltd.,Premier Securities Company Ltd.,2026-04-29 11:45:57.450669
2026042901021931,KBL,57,32,500,218.0,109000.0,Aryatara Investment & Securities,Premier Securities Company Ltd.,2026-04-29 11:46:28.440308
2026042901022102,KBL,32,32,50,218.0,10900.0,Premier Securities Company Ltd.,Premier Securities Company Ltd.,2026-04-29 11:46:59.340123
2026042901022385,KBL,58,34,10,217.8,2178.0,Naasa Securities Co. Ltd.,Vision Securities Pvt. Ltd,2026-04-29 11:47:55.251169
2026042901022386,KBL,32,34,200,217.7,43540.0,Premier Securities Company Ltd.,Vision Securities Pvt. Ltd,2026-04-29 11:47:55.252297
2026042901022387,KBL,58,34,38,217.7,8272.6,Naasa Securities Co. Ltd.,Vision Securities Pvt. Ltd,2026-04-29 11:47:55.253144
2026042901022388,KBL,34,34,50,217.6,10880.0,Vision Securities Pvt. Ltd,Vision Securities Pvt. Ltd,2026-04-29 11:47:55.253972
2026042901022389,KBL,45,34,333,217.6,72460.8,Imperial Securities Company Pvt. Ltd.,Vision Securities Pvt. Ltd,2026-04-29 11:47:55.254802
2026042901022681,KBL,95,58,100,217.7,21770.0,Magnet Securities and Investment Company Private Limited,Naasa Securities Co. Ltd.,2026-04-29 11:49:07.445301
2026042901022805,KBL,95,56,100,217.7,21770.0,Magnet Securities and Investment Company Private Limited,Sri Hari Securities Pvt. Ltd.,2026-04-29 11:49:37.653146
2026042901022806,KBL,45,56,600,217.6,130560.0,Imperial Securities Company Pvt. Ltd.,Sri Hari Securities Pvt. Ltd.,2026-04-29 11:49:37.654340
2026042901022883,KBL,45,87,67,217.6,14579.2,Imperial Securities Company Pvt. Ltd.,S.P.S.A. Securities Limited,2026-04-29 11:49:52.283188
2026042901022884,KBL,33,87,100,217.6,21760.0,Dakshinkali Investment & Securities Pvt. Ltd.,S.P.S.A. Securities Limited,2026-04-29 11:49:52.283728
2026042901022923,KBL,32,87,200,217.5,43500.0,Premier Securities Company Ltd.,S.P.S.A. Securities Limited,2026-04-29 11:50:05.594211
2026042901022924,KBL,34,87,333,217.5,72427.5,Vision Securities Pvt. Ltd,S.P.S.A. Securities Limited,2026-04-29 11:50:05.594754
2026042901023056,KBL,34,52,600,217.5,130500.0,Vision Securities Pvt. Ltd,Sundhara Securities Limited,2026-04-29 11:50:30.036077
2026042901023160,KBL,34,25,67,217.5,14572.5,Vision Securities Pvt. Ltd,Sweta Securities Private Limited,2026-04-29 11:50:48.658222
2026042901023161,KBL,29,25,163,217.5,35452.5,Trisul Securities & Invt. Ltd.,Sweta Securities Private Limited,2026-04-29 11:50:48.659378
2026042901023190,KBL,17,49,50,217.8,10890.0,ABC Securities Private Limited,Online Securities Pvt. Ltd.,2026-04-29 11:50:53.510299
2026042901023191,KBL,17,32,249,218.0,54282.0,ABC Securities Private Limited,Premier Securities Company Ltd.,2026-04-29 11:50:53.511455
2026042901023192,KBL,17,17,10,218.0,2180.0,ABC Securities Private Limited,ABC Securities Private Limited,2026-04-29 11:50:53.512332
2026042901023193,KBL,17,58,50,218.0,10900.0,ABC Securities Private Limited,Naasa Securities Co. Ltd.,2026-04-29 11:50:53.513221
2026042901023576,KBL,17,22,641,218.0,139738.0,ABC Securities Private Limited,Siprabi Securities Pvt. Ltd.,2026-04-29 11:51:52.412239
2026042901023577,KBL,48,22,496,218.0,108128.0,Trishakti Securities Public Limited,Siprabi Securities Pvt. Ltd.,2026-04-29 11:51:52.413374
2026042901024284,KBL,42,48,15,218.0,3270.0,Sani Securities Company Ltd.,Trishakti Securities Public Limited,2026-04-29 11:53:55.791657
2026042901024376,KBL,60,48,50,218.0,10900.0,Nagarik Stock Dealer ,Trishakti Securities Public Limited,2026-04-29 11:54:14.647868
2026042901024456,KBL,58,48,15,218.0,3270.0,Naasa Securities Co. Ltd.,Trishakti Securities Public Limited,2026-04-29 11:54:36.791346
2026042901024578,KBL,29,48,420,218.0,91560.0,Trisul Securities & Invt. Ltd.,Trishakti Securities Public Limited,2026-04-29 11:54:59.431709
2026042901024892,KBL,6,87,500,218.5,109250.0,Agrawal Securities (PVT) Ltd.,S.P.S.A. Securities Limited,2026-04-29 11:56:02.174288
2026042901024933,KBL,41,57,130,218.1,28353.0,Linch Stock Market Ltd.,Aryatara Investment & Securities,2026-04-29 11:56:09.612016
2026042901025026,KBL,58,87,25,218.5,5462.5,Naasa Securities Co. Ltd.,S.P.S.A. Securities Limited,2026-04-29 11:56:33.282122
2026042901025087,KBL,52,21,45,218.1,9814.5,Sundhara Securities Limited,Midas Stock Broking Company Private Limited,2026-04-29 11:56:46.138519
2026042901025088,KBL,34,21,20,217.8,4356.0,Vision Securities Pvt. Ltd,Midas Stock Broking Company Private Limited,2026-04-29 11:56:46.139083
2026042901025089,KBL,41,21,100,217.5,21750.0,Linch Stock Market Ltd.,Midas Stock Broking Company Private Limited,2026-04-29 11:56:46.139393
2026042901025090,KBL,34,21,400,217.5,87000.0,Vision Securities Pvt. Ltd,Midas Stock Broking Company Private Limited,2026-04-29 11:56:46.139688
2026042901025091,KBL,57,21,55,217.4,11957.0,Aryatara Investment & Securities,Midas Stock Broking Company Private Limited,2026-04-29 11:56:46.139982
2026042901025092,KBL,47,21,2000,217.4,434800.0,Neev Securities Pvt. Ltd.,Midas Stock Broking Company Private Limited,2026-04-29 11:56:46.140291
2026042901025093,KBL,41,21,250,217.3,54325.0,Linch Stock Market Ltd.,Midas Stock Broking Company Private Limited,2026-04-29 11:56:46.140594
2026042901025094,KBL,66,21,2000,217.3,434600.0,Miyo Securities Pvt Ltd,Midas Stock Broking Company Private Limited,2026-04-29 11:56:46.140894
2026042901025095,KBL,47,21,2000,217.3,434600.0,Neev Securities Pvt. Ltd.,Midas Stock Broking Company Private Limited,2026-04-29 11:56:46.141194
2026042901025096,KBL,6,21,3000,217.2,651600.0,Agrawal Securities (PVT) Ltd.,Midas Stock Broking Company Private Limited,2026-04-29 11:56:46.141498
2026042901025097,KBL,47,21,130,217.2,28236.0,Neev Securities Pvt. Ltd.,Midas Stock Broking Company Private Limited,2026-04-29 11:56:46.141794
2026042901025260,KBL,47,21,1870,217.2,406164.0,Neev Securities Pvt. Ltd.,Midas Stock Broking Company Private Limited,2026-04-29 11:57:12.592587
2026042901025261,KBL,96,21,25,217.1,5427.5,Himalayan Securities Limited,Midas Stock Broking Company Private Limited,2026-04-29 11:57:12.593137
2026042901025262,KBL,47,21,2000,217.1,434200.0,Neev Securities Pvt. Ltd.,Midas Stock Broking Company Private Limited,2026-04-29 11:57:12.593442
2026042901025263,KBL,90,21,10,217.0,2170.0,Sajilo Broker Limited,Midas Stock Broking Company Private Limited,2026-04-29 11:57:12.593767
2026042901025264,KBL,25,21,100,217.0,21700.0,Sweta Securities Private Limited,Midas Stock Broking Company Private Limited,2026-04-29 11:57:12.594072
2026042901025265,KBL,50,21,200,217.0,43400.0,Cristal Kanchanjanga Securites Pvt. Ltd.,Midas Stock Broking Company Private Limited,2026-04-29 11:57:12.594371
2026042901025266,KBL,32,21,300,217.0,65100.0,Premier Securities Company Ltd.,Midas Stock Broking Company Private Limited,2026-04-29 11:57:12.594674
2026042901025267,KBL,38,21,50,217.0,10850.0,Dipshikha Dhitopatra Karobar Co. Pvt Ltd.,Midas Stock Broking Company Private Limited,2026-04-29 11:57:12.594969
2026042901025268,KBL,42,21,25,217.0,5425.0,Sani Securities Company Ltd.,Midas Stock Broking Company Private Limited,2026-04-29 11:57:12.595270
2026042901025269,KBL,16,21,25,217.0,5425.0,Primo Securities (PVT) Ltd.,Midas Stock Broking Company Private Limited,2026-04-29 11:57:12.595567
2026042901025270,KBL,66,21,1000,217.0,217000.0,Miyo Securities Pvt Ltd,Midas Stock Broking Company Private Limited,2026-04-29 11:57:12.595861
2026042901025271,KBL,4,21,10,217.0,2170.0,Opal Securities Investment (PVT) Ltd.,Midas Stock Broking Company Private Limited,2026-04-29 11:57:12.596163
2026042901025272,KBL,6,21,500,217.0,108500.0,Agrawal Securities (PVT) Ltd.,Midas Stock Broking Company Private Limited,2026-04-29 11:57:12.596458
2026042901025273,KBL,39,21,200,217.0,43400.0,Sumeru Securities Pvt. Ltd.,Midas Stock Broking Company Private Limited,2026-04-29 11:57:12.596765
2026042901025274,KBL,57,21,50,217.0,10850.0,Aryatara Investment & Securities,Midas Stock Broking Company Private Limited,2026-04-29 11:57:12.597065
2026042901025275,KBL,47,21,2000,217.0,434000.0,Neev Securities Pvt. Ltd.,Midas Stock Broking Company Private Limited,2026-04-29 11:57:12.597356
2026042901025276,KBL,43,21,100,217.0,21700.0,South Asian Bulls Pvt. Ltd.,Midas Stock Broking Company Private Limited,2026-04-29 11:57:12.597648
2026042901025277,KBL,80,21,400,217.0,86800.0,Indira securities pvt. ltd,Midas Stock Broking Company Private Limited,2026-04-29 11:57:12.597941
2026042901025278,KBL,13,21,200,217.0,43400.0,Thrive Brokerage House Pvt. Ltd,Midas Stock Broking Company Private Limited,2026-04-29 11:57:12.598251
2026042901025279,KBL,79,21,50,217.0,10850.0,pahiinvestment,Midas Stock Broking Company Private Limited,2026-04-29 11:57:12.598543
2026042901025280,KBL,45,21,885,217.0,192045.0,Imperial Securities Company Pvt. Ltd.,Midas Stock Broking Company Private Limited,2026-04-29 11:57:12.598826
2026042901025714,KBL,38,49,300,217.5,65250.0,Dipshikha Dhitopatra Karobar Co. Pvt Ltd.,Online Securities Pvt. Ltd.,2026-04-29 11:58:14.570700
2026042901025715,KBL,53,49,2200,217.1,477620.0,Investment Management Nepal Pvt. Ltd.,Online Securities Pvt. Ltd.,2026-04-29 11:58:14.572060
2026042901025716,KBL,45,49,1415,217.0,307055.0,Imperial Securities Company Pvt. Ltd.,Online Securities Pvt. Ltd.,2026-04-29 11:58:14.573318
2026042901025717,KBL,52,49,25,217.0,5425.0,Sundhara Securities Limited,Online Securities Pvt. Ltd.,2026-04-29 11:58:14.574462
2026042901025718,KBL,42,49,40,217.0,8680.0,Sani Securities Company Ltd.,Online Securities Pvt. Ltd.,2026-04-29 11:58:14.575594
2026042901025719,KBL,53,49,150,217.0,32550.0,Investment Management Nepal Pvt. Ltd.,Online Securities Pvt. Ltd.,2026-04-29 11:58:14.576717
2026042901025720,KBL,53,49,25,217.0,5425.0,Investment Management Nepal Pvt. Ltd.,Online Securities Pvt. Ltd.,2026-04-29 11:58:14.577537
2026042901025721,KBL,5,49,95,217.0,20615.0,Market Securities & Exchange (PVT) Ltd.,Online Securities Pvt. Ltd.,2026-04-29 11:58:14.577924
2026042901025722,KBL,16,49,710,217.0,154070.0,Primo Securities (PVT) Ltd.,Online Securities Pvt. Ltd.,2026-04-29 11:58:14.578259
2026042901025723,KBL,32,49,40,217.0,8680.0,Premier Securities Company Ltd.,Online Securities Pvt. Ltd.,2026-04-29 11:58:14.578613
2026042901026044,KBL,32,22,160,217.0,34720.0,Premier Securities Company Ltd.,Siprabi Securities Pvt. Ltd.,2026-04-29 11:59:14.112574
2026042901026045,KBL,32,22,300,217.0,65100.0,Premier Securities Company Ltd.,Siprabi Securities Pvt. Ltd.,2026-04-29 11:59:14.113088
2026042901026046,KBL,42,22,30,217.0,6510.0,Sani Securities Company Ltd.,Siprabi Securities Pvt. Ltd.,2026-04-29 11:59:14.113385
2026042901026047,KBL,46,22,15,217.0,3255.0,Kalika Securities Pvt. Ltd.,Siprabi Securities Pvt. Ltd.,2026-04-29 11:59:14.113676
2026042901026048,KBL,52,22,20,217.0,4340.0,Sundhara Securities Limited,Siprabi Securities Pvt. Ltd.,2026-04-29 11:59:14.113968
2026042901026049,KBL,11,22,25,217.0,5425.0,Malla & Malla Stock Broking Company Pvt. Limited,Siprabi Securities Pvt. Ltd.,2026-04-29 11:59:14.114263
2026042901026269,KBL,4,53,60,217.5,13050.0,Opal Securities Investment (PVT) Ltd.,Investment Management Nepal Pvt. Ltd.,2026-04-29 11:59:57.625706
2026042901026270,KBL,4,42,500,218.0,109000.0,Opal Securities Investment (PVT) Ltd.,Sani Securities Company Ltd.,2026-04-29 11:59:57.626244
2026042901026271,KBL,4,58,1690,218.2,368758.0,Opal Securities Investment (PVT) Ltd.,Naasa Securities Co. Ltd.,2026-04-29 11:59:57.626563
2026042901026347,KBL,4,4,58,217.0,12586.0,Opal Securities Investment (PVT) Ltd.,Opal Securities Investment (PVT) Ltd.,2026-04-29 12:00:09.687421
2026042901026348,KBL,50,4,230,217.0,49910.0,Cristal Kanchanjanga Securites Pvt. Ltd.,Opal Securities Investment (PVT) Ltd.,2026-04-29 12:00:09.688636
2026042901026558,KBL,96,4,25,217.0,5425.0,Himalayan Securities Limited,Opal Securities Investment (PVT) Ltd.,2026-04-29 12:00:55.341328
2026042901026853,KBL,26,4,10,217.0,2170.0,Asian Securities Private Ltd.,Opal Securities Investment (PVT) Ltd.,2026-04-29 12:01:55.041278
2026042901026884,KBL,43,4,36,217.0,7812.0,South Asian Bulls Pvt. Ltd.,Opal Securities Investment (PVT) Ltd.,2026-04-29 12:01:59.917039
2026042901026952,KBL,19,4,300,217.0,65100.0,Nepal Investment And Securities Trading Private Limited,Opal Securities Investment (PVT) Ltd.,2026-04-29 12:02:18.712061
2026042901027642,KBL,80,48,305,216.8,66124.0,Indira securities pvt. ltd,Trishakti Securities Public Limited,2026-04-29 12:04:16.136221
2026042901027696,KBL,80,39,95,216.8,20596.0,Indira securities pvt. ltd,Sumeru Securities Pvt. Ltd.,2026-04-29 12:04:29.802372
2026042901027697,KBL,5,39,50,216.8,10840.0,Market Securities & Exchange (PVT) Ltd.,Sumeru Securities Pvt. Ltd.,2026-04-29 12:04:29.802944
2026042901027698,KBL,34,39,20,216.8,4336.0,Vision Securities Pvt. Ltd,Sumeru Securities Pvt. Ltd.,2026-04-29 12:04:29.803257
2026042901027699,KBL,80,39,400,216.7,86680.0,Indira securities pvt. ltd,Sumeru Securities Pvt. Ltd.,2026-04-29 12:04:29.803552
2026042901027700,KBL,80,39,400,216.6,86640.0,Indira securities pvt. ltd,Sumeru Securities Pvt. Ltd.,2026-04-29 12:04:29.803848
2026042901027701,KBL,53,39,35,216.5,7577.5,Investment Management Nepal Pvt. Ltd.,Sumeru Securities Pvt. Ltd.,2026-04-29 12:04:29.804147
2026042901027831,KBL,58,58,2,219.9,439.8,Naasa Securities Co. Ltd.,Naasa Securities Co. Ltd.,2026-04-29 12:04:53.081965
2026042901027841,KBL,17,39,100,216.8,21680.0,ABC Securities Private Limited,Sumeru Securities Pvt. Ltd.,2026-04-29 12:04:54.631077
2026042901027842,KBL,53,39,15,216.5,3247.5,Investment Management Nepal Pvt. Ltd.,Sumeru Securities Pvt. Ltd.,2026-04-29 12:04:54.631682
2026042901027843,KBL,46,39,20,216.5,4330.0,Kalika Securities Pvt. Ltd.,Sumeru Securities Pvt. Ltd.,2026-04-29 12:04:54.632019
2026042901027844,KBL,29,39,500,216.5,108250.0,Trisul Securities & Invt. Ltd.,Sumeru Securities Pvt. Ltd.,2026-04-29 12:04:54.632347
2026042901027845,KBL,80,39,400,216.4,86560.0,Indira securities pvt. ltd,Sumeru Securities Pvt. Ltd.,2026-04-29 12:04:54.632707
2026042901027846,KBL,80,39,400,216.2,86480.0,Indira securities pvt. ltd,Sumeru Securities Pvt. Ltd.,2026-04-29 12:04:54.633044
2026042901027847,KBL,57,39,265,216.1,57266.5,Aryatara Investment & Securities,Sumeru Securities Pvt. Ltd.,2026-04-29 12:04:54.633384
2026042901027977,KBL,34,58,10,216.3,2163.0,Vision Securities Pvt. Ltd,Naasa Securities Co. Ltd.,2026-04-29 12:05:24.888526
2026042901028283,KBL,3,44,30,217.0,6510.0,Arun Securities (PVT) Ltd.,Dynamic Money Managers Securities Pvt. Ltd.,2026-04-29 12:06:27.217401
2026042901028361,KBL,58,44,70,217.0,15190.0,Naasa Securities Co. Ltd.,Dynamic Money Managers Securities Pvt. Ltd.,2026-04-29 12:06:42.321427
2026042901028362,KBL,58,58,99930,218.0,21784740.0,Naasa Securities Co. Ltd.,Naasa Securities Co. Ltd.,2026-04-29 12:06:42.321473
2026042901028396,KBL,58,58,70,218.0,15260.0,Naasa Securities Co. Ltd.,Naasa Securities Co. Ltd.,2026-04-29 12:06:50.118104
2026042901028397,KBL,58,58,9930,218.0,2164740.0,Naasa Securities Co. Ltd.,Naasa Securities Co. Ltd.,2026-04-29 12:06:50.119279
2026042901028540,KBL,52,14,70,217.2,15204.0,Sundhara Securities Limited,Nepal Stock House (PVT) Ltd.,2026-04-29 12:07:10.304288
2026042901028541,KBL,58,14,10,217.2,2172.0,Naasa Securities Co. Ltd.,Nepal Stock House (PVT) Ltd.,2026-04-29 12:07:10.304808
2026042901028542,KBL,42,14,45,217.0,9765.0,Sani Securities Company Ltd.,Nepal Stock House (PVT) Ltd.,2026-04-29 12:07:10.305130
2026042901028543,KBL,95,14,375,216.5,81187.5,Magnet Securities and Investment Company Private Limited,Nepal Stock House (PVT) Ltd.,2026-04-29 12:07:10.305463
2026042901028714,KBL,58,58,601,218.0,131018.0,Naasa Securities Co. Ltd.,Naasa Securities Co. Ltd.,2026-04-29 12:07:33.941725
2026042901028954,KBL,58,34,50,218.0,10900.0,Naasa Securities Co. Ltd.,Vision Securities Pvt. Ltd,2026-04-29 12:08:19.788408
2026042901029043,KBL,42,57,600,218.0,130800.0,Sani Securities Company Ltd.,Aryatara Investment & Securities,2026-04-29 12:08:46.401907
2026042901029570,KBL,57,49,10,217.5,2175.0,Aryatara Investment & Securities,Online Securities Pvt. Ltd.,2026-04-29 12:10:30.529088
2026042901029571,KBL,17,49,215,217.1,46676.5,ABC Securities Private Limited,Online Securities Pvt. Ltd.,2026-04-29 12:10:30.530360
2026042901029581,KBL,58,52,100,218.0,21800.0,Naasa Securities Co. Ltd.,Sundhara Securities Limited,2026-04-29 12:10:31.666999
2026042901029582,KBL,58,25,230,218.0,50140.0,Naasa Securities Co. Ltd.,Sweta Securities Private Limited,2026-04-29 12:10:31.667565
2026042901029609,KBL,58,22,980,218.0,213640.0,Naasa Securities Co. Ltd.,Siprabi Securities Pvt. Ltd.,2026-04-29 12:10:36.154323
2026042901029630,KBL,74,4,10,218.2,2182.0,KALASH STOCK MARKET PVT. LTD.,Opal Securities Investment (PVT) Ltd.,2026-04-29 12:10:40.500663
2026042901029688,KBL,58,52,25,218.0,5450.0,Naasa Securities Co. Ltd.,Sundhara Securities Limited,2026-04-29 12:10:54.671833
2026042901029724,KBL,42,4,1000,218.2,218200.0,Sani Securities Company Ltd.,Opal Securities Investment (PVT) Ltd.,2026-04-29 12:11:01.200723
2026042901030060,KBL,58,34,285,218.0,62130.0,Naasa Securities Co. Ltd.,Vision Securities Pvt. Ltd,2026-04-29 12:11:58.002872
2026042901030168,KBL,58,34,1515,218.0,330270.0,Naasa Securities Co. Ltd.,Vision Securities Pvt. Ltd,2026-04-29 12:12:19.634923
2026042901030169,KBL,58,52,200,218.0,43600.0,Naasa Securities Co. Ltd.,Sundhara Securities Limited,2026-04-29 12:12:19.636186
2026042901030318,KBL,58,57,1064,218.0,231952.0,Naasa Securities Co. Ltd.,Aryatara Investment & Securities,2026-04-29 12:12:53.448312
2026042901030319,KBL,57,57,436,218.0,95048.0,Aryatara Investment & Securities,Aryatara Investment & Securities,2026-04-29 12:12:53.448899
2026042901030512,KBL,57,58,44,218.0,9592.0,Aryatara Investment & Securities,Naasa Securities Co. Ltd.,2026-04-29 12:13:44.408646
2026042901030538,KBL,6,11,10,217.5,2175.0,Agrawal Securities (PVT) Ltd.,Malla & Malla Stock Broking Company Pvt. Limited,2026-04-29 12:13:52.246836
2026042901030730,KBL,25,58,100,218.0,21800.0,Sweta Securities Private Limited,Naasa Securities Co. Ltd.,2026-04-29 12:14:20.037004
2026042901030770,KBL,6,45,120,217.5,26100.0,Agrawal Securities (PVT) Ltd.,Imperial Securities Company Pvt. Ltd.,2026-04-29 12:14:30.605340
2026042901031094,KBL,41,58,171,218.0,37278.0,Linch Stock Market Ltd.,Naasa Securities Co. Ltd.,2026-04-29 12:15:40.172307
2026042901031095,KBL,41,1,20,218.2,4364.0,Linch Stock Market Ltd.,Kumari Securities Private Limited,2026-04-29 12:15:40.173641
2026042901031096,KBL,41,22,209,218.3,45624.7,Linch Stock Market Ltd.,Siprabi Securities Pvt. Ltd.,2026-04-29 12:15:40.174749
2026042901031570,KBL,40,22,11,218.3,2401.3,Creative Securities Pvt Ltd,Siprabi Securities Pvt. Ltd.,2026-04-29 12:17:23.680001
2026042901032117,KBL,28,34,50,218.0,10900.0,Shree Krishna Securities Ltd.,Vision Securities Pvt. Ltd,2026-04-29 12:19:14.804918
2026042901032118,KBL,22,34,300,218.0,65400.0,Siprabi Securities Pvt. Ltd.,Vision Securities Pvt. Ltd,2026-04-29 12:19:14.805090
2026042901032119,KBL,58,34,110,218.0,23980.0,Naasa Securities Co. Ltd.,Vision Securities Pvt. Ltd,2026-04-29 12:19:14.805162
2026042901032120,KBL,57,34,20,218.0,4360.0,Aryatara Investment & Securities,Vision Securities Pvt. Ltd,2026-04-29 12:19:14.805225
2026042901032121,KBL,42,34,50,217.8,10890.0,Sani Securities Company Ltd.,Vision Securities Pvt. Ltd,2026-04-29 12:19:14.805301
2026042901032122,KBL,58,34,1270,217.7,276479.0,Naasa Securities Co. Ltd.,Vision Securities Pvt. Ltd,2026-04-29 12:19:14.805378
2026042901032310,KBL,58,5,430,217.7,93611.0,Naasa Securities Co. Ltd.,Market Securities & Exchange (PVT) Ltd.,2026-04-29 12:19:59.426433
2026042901032522,KBL,49,36,70,217.6,15232.0,Online Securities Pvt. Ltd.,Secured Securities Ltd.,2026-04-29 12:20:42.562251
2026042901032546,KBL,22,5,400,217.7,87080.0,Siprabi Securities Pvt. Ltd.,Market Securities & Exchange (PVT) Ltd.,2026-04-29 12:20:51.370171
2026042901032668,KBL,34,5,50,217.7,10885.0,Vision Securities Pvt. Ltd,Market Securities & Exchange (PVT) Ltd.,2026-04-29 12:21:04.117887
2026042901032693,KBL,42,5,500,217.7,108850.0,Sani Securities Company Ltd.,Market Securities & Exchange (PVT) Ltd.,2026-04-29 12:21:09.466454
2026042901032755,KBL,34,5,91,217.7,19810.7,Vision Securities Pvt. Ltd,Market Securities & Exchange (PVT) Ltd.,2026-04-29 12:21:22.978763
2026042901032889,KBL,44,28,100,218.0,21800.0,Dynamic Money Managers Securities Pvt. Ltd.,Shree Krishna Securities Ltd.,2026-04-29 12:21:53.652363
2026042901032972,KBL,42,52,100,218.0,21800.0,Sani Securities Company Ltd.,Sundhara Securities Limited,2026-04-29 12:22:10.902096
2026042901033266,KBL,37,22,670,218.3,146261.0,Swarna Laxmi Securities Pvt. Ltd.,Siprabi Securities Pvt. Ltd.,2026-04-29 12:23:00.950994
2026042901033267,KBL,37,87,330,218.5,72105.0,Swarna Laxmi Securities Pvt. Ltd.,S.P.S.A. Securities Limited,2026-04-29 12:23:00.952489
2026042901033443,KBL,14,87,20,218.5,4370.0,Nepal Stock House (PVT) Ltd.,S.P.S.A. Securities Limited,2026-04-29 12:23:34.919901
2026042901033519,KBL,58,49,49,218.0,10682.0,Naasa Securities Co. Ltd.,Online Securities Pvt. Ltd.,2026-04-29 12:23:53.188491
2026042901033520,KBL,6,49,870,217.8,189486.0,Agrawal Securities (PVT) Ltd.,Online Securities Pvt. Ltd.,2026-04-29 12:23:53.189130
2026042901033521,KBL,34,49,899,217.7,195712.3,Vision Securities Pvt. Ltd,Online Securities Pvt. Ltd.,2026-04-29 12:23:53.189551
2026042901033522,KBL,58,49,72,217.7,15674.4,Naasa Securities Co. Ltd.,Online Securities Pvt. Ltd.,2026-04-29 12:23:53.189956
2026042901033523,KBL,49,49,130,217.6,28288.0,Online Securities Pvt. Ltd.,Online Securities Pvt. Ltd.,2026-04-29 12:23:53.190367
2026042901033524,KBL,28,49,100,217.6,21760.0,Shree Krishna Securities Ltd.,Online Securities Pvt. Ltd.,2026-04-29 12:23:53.190766
2026042901033525,KBL,43,49,380,217.6,82688.0,South Asian Bulls Pvt. Ltd.,Online Securities Pvt. Ltd.,2026-04-29 12:23:53.191181
2026042901033533,KBL,89,87,20,218.5,4370.0,Global IME Securities Limited,S.P.S.A. Securities Limited,2026-04-29 12:23:56.479921
2026042901033632,KBL,66,42,740,217.8,161172.0,Miyo Securities Pvt Ltd,Sani Securities Company Ltd.,2026-04-29 12:24:09.312658
2026042901033633,KBL,66,87,1998,218.5,436563.0,Miyo Securities Pvt Ltd,S.P.S.A. Securities Limited,2026-04-29 12:24:09.314147
2026042901033634,KBL,66,58,20,218.5,4370.0,Miyo Securities Pvt Ltd,Naasa Securities Co. Ltd.,2026-04-29 12:24:09.315367
2026042901033635,KBL,66,42,2000,218.5,437000.0,Miyo Securities Pvt Ltd,Sani Securities Company Ltd.,2026-04-29 12:24:09.316581
2026042901033636,KBL,66,4,242,218.8,52949.6,Miyo Securities Pvt Ltd,Opal Securities Investment (PVT) Ltd.,2026-04-29 12:24:09.317801
2026042901033675,KBL,66,4,1089,218.8,238273.2,Miyo Securities Pvt Ltd,Opal Securities Investment (PVT) Ltd.,2026-04-29 12:24:19.879946
2026042901033878,KBL,16,22,100,218.7,21870.0,Primo Securities (PVT) Ltd.,Siprabi Securities Pvt. Ltd.,2026-04-29 12:25:00.242736
2026042901034393,KBL,11,22,300,218.7,65610.0,Malla & Malla Stock Broking Company Pvt. Limited,Siprabi Securities Pvt. Ltd.,2026-04-29 12:26:11.991699
2026042901035022,KBL,34,42,20,218.2,4364.0,Vision Securities Pvt. Ltd,Sani Securities Company Ltd.,2026-04-29 12:28:17.171072
2026042901035453,KBL,45,58,2000,218.4,436800.0,Imperial Securities Company Pvt. Ltd.,Naasa Securities Co. Ltd.,2026-04-29 12:29:59.466648
2026042901035546,KBL,1,4,54,218.6,11804.4,Kumari Securities Private Limited,Opal Securities Investment (PVT) Ltd.,2026-04-29 12:30:04.281160
2026042901035600,KBL,32,4,46,218.6,10055.6,Premier Securities Company Ltd.,Opal Securities Investment (PVT) Ltd.,2026-04-29 12:30:27.457490
2026042901035610,KBL,32,46,23,218.6,5027.8,Premier Securities Company Ltd.,Kalika Securities Pvt. Ltd.,2026-04-29 12:30:31.787730
2026042901035682,KBL,45,22,20,218.7,4374.0,Imperial Securities Company Pvt. Ltd.,Siprabi Securities Pvt. Ltd.,2026-04-29 12:30:51.369839
2026042901035769,KBL,57,22,470,218.7,102789.0,Aryatara Investment & Securities,Siprabi Securities Pvt. Ltd.,2026-04-29 12:31:18.280206
2026042901036035,KBL,58,45,10,219.0,2190.0,Naasa Securities Co. Ltd.,Imperial Securities Company Pvt. Ltd.,2026-04-29 12:32:06.511668
2026042901036159,KBL,41,58,500,219.0,109500.0,Linch Stock Market Ltd.,Naasa Securities Co. Ltd.,2026-04-29 12:32:27.389932
2026042901036829,KBL,42,58,90,219.0,19710.0,Sani Securities Company Ltd.,Naasa Securities Co. Ltd.,2026-04-29 12:33:57.797263
2026042901036883,KBL,50,58,1410,219.0,308790.0,Cristal Kanchanjanga Securites Pvt. Ltd.,Naasa Securities Co. Ltd.,2026-04-29 12:34:10.154472
2026042901036884,KBL,50,51,90,219.0,19710.0,Cristal Kanchanjanga Securites Pvt. Ltd.,Oxford Securities Pvt. Ltd.,2026-04-29 12:34:10.155256
2026042901037179,KBL,42,51,45,219.0,9855.0,Sani Securities Company Ltd.,Oxford Securities Pvt. Ltd.,2026-04-29 12:35:05.548567
2026042901037210,KBL,38,51,391,219.0,85629.0,Dipshikha Dhitopatra Karobar Co. Pvt Ltd.,Oxford Securities Pvt. Ltd.,2026-04-29 12:35:18.502102
2026042901037211,KBL,38,77,10,219.0,2190.0,Dipshikha Dhitopatra Karobar Co. Pvt Ltd.,Nabil Stock Dealer Ltd.,2026-04-29 12:35:18.503813
2026042901037212,KBL,38,51,1000,219.3,219300.0,Dipshikha Dhitopatra Karobar Co. Pvt Ltd.,Oxford Securities Pvt. Ltd.,2026-04-29 12:35:18.505308
2026042901037390,KBL,38,49,46,219.3,10087.8,Dipshikha Dhitopatra Karobar Co. Pvt Ltd.,Online Securities Pvt. Ltd.,2026-04-29 12:36:17.756713
2026042901037696,KBL,38,34,500,219.3,109650.0,Dipshikha Dhitopatra Karobar Co. Pvt Ltd.,Vision Securities Pvt. Ltd,2026-04-29 12:37:43.270603
2026042901037818,KBL,38,62,53,219.3,11622.9,Dipshikha Dhitopatra Karobar Co. Pvt Ltd.,Capital Max Securities Ltd,2026-04-29 12:38:21.267877
2026042901037819,KBL,6,62,13,219.3,2850.9,Agrawal Securities (PVT) Ltd.,Capital Max Securities Ltd,2026-04-29 12:38:21.268572
2026042901037820,KBL,42,62,300,219.0,65700.0,Sani Securities Company Ltd.,Capital Max Securities Ltd,2026-04-29 12:38:21.269021
2026042901037998,KBL,53,62,100,219.0,21900.0,Investment Management Nepal Pvt. Ltd.,Capital Max Securities Ltd,2026-04-29 12:39:08.500250
2026042901038116,KBL,57,22,30,218.7,6561.0,Aryatara Investment & Securities,Siprabi Securities Pvt. Ltd.,2026-04-29 12:39:47.621188
2026042901038117,KBL,32,22,31,218.6,6776.6,Premier Securities Company Ltd.,Siprabi Securities Pvt. Ltd.,2026-04-29 12:39:47.621941
2026042901038118,KBL,45,22,1000,218.4,218400.0,Imperial Securities Company Pvt. Ltd.,Siprabi Securities Pvt. Ltd.,2026-04-29 12:39:47.622451
2026042901038119,KBL,34,22,439,218.2,95789.8,Vision Securities Pvt. Ltd,Siprabi Securities Pvt. Ltd.,2026-04-29 12:39:47.622886
2026042901038178,KBL,34,38,41,218.2,8946.2,Vision Securities Pvt. Ltd,Dipshikha Dhitopatra Karobar Co. Pvt Ltd.,2026-04-29 12:40:11.834077
2026042901038179,KBL,58,38,20,218.0,4360.0,Naasa Securities Co. Ltd.,Dipshikha Dhitopatra Karobar Co. Pvt Ltd.,2026-04-29 12:40:11.834760
2026042901038180,KBL,28,38,50,218.0,10900.0,Shree Krishna Securities Ltd.,Dipshikha Dhitopatra Karobar Co. Pvt Ltd.,2026-04-29 12:40:11.835206
2026042901038181,KBL,22,38,500,218.0,109000.0,Siprabi Securities Pvt. Ltd.,Dipshikha Dhitopatra Karobar Co. Pvt Ltd.,2026-04-29 12:40:11.835630
2026042901038182,KBL,16,38,32,218.0,6976.0,Primo Securities (PVT) Ltd.,Dipshikha Dhitopatra Karobar Co. Pvt Ltd.,2026-04-29 12:40:11.836062
2026042901038183,KBL,44,38,100,218.0,21800.0,Dynamic Money Managers Securities Pvt. Ltd.,Dipshikha Dhitopatra Karobar Co. Pvt Ltd.,2026-04-29 12:40:11.836485
2026042901038184,KBL,47,38,257,218.0,56026.0,Neev Securities Pvt. Ltd.,Dipshikha Dhitopatra Karobar Co. Pvt Ltd.,2026-04-29 12:40:11.836908
2026042901038454,KBL,47,22,643,218.0,140174.0,Neev Securities Pvt. Ltd.,Siprabi Securities Pvt. Ltd.,2026-04-29 12:41:28.119230
2026042901038455,KBL,58,22,10,218.0,2180.0,Naasa Securities Co. Ltd.,Siprabi Securities Pvt. Ltd.,2026-04-29 12:41:28.120883
2026042901038456,KBL,41,22,50,217.9,10895.0,Linch Stock Market Ltd.,Siprabi Securities Pvt. Ltd.,2026-04-29 12:41:28.122230
2026042901038457,KBL,45,22,297,217.8,64686.6,Imperial Securities Company Pvt. Ltd.,Siprabi Securities Pvt. Ltd.,2026-04-29 12:41:28.123540
2026042901038776,KBL,11,49,10,218.0,2180.0,Malla & Malla Stock Broking Company Pvt. Limited,Online Securities Pvt. Ltd.,2026-04-29 12:43:17.601986
2026042901038879,KBL,11,57,10,218.0,2180.0,Malla & Malla Stock Broking Company Pvt. Limited,Aryatara Investment & Securities,2026-04-29 12:43:51.541569
2026042901039660,KBL,11,49,280,218.0,61040.0,Malla & Malla Stock Broking Company Pvt. Limited,Online Securities Pvt. Ltd.,2026-04-29 12:48:49.411897
2026042901039661,KBL,45,49,230,218.0,50140.0,Imperial Securities Company Pvt. Ltd.,Online Securities Pvt. Ltd.,2026-04-29 12:48:49.413595
2026042901039662,KBL,11,49,150,218.0,32700.0,Malla & Malla Stock Broking Company Pvt. Limited,Online Securities Pvt. Ltd.,2026-04-29 12:48:49.414978
2026042901039663,KBL,91,49,40,218.0,8720.0,Citizens Share Broker Limited,Online Securities Pvt. Ltd.,2026-04-29 12:48:49.416363
2026042901039664,KBL,28,49,300,217.9,65370.0,Shree Krishna Securities Ltd.,Online Securities Pvt. Ltd.,2026-04-29 12:48:49.417732
2026042901040087,KBL,95,44,150,218.0,32700.0,Magnet Securities and Investment Company Private Limited,Dynamic Money Managers Securities Pvt. Ltd.,2026-04-29 12:51:22.048939
2026042901040228,KBL,28,25,224,217.9,48809.6,Shree Krishna Securities Ltd.,Sweta Securities Private Limited,2026-04-29 12:52:11.703533
2026042901040319,KBL,56,44,30,218.0,6540.0,Sri Hari Securities Pvt. Ltd.,Dynamic Money Managers Securities Pvt. Ltd.,2026-04-29 12:52:42.544703
2026042901040454,KBL,44,44,50,218.0,10900.0,Dynamic Money Managers Securities Pvt. Ltd.,Dynamic Money Managers Securities Pvt. Ltd.,2026-04-29 12:53:19.459356
2026042901040505,KBL,65,44,50,218.0,10900.0,Sharepro Securities Private Limited,Dynamic Money Managers Securities Pvt. Ltd.,2026-04-29 12:53:41.601151
2026042901040568,KBL,44,44,50,218.0,10900.0,Dynamic Money Managers Securities Pvt. Ltd.,Dynamic Money Managers Securities Pvt. Ltd.,2026-04-29 12:53:59.698089
2026042901040723,KBL,58,49,8,218.0,1744.0,Naasa Securities Co. Ltd.,Online Securities Pvt. Ltd.,2026-04-29 12:54:34.436938
2026042901040876,KBL,32,44,1435,218.0,312830.0,Premier Securities Company Ltd.,Dynamic Money Managers Securities Pvt. Ltd.,2026-04-29 12:55:32.789575
2026042901040877,KBL,32,6,520,218.0,113360.0,Premier Securities Company Ltd.,Agrawal Securities (PVT) Ltd.,2026-04-29 12:55:32.791451
2026042901040881,KBL,32,49,45,218.0,9810.0,Premier Securities Company Ltd.,Online Securities Pvt. Ltd.,2026-04-29 12:55:35.837236
2026042901040887,KBL,28,4,450,217.9,98055.0,Shree Krishna Securities Ltd.,Opal Securities Investment (PVT) Ltd.,2026-04-29 12:55:38.639325
2026042901040937,KBL,39,49,55,218.0,11990.0,Sumeru Securities Pvt. Ltd.,Online Securities Pvt. Ltd.,2026-04-29 12:56:00.189967
2026042901041559,KBL,39,46,908,218.0,197944.0,Sumeru Securities Pvt. Ltd.,Kalika Securities Pvt. Ltd.,2026-04-29 12:59:46.625494
2026042901041560,KBL,52,46,55,218.0,11990.0,Sundhara Securities Limited,Kalika Securities Pvt. Ltd.,2026-04-29 12:59:46.627436
2026042901041561,KBL,62,46,10,218.0,2180.0,Capital Max Securities Ltd,Kalika Securities Pvt. Ltd.,2026-04-29 12:59:46.628978
2026042901041562,KBL,42,46,20,218.0,4360.0,Sani Securities Company Ltd.,Kalika Securities Pvt. Ltd.,2026-04-29 12:59:46.630543
2026042901041563,KBL,22,46,50,218.0,10900.0,Siprabi Securities Pvt. Ltd.,Kalika Securities Pvt. Ltd.,2026-04-29 12:59:46.631781
2026042901041564,KBL,17,46,957,218.0,208626.0,ABC Securities Private Limited,Kalika Securities Pvt. Ltd.,2026-04-29 12:59:46.632274
2026042901041894,KBL,17,58,43,218.0,9374.0,ABC Securities Private Limited,Naasa Securities Co. Ltd.,2026-04-29 13:01:40.966291
2026042901041895,KBL,32,58,1000,218.0,218000.0,Premier Securities Company Ltd.,Naasa Securities Co. Ltd.,2026-04-29 13:01:40.967089
2026042901041896,KBL,57,58,70,218.0,15260.0,Aryatara Investment & Securities,Naasa Securities Co. Ltd.,2026-04-29 13:01:40.967586
2026042901041897,KBL,49,58,200,218.0,43600.0,Online Securities Pvt. Ltd.,Naasa Securities Co. Ltd.,2026-04-29 13:01:40.968081
2026042901041898,KBL,28,58,26,217.9,5665.4,Shree Krishna Securities Ltd.,Naasa Securities Co. Ltd.,2026-04-29 13:01:40.968561
2026042901041899,KBL,21,58,45,217.9,9805.5,Midas Stock Broking Company Private Limited,Naasa Securities Co. Ltd.,2026-04-29 13:01:40.969050
2026042901041900,KBL,45,58,203,217.8,44213.4,Imperial Securities Company Pvt. Ltd.,Naasa Securities Co. Ltd.,2026-04-29 13:01:40.969563
2026042901041901,KBL,37,58,75,217.6,16320.0,Swarna Laxmi Securities Pvt. Ltd.,Naasa Securities Co. Ltd.,2026-04-29 13:01:40.970054
2026042901041902,KBL,11,58,100,217.6,21760.0,Malla & Malla Stock Broking Company Pvt. Limited,Naasa Securities Co. Ltd.,2026-04-29 13:01:40.970541
2026042901041903,KBL,58,58,30,217.5,6525.0,Naasa Securities Co. Ltd.,Naasa Securities Co. Ltd.,2026-04-29 13:01:40.971033
2026042901041904,KBL,34,58,635,217.5,138112.5,Vision Securities Pvt. Ltd,Naasa Securities Co. Ltd.,2026-04-29 13:01:40.971515
2026042901041905,KBL,42,58,500,217.5,108750.0,Sani Securities Company Ltd.,Naasa Securities Co. Ltd.,2026-04-29 13:01:40.971993
2026042901041906,KBL,17,58,285,217.1,61873.5,ABC Securities Private Limited,Naasa Securities Co. Ltd.,2026-04-29 13:01:40.972494
2026042901041907,KBL,48,58,200,217.1,43420.0,Trishakti Securities Public Limited,Naasa Securities Co. Ltd.,2026-04-29 13:01:40.972976
2026042901041908,KBL,58,58,312,217.1,67735.2,Naasa Securities Co. Ltd.,Naasa Securities Co. Ltd.,2026-04-29 13:01:40.973458
2026042901041909,KBL,43,58,300,217.1,65130.0,South Asian Bulls Pvt. Ltd.,Naasa Securities Co. Ltd.,2026-04-29 13:01:40.973933
2026042901041910,KBL,43,58,200,217.1,43420.0,South Asian Bulls Pvt. Ltd.,Naasa Securities Co. Ltd.,2026-04-29 13:01:40.974428
2026042901041911,KBL,51,58,200,217.0,43400.0,Oxford Securities Pvt. Ltd.,Naasa Securities Co. Ltd.,2026-04-29 13:01:40.974906
2026042901041912,KBL,56,58,10,217.0,2170.0,Sri Hari Securities Pvt. Ltd.,Naasa Securities Co. Ltd.,2026-04-29 13:01:40.975388
2026042901041913,KBL,56,58,10,217.0,2170.0,Sri Hari Securities Pvt. Ltd.,Naasa Securities Co. Ltd.,2026-04-29 13:01:40.975869
2026042901041914,KBL,94,58,500,217.0,108500.0,K.B.L. Securities Limited ,Naasa Securities Co. Ltd.,2026-04-29 13:01:40.976352
2026042901041915,KBL,49,58,10,217.0,2170.0,Online Securities Pvt. Ltd.,Naasa Securities Co. Ltd.,2026-04-29 13:01:40.976829
2026042901041916,KBL,17,58,500,217.0,108500.0,ABC Securities Private Limited,Naasa Securities Co. Ltd.,2026-04-29 13:01:40.977308
2026042901041917,KBL,57,58,70,217.0,15190.0,Aryatara Investment & Securities,Naasa Securities Co. Ltd.,2026-04-29 13:01:40.977784
2026042901041918,KBL,52,58,1000,217.0,217000.0,Sundhara Securities Limited,Naasa Securities Co. Ltd.,2026-04-29 13:01:40.978260
2026042901041919,KBL,3,58,1000,217.0,217000.0,Arun Securities (PVT) Ltd.,Naasa Securities Co. Ltd.,2026-04-29 13:01:40.978761
2026042901041920,KBL,32,58,1000,217.0,217000.0,Premier Securities Company Ltd.,Naasa Securities Co. Ltd.,2026-04-29 13:01:40.979239
2026042901041921,KBL,41,58,100,217.0,21700.0,Linch Stock Market Ltd.,Naasa Securities Co. Ltd.,2026-04-29 13:01:40.979712
2026042901041922,KBL,58,58,2000,217.0,434000.0,Naasa Securities Co. Ltd.,Naasa Securities Co. Ltd.,2026-04-29 13:01:40.980189
2026042901041923,KBL,49,58,300,217.0,65100.0,Online Securities Pvt. Ltd.,Naasa Securities Co. Ltd.,2026-04-29 13:01:40.980665
2026042901041924,KBL,7,58,1000,217.0,217000.0,J.F. Securites (PVT) Ltd.,Naasa Securities Co. Ltd.,2026-04-29 13:01:40.981147
2026042901041925,KBL,22,58,500,217.0,108500.0,Siprabi Securities Pvt. Ltd.,Naasa Securities Co. Ltd.,2026-04-29 13:01:40.981625
2026042901041926,KBL,32,58,50,217.0,10850.0,Premier Securities Company Ltd.,Naasa Securities Co. Ltd.,2026-04-29 13:01:40.982106
2026042901041927,KBL,42,58,30,217.0,6510.0,Sani Securities Company Ltd.,Naasa Securities Co. Ltd.,2026-04-29 13:01:40.982577
2026042901041928,KBL,34,58,100,217.0,21700.0,Vision Securities Pvt. Ltd,Naasa Securities Co. Ltd.,2026-04-29 13:01:40.983058
2026042901041929,KBL,5,58,500,217.0,108500.0,Market Securities & Exchange (PVT) Ltd.,Naasa Securities Co. Ltd.,2026-04-29 13:01:40.983532
2026042901041930,KBL,58,58,22,217.0,4774.0,Naasa Securities Co. Ltd.,Naasa Securities Co. Ltd.,2026-04-29 13:01:40.984002
2026042901041931,KBL,58,58,100,217.0,21700.0,Naasa Securities Co. Ltd.,Naasa Securities Co. Ltd.,2026-04-29 13:01:40.984478
2026042901041932,KBL,58,58,50,217.0,10850.0,Naasa Securities Co. Ltd.,Naasa Securities Co. Ltd.,2026-04-29 13:01:40.984946
2026042901041933,KBL,58,58,100,217.0,21700.0,Naasa Securities Co. Ltd.,Naasa Securities Co. Ltd.,2026-04-29 13:01:40.985422
2026042901041934,KBL,25,58,20,217.0,4340.0,Sweta Securities Private Limited,Naasa Securities Co. Ltd.,2026-04-29 13:01:40.985893
2026042901041935,KBL,44,58,100,217.0,21700.0,Dynamic Money Managers Securities Pvt. Ltd.,Naasa Securities Co. Ltd.,2026-04-29 13:01:40.986365
2026042901041936,KBL,29,58,1000,217.0,217000.0,Trisul Securities & Invt. Ltd.,Naasa Securities Co. Ltd.,2026-04-29 13:01:40.986835
2026042901041937,KBL,94,58,200,217.0,43400.0,K.B.L. Securities Limited ,Naasa Securities Co. Ltd.,2026-04-29 13:01:40.987336
2026042901041938,KBL,35,58,130,217.0,28210.0,Kohinoor Investment & Securities Pvt. Ltd.,Naasa Securities Co. Ltd.,2026-04-29 13:01:40.987800
2026042901041939,KBL,17,58,200,217.0,43400.0,ABC Securities Private Limited,Naasa Securities Co. Ltd.,2026-04-29 13:01:40.988272
2026042901041940,KBL,32,58,1000,217.0,217000.0,Premier Securities Company Ltd.,Naasa Securities Co. Ltd.,2026-04-29 13:01:40.988737
2026042901041941,KBL,45,58,10,217.0,2170.0,Imperial Securities Company Pvt. Ltd.,Naasa Securities Co. Ltd.,2026-04-29 13:01:40.989209
2026042901041993,KBL,11,58,45,217.0,9765.0,Malla & Malla Stock Broking Company Pvt. Limited,Naasa Securities Co. Ltd.,2026-04-29 13:02:03.434241
2026042901042156,KBL,52,58,100,217.0,21700.0,Sundhara Securities Limited,Naasa Securities Co. Ltd.,2026-04-29 13:03:07.733651
2026042901042168,KBL,53,58,260,216.6,56316.0,Investment Management Nepal Pvt. Ltd.,Naasa Securities Co. Ltd.,2026-04-29 13:03:13.660037
2026042901042169,KBL,95,58,125,216.5,27062.5,Magnet Securities and Investment Company Private Limited,Naasa Securities Co. Ltd.,2026-04-29 13:03:13.660925
2026042901042170,KBL,58,58,10,216.5,2165.0,Naasa Securities Co. Ltd.,Naasa Securities Co. Ltd.,2026-04-29 13:03:13.661639
2026042901042171,KBL,46,58,605,216.5,130982.5,Kalika Securities Pvt. Ltd.,Naasa Securities Co. Ltd.,2026-04-29 13:03:13.662286
2026042901042231,KBL,58,58,50,217.0,10850.0,Naasa Securities Co. Ltd.,Naasa Securities Co. Ltd.,2026-04-29 13:03:34.427715
2026042901042244,KBL,46,58,395,216.5,85517.5,Kalika Securities Pvt. Ltd.,Naasa Securities Co. Ltd.,2026-04-29 13:03:39.759273
2026042901042245,KBL,80,58,400,216.5,86600.0,Indira securities pvt. ltd,Naasa Securities Co. Ltd.,2026-04-29 13:03:39.761006
2026042901042291,KBL,94,58,50,216.5,10825.0,K.B.L. Securities Limited ,Naasa Securities Co. Ltd.,2026-04-29 13:04:00.433291
2026042901042339,KBL,48,58,100,216.5,21650.0,Trishakti Securities Public Limited,Naasa Securities Co. Ltd.,2026-04-29 13:04:17.642342
2026042901042402,KBL,17,58,55,216.5,11907.5,ABC Securities Private Limited,Naasa Securities Co. Ltd.,2026-04-29 13:04:32.532599
2026042901042534,KBL,43,19,4,211.5,846.0,South Asian Bulls Pvt. Ltd.,Nepal Investment And Securities Trading Private Limited,2026-04-29 13:05:15.539837
2026042901042594,KBL,51,58,200,216.8,43360.0,Oxford Securities Pvt. Ltd.,Naasa Securities Co. Ltd.,2026-04-29 13:05:33.986568
2026042901042612,KBL,6,58,23,216.8,4986.4,Agrawal Securities (PVT) Ltd.,Naasa Securities Co. Ltd.,2026-04-29 13:05:41.466936
2026042901042833,KBL,58,58,50,216.8,10840.0,Naasa Securities Co. Ltd.,Naasa Securities Co. Ltd.,2026-04-29 13:06:45.996077
2026042901042866,KBL,57,58,10,216.7,2167.0,Aryatara Investment & Securities,Naasa Securities Co. Ltd.,2026-04-29 13:06:55.868307
2026042901042867,KBL,58,58,45,216.6,9747.0,Naasa Securities Co. Ltd.,Naasa Securities Co. Ltd.,2026-04-29 13:06:55.869091
2026042901042868,KBL,17,58,15,216.5,3247.5,ABC Securities Private Limited,Naasa Securities Co. Ltd.,2026-04-29 13:06:55.869683
2026042901042869,KBL,58,58,300,216.5,64950.0,Naasa Securities Co. Ltd.,Naasa Securities Co. Ltd.,2026-04-29 13:06:55.870299
2026042901042928,KBL,29,58,500,216.5,108250.0,Trisul Securities & Invt. Ltd.,Naasa Securities Co. Ltd.,2026-04-29 13:07:18.292927
2026042901042986,KBL,80,6,267,216.4,57778.8,Indira securities pvt. ltd,Agrawal Securities (PVT) Ltd.,2026-04-29 13:07:35.917169
2026042901043067,KBL,80,58,133,216.4,28781.2,Indira securities pvt. ltd,Naasa Securities Co. Ltd.,2026-04-29 13:08:03.023890
2026042901043068,KBL,59,58,200,216.4,43280.0,Deevyaa Securities & Stock House Pvt. Ltd,Naasa Securities Co. Ltd.,2026-04-29 13:08:03.024709
2026042901043069,KBL,58,58,24,216.4,5193.6,Naasa Securities Co. Ltd.,Naasa Securities Co. Ltd.,2026-04-29 13:08:03.025200
2026042901043070,KBL,41,58,100,216.3,21630.0,Linch Stock Market Ltd.,Naasa Securities Co. Ltd.,2026-04-29 13:08:03.025682
2026042901043071,KBL,49,58,50,216.3,10815.0,Online Securities Pvt. Ltd.,Naasa Securities Co. Ltd.,2026-04-29 13:08:03.026167
2026042901043072,KBL,28,58,10,216.3,2163.0,Shree Krishna Securities Ltd.,Naasa Securities Co. Ltd.,2026-04-29 13:08:03.026644
2026042901043073,KBL,80,58,400,216.3,86520.0,Indira securities pvt. ltd,Naasa Securities Co. Ltd.,2026-04-29 13:08:03.027117
2026042901043074,KBL,7,58,213,216.3,46071.9,J.F. Securites (PVT) Ltd.,Naasa Securities Co. Ltd.,2026-04-29 13:08:03.027595
2026042901043178,KBL,7,58,287,216.3,62078.1,J.F. Securites (PVT) Ltd.,Naasa Securities Co. Ltd.,2026-04-29 13:08:28.429424
2026042901043179,KBL,42,58,10,216.2,2162.0,Sani Securities Company Ltd.,Naasa Securities Co. Ltd.,2026-04-29 13:08:28.431367
2026042901043180,KBL,80,58,400,216.2,86480.0,Indira securities pvt. ltd,Naasa Securities Co. Ltd.,2026-04-29 13:08:28.432973
2026042901043181,KBL,49,58,100,216.2,21620.0,Online Securities Pvt. Ltd.,Naasa Securities Co. Ltd.,2026-04-29 13:08:28.434529
2026042901043182,KBL,51,58,250,216.2,54050.0,Oxford Securities Pvt. Ltd.,Naasa Securities Co. Ltd.,2026-04-29 13:08:28.436079
2026042901043183,KBL,32,58,500,216.2,108100.0,Premier Securities Company Ltd.,Naasa Securities Co. Ltd.,2026-04-29 13:08:28.437602
2026042901043184,KBL,57,58,735,216.1,158833.5,Aryatara Investment & Securities,Naasa Securities Co. Ltd.,2026-04-29 13:08:28.438178
2026042901043185,KBL,57,58,10000,216.1,2161000.0,Aryatara Investment & Securities,Naasa Securities Co. Ltd.,2026-04-29 13:08:28.438663
2026042901043186,KBL,35,58,40,216.1,8644.0,Kohinoor Investment & Securities Pvt. Ltd.,Naasa Securities Co. Ltd.,2026-04-29 13:08:28.439165
2026042901043187,KBL,32,58,1000,216.1,216100.0,Premier Securities Company Ltd.,Naasa Securities Co. Ltd.,2026-04-29 13:08:28.439657
2026042901043188,KBL,13,58,500,216.1,108050.0,Thrive Brokerage House Pvt. Ltd,Naasa Securities Co. Ltd.,2026-04-29 13:08:28.440158
2026042901043189,KBL,80,58,600,216.1,129660.0,Indira securities pvt. ltd,Naasa Securities Co. Ltd.,2026-04-29 13:08:28.440660
2026042901043190,KBL,49,58,60,216.1,12966.0,Online Securities Pvt. Ltd.,Naasa Securities Co. Ltd.,2026-04-29 13:08:28.441145
2026042901043191,KBL,13,58,500,216.0,108000.0,Thrive Brokerage House Pvt. Ltd,Naasa Securities Co. Ltd.,2026-04-29 13:08:28.441625
2026042901043192,KBL,67,58,1000,216.0,216000.0,Property Wiard Limited,Naasa Securities Co. Ltd.,2026-04-29 13:08:28.442127
2026042901043193,KBL,34,58,500,216.0,108000.0,Vision Securities Pvt. Ltd,Naasa Securities Co. Ltd.,2026-04-29 13:08:28.442626
2026042901043194,KBL,38,58,50,216.0,10800.0,Dipshikha Dhitopatra Karobar Co. Pvt Ltd.,Naasa Securities Co. Ltd.,2026-04-29 13:08:28.443114
2026042901043195,KBL,39,58,1962,216.0,423792.0,Sumeru Securities Pvt. Ltd.,Naasa Securities Co. Ltd.,2026-04-29 13:08:28.443593
2026042901043196,KBL,19,58,500,216.0,108000.0,Nepal Investment And Securities Trading Private Limited,Naasa Securities Co. Ltd.,2026-04-29 13:08:28.444092
2026042901043197,KBL,50,58,500,216.0,108000.0,Cristal Kanchanjanga Securites Pvt. Ltd.,Naasa Securities Co. Ltd.,2026-04-29 13:08:28.444567
2026042901043198,KBL,42,58,10,216.0,2160.0,Sani Securities Company Ltd.,Naasa Securities Co. Ltd.,2026-04-29 13:08:28.445047
2026042901043199,KBL,34,58,100,216.0,21600.0,Vision Securities Pvt. Ltd,Naasa Securities Co. Ltd.,2026-04-29 13:08:28.445537
2026042901043200,KBL,49,58,242,216.0,52272.0,Online Securities Pvt. Ltd.,Naasa Securities Co. Ltd.,2026-04-29 13:08:28.446026
2026042901043201,KBL,58,58,200,216.0,43200.0,Naasa Securities Co. Ltd.,Naasa Securities Co. Ltd.,2026-04-29 13:08:28.446495
2026042901043202,KBL,22,58,2000,216.0,432000.0,Siprabi Securities Pvt. Ltd.,Naasa Securities Co. Ltd.,2026-04-29 13:08:28.447000
2026042901043203,KBL,25,58,1000,216.0,216000.0,Sweta Securities Private Limited,Naasa Securities Co. Ltd.,2026-04-29 13:08:28.447476
2026042901043204,KBL,49,58,150,216.0,32400.0,Online Securities Pvt. Ltd.,Naasa Securities Co. Ltd.,2026-04-29 13:08:28.447946
2026042901043205,KBL,28,58,300,216.0,64800.0,Shree Krishna Securities Ltd.,Naasa Securities Co. Ltd.,2026-04-29 13:08:28.448441
2026042901043206,KBL,32,58,300,216.0,64800.0,Premier Securities Company Ltd.,Naasa Securities Co. Ltd.,2026-04-29 13:08:28.448924
2026042901043207,KBL,49,58,140,216.0,30240.0,Online Securities Pvt. Ltd.,Naasa Securities Co. Ltd.,2026-04-29 13:08:28.449404
2026042901043208,KBL,32,58,50,216.0,10800.0,Premier Securities Company Ltd.,Naasa Securities Co. Ltd.,2026-04-29 13:08:28.449868
2026042901043209,KBL,47,58,5000,216.0,1080000.0,Neev Securities Pvt. Ltd.,Naasa Securities Co. Ltd.,2026-04-29 13:08:28.450349
2026042901043210,KBL,47,58,50,216.0,10800.0,Neev Securities Pvt. Ltd.,Naasa Securities Co. Ltd.,2026-04-29 13:08:28.450837
2026042901043211,KBL,11,58,100,216.0,21600.0,Malla & Malla Stock Broking Company Pvt. Limited,Naasa Securities Co. Ltd.,2026-04-29 13:08:28.451356
2026042901043212,KBL,4,58,500,216.0,108000.0,Opal Securities Investment (PVT) Ltd.,Naasa Securities Co. Ltd.,2026-04-29 13:08:28.451823
2026042901043213,KBL,7,58,500,216.0,108000.0,J.F. Securites (PVT) Ltd.,Naasa Securities Co. Ltd.,2026-04-29 13:08:28.452289
2026042901043214,KBL,45,58,20,216.0,4320.0,Imperial Securities Company Pvt. Ltd.,Naasa Securities Co. Ltd.,2026-04-29 13:08:28.452766
2026042901043215,KBL,66,58,1000,216.0,216000.0,Miyo Securities Pvt Ltd,Naasa Securities Co. Ltd.,2026-04-29 13:08:28.453235
2026042901043216,KBL,14,58,1000,216.0,216000.0,Nepal Stock House (PVT) Ltd.,Naasa Securities Co. Ltd.,2026-04-29 13:08:28.453709
2026042901043217,KBL,58,58,10,216.0,2160.0,Naasa Securities Co. Ltd.,Naasa Securities Co. Ltd.,2026-04-29 13:08:28.454172
2026042901043218,KBL,51,58,200,216.0,43200.0,Oxford Securities Pvt. Ltd.,Naasa Securities Co. Ltd.,2026-04-29 13:08:28.454646
2026042901043219,KBL,22,58,1000,216.0,216000.0,Siprabi Securities Pvt. Ltd.,Naasa Securities Co. Ltd.,2026-04-29 13:08:28.455103
2026042901043220,KBL,42,58,2000,216.0,432000.0,Sani Securities Company Ltd.,Naasa Securities Co. Ltd.,2026-04-29 13:08:28.455575
2026042901043221,KBL,4,58,3000,216.0,648000.0,Opal Securities Investment (PVT) Ltd.,Naasa Securities Co. Ltd.,2026-04-29 13:08:28.456044
2026042901043222,KBL,41,58,140,216.0,30240.0,Linch Stock Market Ltd.,Naasa Securities Co. Ltd.,2026-04-29 13:08:28.456518
2026042901043223,KBL,6,58,200,216.0,43200.0,Agrawal Securities (PVT) Ltd.,Naasa Securities Co. Ltd.,2026-04-29 13:08:28.456972
2026042901043224,KBL,62,58,500,216.0,108000.0,Capital Max Securities Ltd,Naasa Securities Co. Ltd.,2026-04-29 13:08:28.457445
2026042901043225,KBL,41,58,1000,216.0,216000.0,Linch Stock Market Ltd.,Naasa Securities Co. Ltd.,2026-04-29 13:08:28.457897
2026042901043226,KBL,42,58,20,216.0,4320.0,Sani Securities Company Ltd.,Naasa Securities Co. Ltd.,2026-04-29 13:08:28.458391
2026042901043227,KBL,80,58,400,216.0,86400.0,Indira securities pvt. ltd,Naasa Securities Co. Ltd.,2026-04-29 13:08:28.458850
2026042901043228,KBL,33,58,2000,216.0,432000.0,Dakshinkali Investment & Securities Pvt. Ltd.,Naasa Securities Co. Ltd.,2026-04-29 13:08:28.459325
2026042901043229,KBL,21,58,50,216.0,10800.0,Midas Stock Broking Company Private Limited,Naasa Securities Co. Ltd.,2026-04-29 13:08:28.459792
2026042901043230,KBL,58,58,455,216.0,98280.0,Naasa Securities Co. Ltd.,Naasa Securities Co. Ltd.,2026-04-29 13:08:28.460271
2026042901043231,KBL,19,58,500,216.0,108000.0,Nepal Investment And Securities Trading Private Limited,Naasa Securities Co. Ltd.,2026-04-29 13:08:28.460723
2026042901043232,KBL,57,58,100,216.0,21600.0,Aryatara Investment & Securities,Naasa Securities Co. Ltd.,2026-04-29 13:08:28.461217
2026042901043233,KBL,57,58,180,216.0,38880.0,Aryatara Investment & Securities,Naasa Securities Co. Ltd.,2026-04-29 13:08:28.461674
2026042901043234,KBL,46,58,630,216.0,136080.0,Kalika Securities Pvt. Ltd.,Naasa Securities Co. Ltd.,2026-04-29 13:08:28.462125
2026042901043235,KBL,61,58,500,216.0,108000.0,BHOLE GANESH SECURITIES LTD,Naasa Securities Co. Ltd.,2026-04-29 13:08:28.462589
2026042901043236,KBL,57,58,50,216.0,10800.0,Aryatara Investment & Securities,Naasa Securities Co. Ltd.,2026-04-29 13:08:28.463097
2026042901043237,KBL,28,58,100,216.0,21600.0,Shree Krishna Securities Ltd.,Naasa Securities Co. Ltd.,2026-04-29 13:08:28.463557
2026042901043238,KBL,52,58,350,216.0,75600.0,Sundhara Securities Limited,Naasa Securities Co. Ltd.,2026-04-29 13:08:28.464004
2026042901043239,KBL,57,58,100,216.0,21600.0,Aryatara Investment & Securities,Naasa Securities Co. Ltd.,2026-04-29 13:08:28.464474
2026042901043240,KBL,38,58,500,216.0,108000.0,Dipshikha Dhitopatra Karobar Co. Pvt Ltd.,Naasa Securities Co. Ltd.,2026-04-29 13:08:28.464929
2026042901043241,KBL,53,58,50,216.0,10800.0,Investment Management Nepal Pvt. Ltd.,Naasa Securities Co. Ltd.,2026-04-29 13:08:28.465400
2026042901043242,KBL,45,58,200,216.0,43200.0,Imperial Securities Company Pvt. Ltd.,Naasa Securities Co. Ltd.,2026-04-29 13:08:28.465854
2026042901043243,KBL,50,58,1000,216.0,216000.0,Cristal Kanchanjanga Securites Pvt. Ltd.,Naasa Securities Co. Ltd.,2026-04-29 13:08:28.466302
2026042901043244,KBL,7,58,280,216.0,60480.0,J.F. Securites (PVT) Ltd.,Naasa Securities Co. Ltd.,2026-04-29 13:08:28.466760
2026042901043245,KBL,45,58,1000,215.8,215800.0,Imperial Securities Company Pvt. Ltd.,Naasa Securities Co. Ltd.,2026-04-29 13:08:28.467210
2026042901043246,KBL,80,58,400,215.8,86320.0,Indira securities pvt. ltd,Naasa Securities Co. Ltd.,2026-04-29 13:08:28.467695
2026042901043247,KBL,80,58,400,215.8,86320.0,Indira securities pvt. ltd,Naasa Securities Co. Ltd.,2026-04-29 13:08:28.468151
2026042901043248,KBL,80,58,400,215.6,86240.0,Indira securities pvt. ltd,Naasa Securities Co. Ltd.,2026-04-29 13:08:28.468633
2026042901043249,KBL,80,58,400,215.6,86240.0,Indira securities pvt. ltd,Naasa Securities Co. Ltd.,2026-04-29 13:08:28.469090
2026042901043250,KBL,38,58,125,215.5,26937.5,Dipshikha Dhitopatra Karobar Co. Pvt Ltd.,Naasa Securities Co. Ltd.,2026-04-29 13:08:28.469553
2026042901043251,KBL,38,58,20,215.5,4310.0,Dipshikha Dhitopatra Karobar Co. Pvt Ltd.,Naasa Securities Co. Ltd.,2026-04-29 13:08:28.470012
2026042901043252,KBL,58,58,500,215.5,107750.0,Naasa Securities Co. Ltd.,Naasa Securities Co. Ltd.,2026-04-29 13:08:28.470476
2026042901043253,KBL,80,58,400,215.4,86160.0,Indira securities pvt. ltd,Naasa Securities Co. Ltd.,2026-04-29 13:08:28.470918
2026042901043254,KBL,80,58,400,215.4,86160.0,Indira securities pvt. ltd,Naasa Securities Co. Ltd.,2026-04-29 13:08:28.471365
2026042901043255,KBL,80,58,400,215.3,86120.0,Indira securities pvt. ltd,Naasa Securities Co. Ltd.,2026-04-29 13:08:28.471864
2026042901043256,KBL,34,58,50,215.2,10760.0,Vision Securities Pvt. Ltd,Naasa Securities Co. Ltd.,2026-04-29 13:08:28.472333
2026042901043257,KBL,80,58,400,215.2,86080.0,Indira securities pvt. ltd,Naasa Securities Co. Ltd.,2026-04-29 13:08:28.472807
2026042901043258,KBL,38,58,30,215.2,6456.0,Dipshikha Dhitopatra Karobar Co. Pvt Ltd.,Naasa Securities Co. Ltd.,2026-04-29 13:08:28.473258
2026042901043259,KBL,34,58,50,215.2,10760.0,Vision Securities Pvt. Ltd,Naasa Securities Co. Ltd.,2026-04-29 13:08:28.473716
2026042901043260,KBL,80,58,400,215.2,86080.0,Indira securities pvt. ltd,Naasa Securities Co. Ltd.,2026-04-29 13:08:28.474166
2026042901043261,KBL,57,58,200,215.1,43020.0,Aryatara Investment & Securities,Naasa Securities Co. Ltd.,2026-04-29 13:08:28.474621
2026042901043262,KBL,16,58,500,215.1,107550.0,Primo Securities (PVT) Ltd.,Naasa Securities Co. Ltd.,2026-04-29 13:08:28.475086
2026042901043263,KBL,82,58,40,215.0,8600.0,N.M.B. SECURITIES LIMITED,Naasa Securities Co. Ltd.,2026-04-29 13:08:28.475542
2026042901043264,KBL,58,58,10,215.0,2150.0,Naasa Securities Co. Ltd.,Naasa Securities Co. Ltd.,2026-04-29 13:08:28.476001
2026042901043265,KBL,89,58,460,215.0,98900.0,Global IME Securities Limited,Naasa Securities Co. Ltd.,2026-04-29 13:08:28.476454
2026042901043266,KBL,38,58,1000,215.0,215000.0,Dipshikha Dhitopatra Karobar Co. Pvt Ltd.,Naasa Securities Co. Ltd.,2026-04-29 13:08:28.476909
2026042901043267,KBL,58,58,320,215.0,68800.0,Naasa Securities Co. Ltd.,Naasa Securities Co. Ltd.,2026-04-29 13:08:28.477350
2026042901043268,KBL,33,58,1000,215.0,215000.0,Dakshinkali Investment & Securities Pvt. Ltd.,Naasa Securities Co. Ltd.,2026-04-29 13:08:28.477789
2026042901043269,KBL,80,58,400,215.0,86000.0,Indira securities pvt. ltd,Naasa Securities Co. Ltd.,2026-04-29 13:08:28.478242
2026042901043270,KBL,8,58,5000,215.0,1075000.0,Brilliant Securities Pvt. Ltd.,Naasa Securities Co. Ltd.,2026-04-29 13:08:28.478675
2026042901043271,KBL,17,58,200,215.0,43000.0,ABC Securities Private Limited,Naasa Securities Co. Ltd.,2026-04-29 13:08:28.479134
2026042901043272,KBL,71,58,193,215.0,41495.0,SHUBHAKAMANA SECURITIES PVT. LTD,Naasa Securities Co. Ltd.,2026-04-29 13:08:28.479560
2026042901043273,KBL,38,58,50,215.0,10750.0,Dipshikha Dhitopatra Karobar Co. Pvt Ltd.,Naasa Securities Co. Ltd.,2026-04-29 13:08:28.479992
2026042901043274,KBL,48,58,50,215.0,10750.0,Trishakti Securities Public Limited,Naasa Securities Co. Ltd.,2026-04-29 13:08:28.480425
2026042901043275,KBL,13,58,100,215.0,21500.0,Thrive Brokerage House Pvt. Ltd,Naasa Securities Co. Ltd.,2026-04-29 13:08:28.480862
2026042901043276,KBL,58,58,30,215.0,6450.0,Naasa Securities Co. Ltd.,Naasa Securities Co. Ltd.,2026-04-29 13:08:28.481307
2026042901043277,KBL,17,58,200,215.0,43000.0,ABC Securities Private Limited,Naasa Securities Co. Ltd.,2026-04-29 13:08:28.481749
2026042901043278,KBL,4,58,2000,215.0,430000.0,Opal Securities Investment (PVT) Ltd.,Naasa Securities Co. Ltd.,2026-04-29 13:08:28.482170
2026042901043279,KBL,66,58,2500,215.0,537500.0,Miyo Securities Pvt Ltd,Naasa Securities Co. Ltd.,2026-04-29 13:08:28.482578
2026042901043280,KBL,60,58,140,215.0,30100.0,Nagarik Stock Dealer ,Naasa Securities Co. Ltd.,2026-04-29 13:08:28.483001
2026042901043281,KBL,17,58,500,215.0,107500.0,ABC Securities Private Limited,Naasa Securities Co. Ltd.,2026-04-29 13:08:28.483411
2026042901043282,KBL,57,58,1008,215.0,216720.0,Aryatara Investment & Securities,Naasa Securities Co. Ltd.,2026-04-29 13:08:28.483849
2026042901043283,KBL,19,58,20,215.0,4300.0,Nepal Investment And Securities Trading Private Limited,Naasa Securities Co. Ltd.,2026-04-29 13:08:28.484266
2026042901043284,KBL,57,58,100,215.0,21500.0,Aryatara Investment & Securities,Naasa Securities Co. Ltd.,2026-04-29 13:08:28.484660
2026042901043285,KBL,1,58,200,215.0,43000.0,Kumari Securities Private Limited,Naasa Securities Co. Ltd.,2026-04-29 13:08:28.485071
2026042901043286,KBL,5,58,200,215.0,43000.0,Market Securities & Exchange (PVT) Ltd.,Naasa Securities Co. Ltd.,2026-04-29 13:08:28.485467
2026042901043287,KBL,57,58,50,215.0,10750.0,Aryatara Investment & Securities,Naasa Securities Co. Ltd.,2026-04-29 13:08:28.485850
2026042901043288,KBL,28,58,200,215.0,43000.0,Shree Krishna Securities Ltd.,Naasa Securities Co. Ltd.,2026-04-29 13:08:28.486258
2026042901043289,KBL,45,58,2000,215.0,430000.0,Imperial Securities Company Pvt. Ltd.,Naasa Securities Co. Ltd.,2026-04-29 13:08:28.486643
2026042901043290,KBL,74,58,1000,215.0,215000.0,KALASH STOCK MARKET PVT. LTD.,Naasa Securities Co. Ltd.,2026-04-29 13:08:28.487028
2026042901043291,KBL,1,58,5000,215.0,1075000.0,Kumari Securities Private Limited,Naasa Securities Co. Ltd.,2026-04-29 13:08:28.487445
2026042901043292,KBL,50,58,1000,215.0,215000.0,Cristal Kanchanjanga Securites Pvt. Ltd.,Naasa Securities Co. Ltd.,2026-04-29 13:08:28.487822
2026042901043293,KBL,16,58,500,215.0,107500.0,Primo Securities (PVT) Ltd.,Naasa Securities Co. Ltd.,2026-04-29 13:08:28.488200
2026042901043294,KBL,58,58,500,215.0,107500.0,Naasa Securities Co. Ltd.,Naasa Securities Co. Ltd.,2026-04-29 13:08:28.488605
2026042901043295,KBL,48,58,100,215.0,21500.0,Trishakti Securities Public Limited,Naasa Securities Co. Ltd.,2026-04-29 13:08:28.488989
2026042901043296,KBL,17,58,200,215.0,43000.0,ABC Securities Private Limited,Naasa Securities Co. Ltd.,2026-04-29 13:08:28.489369
2026042901043297,KBL,49,58,1000,215.0,215000.0,Online Securities Pvt. Ltd.,Naasa Securities Co. Ltd.,2026-04-29 13:08:28.489757
2026042901043298,KBL,26,58,930,215.0,199950.0,Asian Securities Private Ltd.,Naasa Securities Co. Ltd.,2026-04-29 13:08:28.490135
2026042901043299,KBL,49,58,40,215.0,8600.0,Online Securities Pvt. Ltd.,Naasa Securities Co. Ltd.,2026-04-29 13:08:28.490502
2026042901043300,KBL,42,58,1000,215.0,215000.0,Sani Securities Company Ltd.,Naasa Securities Co. Ltd.,2026-04-29 13:08:28.490898
2026042901043301,KBL,38,58,500,215.0,107500.0,Dipshikha Dhitopatra Karobar Co. Pvt Ltd.,Naasa Securities Co. Ltd.,2026-04-29 13:08:28.491286
2026042901043302,KBL,42,58,930,215.0,199950.0,Sani Securities Company Ltd.,Naasa Securities Co. Ltd.,2026-04-29 13:08:28.491668
2026042901043303,KBL,69,58,50,215.0,10750.0,INDEX SECURITIES LIMITED,Naasa Securities Co. Ltd.,2026-04-29 13:08:28.492037
2026042901043304,KBL,44,58,300,215.0,64500.0,Dynamic Money Managers Securities Pvt. Ltd.,Naasa Securities Co. Ltd.,2026-04-29 13:08:28.492393
2026042901043305,KBL,37,58,21,215.0,4515.0,Swarna Laxmi Securities Pvt. Ltd.,Naasa Securities Co. Ltd.,2026-04-29 13:08:28.492771
2026042901043306,KBL,57,58,200,215.0,43000.0,Aryatara Investment & Securities,Naasa Securities Co. Ltd.,2026-04-29 13:08:28.493132
2026042901043307,KBL,21,58,1000,215.0,215000.0,Midas Stock Broking Company Private Limited,Naasa Securities Co. Ltd.,2026-04-29 13:08:28.493481
2026042901043308,KBL,49,58,500,215.0,107500.0,Online Securities Pvt. Ltd.,Naasa Securities Co. Ltd.,2026-04-29 13:08:28.493852
2026042901043309,KBL,49,58,15,215.0,3225.0,Online Securities Pvt. Ltd.,Naasa Securities Co. Ltd.,2026-04-29 13:08:28.494210
2026042901043310,KBL,43,58,20,215.0,4300.0,South Asian Bulls Pvt. Ltd.,Naasa Securities Co. Ltd.,2026-04-29 13:08:28.494554
2026042901043311,KBL,16,58,500,215.0,107500.0,Primo Securities (PVT) Ltd.,Naasa Securities Co. Ltd.,2026-04-29 13:08:28.494912
2026042901043312,KBL,34,58,300,215.0,64500.0,Vision Securities Pvt. Ltd,Naasa Securities Co. Ltd.,2026-04-29 13:08:28.495260
2026042901043313,KBL,57,58,42,215.0,9030.0,Aryatara Investment & Securities,Naasa Securities Co. Ltd.,2026-04-29 13:08:28.495611
2026042901043314,KBL,52,58,25,215.0,5375.0,Sundhara Securities Limited,Naasa Securities Co. Ltd.,2026-04-29 13:08:28.495972
2026042901043315,KBL,16,58,500,215.0,107500.0,Primo Securities (PVT) Ltd.,Naasa Securities Co. Ltd.,2026-04-29 13:08:28.496319
2026042901043316,KBL,34,58,100,215.0,21500.0,Vision Securities Pvt. Ltd,Naasa Securities Co. Ltd.,2026-04-29 13:08:28.496694
2026042901043317,KBL,45,58,50,215.0,10750.0,Imperial Securities Company Pvt. Ltd.,Naasa Securities Co. Ltd.,2026-04-29 13:08:28.497065
2026042901043318,KBL,42,58,120,215.0,25800.0,Sani Securities Company Ltd.,Naasa Securities Co. Ltd.,2026-04-29 13:08:28.497399
2026042901043319,KBL,47,58,100,215.0,21500.0,Neev Securities Pvt. Ltd.,Naasa Securities Co. Ltd.,2026-04-29 13:08:28.497747
2026042901043320,KBL,72,58,10,215.0,2150.0,Hatemalo Financial Services Private Limited,Naasa Securities Co. Ltd.,2026-04-29 13:08:28.498087
2026042901043321,KBL,53,58,50,215.0,10750.0,Investment Management Nepal Pvt. Ltd.,Naasa Securities Co. Ltd.,2026-04-29 13:08:28.498425
2026042901043322,KBL,71,58,1000,215.0,215000.0,SHUBHAKAMANA SECURITIES PVT. LTD,Naasa Securities Co. Ltd.,2026-04-29 13:08:28.498783
2026042901043323,KBL,33,58,41,215.0,8815.0,Dakshinkali Investment & Securities Pvt. Ltd.,Naasa Securities Co. Ltd.,2026-04-29 13:08:28.499122
2026042901043569,KBL,58,58,200,216.8,43360.0,Naasa Securities Co. Ltd.,Naasa Securities Co. Ltd.,2026-04-29 13:09:51.903821
2026042901043810,KBL,46,58,17,216.5,3680.5,Kalika Securities Pvt. Ltd.,Naasa Securities Co. Ltd.,2026-04-29 13:11:23.598980
2026042901043866,KBL,65,58,10,216.5,2165.0,Sharepro Securities Private Limited,Naasa Securities Co. Ltd.,2026-04-29 13:11:46.539369
2026042901043998,KBL,66,58,973,216.5,210654.5,Miyo Securities Pvt Ltd,Naasa Securities Co. Ltd.,2026-04-29 13:12:32.438231
2026042901043999,KBL,66,58,1527,216.8,331053.6,Miyo Securities Pvt Ltd,Naasa Securities Co. Ltd.,2026-04-29 13:12:32.439564
2026042901044000,KBL,66,41,345,217.0,74865.0,Miyo Securities Pvt Ltd,Linch Stock Market Ltd.,2026-04-29 13:12:32.440637
2026042901044001,KBL,66,22,890,217.9,193931.0,Miyo Securities Pvt Ltd,Siprabi Securities Pvt. Ltd.,2026-04-29 13:12:32.441700
2026042901044002,KBL,66,49,1313,218.0,286234.0,Miyo Securities Pvt Ltd,Online Securities Pvt. Ltd.,2026-04-29 13:12:32.442780
2026042901044003,KBL,66,78,4952,218.0,1079536.0,Miyo Securities Pvt Ltd,Garima Securities Limited,2026-04-29 13:12:32.443849
2026042901044080,KBL,59,36,400,216.0,86400.0,Deevyaa Securities & Stock House Pvt. Ltd,Secured Securities Ltd.,2026-04-29 13:12:51.936756
2026042901044146,KBL,32,16,1000,215.6,215600.0,Premier Securities Company Ltd.,Primo Securities (PVT) Ltd.,2026-04-29 13:13:04.423557
2026042901044147,KBL,42,16,100,215.5,21550.0,Sani Securities Company Ltd.,Primo Securities (PVT) Ltd.,2026-04-29 13:13:04.423682
2026042901044148,KBL,43,16,50,215.1,10755.0,South Asian Bulls Pvt. Ltd.,Primo Securities (PVT) Ltd.,2026-04-29 13:13:04.423760
2026042901044149,KBL,58,16,50,215.1,10755.0,Naasa Securities Co. Ltd.,Primo Securities (PVT) Ltd.,2026-04-29 13:13:04.423838
2026042901044150,KBL,45,16,21,215.1,4517.1,Imperial Securities Company Pvt. Ltd.,Primo Securities (PVT) Ltd.,2026-04-29 13:13:04.423914
2026042901044151,KBL,44,16,279,215.1,60012.9,Dynamic Money Managers Securities Pvt. Ltd.,Primo Securities (PVT) Ltd.,2026-04-29 13:13:04.423989
2026042901044214,KBL,44,16,1500,215.1,322650.0,Dynamic Money Managers Securities Pvt. Ltd.,Primo Securities (PVT) Ltd.,2026-04-29 13:13:23.529849
2026042901044489,KBL,36,57,200,217.9,43580.0,Secured Securities Ltd.,Aryatara Investment & Securities,2026-04-29 13:14:23.344058
2026042901044677,KBL,36,56,180,217.9,39222.0,Secured Securities Ltd.,Sri Hari Securities Pvt. Ltd.,2026-04-29 13:15:26.241525
2026042901044885,KBL,99,78,48,218.0,10464.0,Prabhu Stock Market Limited,Garima Securities Limited,2026-04-29 13:17:03.982299
2026042901044886,KBL,99,66,452,218.0,98536.0,Prabhu Stock Market Limited,Miyo Securities Pvt Ltd,2026-04-29 13:17:03.982940
2026042901044895,KBL,57,16,12,216.0,2592.0,Aryatara Investment & Securities,Primo Securities (PVT) Ltd.,2026-04-29 13:17:09.487175
2026042901045264,KBL,14,58,10,217.9,2179.0,Nepal Stock House (PVT) Ltd.,Naasa Securities Co. Ltd.,2026-04-29 13:19:31.476582
2026042901045645,KBL,44,29,100,217.0,21700.0,Dynamic Money Managers Securities Pvt. Ltd.,Trisul Securities & Invt. Ltd.,2026-04-29 13:21:29.391866
2026042901045646,KBL,58,29,20,216.5,4330.0,Naasa Securities Co. Ltd.,Trisul Securities & Invt. Ltd.,2026-04-29 13:21:29.392556
2026042901045647,KBL,58,29,100,216.2,21620.0,Naasa Securities Co. Ltd.,Trisul Securities & Invt. Ltd.,2026-04-29 13:21:29.392963
2026042901045648,KBL,83,29,50,216.1,10805.0,Sanima Securities Limited,Trisul Securities & Invt. Ltd.,2026-04-29 13:21:29.393359
2026042901045649,KBL,58,29,35,216.1,7563.5,Naasa Securities Co. Ltd.,Trisul Securities & Invt. Ltd.,2026-04-29 13:21:29.393739
2026042901045650,KBL,88,29,500,216.1,108050.0,Blue Chip Securities Ltd,Trisul Securities & Invt. Ltd.,2026-04-29 13:21:29.394121
2026042901045651,KBL,57,29,88,216.0,19008.0,Aryatara Investment & Securities,Trisul Securities & Invt. Ltd.,2026-04-29 13:21:29.394518
2026042901045652,KBL,14,29,50,216.0,10800.0,Nepal Stock House (PVT) Ltd.,Trisul Securities & Invt. Ltd.,2026-04-29 13:21:29.394905
2026042901045653,KBL,17,29,20,216.0,4320.0,ABC Securities Private Limited,Trisul Securities & Invt. Ltd.,2026-04-29 13:21:29.395294
2026042901045654,KBL,86,29,90,216.0,19440.0,Stoxkarts Securities Limited,Trisul Securities & Invt. Ltd.,2026-04-29 13:21:29.395675
2026042901045655,KBL,38,29,25,216.0,5400.0,Dipshikha Dhitopatra Karobar Co. Pvt Ltd.,Trisul Securities & Invt. Ltd.,2026-04-29 13:21:29.396087
2026042901045656,KBL,58,29,35,216.0,7560.0,Naasa Securities Co. Ltd.,Trisul Securities & Invt. Ltd.,2026-04-29 13:21:29.396479
2026042901045657,KBL,42,29,100,216.0,21600.0,Sani Securities Company Ltd.,Trisul Securities & Invt. Ltd.,2026-04-29 13:21:29.396868
2026042901045658,KBL,6,29,287,216.0,61992.0,Agrawal Securities (PVT) Ltd.,Trisul Securities & Invt. Ltd.,2026-04-29 13:21:29.397264
2026042901045842,KBL,6,57,30,216.0,6480.0,Agrawal Securities (PVT) Ltd.,Aryatara Investment & Securities,2026-04-29 13:22:34.011097
2026042901046485,KBL,13,58,90,217.9,19611.0,Thrive Brokerage House Pvt. Ltd,Naasa Securities Co. Ltd.,2026-04-29 13:25:54.907622
2026042901046486,KBL,13,66,910,218.0,198380.0,Thrive Brokerage House Pvt. Ltd,Miyo Securities Pvt Ltd,2026-04-29 13:25:54.909266
2026042901046694,KBL,58,66,17,218.0,3706.0,Naasa Securities Co. Ltd.,Miyo Securities Pvt Ltd,2026-04-29 13:27:04.648615
2026042901046898,KBL,45,13,250,217.0,54250.0,Imperial Securities Company Pvt. Ltd.,Thrive Brokerage House Pvt. Ltd,2026-04-29 13:28:20.071923
2026042901047033,KBL,34,66,114,218.0,24852.0,Vision Securities Pvt. Ltd,Miyo Securities Pvt Ltd,2026-04-29 13:29:25.968863
2026042901047203,KBL,10,34,30,217.5,6525.0,Pragyan Securities (PVT) Ltd.,Vision Securities Pvt. Ltd,2026-04-29 13:29:57.504336
2026042901047204,KBL,45,34,50,217.0,10850.0,Imperial Securities Company Pvt. Ltd.,Vision Securities Pvt. Ltd,2026-04-29 13:29:57.505090
2026042901047205,KBL,49,34,220,217.0,47740.0,Online Securities Pvt. Ltd.,Vision Securities Pvt. Ltd,2026-04-29 13:29:57.505541
2026042901047276,KBL,58,66,10,218.0,2180.0,Naasa Securities Co. Ltd.,Miyo Securities Pvt Ltd,2026-04-29 13:30:18.817307
2026042901047476,KBL,59,64,148,217.1,32130.8,Deevyaa Securities & Stock House Pvt. Ltd,SUN SECURITIES PVT LTD,2026-04-29 13:31:03.668047
2026042901047490,KBL,14,66,10,218.0,2180.0,Nepal Stock House (PVT) Ltd.,Miyo Securities Pvt Ltd,2026-04-29 13:31:14.973278
2026042901047988,KBL,60,74,40,217.9,8716.0,Nagarik Stock Dealer ,KALASH STOCK MARKET PVT. LTD.,2026-04-29 13:34:16.682085
2026042901047993,KBL,58,74,50,217.9,10895.0,Naasa Securities Co. Ltd.,KALASH STOCK MARKET PVT. LTD.,2026-04-29 13:34:18.230688
2026042901048025,KBL,58,45,290,217.2,62988.0,Naasa Securities Co. Ltd.,Imperial Securities Company Pvt. Ltd.,2026-04-29 13:34:29.874473
2026042901048241,KBL,58,46,500,217.3,108650.0,Naasa Securities Co. Ltd.,Kalika Securities Pvt. Ltd.,2026-04-29 13:35:45.514535
2026042901048242,KBL,58,46,370,217.2,80364.0,Naasa Securities Co. Ltd.,Kalika Securities Pvt. Ltd.,2026-04-29 13:35:45.516346
2026042901048243,KBL,8,46,300,217.2,65160.0,Brilliant Securities Pvt. Ltd.,Kalika Securities Pvt. Ltd.,2026-04-29 13:35:45.517772
2026042901048244,KBL,58,46,101,217.2,21937.2,Naasa Securities Co. Ltd.,Kalika Securities Pvt. Ltd.,2026-04-29 13:35:45.519217
2026042901048245,KBL,59,46,352,217.1,76419.2,Deevyaa Securities & Stock House Pvt. Ltd,Kalika Securities Pvt. Ltd.,2026-04-29 13:35:45.520638
2026042901048246,KBL,49,46,80,217.0,17360.0,Online Securities Pvt. Ltd.,Kalika Securities Pvt. Ltd.,2026-04-29 13:35:45.522069
2026042901048247,KBL,5,46,100,217.0,21700.0,Market Securities & Exchange (PVT) Ltd.,Kalika Securities Pvt. Ltd.,2026-04-29 13:35:45.523491
2026042901048248,KBL,58,46,100,217.0,21700.0,Naasa Securities Co. Ltd.,Kalika Securities Pvt. Ltd.,2026-04-29 13:35:45.524905
2026042901048249,KBL,8,46,167,217.0,36239.0,Brilliant Securities Pvt. Ltd.,Kalika Securities Pvt. Ltd.,2026-04-29 13:35:45.526333
2026042901048449,KBL,8,56,333,217.0,72261.0,Brilliant Securities Pvt. Ltd.,Sri Hari Securities Pvt. Ltd.,2026-04-29 13:37:10.593622
2026042901048450,KBL,52,56,167,217.0,36239.0,Sundhara Securities Limited,Sri Hari Securities Pvt. Ltd.,2026-04-29 13:37:10.595424
2026042901048553,KBL,49,66,100,217.8,21780.0,Online Securities Pvt. Ltd.,Miyo Securities Pvt Ltd,2026-04-29 13:37:43.590045
2026042901049012,KBL,42,58,216,217.8,47044.8,Sani Securities Company Ltd.,Naasa Securities Co. Ltd.,2026-04-29 13:40:53.269399
2026042901049013,KBL,42,74,84,217.9,18303.6,Sani Securities Company Ltd.,KALASH STOCK MARKET PVT. LTD.,2026-04-29 13:40:53.271169
2026042901049052,KBL,51,74,126,217.9,27455.4,Oxford Securities Pvt. Ltd.,KALASH STOCK MARKET PVT. LTD.,2026-04-29 13:41:09.690005
2026042901049053,KBL,51,58,99,217.9,21572.1,Oxford Securities Pvt. Ltd.,Naasa Securities Co. Ltd.,2026-04-29 13:41:09.690849
2026042901049119,KBL,36,66,100,218.0,21800.0,Secured Securities Ltd.,Miyo Securities Pvt Ltd,2026-04-29 13:41:34.622729
2026042901049149,KBL,22,66,50,218.0,10900.0,Siprabi Securities Pvt. Ltd.,Miyo Securities Pvt Ltd,2026-04-29 13:41:44.150203
2026042901049168,KBL,58,66,100,218.0,21800.0,Naasa Securities Co. Ltd.,Miyo Securities Pvt Ltd,2026-04-29 13:41:53.241598
2026042901049329,KBL,21,66,35,218.0,7630.0,Midas Stock Broking Company Private Limited,Miyo Securities Pvt Ltd,2026-04-29 13:42:29.734730
2026042901049440,KBL,32,66,202,218.0,44036.0,Premier Securities Company Ltd.,Miyo Securities Pvt Ltd,2026-04-29 13:43:05.808582
2026042901049441,KBL,32,58,20,218.0,4360.0,Premier Securities Company Ltd.,Naasa Securities Co. Ltd.,2026-04-29 13:43:05.809384
2026042901049481,KBL,32,57,778,218.0,169604.0,Premier Securities Company Ltd.,Aryatara Investment & Securities,2026-04-29 13:43:19.540556
2026042901049637,KBL,58,57,222,218.0,48396.0,Naasa Securities Co. Ltd.,Aryatara Investment & Securities,2026-04-29 13:44:04.882826
2026042901049638,KBL,58,35,78,218.0,17004.0,Naasa Securities Co. Ltd.,Kohinoor Investment & Securities Pvt. Ltd.,2026-04-29 13:44:04.884898
2026042901049659,KBL,14,75,5000,217.7,1088500.0,Nepal Stock House (PVT) Ltd.,N.I.M.B. Stock Markets Limited,2026-04-29 13:44:13.736733
2026042901049752,KBL,38,35,62,218.0,13516.0,Dipshikha Dhitopatra Karobar Co. Pvt Ltd.,Kohinoor Investment & Securities Pvt. Ltd.,2026-04-29 13:44:35.411925
2026042901050116,KBL,53,57,10,218.8,2188.0,Investment Management Nepal Pvt. Ltd.,Aryatara Investment & Securities,2026-04-29 13:46:11.966946
2026042901050199,KBL,36,57,10,218.8,2188.0,Secured Securities Ltd.,Aryatara Investment & Securities,2026-04-29 13:46:53.883833
2026042901050476,KBL,34,57,180,218.8,39384.0,Vision Securities Pvt. Ltd,Aryatara Investment & Securities,2026-04-29 13:48:52.523767
2026042901050593,KBL,58,58,13,218.9,2845.7,Naasa Securities Co. Ltd.,Naasa Securities Co. Ltd.,2026-04-29 13:49:28.994930
2026042901050824,KBL,38,4,69,218.0,15042.0,Dipshikha Dhitopatra Karobar Co. Pvt Ltd.,Opal Securities Investment (PVT) Ltd.,2026-04-29 13:50:38.011280
2026042901051005,KBL,38,53,119,218.0,25942.0,Dipshikha Dhitopatra Karobar Co. Pvt Ltd.,Investment Management Nepal Pvt. Ltd.,2026-04-29 13:51:39.907555
2026042901051006,KBL,21,53,381,218.0,83058.0,Midas Stock Broking Company Private Limited,Investment Management Nepal Pvt. Ltd.,2026-04-29 13:51:39.908488
2026042901051072,KBL,47,58,87,218.9,19044.3,Neev Securities Pvt. Ltd.,Naasa Securities Co. Ltd.,2026-04-29 13:52:08.085363
2026042901051073,KBL,47,95,560,218.9,122584.0,Neev Securities Pvt. Ltd.,Magnet Securities and Investment Company Private Limited,2026-04-29 13:52:08.086222
2026042901051074,KBL,47,57,1353,218.9,296171.7,Neev Securities Pvt. Ltd.,Aryatara Investment & Securities,2026-04-29 13:52:08.086794
2026042901051352,KBL,21,66,119,218.0,25942.0,Midas Stock Broking Company Private Limited,Miyo Securities Pvt Ltd,2026-04-29 13:53:20.726597
2026042901051353,KBL,53,66,20,218.0,4360.0,Investment Management Nepal Pvt. Ltd.,Miyo Securities Pvt Ltd,2026-04-29 13:53:20.726666
2026042901051354,KBL,91,66,60,218.0,13080.0,Citizens Share Broker Limited,Miyo Securities Pvt Ltd,2026-04-29 13:53:20.726694
2026042901051355,KBL,80,66,200,218.0,43600.0,Indira securities pvt. ltd,Miyo Securities Pvt Ltd,2026-04-29 13:53:20.726716
2026042901051356,KBL,6,66,101,218.0,22018.0,Agrawal Securities (PVT) Ltd.,Miyo Securities Pvt Ltd,2026-04-29 13:53:20.726739
2026042901051363,KBL,4,82,460,218.8,100648.0,Opal Securities Investment (PVT) Ltd.,N.M.B. SECURITIES LIMITED,2026-04-29 13:53:23.747138
2026042901051528,KBL,6,76,50,218.0,10900.0,Agrawal Securities (PVT) Ltd.,Machhapuchchhre Securities Limited,2026-04-29 13:54:14.449345
2026042901051561,KBL,6,61,849,218.0,185082.0,Agrawal Securities (PVT) Ltd.,BHOLE GANESH SECURITIES LTD,2026-04-29 13:54:23.122451
2026042901051562,KBL,22,61,100,218.0,21800.0,Siprabi Securities Pvt. Ltd.,BHOLE GANESH SECURITIES LTD,2026-04-29 13:54:23.123329
2026042901051699,KBL,34,61,20,218.0,4360.0,Vision Securities Pvt. Ltd,BHOLE GANESH SECURITIES LTD,2026-04-29 13:55:14.026507
2026042901052004,KBL,46,61,20,218.6,4372.0,Kalika Securities Pvt. Ltd.,BHOLE GANESH SECURITIES LTD,2026-04-29 13:57:34.005803
2026042901052005,KBL,46,91,62,218.7,13559.4,Kalika Securities Pvt. Ltd.,Citizens Share Broker Limited,2026-04-29 13:57:34.007760
2026042901052084,KBL,58,58,20,218.0,4360.0,Naasa Securities Co. Ltd.,Naasa Securities Co. Ltd.,2026-04-29 13:58:11.327848
2026042901052085,KBL,58,58,10,218.0,2180.0,Naasa Securities Co. Ltd.,Naasa Securities Co. Ltd.,2026-04-29 13:58:11.329807
2026042901052086,KBL,49,58,35,218.0,7630.0,Online Securities Pvt. Ltd.,Naasa Securities Co. Ltd.,2026-04-29 13:58:11.331440
2026042901052087,KBL,58,58,3,218.0,654.0,Naasa Securities Co. Ltd.,Naasa Securities Co. Ltd.,2026-04-29 13:58:11.332860
2026042901052145,KBL,8,57,50,218.0,10900.0,Brilliant Securities Pvt. Ltd.,Aryatara Investment & Securities,2026-04-29 13:58:38.796450
2026042901052150,KBL,51,57,455,218.0,99190.0,Oxford Securities Pvt. Ltd.,Aryatara Investment & Securities,2026-04-29 13:58:40.892210
2026042901052206,KBL,47,74,200,217.9,43580.0,Neev Securities Pvt. Ltd.,KALASH STOCK MARKET PVT. LTD.,2026-04-29 13:59:00.633438
2026042901052498,KBL,34,57,142,218.0,30956.0,Vision Securities Pvt. Ltd,Aryatara Investment & Securities,2026-04-29 14:00:36.063544
2026042901052499,KBL,34,57,23,218.0,5014.0,Vision Securities Pvt. Ltd,Aryatara Investment & Securities,2026-04-29 14:00:36.065450
2026042901052532,KBL,34,94,835,218.0,182030.0,Vision Securities Pvt. Ltd,K.B.L. Securities Limited ,2026-04-29 14:00:47.151835
2026042901052533,KBL,47,94,4800,217.9,1045920.0,Neev Securities Pvt. Ltd.,K.B.L. Securities Limited ,2026-04-29 14:00:47.153790
2026042901052534,KBL,14,94,4365,217.7,950260.5,Nepal Stock House (PVT) Ltd.,K.B.L. Securities Limited ,2026-04-29 14:00:47.155459
2026042901052578,KBL,58,63,170,217.9,37043.0,Naasa Securities Co. Ltd.,Himalayan Brokerage Company Limited,2026-04-29 14:01:07.762474
2026042901052580,KBL,14,28,46,217.7,10014.2,Nepal Stock House (PVT) Ltd.,Shree Krishna Securities Ltd.,2026-04-29 14:01:09.574134
2026042901052581,KBL,14,57,589,217.7,128225.3,Nepal Stock House (PVT) Ltd.,Aryatara Investment & Securities,2026-04-29 14:01:11.525829
2026042901052582,KBL,38,57,25,217.7,5442.5,Dipshikha Dhitopatra Karobar Co. Pvt Ltd.,Aryatara Investment & Securities,2026-04-29 14:01:11.527826
2026042901052628,KBL,19,57,10,217.7,2177.0,Nepal Investment And Securities Trading Private Limited,Aryatara Investment & Securities,2026-04-29 14:01:32.008542
2026042901052654,KBL,16,57,10,217.7,2177.0,Primo Securities (PVT) Ltd.,Aryatara Investment & Securities,2026-04-29 14:01:43.363659
2026042901052934,KBL,72,57,866,217.7,188528.2,Hatemalo Financial Services Private Limited,Aryatara Investment & Securities,2026-04-29 14:03:23.735949
2026042901053384,KBL,87,38,20,217.5,4350.0,S.P.S.A. Securities Limited,Dipshikha Dhitopatra Karobar Co. Pvt Ltd.,2026-04-29 14:06:08.897526
2026042901053564,KBL,4,63,20,217.9,4358.0,Opal Securities Investment (PVT) Ltd.,Himalayan Brokerage Company Limited,2026-04-29 14:07:38.360436
2026042901053656,KBL,87,56,46,217.5,10005.0,S.P.S.A. Securities Limited,Sri Hari Securities Pvt. Ltd.,2026-04-29 14:08:09.638919
2026042901053657,KBL,57,56,100,217.5,21750.0,Aryatara Investment & Securities,Sri Hari Securities Pvt. Ltd.,2026-04-29 14:08:09.640870
2026042901053821,KBL,41,32,30,217.2,6516.0,Linch Stock Market Ltd.,Premier Securities Company Ltd.,2026-04-29 14:09:11.713455
2026042901053822,KBL,58,32,70,217.2,15204.0,Naasa Securities Co. Ltd.,Premier Securities Company Ltd.,2026-04-29 14:09:11.713500
2026042901054022,KBL,22,56,174,217.5,37845.0,Siprabi Securities Pvt. Ltd.,Sri Hari Securities Pvt. Ltd.,2026-04-29 14:10:35.528633
2026042901054115,KBL,11,63,788,217.9,171705.2,Malla & Malla Stock Broking Company Pvt. Limited,Himalayan Brokerage Company Limited,2026-04-29 14:11:09.263318
2026042901054517,KBL,13,57,100,217.8,21780.0,Thrive Brokerage House Pvt. Ltd,Aryatara Investment & Securities,2026-04-29 14:13:37.215332
2026042901054852,KBL,67,11,1,216.0,216.0,Property Wiard Limited,Malla & Malla Stock Broking Company Pvt. Limited,2026-04-29 14:15:37.017156
2026042901054904,KBL,34,58,200,217.6,43520.0,Vision Securities Pvt. Ltd,Naasa Securities Co. Ltd.,2026-04-29 14:16:04.946520
2026042901054988,KBL,34,49,800,217.6,174080.0,Vision Securities Pvt. Ltd,Online Securities Pvt. Ltd.,2026-04-29 14:16:29.823526
2026042901054989,KBL,22,49,826,217.5,179655.0,Siprabi Securities Pvt. Ltd.,Online Securities Pvt. Ltd.,2026-04-29 14:16:29.825523
2026042901054990,KBL,58,49,40,217.2,8688.0,Naasa Securities Co. Ltd.,Online Securities Pvt. Ltd.,2026-04-29 14:16:29.827175
2026042901054991,KBL,34,49,31,217.2,6733.2,Vision Securities Pvt. Ltd,Online Securities Pvt. Ltd.,2026-04-29 14:16:29.828810
