contractId,stockSymbol,buyerMemberId,sellerMemberId,quantity,rate,amount,businessDate,tradeBookId,stockId,buyerBrokerName,sellerBrokerName,transaction_time,securityName
2026042903000290,KSBBL,1,5,59,481.0,28379.0,2026-04-29,188437547,459,Kumari Securities Private Limited,Market Securities & Exchange (PVT) Ltd.,2026-04-29 11:15:17.365902,Kamana Sewa Bikas Bank Limited
2026042903000291,KSBBL,1,34,100,482.0,48200.0,2026-04-29,188437550,459,Kumari Securities Private Limited,Vision Securities Pvt. Ltd,2026-04-29 11:15:17.365987,Kamana Sewa Bikas Bank Limited
2026042903000398,KSBBL,1,14,240,482.0,115680.0,2026-04-29,188445414,459,Kumari Securities Private Limited,Nepal Stock House (PVT) Ltd.,2026-04-29 11:20:44.324089,Kamana Sewa Bikas Bank Limited
2026042903000703,KSBBL,57,33,17,477.7,8120.9,2026-04-29,188459432,459,Aryatara Investment & Securities,Dakshinkali Investment & Securities Pvt. Ltd.,2026-04-29 11:32:49.518278,Kamana Sewa Bikas Bank Limited
2026042903000704,KSBBL,43,33,383,477.3,182805.9,2026-04-29,188459433,459,South Asian Bulls Pvt. Ltd.,Dakshinkali Investment & Securities Pvt. Ltd.,2026-04-29 11:32:49.518411,Kamana Sewa Bikas Bank Limited
2026042903000835,KSBBL,6,67,500,477.4,238700.0,2026-04-29,188464545,459,Agrawal Securities (PVT) Ltd.,Property Wiard Limited,2026-04-29 11:37:39.448527,Kamana Sewa Bikas Bank Limited
2026042903000935,KSBBL,58,21,45,478.5,21532.5,2026-04-29,188468860,459,Naasa Securities Co. Ltd.,Midas Stock Broking Company Private Limited,2026-04-29 11:42:04.327223,Kamana Sewa Bikas Bank Limited
2026042903001097,KSBBL,6,34,500,477.4,238700.0,2026-04-29,188475765,459,Agrawal Securities (PVT) Ltd.,Vision Securities Pvt. Ltd,2026-04-29 11:50:17.652135,Kamana Sewa Bikas Bank Limited
2026042903001105,KSBBL,42,21,725,478.5,346912.5,2026-04-29,188475970,459,Sani Securities Company Ltd.,Midas Stock Broking Company Private Limited,2026-04-29 11:50:31.977097,Kamana Sewa Bikas Bank Limited
2026042903001413,KSBBL,8,17,15,480.0,7200.0,2026-04-29,188486124,459,Brilliant Securities Pvt. Ltd.,ABC Securities Private Limited,2026-04-29 12:00:35.110964,Kamana Sewa Bikas Bank Limited
2026042903001740,KSBBL,6,33,500,477.5,238750.0,2026-04-29,188496263,459,Agrawal Securities (PVT) Ltd.,Dakshinkali Investment & Securities Pvt. Ltd.,2026-04-29 12:12:12.107115,Kamana Sewa Bikas Bank Limited
2026042903001919,KSBBL,50,45,14,478.0,6692.0,2026-04-29,188503172,459,Cristal Kanchanjanga Securites Pvt. Ltd.,Imperial Securities Company Pvt. Ltd.,2026-04-29 12:20:55.866182,Kamana Sewa Bikas Bank Limited
2026042903001926,KSBBL,6,45,236,477.5,112690.0,2026-04-29,188503535,459,Agrawal Securities (PVT) Ltd.,Imperial Securities Company Pvt. Ltd.,2026-04-29 12:21:15.745442,Kamana Sewa Bikas Bank Limited
2026042903002400,KSBBL,59,58,24,478.0,11472.0,2026-04-29,188519469,459,Deevyaa Securities & Stock House Pvt. Ltd,Naasa Securities Co. Ltd.,2026-04-29 12:41:27.647088,Kamana Sewa Bikas Bank Limited
2026042903002587,KSBBL,57,63,10,477.6,4776.0,2026-04-29,188523386,459,Aryatara Investment & Securities,Himalayan Brokerage Company Limited,2026-04-29 12:48:59.863451,Kamana Sewa Bikas Bank Limited
2026042903002613,KSBBL,6,63,264,477.5,126060.0,2026-04-29,188524162,459,Agrawal Securities (PVT) Ltd.,Himalayan Brokerage Company Limited,2026-04-29 12:50:13.369865,Kamana Sewa Bikas Bank Limited
2026042903002614,KSBBL,46,63,20,477.5,9550.0,2026-04-29,188524164,459,Kalika Securities Pvt. Ltd.,Himalayan Brokerage Company Limited,2026-04-29 12:50:13.370040,Kamana Sewa Bikas Bank Limited
2026042903002615,KSBBL,43,63,117,477.4,55855.8,2026-04-29,188524166,459,South Asian Bulls Pvt. Ltd.,Himalayan Brokerage Company Limited,2026-04-29 12:50:13.370093,Kamana Sewa Bikas Bank Limited
2026042903002616,KSBBL,43,63,100,477.3,47730.0,2026-04-29,188524168,459,South Asian Bulls Pvt. Ltd.,Himalayan Brokerage Company Limited,2026-04-29 12:50:13.370176,Kamana Sewa Bikas Bank Limited
2026042903002617,KSBBL,50,63,50,477.1,23855.0,2026-04-29,188524170,459,Cristal Kanchanjanga Securites Pvt. Ltd.,Himalayan Brokerage Company Limited,2026-04-29 12:50:13.370225,Kamana Sewa Bikas Bank Limited
2026042903002618,KSBBL,58,63,100,477.1,47710.0,2026-04-29,188524172,459,Naasa Securities Co. Ltd.,Himalayan Brokerage Company Limited,2026-04-29 12:50:13.370271,Kamana Sewa Bikas Bank Limited
2026042903002619,KSBBL,58,63,100,477.1,47710.0,2026-04-29,188524174,459,Naasa Securities Co. Ltd.,Himalayan Brokerage Company Limited,2026-04-29 12:50:13.370318,Kamana Sewa Bikas Bank Limited
2026042903002624,KSBBL,96,63,20,476.2,9524.0,2026-04-29,188524298,459,Himalayan Securities Limited,Himalayan Brokerage Company Limited,2026-04-29 12:50:27.192391,Kamana Sewa Bikas Bank Limited
2026042903002625,KSBBL,43,63,200,476.2,95240.0,2026-04-29,188524300,459,South Asian Bulls Pvt. Ltd.,Himalayan Brokerage Company Limited,2026-04-29 12:50:27.192618,Kamana Sewa Bikas Bank Limited
2026042903002626,KSBBL,45,63,519,476.0,247044.0,2026-04-29,188524301,459,Imperial Securities Company Pvt. Ltd.,Himalayan Brokerage Company Limited,2026-04-29 12:50:27.192767,Kamana Sewa Bikas Bank Limited
2026042903002642,KSBBL,6,33,15,476.1,7141.5,2026-04-29,188525099,459,Agrawal Securities (PVT) Ltd.,Dakshinkali Investment & Securities Pvt. Ltd.,2026-04-29 12:51:44.764341,Kamana Sewa Bikas Bank Limited
2026042903002688,KSBBL,57,17,10,476.2,4762.0,2026-04-29,188527666,459,Aryatara Investment & Securities,ABC Securities Private Limited,2026-04-29 12:56:21.178678,Kamana Sewa Bikas Bank Limited
2026042903002696,KSBBL,44,17,15,476.2,7143.0,2026-04-29,188528057,459,Dynamic Money Managers Securities Pvt. Ltd.,ABC Securities Private Limited,2026-04-29 12:57:04.541888,Kamana Sewa Bikas Bank Limited
2026042903002755,KSBBL,41,33,200,476.5,95300.0,2026-04-29,188529930,459,Linch Stock Market Ltd.,Dakshinkali Investment & Securities Pvt. Ltd.,2026-04-29 13:00:17.367792,Kamana Sewa Bikas Bank Limited
2026042903002890,KSBBL,44,51,19,476.2,9047.8,2026-04-29,188533641,459,Dynamic Money Managers Securities Pvt. Ltd.,Oxford Securities Pvt. Ltd.,2026-04-29 13:06:40.358615,Kamana Sewa Bikas Bank Limited
2026042903002912,KSBBL,44,54,450,476.2,214290.0,2026-04-29,188534259,459,Dynamic Money Managers Securities Pvt. Ltd.,Sewa Securities Pvt. Ltd.,2026-04-29 13:07:43.445193,Kamana Sewa Bikas Bank Limited
2026042903002997,KSBBL,44,44,356,476.2,169527.2,2026-04-29,188537540,459,Dynamic Money Managers Securities Pvt. Ltd.,Dynamic Money Managers Securities Pvt. Ltd.,2026-04-29 13:12:59.609936,Kamana Sewa Bikas Bank Limited
2026042903002998,KSBBL,6,44,485,476.1,230908.5,2026-04-29,188537542,459,Agrawal Securities (PVT) Ltd.,Dynamic Money Managers Securities Pvt. Ltd.,2026-04-29 13:12:59.610092,Kamana Sewa Bikas Bank Limited
2026042903002999,KSBBL,49,44,12,476.1,5713.2,2026-04-29,188537544,459,Online Securities Pvt. Ltd.,Dynamic Money Managers Securities Pvt. Ltd.,2026-04-29 13:12:59.610144,Kamana Sewa Bikas Bank Limited
2026042903003000,KSBBL,21,44,250,476.1,119025.0,2026-04-29,188537546,459,Midas Stock Broking Company Private Limited,Dynamic Money Managers Securities Pvt. Ltd.,2026-04-29 13:12:59.610211,Kamana Sewa Bikas Bank Limited
2026042903003001,KSBBL,45,44,127,476.0,60452.0,2026-04-29,188537550,459,Imperial Securities Company Pvt. Ltd.,Dynamic Money Managers Securities Pvt. Ltd.,2026-04-29 13:12:59.610261,Kamana Sewa Bikas Bank Limited
2026042903003002,KSBBL,43,44,100,476.0,47600.0,2026-04-29,188537552,459,South Asian Bulls Pvt. Ltd.,Dynamic Money Managers Securities Pvt. Ltd.,2026-04-29 13:12:59.610309,Kamana Sewa Bikas Bank Limited
2026042903003003,KSBBL,66,44,2000,476.0,952000.0,2026-04-29,188537554,459,Miyo Securities Pvt Ltd,Dynamic Money Managers Securities Pvt. Ltd.,2026-04-29 13:12:59.610356,Kamana Sewa Bikas Bank Limited
2026042903003004,KSBBL,74,44,300,475.0,142500.0,2026-04-29,188537556,459,KALASH STOCK MARKET PVT. LTD.,Dynamic Money Managers Securities Pvt. Ltd.,2026-04-29 13:12:59.610404,Kamana Sewa Bikas Bank Limited
2026042903003005,KSBBL,74,44,300,475.0,142500.0,2026-04-29,188537558,459,KALASH STOCK MARKET PVT. LTD.,Dynamic Money Managers Securities Pvt. Ltd.,2026-04-29 13:12:59.610452,Kamana Sewa Bikas Bank Limited
2026042903003006,KSBBL,32,44,20,475.0,9500.0,2026-04-29,188537560,459,Premier Securities Company Ltd.,Dynamic Money Managers Securities Pvt. Ltd.,2026-04-29 13:12:59.610498,Kamana Sewa Bikas Bank Limited
2026042903003007,KSBBL,17,44,50,475.0,23750.0,2026-04-29,188537561,459,ABC Securities Private Limited,Dynamic Money Managers Securities Pvt. Ltd.,2026-04-29 13:12:59.610544,Kamana Sewa Bikas Bank Limited
2026042903003018,KSBBL,54,33,25,476.5,11912.5,2026-04-29,188537864,459,Sewa Securities Pvt. Ltd.,Dakshinkali Investment & Securities Pvt. Ltd.,2026-04-29 13:13:31.424704,Kamana Sewa Bikas Bank Limited
2026042903003089,KSBBL,17,48,50,475.0,23750.0,2026-04-29,188539101,459,ABC Securities Private Limited,Trishakti Securities Public Limited,2026-04-29 13:15:07.861992,Kamana Sewa Bikas Bank Limited
2026042903003135,KSBBL,17,5,100,475.0,47500.0,2026-04-29,188539778,459,ABC Securities Private Limited,Market Securities & Exchange (PVT) Ltd.,2026-04-29 13:16:40.349554,Kamana Sewa Bikas Bank Limited
2026042903003136,KSBBL,48,5,10,475.0,4750.0,2026-04-29,188539779,459,Trishakti Securities Public Limited,Market Securities & Exchange (PVT) Ltd.,2026-04-29 13:16:40.349712,Kamana Sewa Bikas Bank Limited
2026042903003208,KSBBL,35,33,19,476.5,9053.5,2026-04-29,188541084,459,Kohinoor Investment & Securities Pvt. Ltd.,Dakshinkali Investment & Securities Pvt. Ltd.,2026-04-29 13:19:17.372446,Kamana Sewa Bikas Bank Limited
2026042903003228,KSBBL,48,38,190,475.0,90250.0,2026-04-29,188541608,459,Trishakti Securities Public Limited,Dipshikha Dhitopatra Karobar Co. Pvt Ltd.,2026-04-29 13:20:09.944612,Kamana Sewa Bikas Bank Limited
2026042903003229,KSBBL,6,38,310,475.0,147250.0,2026-04-29,188541609,459,Agrawal Securities (PVT) Ltd.,Dipshikha Dhitopatra Karobar Co. Pvt Ltd.,2026-04-29 13:20:09.944857,Kamana Sewa Bikas Bank Limited
2026042903003552,KSBBL,6,33,66,475.0,31350.0,2026-04-29,188548249,459,Agrawal Securities (PVT) Ltd.,Dakshinkali Investment & Securities Pvt. Ltd.,2026-04-29 13:31:06.071208,Kamana Sewa Bikas Bank Limited
2026042903003866,KSBBL,6,39,124,475.0,58900.0,2026-04-29,188553818,459,Agrawal Securities (PVT) Ltd.,Sumeru Securities Pvt. Ltd.,2026-04-29 13:41:53.827443,Kamana Sewa Bikas Bank Limited
2026042903003867,KSBBL,42,39,100,475.0,47500.0,2026-04-29,188553820,459,Sani Securities Company Ltd.,Sumeru Securities Pvt. Ltd.,2026-04-29 13:41:53.827614,Kamana Sewa Bikas Bank Limited
2026042903003868,KSBBL,1,39,50,474.0,23700.0,2026-04-29,188553822,459,Kumari Securities Private Limited,Sumeru Securities Pvt. Ltd.,2026-04-29 13:41:53.827674,Kamana Sewa Bikas Bank Limited
2026042903003869,KSBBL,21,39,250,474.0,118500.0,2026-04-29,188553824,459,Midas Stock Broking Company Private Limited,Sumeru Securities Pvt. Ltd.,2026-04-29 13:41:53.827748,Kamana Sewa Bikas Bank Limited
2026042903003870,KSBBL,17,39,150,474.0,71100.0,2026-04-29,188553826,459,ABC Securities Private Limited,Sumeru Securities Pvt. Ltd.,2026-04-29 13:41:53.827797,Kamana Sewa Bikas Bank Limited
2026042903003871,KSBBL,7,39,500,474.0,237000.0,2026-04-29,188553828,459,J.F. Securites (PVT) Ltd.,Sumeru Securities Pvt. Ltd.,2026-04-29 13:41:53.827847,Kamana Sewa Bikas Bank Limited
2026042903003872,KSBBL,17,39,1000,474.0,474000.0,2026-04-29,188553830,459,ABC Securities Private Limited,Sumeru Securities Pvt. Ltd.,2026-04-29 13:41:53.827900,Kamana Sewa Bikas Bank Limited
2026042903003873,KSBBL,42,39,26,474.0,12324.0,2026-04-29,188553831,459,Sani Securities Company Ltd.,Sumeru Securities Pvt. Ltd.,2026-04-29 13:41:53.827952,Kamana Sewa Bikas Bank Limited
2026042903004035,KSBBL,43,42,1,460.8,460.8,2026-04-29,188557563,459,South Asian Bulls Pvt. Ltd.,Sani Securities Company Ltd.,2026-04-29 13:48:11.288179,Kamana Sewa Bikas Bank Limited
2026042903004038,KSBBL,43,16,4,462.0,1848.0,2026-04-29,188557643,459,South Asian Bulls Pvt. Ltd.,Primo Securities (PVT) Ltd.,2026-04-29 13:48:22.838897,Kamana Sewa Bikas Bank Limited
2026042903004041,KSBBL,43,52,1,462.3,462.3,2026-04-29,188557741,459,South Asian Bulls Pvt. Ltd.,Sundhara Securities Limited,2026-04-29 13:48:32.668194,Kamana Sewa Bikas Bank Limited
2026042903004100,KSBBL,47,7,1,488.2,488.2,2026-04-29,188559593,459,Neev Securities Pvt. Ltd.,J.F. Securites (PVT) Ltd.,2026-04-29 13:51:40.652761,Kamana Sewa Bikas Bank Limited
2026042903004516,KSBBL,6,63,500,475.1,237550.0,2026-04-29,188566495,459,Agrawal Securities (PVT) Ltd.,Himalayan Brokerage Company Limited,2026-04-29 14:03:00.267731,Kamana Sewa Bikas Bank Limited
2026042903004556,KSBBL,35,63,200,475.0,95000.0,2026-04-29,188567762,459,Kohinoor Investment & Securities Pvt. Ltd.,Himalayan Brokerage Company Limited,2026-04-29 14:05:16.659366,Kamana Sewa Bikas Bank Limited
2026042903004557,KSBBL,42,63,32,474.0,15168.0,2026-04-29,188567764,459,Sani Securities Company Ltd.,Himalayan Brokerage Company Limited,2026-04-29 14:05:16.659657,Kamana Sewa Bikas Bank Limited
2026042903004558,KSBBL,48,63,10,474.0,4740.0,2026-04-29,188567766,459,Trishakti Securities Public Limited,Himalayan Brokerage Company Limited,2026-04-29 14:05:16.659832,Kamana Sewa Bikas Bank Limited
2026042903004559,KSBBL,45,63,10,474.0,4740.0,2026-04-29,188567768,459,Imperial Securities Company Pvt. Ltd.,Himalayan Brokerage Company Limited,2026-04-29 14:05:16.659995,Kamana Sewa Bikas Bank Limited
2026042903004560,KSBBL,62,63,22,474.0,10428.0,2026-04-29,188567770,459,Capital Max Securities Ltd,Himalayan Brokerage Company Limited,2026-04-29 14:05:16.660210,Kamana Sewa Bikas Bank Limited
2026042903004561,KSBBL,1,63,50,474.0,23700.0,2026-04-29,188567772,459,Kumari Securities Private Limited,Himalayan Brokerage Company Limited,2026-04-29 14:05:16.660376,Kamana Sewa Bikas Bank Limited
2026042903004562,KSBBL,57,63,500,474.0,237000.0,2026-04-29,188567774,459,Aryatara Investment & Securities,Himalayan Brokerage Company Limited,2026-04-29 14:05:16.660528,Kamana Sewa Bikas Bank Limited
2026042903004563,KSBBL,17,63,200,474.0,94800.0,2026-04-29,188567776,459,ABC Securities Private Limited,Himalayan Brokerage Company Limited,2026-04-29 14:05:16.660736,Kamana Sewa Bikas Bank Limited
2026042903004674,KSBBL,58,63,25,474.0,11850.0,2026-04-29,188571042,459,Naasa Securities Co. Ltd.,Himalayan Brokerage Company Limited,2026-04-29 14:11:29.952748,Kamana Sewa Bikas Bank Limited
2026042903004686,KSBBL,32,63,100,474.0,47400.0,2026-04-29,188571226,459,Premier Securities Company Ltd.,Himalayan Brokerage Company Limited,2026-04-29 14:11:51.778929,Kamana Sewa Bikas Bank Limited
2026042903004822,KSBBL,43,63,350,474.0,165900.0,2026-04-29,188573792,459,South Asian Bulls Pvt. Ltd.,Himalayan Brokerage Company Limited,2026-04-29 14:15:56.175403,Kamana Sewa Bikas Bank Limited
2026042903005042,KSBBL,42,44,500,473.6,236800.0,2026-04-29,188577878,459,Sani Securities Company Ltd.,Dynamic Money Managers Securities Pvt. Ltd.,2026-04-29 14:22:13.636147,Kamana Sewa Bikas Bank Limited
2026042903005043,KSBBL,6,44,500,473.5,236750.0,2026-04-29,188577880,459,Agrawal Securities (PVT) Ltd.,Dynamic Money Managers Securities Pvt. Ltd.,2026-04-29 14:22:13.636315,Kamana Sewa Bikas Bank Limited
2026042903005044,KSBBL,25,44,100,473.4,47340.0,2026-04-29,188577882,459,Sweta Securities Private Limited,Dynamic Money Managers Securities Pvt. Ltd.,2026-04-29 14:22:13.636374,Kamana Sewa Bikas Bank Limited
2026042903005045,KSBBL,42,44,100,473.2,47320.0,2026-04-29,188577884,459,Sani Securities Company Ltd.,Dynamic Money Managers Securities Pvt. Ltd.,2026-04-29 14:22:13.636436,Kamana Sewa Bikas Bank Limited
2026042903005046,KSBBL,43,44,100,473.2,47320.0,2026-04-29,188577886,459,South Asian Bulls Pvt. Ltd.,Dynamic Money Managers Securities Pvt. Ltd.,2026-04-29 14:22:13.636526,Kamana Sewa Bikas Bank Limited
2026042903005047,KSBBL,66,44,2000,473.1,946200.0,2026-04-29,188577888,459,Miyo Securities Pvt Ltd,Dynamic Money Managers Securities Pvt. Ltd.,2026-04-29 14:22:13.636579,Kamana Sewa Bikas Bank Limited
2026042903005048,KSBBL,63,44,204,473.0,96492.0,2026-04-29,188577890,459,Himalayan Brokerage Company Limited,Dynamic Money Managers Securities Pvt. Ltd.,2026-04-29 14:22:13.636633,Kamana Sewa Bikas Bank Limited
2026042903005049,KSBBL,1,44,500,473.0,236500.0,2026-04-29,188577892,459,Kumari Securities Private Limited,Dynamic Money Managers Securities Pvt. Ltd.,2026-04-29 14:22:13.636687,Kamana Sewa Bikas Bank Limited
2026042903005050,KSBBL,35,44,204,473.0,96492.0,2026-04-29,188577894,459,Kohinoor Investment & Securities Pvt. Ltd.,Dynamic Money Managers Securities Pvt. Ltd.,2026-04-29 14:22:13.636738,Kamana Sewa Bikas Bank Limited
2026042903005051,KSBBL,44,44,408,473.0,192984.0,2026-04-29,188577896,459,Dynamic Money Managers Securities Pvt. Ltd.,Dynamic Money Managers Securities Pvt. Ltd.,2026-04-29 14:22:13.636791,Kamana Sewa Bikas Bank Limited
2026042903005052,KSBBL,63,44,384,473.0,181632.0,2026-04-29,188577897,459,Himalayan Brokerage Company Limited,Dynamic Money Managers Securities Pvt. Ltd.,2026-04-29 14:22:13.636841,Kamana Sewa Bikas Bank Limited
2026042903005063,KSBBL,63,44,126,473.0,59598.0,2026-04-29,188578102,459,Himalayan Brokerage Company Limited,Dynamic Money Managers Securities Pvt. Ltd.,2026-04-29 14:22:28.893952,Kamana Sewa Bikas Bank Limited
2026042903005064,KSBBL,20,44,1000,473.0,473000.0,2026-04-29,188578104,459,Sipla Securities Private Limited,Dynamic Money Managers Securities Pvt. Ltd.,2026-04-29 14:22:28.894204,Kamana Sewa Bikas Bank Limited
2026042903005065,KSBBL,56,44,30,472.3,14169.0,2026-04-29,188578106,459,Sri Hari Securities Pvt. Ltd.,Dynamic Money Managers Securities Pvt. Ltd.,2026-04-29 14:22:28.894387,Kamana Sewa Bikas Bank Limited
2026042903005066,KSBBL,35,44,408,472.3,192698.4,2026-04-29,188578108,459,Kohinoor Investment & Securities Pvt. Ltd.,Dynamic Money Managers Securities Pvt. Ltd.,2026-04-29 14:22:28.894564,Kamana Sewa Bikas Bank Limited
2026042903005067,KSBBL,44,44,150,472.3,70845.0,2026-04-29,188578110,459,Dynamic Money Managers Securities Pvt. Ltd.,Dynamic Money Managers Securities Pvt. Ltd.,2026-04-29 14:22:28.894766,Kamana Sewa Bikas Bank Limited
2026042903005068,KSBBL,63,44,510,472.0,240720.0,2026-04-29,188578112,459,Himalayan Brokerage Company Limited,Dynamic Money Managers Securities Pvt. Ltd.,2026-04-29 14:22:28.894971,Kamana Sewa Bikas Bank Limited
2026042903005069,KSBBL,17,44,776,472.0,366272.0,2026-04-29,188578113,459,ABC Securities Private Limited,Dynamic Money Managers Securities Pvt. Ltd.,2026-04-29 14:22:28.895205,Kamana Sewa Bikas Bank Limited
2026042903005075,KSBBL,17,32,224,472.0,105728.0,2026-04-29,188578266,459,ABC Securities Private Limited,Premier Securities Company Ltd.,2026-04-29 14:22:39.834994,Kamana Sewa Bikas Bank Limited
2026042903005076,KSBBL,44,32,306,472.0,144432.0,2026-04-29,188578268,459,Dynamic Money Managers Securities Pvt. Ltd.,Premier Securities Company Ltd.,2026-04-29 14:22:39.835128,Kamana Sewa Bikas Bank Limited
2026042903005077,KSBBL,63,32,306,472.0,144432.0,2026-04-29,188578270,459,Himalayan Brokerage Company Limited,Premier Securities Company Ltd.,2026-04-29 14:22:39.835179,Kamana Sewa Bikas Bank Limited
2026042903005078,KSBBL,63,32,164,472.0,77408.0,2026-04-29,188578271,459,Himalayan Brokerage Company Limited,Premier Securities Company Ltd.,2026-04-29 14:22:39.835228,Kamana Sewa Bikas Bank Limited
2026042903005244,KSBBL,63,5,40,472.0,18880.0,2026-04-29,188582949,459,Himalayan Brokerage Company Limited,Market Securities & Exchange (PVT) Ltd.,2026-04-29 14:28:03.209375,Kamana Sewa Bikas Bank Limited
2026042903005434,KSBBL,89,11,10,472.0,4720.0,2026-04-29,188586828,459,Global IME Securities Limited,Malla & Malla Stock Broking Company Pvt. Limited,2026-04-29 14:31:38.394745,Kamana Sewa Bikas Bank Limited
2026042903005435,KSBBL,20,11,125,472.0,59000.0,2026-04-29,188586829,459,Sipla Securities Private Limited,Malla & Malla Stock Broking Company Pvt. Limited,2026-04-29 14:31:38.394877,Kamana Sewa Bikas Bank Limited
2026042903005499,KSBBL,20,8,12,472.0,5664.0,2026-04-29,188588517,459,Sipla Securities Private Limited,Brilliant Securities Pvt. Ltd.,2026-04-29 14:33:12.048639,Kamana Sewa Bikas Bank Limited
2026042903005718,KSBBL,54,33,25,472.2,11805.0,2026-04-29,188593442,459,Sewa Securities Pvt. Ltd.,Dakshinkali Investment & Securities Pvt. Ltd.,2026-04-29 14:38:29.398119,Kamana Sewa Bikas Bank Limited
2026042903005719,KSBBL,57,33,110,472.1,51931.0,2026-04-29,188593444,459,Aryatara Investment & Securities,Dakshinkali Investment & Securities Pvt. Ltd.,2026-04-29 14:38:29.398352,Kamana Sewa Bikas Bank Limited
2026042903005720,KSBBL,6,33,100,472.1,47210.0,2026-04-29,188593446,459,Agrawal Securities (PVT) Ltd.,Dakshinkali Investment & Securities Pvt. Ltd.,2026-04-29 14:38:29.398500,Kamana Sewa Bikas Bank Limited
2026042903005721,KSBBL,20,33,265,472.0,125080.0,2026-04-29,188593447,459,Sipla Securities Private Limited,Dakshinkali Investment & Securities Pvt. Ltd.,2026-04-29 14:38:29.398651,Kamana Sewa Bikas Bank Limited
2026042903005728,KSBBL,20,5,400,472.0,188800.0,2026-04-29,188593507,459,Sipla Securities Private Limited,Market Securities & Exchange (PVT) Ltd.,2026-04-29 14:38:33.466361,Kamana Sewa Bikas Bank Limited
2026042903005794,KSBBL,20,33,150,472.0,70800.0,2026-04-29,188595229,459,Sipla Securities Private Limited,Dakshinkali Investment & Securities Pvt. Ltd.,2026-04-29 14:40:09.872403,Kamana Sewa Bikas Bank Limited
2026042903005899,KSBBL,1,5,145,474.0,68730.0,2026-04-29,188597784,459,Kumari Securities Private Limited,Market Securities & Exchange (PVT) Ltd.,2026-04-29 14:42:16.790164,Kamana Sewa Bikas Bank Limited
2026042903006281,KSBBL,43,19,1,460.0,460.0,2026-04-29,188605459,459,South Asian Bulls Pvt. Ltd.,Nepal Investment And Securities Trading Private Limited,2026-04-29 14:49:07.801680,Kamana Sewa Bikas Bank Limited
2026042903006380,KSBBL,1,38,55,473.0,26015.0,2026-04-29,188607163,459,Kumari Securities Private Limited,Dipshikha Dhitopatra Karobar Co. Pvt Ltd.,2026-04-29 14:50:21.246561,Kamana Sewa Bikas Bank Limited
2026042903006381,KSBBL,1,49,50,473.0,23650.0,2026-04-29,188607165,459,Kumari Securities Private Limited,Online Securities Pvt. Ltd.,2026-04-29 14:50:21.246690,Kamana Sewa Bikas Bank Limited
2026042903006382,KSBBL,1,5,10,474.0,4740.0,2026-04-29,188607168,459,Kumari Securities Private Limited,Market Securities & Exchange (PVT) Ltd.,2026-04-29 14:50:21.246761,Kamana Sewa Bikas Bank Limited
2026042903006388,KSBBL,20,50,48,472.0,22656.0,2026-04-29,188607268,459,Sipla Securities Private Limited,Cristal Kanchanjanga Securites Pvt. Ltd.,2026-04-29 14:50:24.659982,Kamana Sewa Bikas Bank Limited
2026042903006389,KSBBL,57,50,200,472.0,94400.0,2026-04-29,188607272,459,Aryatara Investment & Securities,Cristal Kanchanjanga Securites Pvt. Ltd.,2026-04-29 14:50:24.660264,Kamana Sewa Bikas Bank Limited
2026042903006390,KSBBL,57,50,252,472.0,118944.0,2026-04-29,188607273,459,Aryatara Investment & Securities,Cristal Kanchanjanga Securites Pvt. Ltd.,2026-04-29 14:50:24.660427,Kamana Sewa Bikas Bank Limited
2026042903006733,KSBBL,1,64,23,473.5,10890.5,2026-04-29,188614348,459,Kumari Securities Private Limited,SUN SECURITIES PVT LTD,2026-04-29 14:55:24.311813,Kamana Sewa Bikas Bank Limited
2026042903006769,KSBBL,14,39,10,472.0,4720.0,2026-04-29,188614878,459,Nepal Stock House (PVT) Ltd.,Sumeru Securities Pvt. Ltd.,2026-04-29 14:55:48.502795,Kamana Sewa Bikas Bank Limited
2026042903006770,KSBBL,89,39,10,471.7,4717.0,2026-04-29,188614880,459,Global IME Securities Limited,Sumeru Securities Pvt. Ltd.,2026-04-29 14:55:48.502835,Kamana Sewa Bikas Bank Limited
2026042903006923,KSBBL,43,39,24,471.8,11323.2,2026-04-29,188617589,459,South Asian Bulls Pvt. Ltd.,Sumeru Securities Pvt. Ltd.,2026-04-29 14:57:24.504476,Kamana Sewa Bikas Bank Limited
2026042903006971,KSBBL,34,6,50,472.0,23600.0,2026-04-29,188618428,459,Vision Securities Pvt. Ltd,Agrawal Securities (PVT) Ltd.,2026-04-29 14:57:53.041285,Kamana Sewa Bikas Bank Limited
2026042903006975,KSBBL,43,56,174,471.8,82093.2,2026-04-29,188618741,459,South Asian Bulls Pvt. Ltd.,Sri Hari Securities Pvt. Ltd.,2026-04-29 14:58:01.403517,Kamana Sewa Bikas Bank Limited
2026042903007084,KSBBL,14,38,80,472.0,37760.0,2026-04-29,188621965,459,Nepal Stock House (PVT) Ltd.,Dipshikha Dhitopatra Karobar Co. Pvt Ltd.,2026-04-29 14:59:18.117251,Kamana Sewa Bikas Bank Limited
2026042903007136,KSBBL,66,29,200,474.0,94800.0,2026-04-29,188622680,459,Miyo Securities Pvt Ltd,Trisul Securities & Invt. Ltd.,2026-04-29 14:59:30.846692,Kamana Sewa Bikas Bank Limited
2026042903007223,KSBBL,35,45,10,475.0,4750.0,2026-04-29,188623996,459,Kohinoor Investment & Securities Pvt. Ltd.,Imperial Securities Company Pvt. Ltd.,2026-04-29 14:59:51.359411,Kamana Sewa Bikas Bank Limited
