contractId,stockSymbol,buyerMemberId,sellerMemberId,quantity,rate,amount,businessDate,tradeBookId,stockId,buyerBrokerName,sellerBrokerName,transaction_time,securityName
2026042904000006,LEC,57,34,10,236.7,2367.0,2026-04-29,188418068,2903,Aryatara Investment & Securities,Vision Securities Pvt. Ltd,2026-04-29 10:46:00.108218,Liberty Energy Company Limited
2026042904000019,LEC,38,57,10,224.0,2240.0,2026-04-29,188418503,2903,Dipshikha Dhitopatra Karobar Co. Pvt Ltd.,Aryatara Investment & Securities,2026-04-29 11:00:48.493584,Liberty Energy Company Limited
2026042904000026,LEC,38,64,1490,224.0,333760.0,2026-04-29,188418954,2903,Dipshikha Dhitopatra Karobar Co. Pvt Ltd.,SUN SECURITIES PVT LTD,2026-04-29 11:01:20.438371,Liberty Energy Company Limited
2026042904000027,LEC,38,64,510,223.8,114138.0,2026-04-29,188418955,2903,Dipshikha Dhitopatra Karobar Co. Pvt Ltd.,SUN SECURITIES PVT LTD,2026-04-29 11:01:20.438468,Liberty Energy Company Limited
2026042904000034,LEC,44,62,10,228.0,2280.0,2026-04-29,188419524,2903,Dynamic Money Managers Securities Pvt. Ltd.,Capital Max Securities Ltd,2026-04-29 11:01:47.160860,Liberty Energy Company Limited
2026042904000062,LEC,36,62,250,228.0,57000.0,2026-04-29,188421100,2903,Secured Securities Ltd.,Capital Max Securities Ltd,2026-04-29 11:02:59.802540,Liberty Energy Company Limited
2026042904000142,LEC,60,75,16,224.1,3585.6,2026-04-29,188424376,2903,Nagarik Stock Dealer ,N.I.M.B. Stock Markets Limited,2026-04-29 11:05:44.540781,Liberty Energy Company Limited
2026042904000152,LEC,34,57,200,224.0,44800.0,2026-04-29,188424597,2903,Vision Securities Pvt. Ltd,Aryatara Investment & Securities,2026-04-29 11:05:56.883465,Liberty Energy Company Limited
2026042904000224,LEC,43,75,200,224.1,44820.0,2026-04-29,188426170,2903,South Asian Bulls Pvt. Ltd.,N.I.M.B. Stock Markets Limited,2026-04-29 11:07:13.892781,Liberty Energy Company Limited
2026042904000229,LEC,38,42,490,223.8,109662.0,2026-04-29,188426650,2903,Dipshikha Dhitopatra Karobar Co. Pvt Ltd.,Sani Securities Company Ltd.,2026-04-29 11:07:32.136816,Liberty Energy Company Limited
2026042904000230,LEC,42,42,50,223.0,11150.0,2026-04-29,188426652,2903,Sani Securities Company Ltd.,Sani Securities Company Ltd.,2026-04-29 11:07:32.136922,Liberty Energy Company Limited
2026042904000231,LEC,95,42,460,222.2,102212.0,2026-04-29,188426653,2903,Magnet Securities and Investment Company Private Limited,Sani Securities Company Ltd.,2026-04-29 11:07:32.137032,Liberty Energy Company Limited
2026042904000329,LEC,83,94,1000,224.0,224000.0,2026-04-29,188429233,2903,Sanima Securities Limited,K.B.L. Securities Limited ,2026-04-29 11:09:38.068496,Liberty Energy Company Limited
2026042904000330,LEC,83,75,284,224.1,63644.4,2026-04-29,188429236,2903,Sanima Securities Limited,N.I.M.B. Stock Markets Limited,2026-04-29 11:09:38.068537,Liberty Energy Company Limited
2026042904000438,LEC,83,44,600,223.3,133980.0,2026-04-29,188432893,2903,Sanima Securities Limited,Dynamic Money Managers Securities Pvt. Ltd.,2026-04-29 11:12:06.736516,Liberty Energy Company Limited
2026042904000652,LEC,17,88,20,223.5,4470.0,2026-04-29,188440924,2903,ABC Securities Private Limited,Blue Chip Securities Ltd,2026-04-29 11:17:34.296746,Liberty Energy Company Limited
2026042904000679,LEC,58,88,41,223.6,9167.6,2026-04-29,188442219,2903,Naasa Securities Co. Ltd.,Blue Chip Securities Ltd,2026-04-29 11:18:15.776744,Liberty Energy Company Limited
2026042904000726,LEC,58,94,10,227.0,2270.0,2026-04-29,188443866,2903,Naasa Securities Co. Ltd.,K.B.L. Securities Limited ,2026-04-29 11:19:29.573929,Liberty Energy Company Limited
2026042904000750,LEC,38,94,200,227.0,45400.0,2026-04-29,188444462,2903,Dipshikha Dhitopatra Karobar Co. Pvt Ltd.,K.B.L. Securities Limited ,2026-04-29 11:20:02.733651,Liberty Energy Company Limited
2026042904000785,LEC,56,94,790,227.0,179330.0,2026-04-29,188446113,2903,Sri Hari Securities Pvt. Ltd.,K.B.L. Securities Limited ,2026-04-29 11:21:16.317491,Liberty Energy Company Limited
2026042904000814,LEC,42,7,200,227.9,45580.0,2026-04-29,188446870,2903,Sani Securities Company Ltd.,J.F. Securites (PVT) Ltd.,2026-04-29 11:21:53.707373,Liberty Energy Company Limited
2026042904000822,LEC,56,7,110,227.9,25069.0,2026-04-29,188447550,2903,Sri Hari Securities Pvt. Ltd.,J.F. Securites (PVT) Ltd.,2026-04-29 11:22:19.680287,Liberty Energy Company Limited
2026042904000843,LEC,51,7,190,227.9,43301.0,2026-04-29,188448068,2903,Oxford Securities Pvt. Ltd.,J.F. Securites (PVT) Ltd.,2026-04-29 11:22:43.841267,Liberty Energy Company Limited
2026042904000857,LEC,81,62,40,228.0,9120.0,2026-04-29,188448167,2903,Aakashbhairab Securities Ltd.,Capital Max Securities Ltd,2026-04-29 11:22:50.325416,Liberty Energy Company Limited
2026042904000858,LEC,81,100,40,228.0,9120.0,2026-04-29,188448169,2903,Aakashbhairab Securities Ltd.,Sunrise Securities Limited,2026-04-29 11:22:50.325600,Liberty Energy Company Limited
2026042904000859,LEC,81,41,50,228.0,11400.0,2026-04-29,188448171,2903,Aakashbhairab Securities Ltd.,Linch Stock Market Ltd.,2026-04-29 11:22:50.325677,Liberty Energy Company Limited
2026042904000874,LEC,81,38,20,228.0,4560.0,2026-04-29,188448707,2903,Aakashbhairab Securities Ltd.,Dipshikha Dhitopatra Karobar Co. Pvt Ltd.,2026-04-29 11:23:08.982838,Liberty Energy Company Limited
2026042904000878,LEC,81,14,300,228.0,68400.0,2026-04-29,188448917,2903,Aakashbhairab Securities Ltd.,Nepal Stock House (PVT) Ltd.,2026-04-29 11:23:18.750039,Liberty Energy Company Limited
2026042904000931,LEC,81,14,400,228.0,91200.0,2026-04-29,188449907,2903,Aakashbhairab Securities Ltd.,Nepal Stock House (PVT) Ltd.,2026-04-29 11:24:04.099670,Liberty Energy Company Limited
2026042904000933,LEC,81,26,1600,228.0,364800.0,2026-04-29,188449973,2903,Aakashbhairab Securities Ltd.,Asian Securities Private Ltd.,2026-04-29 11:24:07.201429,Liberty Energy Company Limited
2026042904000947,LEC,81,35,550,228.0,125400.0,2026-04-29,188450580,2903,Aakashbhairab Securities Ltd.,Kohinoor Investment & Securities Pvt. Ltd.,2026-04-29 11:24:28.783806,Liberty Energy Company Limited
2026042904000948,LEC,58,35,200,228.0,45600.0,2026-04-29,188450582,2903,Naasa Securities Co. Ltd.,Kohinoor Investment & Securities Pvt. Ltd.,2026-04-29 11:24:28.784082,Liberty Energy Company Limited
2026042904000967,LEC,35,35,20,228.0,4560.0,2026-04-29,188451120,2903,Kohinoor Investment & Securities Pvt. Ltd.,Kohinoor Investment & Securities Pvt. Ltd.,2026-04-29 11:24:54.821518,Liberty Energy Company Limited
2026042904001141,LEC,32,58,85,227.0,19295.0,2026-04-29,188455515,2903,Premier Securities Company Ltd.,Naasa Securities Co. Ltd.,2026-04-29 11:29:05.535516,Liberty Energy Company Limited
2026042904001142,LEC,32,42,415,227.9,94578.5,2026-04-29,188455518,2903,Premier Securities Company Ltd.,Sani Securities Company Ltd.,2026-04-29 11:29:05.535911,Liberty Energy Company Limited
2026042904001143,LEC,58,42,17,227.9,3874.3,2026-04-29,188455526,2903,Naasa Securities Co. Ltd.,Sani Securities Company Ltd.,2026-04-29 11:29:06.138078,Liberty Energy Company Limited
2026042904001163,LEC,53,42,68,227.9,15497.2,2026-04-29,188456429,2903,Investment Management Nepal Pvt. Ltd.,Sani Securities Company Ltd.,2026-04-29 11:29:56.796618,Liberty Energy Company Limited
2026042904001164,LEC,53,53,432,228.0,98496.0,2026-04-29,188456432,2903,Investment Management Nepal Pvt. Ltd.,Investment Management Nepal Pvt. Ltd.,2026-04-29 11:29:56.796877,Liberty Energy Company Limited
2026042904001214,LEC,58,53,10,225.5,2255.0,2026-04-29,188457725,2903,Naasa Securities Co. Ltd.,Investment Management Nepal Pvt. Ltd.,2026-04-29 11:31:07.840502,Liberty Energy Company Limited
2026042904001256,LEC,58,53,10,225.5,2255.0,2026-04-29,188458934,2903,Naasa Securities Co. Ltd.,Investment Management Nepal Pvt. Ltd.,2026-04-29 11:32:20.677347,Liberty Energy Company Limited
2026042904001257,LEC,68,53,50,225.2,11260.0,2026-04-29,188458936,2903,Elite Stock House Limited,Investment Management Nepal Pvt. Ltd.,2026-04-29 11:32:20.677561,Liberty Energy Company Limited
2026042904001258,LEC,14,53,100,225.1,22510.0,2026-04-29,188458938,2903,Nepal Stock House (PVT) Ltd.,Investment Management Nepal Pvt. Ltd.,2026-04-29 11:32:20.677654,Liberty Energy Company Limited
2026042904001259,LEC,35,53,100,225.1,22510.0,2026-04-29,188458940,2903,Kohinoor Investment & Securities Pvt. Ltd.,Investment Management Nepal Pvt. Ltd.,2026-04-29 11:32:20.677739,Liberty Energy Company Limited
2026042904001260,LEC,58,53,308,225.1,69330.8,2026-04-29,188458941,2903,Naasa Securities Co. Ltd.,Investment Management Nepal Pvt. Ltd.,2026-04-29 11:32:20.677823,Liberty Energy Company Limited
2026042904001382,LEC,19,58,100,225.4,22540.0,2026-04-29,188462909,2903,Nepal Investment And Securities Trading Private Limited,Naasa Securities Co. Ltd.,2026-04-29 11:35:55.147029,Liberty Energy Company Limited
2026042904001471,LEC,41,35,100,225.4,22540.0,2026-04-29,188464540,2903,Linch Stock Market Ltd.,Kohinoor Investment & Securities Pvt. Ltd.,2026-04-29 11:37:39.329800,Liberty Energy Company Limited
2026042904001472,LEC,58,35,959,225.3,216062.7,2026-04-29,188464542,2903,Naasa Securities Co. Ltd.,Kohinoor Investment & Securities Pvt. Ltd.,2026-04-29 11:37:39.330057,Liberty Energy Company Limited
2026042904001473,LEC,58,35,441,225.3,99357.3,2026-04-29,188464543,2903,Naasa Securities Co. Ltd.,Kohinoor Investment & Securities Pvt. Ltd.,2026-04-29 11:37:39.330147,Liberty Energy Company Limited
2026042904001500,LEC,58,35,1251,225.3,281850.3,2026-04-29,188464777,2903,Naasa Securities Co. Ltd.,Kohinoor Investment & Securities Pvt. Ltd.,2026-04-29 11:37:48.845564,Liberty Energy Company Limited
2026042904001513,LEC,57,35,20,225.1,4502.0,2026-04-29,188465252,2903,Aryatara Investment & Securities,Kohinoor Investment & Securities Pvt. Ltd.,2026-04-29 11:38:23.398238,Liberty Energy Company Limited
2026042904001514,LEC,38,35,200,225.0,45000.0,2026-04-29,188465254,2903,Dipshikha Dhitopatra Karobar Co. Pvt Ltd.,Kohinoor Investment & Securities Pvt. Ltd.,2026-04-29 11:38:23.398674,Liberty Energy Company Limited
2026042904001515,LEC,45,35,50,225.0,11250.0,2026-04-29,188465256,2903,Imperial Securities Company Pvt. Ltd.,Kohinoor Investment & Securities Pvt. Ltd.,2026-04-29 11:38:23.398937,Liberty Energy Company Limited
2026042904001516,LEC,57,35,130,225.0,29250.0,2026-04-29,188465258,2903,Aryatara Investment & Securities,Kohinoor Investment & Securities Pvt. Ltd.,2026-04-29 11:38:23.399184,Liberty Energy Company Limited
2026042904001517,LEC,25,35,50,225.0,11250.0,2026-04-29,188465260,2903,Sweta Securities Private Limited,Kohinoor Investment & Securities Pvt. Ltd.,2026-04-29 11:38:23.399433,Liberty Energy Company Limited
2026042904001518,LEC,58,35,35,225.0,7875.0,2026-04-29,188465262,2903,Naasa Securities Co. Ltd.,Kohinoor Investment & Securities Pvt. Ltd.,2026-04-29 11:38:23.399684,Liberty Energy Company Limited
2026042904001519,LEC,56,35,20,225.0,4500.0,2026-04-29,188465264,2903,Sri Hari Securities Pvt. Ltd.,Kohinoor Investment & Securities Pvt. Ltd.,2026-04-29 11:38:23.399929,Liberty Energy Company Limited
2026042904001520,LEC,51,35,60,225.0,13500.0,2026-04-29,188465266,2903,Oxford Securities Pvt. Ltd.,Kohinoor Investment & Securities Pvt. Ltd.,2026-04-29 11:38:23.400172,Liberty Energy Company Limited
2026042904001521,LEC,43,35,935,225.0,210375.0,2026-04-29,188465267,2903,South Asian Bulls Pvt. Ltd.,Kohinoor Investment & Securities Pvt. Ltd.,2026-04-29 11:38:23.400427,Liberty Energy Company Limited
2026042904001531,LEC,43,35,1065,225.0,239625.0,2026-04-29,188465401,2903,South Asian Bulls Pvt. Ltd.,Kohinoor Investment & Securities Pvt. Ltd.,2026-04-29 11:38:30.966996,Liberty Energy Company Limited
2026042904001726,LEC,39,52,80,225.0,18000.0,2026-04-29,188469227,2903,Sumeru Securities Pvt. Ltd.,Sundhara Securities Limited,2026-04-29 11:42:29.709224,Liberty Energy Company Limited
2026042904001774,LEC,39,53,420,225.0,94500.0,2026-04-29,188469928,2903,Sumeru Securities Pvt. Ltd.,Investment Management Nepal Pvt. Ltd.,2026-04-29 11:43:27.344730,Liberty Energy Company Limited
2026042904001775,LEC,83,53,400,224.9,89960.0,2026-04-29,188469930,2903,Sanima Securities Limited,Investment Management Nepal Pvt. Ltd.,2026-04-29 11:43:27.345218,Liberty Energy Company Limited
2026042904001776,LEC,41,53,100,224.8,22480.0,2026-04-29,188469932,2903,Linch Stock Market Ltd.,Investment Management Nepal Pvt. Ltd.,2026-04-29 11:43:27.345513,Liberty Energy Company Limited
2026042904001777,LEC,49,53,890,224.7,199983.0,2026-04-29,188469934,2903,Online Securities Pvt. Ltd.,Investment Management Nepal Pvt. Ltd.,2026-04-29 11:43:27.345794,Liberty Energy Company Limited
2026042904001778,LEC,14,53,190,224.5,42655.0,2026-04-29,188469935,2903,Nepal Stock House (PVT) Ltd.,Investment Management Nepal Pvt. Ltd.,2026-04-29 11:43:27.346057,Liberty Energy Company Limited
2026042904001972,LEC,38,59,40,225.0,9000.0,2026-04-29,188473015,2903,Dipshikha Dhitopatra Karobar Co. Pvt Ltd.,Deevyaa Securities & Stock House Pvt. Ltd,2026-04-29 11:46:58.367427,Liberty Energy Company Limited
2026042904002108,LEC,38,60,160,225.0,36000.0,2026-04-29,188475134,2903,Dipshikha Dhitopatra Karobar Co. Pvt Ltd.,Nagarik Stock Dealer ,2026-04-29 11:49:38.549628,Liberty Energy Company Limited
2026042904002109,LEC,53,60,10,225.0,2250.0,2026-04-29,188475136,2903,Investment Management Nepal Pvt. Ltd.,Nagarik Stock Dealer ,2026-04-29 11:49:38.549734,Liberty Energy Company Limited
2026042904002110,LEC,32,60,100,225.0,22500.0,2026-04-29,188475138,2903,Premier Securities Company Ltd.,Nagarik Stock Dealer ,2026-04-29 11:49:38.549828,Liberty Energy Company Limited
2026042904002111,LEC,83,60,935,224.6,210001.0,2026-04-29,188475139,2903,Sanima Securities Limited,Nagarik Stock Dealer ,2026-04-29 11:49:38.549894,Liberty Energy Company Limited
2026042904002264,LEC,14,38,180,225.1,40518.0,2026-04-29,188477628,2903,Nepal Stock House (PVT) Ltd.,Dipshikha Dhitopatra Karobar Co. Pvt Ltd.,2026-04-29 11:52:10.750396,Liberty Energy Company Limited
2026042904002292,LEC,25,38,60,225.1,13506.0,2026-04-29,188478616,2903,Sweta Securities Private Limited,Dipshikha Dhitopatra Karobar Co. Pvt Ltd.,2026-04-29 11:53:11.740568,Liberty Energy Company Limited
2026042904002765,LEC,58,32,80,225.9,18072.0,2026-04-29,188485620,2903,Naasa Securities Co. Ltd.,Premier Securities Company Ltd.,2026-04-29 12:00:00.733575,Liberty Energy Company Limited
2026042904002779,LEC,52,22,30,224.7,6741.0,2026-04-29,188485988,2903,Sundhara Securities Limited,Siprabi Securities Pvt. Ltd.,2026-04-29 12:00:22.891095,Liberty Energy Company Limited
2026042904002780,LEC,45,22,180,224.7,40446.0,2026-04-29,188485990,2903,Imperial Securities Company Pvt. Ltd.,Siprabi Securities Pvt. Ltd.,2026-04-29 12:00:22.891379,Liberty Energy Company Limited
2026042904002781,LEC,83,22,65,224.6,14599.0,2026-04-29,188485992,2903,Sanima Securities Limited,Siprabi Securities Pvt. Ltd.,2026-04-29 12:00:22.891485,Liberty Energy Company Limited
2026042904002782,LEC,52,22,225,224.5,50512.5,2026-04-29,188485993,2903,Sundhara Securities Limited,Siprabi Securities Pvt. Ltd.,2026-04-29 12:00:22.891583,Liberty Energy Company Limited
2026042904002846,LEC,52,22,10,224.5,2245.0,2026-04-29,188487013,2903,Sundhara Securities Limited,Siprabi Securities Pvt. Ltd.,2026-04-29 12:01:38.008813,Liberty Energy Company Limited
2026042904002885,LEC,58,48,50,224.7,11235.0,2026-04-29,188487883,2903,Naasa Securities Co. Ltd.,Trishakti Securities Public Limited,2026-04-29 12:02:40.108531,Liberty Energy Company Limited
2026042904002958,LEC,58,26,450,224.7,101115.0,2026-04-29,188489580,2903,Naasa Securities Co. Ltd.,Asian Securities Private Ltd.,2026-04-29 12:04:27.600022,Liberty Energy Company Limited
2026042904002959,LEC,83,26,550,224.6,123530.0,2026-04-29,188489581,2903,Sanima Securities Limited,Asian Securities Private Ltd.,2026-04-29 12:04:27.600326,Liberty Energy Company Limited
2026042904003568,LEC,83,4,450,224.6,101070.0,2026-04-29,188501768,2903,Sanima Securities Limited,Opal Securities Investment (PVT) Ltd.,2026-04-29 12:19:01.402006,Liberty Energy Company Limited
2026042904003569,LEC,20,4,40,224.6,8984.0,2026-04-29,188501770,2903,Sipla Securities Private Limited,Opal Securities Investment (PVT) Ltd.,2026-04-29 12:19:01.402326,Liberty Energy Company Limited
2026042904003570,LEC,49,4,16,224.6,3593.6,2026-04-29,188501772,2903,Online Securities Pvt. Ltd.,Opal Securities Investment (PVT) Ltd.,2026-04-29 12:19:01.402464,Liberty Energy Company Limited
2026042904003571,LEC,52,4,265,224.5,59492.5,2026-04-29,188501774,2903,Sundhara Securities Limited,Opal Securities Investment (PVT) Ltd.,2026-04-29 12:19:01.402572,Liberty Energy Company Limited
2026042904003572,LEC,34,4,100,224.3,22430.0,2026-04-29,188501776,2903,Vision Securities Pvt. Ltd,Opal Securities Investment (PVT) Ltd.,2026-04-29 12:19:01.402705,Liberty Energy Company Limited
2026042904003573,LEC,48,4,100,224.2,22420.0,2026-04-29,188501778,2903,Trishakti Securities Public Limited,Opal Securities Investment (PVT) Ltd.,2026-04-29 12:19:01.402846,Liberty Energy Company Limited
2026042904003574,LEC,14,4,29,224.1,6498.9,2026-04-29,188501779,2903,Nepal Stock House (PVT) Ltd.,Opal Securities Investment (PVT) Ltd.,2026-04-29 12:19:01.402989,Liberty Energy Company Limited
2026042904003780,LEC,42,66,10,225.0,2250.0,2026-04-29,188505609,2903,Sani Securities Company Ltd.,Miyo Securities Pvt Ltd,2026-04-29 12:23:43.454356,Liberty Energy Company Limited
2026042904003781,LEC,42,40,290,225.0,65250.0,2026-04-29,188505612,2903,Sani Securities Company Ltd.,Creative Securities Pvt Ltd,2026-04-29 12:23:43.454614,Liberty Energy Company Limited
2026042904003850,LEC,38,40,200,225.0,45000.0,2026-04-29,188506902,2903,Dipshikha Dhitopatra Karobar Co. Pvt Ltd.,Creative Securities Pvt Ltd,2026-04-29 12:25:10.997861,Liberty Energy Company Limited
2026042904003873,LEC,51,40,10,225.0,2250.0,2026-04-29,188507464,2903,Oxford Securities Pvt. Ltd.,Creative Securities Pvt Ltd,2026-04-29 12:25:48.722999,Liberty Energy Company Limited
2026042904004000,LEC,83,42,10,224.4,2244.0,2026-04-29,188510089,2903,Sanima Securities Limited,Sani Securities Company Ltd.,2026-04-29 12:28:48.694673,Liberty Energy Company Limited
2026042904004013,LEC,36,48,230,225.8,51934.0,2026-04-29,188510361,2903,Secured Securities Ltd.,Trishakti Securities Public Limited,2026-04-29 12:29:15.102261,Liberty Energy Company Limited
2026042904004014,LEC,36,46,29,225.8,6548.2,2026-04-29,188510364,2903,Secured Securities Ltd.,Kalika Securities Pvt. Ltd.,2026-04-29 12:29:15.102874,Liberty Energy Company Limited
2026042904004064,LEC,50,46,300,225.8,67740.0,2026-04-29,188511024,2903,Cristal Kanchanjanga Securites Pvt. Ltd.,Kalika Securities Pvt. Ltd.,2026-04-29 12:30:00.306088,Liberty Energy Company Limited
2026042904004088,LEC,60,38,1,225.1,225.1,2026-04-29,188511517,2903,Nagarik Stock Dealer ,Dipshikha Dhitopatra Karobar Co. Pvt Ltd.,2026-04-29 12:30:40.641040,Liberty Energy Company Limited
2026042904004164,LEC,50,29,100,225.1,22510.0,2026-04-29,188513448,2903,Cristal Kanchanjanga Securites Pvt. Ltd.,Trisul Securities & Invt. Ltd.,2026-04-29 12:33:11.134893,Liberty Energy Company Limited
2026042904004165,LEC,63,29,400,225.0,90000.0,2026-04-29,188513449,2903,Himalayan Brokerage Company Limited,Trisul Securities & Invt. Ltd.,2026-04-29 12:33:11.135413,Liberty Energy Company Limited
2026042904004277,LEC,36,32,120,225.9,27108.0,2026-04-29,188516658,2903,Secured Securities Ltd.,Premier Securities Company Ltd.,2026-04-29 12:37:22.661973,Liberty Energy Company Limited
2026042904004319,LEC,38,42,10,226.0,2260.0,2026-04-29,188517174,2903,Dipshikha Dhitopatra Karobar Co. Pvt Ltd.,Sani Securities Company Ltd.,2026-04-29 12:38:10.564674,Liberty Energy Company Limited
2026042904004350,LEC,63,62,600,225.0,135000.0,2026-04-29,188517734,2903,Himalayan Brokerage Company Limited,Capital Max Securities Ltd,2026-04-29 12:38:51.053988,Liberty Energy Company Limited
2026042904004351,LEC,49,62,47,225.0,10575.0,2026-04-29,188517738,2903,Online Securities Pvt. Ltd.,Capital Max Securities Ltd,2026-04-29 12:38:51.054504,Liberty Energy Company Limited
2026042904004352,LEC,36,62,53,225.0,11925.0,2026-04-29,188517739,2903,Secured Securities Ltd.,Capital Max Securities Ltd,2026-04-29 12:38:51.054826,Liberty Energy Company Limited
2026042904004361,LEC,36,58,47,225.0,10575.0,2026-04-29,188517784,2903,Secured Securities Ltd.,Naasa Securities Co. Ltd.,2026-04-29 12:38:54.996228,Liberty Energy Company Limited
2026042904004362,LEC,22,58,33,225.0,7425.0,2026-04-29,188517785,2903,Siprabi Securities Pvt. Ltd.,Naasa Securities Co. Ltd.,2026-04-29 12:38:54.996776,Liberty Energy Company Limited
2026042904004472,LEC,58,94,10,225.0,2250.0,2026-04-29,188519052,2903,Naasa Securities Co. Ltd.,K.B.L. Securities Limited ,2026-04-29 12:40:47.620820,Liberty Energy Company Limited
2026042904004473,LEC,13,94,490,224.7,110103.0,2026-04-29,188519053,2903,Thrive Brokerage House Pvt. Ltd,K.B.L. Securities Limited ,2026-04-29 12:40:47.621374,Liberty Energy Company Limited
2026042904004603,LEC,48,62,800,224.8,179840.0,2026-04-29,188520889,2903,Trishakti Securities Public Limited,Capital Max Securities Ltd,2026-04-29 12:43:56.001677,Liberty Energy Company Limited
2026042904004835,LEC,83,62,990,224.9,222651.0,2026-04-29,188524488,2903,Sanima Securities Limited,Capital Max Securities Ltd,2026-04-29 12:50:45.051748,Liberty Energy Company Limited
2026042904004836,LEC,48,62,10,224.8,2248.0,2026-04-29,188524489,2903,Trishakti Securities Public Limited,Capital Max Securities Ltd,2026-04-29 12:50:45.051808,Liberty Energy Company Limited
2026042904004875,LEC,48,57,80,224.8,17984.0,2026-04-29,188524772,2903,Trishakti Securities Public Limited,Aryatara Investment & Securities,2026-04-29 12:51:09.485622,Liberty Energy Company Limited
2026042904004876,LEC,13,57,10,224.7,2247.0,2026-04-29,188524774,2903,Thrive Brokerage House Pvt. Ltd,Aryatara Investment & Securities,2026-04-29 12:51:09.486239,Liberty Energy Company Limited
2026042904004877,LEC,25,57,100,224.6,22460.0,2026-04-29,188524776,2903,Sweta Securities Private Limited,Aryatara Investment & Securities,2026-04-29 12:51:09.486624,Liberty Energy Company Limited
2026042904004878,LEC,45,57,100,224.5,22450.0,2026-04-29,188524778,2903,Imperial Securities Company Pvt. Ltd.,Aryatara Investment & Securities,2026-04-29 12:51:09.487245,Liberty Energy Company Limited
2026042904004879,LEC,95,57,1000,224.4,224400.0,2026-04-29,188524780,2903,Magnet Securities and Investment Company Private Limited,Aryatara Investment & Securities,2026-04-29 12:51:09.487629,Liberty Energy Company Limited
2026042904004880,LEC,13,57,1100,224.4,246840.0,2026-04-29,188524782,2903,Thrive Brokerage House Pvt. Ltd,Aryatara Investment & Securities,2026-04-29 12:51:09.487997,Liberty Energy Company Limited
2026042904004911,LEC,58,57,41,224.3,9196.3,2026-04-29,188525158,2903,Naasa Securities Co. Ltd.,Aryatara Investment & Securities,2026-04-29 12:51:53.413525,Liberty Energy Company Limited
2026042904004912,LEC,38,57,30,224.1,6723.0,2026-04-29,188525160,2903,Dipshikha Dhitopatra Karobar Co. Pvt Ltd.,Aryatara Investment & Securities,2026-04-29 12:51:53.413892,Liberty Energy Company Limited
2026042904004913,LEC,57,57,100,224.0,22400.0,2026-04-29,188525162,2903,Aryatara Investment & Securities,Aryatara Investment & Securities,2026-04-29 12:51:53.414010,Liberty Energy Company Limited
2026042904004914,LEC,53,57,250,224.0,56000.0,2026-04-29,188525164,2903,Investment Management Nepal Pvt. Ltd.,Aryatara Investment & Securities,2026-04-29 12:51:53.414123,Liberty Energy Company Limited
2026042904004915,LEC,61,57,200,224.0,44800.0,2026-04-29,188525166,2903,BHOLE GANESH SECURITIES LTD,Aryatara Investment & Securities,2026-04-29 12:51:53.414229,Liberty Energy Company Limited
2026042904004916,LEC,38,57,50,224.0,11200.0,2026-04-29,188525168,2903,Dipshikha Dhitopatra Karobar Co. Pvt Ltd.,Aryatara Investment & Securities,2026-04-29 12:51:53.414341,Liberty Energy Company Limited
2026042904004917,LEC,52,57,200,224.0,44800.0,2026-04-29,188525170,2903,Sundhara Securities Limited,Aryatara Investment & Securities,2026-04-29 12:51:53.414448,Liberty Energy Company Limited
2026042904004918,LEC,52,57,100,224.0,22400.0,2026-04-29,188525172,2903,Sundhara Securities Limited,Aryatara Investment & Securities,2026-04-29 12:51:53.414555,Liberty Energy Company Limited
2026042904004919,LEC,25,57,429,224.0,96096.0,2026-04-29,188525173,2903,Sweta Securities Private Limited,Aryatara Investment & Securities,2026-04-29 12:51:53.414658,Liberty Energy Company Limited
2026042904004927,LEC,21,57,110,224.4,24684.0,2026-04-29,188525278,2903,Midas Stock Broking Company Private Limited,Aryatara Investment & Securities,2026-04-29 12:52:03.794764,Liberty Energy Company Limited
2026042904005036,LEC,83,57,1000,224.6,224600.0,2026-04-29,188526947,2903,Sanima Securities Limited,Aryatara Investment & Securities,2026-04-29 12:54:52.664930,Liberty Energy Company Limited
2026042904005064,LEC,52,62,10,224.6,2246.0,2026-04-29,188527191,2903,Sundhara Securities Limited,Capital Max Securities Ltd,2026-04-29 12:55:24.705135,Liberty Energy Company Limited
2026042904005074,LEC,41,34,20,225.0,4500.0,2026-04-29,188527340,2903,Linch Stock Market Ltd.,Vision Securities Pvt. Ltd,2026-04-29 12:55:44.499561,Liberty Energy Company Limited
2026042904005090,LEC,90,57,90,224.7,20223.0,2026-04-29,188527789,2903,Sajilo Broker Limited,Aryatara Investment & Securities,2026-04-29 12:56:37.416716,Liberty Energy Company Limited
2026042904005129,LEC,90,6,110,224.7,24717.0,2026-04-29,188527964,2903,Sajilo Broker Limited,Agrawal Securities (PVT) Ltd.,2026-04-29 12:56:51.856519,Liberty Energy Company Limited
2026042904005130,LEC,49,6,485,224.7,108979.5,2026-04-29,188527965,2903,Online Securities Pvt. Ltd.,Agrawal Securities (PVT) Ltd.,2026-04-29 12:56:51.857057,Liberty Energy Company Limited
2026042904005149,LEC,49,57,10,224.7,2247.0,2026-04-29,188528079,2903,Online Securities Pvt. Ltd.,Aryatara Investment & Securities,2026-04-29 12:57:07.521587,Liberty Energy Company Limited
2026042904005334,LEC,52,40,20,224.6,4492.0,2026-04-29,188529960,2903,Sundhara Securities Limited,Creative Securities Pvt Ltd,2026-04-29 13:00:22.180517,Liberty Energy Company Limited
2026042904005335,LEC,83,40,1000,224.6,224600.0,2026-04-29,188529962,2903,Sanima Securities Limited,Creative Securities Pvt Ltd,2026-04-29 13:00:22.180873,Liberty Energy Company Limited
2026042904005336,LEC,49,40,30,224.5,6735.0,2026-04-29,188529964,2903,Online Securities Pvt. Ltd.,Creative Securities Pvt Ltd,2026-04-29 13:00:22.180991,Liberty Energy Company Limited
2026042904005337,LEC,32,40,100,224.2,22420.0,2026-04-29,188529966,2903,Premier Securities Company Ltd.,Creative Securities Pvt Ltd,2026-04-29 13:00:22.181100,Liberty Energy Company Limited
2026042904005338,LEC,45,40,80,224.1,17928.0,2026-04-29,188529968,2903,Imperial Securities Company Pvt. Ltd.,Creative Securities Pvt Ltd,2026-04-29 13:00:22.181207,Liberty Energy Company Limited
2026042904005339,LEC,25,40,71,224.0,15904.0,2026-04-29,188529970,2903,Sweta Securities Private Limited,Creative Securities Pvt Ltd,2026-04-29 13:00:22.181330,Liberty Energy Company Limited
2026042904005340,LEC,28,40,699,224.0,156576.0,2026-04-29,188529971,2903,Shree Krishna Securities Ltd.,Creative Securities Pvt Ltd,2026-04-29 13:00:22.181455,Liberty Energy Company Limited
2026042904005565,LEC,10,63,260,224.9,58474.0,2026-04-29,188534001,2903,Pragyan Securities (PVT) Ltd.,Himalayan Brokerage Company Limited,2026-04-29 13:07:14.869633,Liberty Energy Company Limited
2026042904005566,LEC,10,42,40,225.0,9000.0,2026-04-29,188534004,2903,Pragyan Securities (PVT) Ltd.,Sani Securities Company Ltd.,2026-04-29 13:07:14.870162,Liberty Energy Company Limited
2026042904005578,LEC,62,52,100,224.1,22410.0,2026-04-29,188534257,2903,Capital Max Securities Ltd,Sundhara Securities Limited,2026-04-29 13:07:43.345970,Liberty Energy Company Limited
2026042904005623,LEC,91,34,10,225.5,2255.0,2026-04-29,188535312,2903,Citizens Share Broker Limited,Vision Securities Pvt. Ltd,2026-04-29 13:08:52.669745,Liberty Energy Company Limited
2026042904005738,LEC,38,16,32,225.0,7200.0,2026-04-29,188536802,2903,Dipshikha Dhitopatra Karobar Co. Pvt Ltd.,Primo Securities (PVT) Ltd.,2026-04-29 13:11:50.172381,Liberty Energy Company Limited
2026042904006030,LEC,49,41,100,224.4,22440.0,2026-04-29,188542500,2903,Online Securities Pvt. Ltd.,Linch Stock Market Ltd.,2026-04-29 13:21:43.438839,Liberty Energy Company Limited
2026042904006031,LEC,50,41,100,224.3,22430.0,2026-04-29,188542502,2903,Cristal Kanchanjanga Securites Pvt. Ltd.,Linch Stock Market Ltd.,2026-04-29 13:21:43.439393,Liberty Energy Company Limited
2026042904006032,LEC,45,41,120,224.2,26904.0,2026-04-29,188542504,2903,Imperial Securities Company Pvt. Ltd.,Linch Stock Market Ltd.,2026-04-29 13:21:43.439731,Liberty Energy Company Limited
2026042904006033,LEC,62,41,280,224.1,62748.0,2026-04-29,188542505,2903,Capital Max Securities Ltd,Linch Stock Market Ltd.,2026-04-29 13:21:43.440051,Liberty Energy Company Limited
2026042904006296,LEC,49,52,100,224.2,22420.0,2026-04-29,188546334,2903,Online Securities Pvt. Ltd.,Sundhara Securities Limited,2026-04-29 13:27:56.560015,Liberty Energy Company Limited
2026042904006297,LEC,62,52,120,224.1,26892.0,2026-04-29,188546336,2903,Capital Max Securities Ltd,Sundhara Securities Limited,2026-04-29 13:27:56.560614,Liberty Energy Company Limited
2026042904006298,LEC,28,52,301,224.0,67424.0,2026-04-29,188546338,2903,Shree Krishna Securities Ltd.,Sundhara Securities Limited,2026-04-29 13:27:56.560955,Liberty Energy Company Limited
2026042904006299,LEC,7,52,25,224.0,5600.0,2026-04-29,188546340,2903,J.F. Securites (PVT) Ltd.,Sundhara Securities Limited,2026-04-29 13:27:56.561284,Liberty Energy Company Limited
2026042904006300,LEC,34,52,1000,224.0,224000.0,2026-04-29,188546342,2903,Vision Securities Pvt. Ltd,Sundhara Securities Limited,2026-04-29 13:27:56.561644,Liberty Energy Company Limited
2026042904006450,LEC,34,62,1500,224.5,336750.0,2026-04-29,188548651,2903,Vision Securities Pvt. Ltd,Capital Max Securities Ltd,2026-04-29 13:31:27.305734,Liberty Energy Company Limited
2026042904006497,LEC,49,41,100,224.3,22430.0,2026-04-29,188549090,2903,Online Securities Pvt. Ltd.,Linch Stock Market Ltd.,2026-04-29 13:32:10.597736,Liberty Energy Company Limited
2026042904006498,LEC,58,41,10,224.3,2243.0,2026-04-29,188549092,2903,Naasa Securities Co. Ltd.,Linch Stock Market Ltd.,2026-04-29 13:32:10.598249,Liberty Energy Company Limited
2026042904006500,LEC,36,61,10,224.2,2242.0,2026-04-29,188549143,2903,Secured Securities Ltd.,BHOLE GANESH SECURITIES LTD,2026-04-29 13:32:22.262112,Liberty Energy Company Limited
2026042904006531,LEC,36,16,170,224.2,38114.0,2026-04-29,188549760,2903,Secured Securities Ltd.,Primo Securities (PVT) Ltd.,2026-04-29 13:33:25.641171,Liberty Energy Company Limited
2026042904006532,LEC,11,16,25,224.0,5600.0,2026-04-29,188549762,2903,Malla & Malla Stock Broking Company Pvt. Limited,Primo Securities (PVT) Ltd.,2026-04-29 13:33:25.641493,Liberty Energy Company Limited
2026042904006533,LEC,13,16,50,224.0,11200.0,2026-04-29,188549764,2903,Thrive Brokerage House Pvt. Ltd,Primo Securities (PVT) Ltd.,2026-04-29 13:33:25.641612,Liberty Energy Company Limited
2026042904006534,LEC,26,16,723,224.0,161952.0,2026-04-29,188549765,2903,Asian Securities Private Ltd.,Primo Securities (PVT) Ltd.,2026-04-29 13:33:25.641728,Liberty Energy Company Limited
2026042904006549,LEC,25,62,20,224.1,4482.0,2026-04-29,188550044,2903,Sweta Securities Private Limited,Capital Max Securities Ltd,2026-04-29 13:34:02.573530,Liberty Energy Company Limited
2026042904006550,LEC,26,62,4257,224.0,953568.0,2026-04-29,188550045,2903,Asian Securities Private Ltd.,Capital Max Securities Ltd,2026-04-29 13:34:02.574067,Liberty Energy Company Limited
2026042904006597,LEC,35,41,100,224.1,22410.0,2026-04-29,188550664,2903,Kohinoor Investment & Securities Pvt. Ltd.,Linch Stock Market Ltd.,2026-04-29 13:35:08.670659,Liberty Energy Company Limited
2026042904006730,LEC,83,41,790,224.1,177039.0,2026-04-29,188552905,2903,Sanima Securities Limited,Linch Stock Market Ltd.,2026-04-29 13:40:02.556819,Liberty Energy Company Limited
2026042904006731,LEC,83,91,1150,224.5,258175.0,2026-04-29,188552908,2903,Sanima Securities Limited,Citizens Share Broker Limited,2026-04-29 13:40:02.556881,Liberty Energy Company Limited
2026042904006790,LEC,41,52,200,224.9,44980.0,2026-04-29,188553892,2903,Linch Stock Market Ltd.,Sundhara Securities Limited,2026-04-29 13:42:00.866504,Liberty Energy Company Limited
2026042904006842,LEC,8,52,200,224.9,44980.0,2026-04-29,188554768,2903,Brilliant Securities Pvt. Ltd.,Sundhara Securities Limited,2026-04-29 13:43:19.302496,Liberty Energy Company Limited
2026042904006855,LEC,49,52,105,224.9,23614.5,2026-04-29,188555288,2903,Online Securities Pvt. Ltd.,Sundhara Securities Limited,2026-04-29 13:44:12.343272,Liberty Energy Company Limited
2026042904006863,LEC,90,99,300,224.1,67230.0,2026-04-29,188555544,2903,Sajilo Broker Limited,Prabhu Stock Market Limited,2026-04-29 13:44:37.304335,Liberty Energy Company Limited
2026042904006864,LEC,26,99,20,224.0,4480.0,2026-04-29,188555546,2903,Asian Securities Private Ltd.,Prabhu Stock Market Limited,2026-04-29 13:44:37.304630,Liberty Energy Company Limited
2026042904006865,LEC,57,99,100,224.0,22400.0,2026-04-29,188555548,2903,Aryatara Investment & Securities,Prabhu Stock Market Limited,2026-04-29 13:44:37.304766,Liberty Energy Company Limited
2026042904006866,LEC,21,99,580,224.0,129920.0,2026-04-29,188555549,2903,Midas Stock Broking Company Private Limited,Prabhu Stock Market Limited,2026-04-29 13:44:37.304886,Liberty Energy Company Limited
2026042904006875,LEC,21,58,20,224.0,4480.0,2026-04-29,188556023,2903,Midas Stock Broking Company Private Limited,Naasa Securities Co. Ltd.,2026-04-29 13:45:20.740359,Liberty Energy Company Limited
2026042904007030,LEC,53,46,43,224.8,9666.4,2026-04-29,188558166,2903,Investment Management Nepal Pvt. Ltd.,Kalika Securities Pvt. Ltd.,2026-04-29 13:49:20.580812,Liberty Energy Company Limited
2026042904007058,LEC,25,42,10,224.1,2241.0,2026-04-29,188558488,2903,Sweta Securities Private Limited,Sani Securities Company Ltd.,2026-04-29 13:49:49.419154,Liberty Energy Company Limited
2026042904007059,LEC,21,42,30,224.0,6720.0,2026-04-29,188558489,2903,Midas Stock Broking Company Private Limited,Sani Securities Company Ltd.,2026-04-29 13:49:49.419257,Liberty Energy Company Limited
2026042904007093,LEC,36,46,115,224.8,25852.0,2026-04-29,188558834,2903,Secured Securities Ltd.,Kalika Securities Pvt. Ltd.,2026-04-29 13:50:24.585529,Liberty Energy Company Limited
2026042904007219,LEC,88,46,500,224.8,112400.0,2026-04-29,188560386,2903,Blue Chip Securities Ltd,Kalika Securities Pvt. Ltd.,2026-04-29 13:53:02.507432,Liberty Energy Company Limited
2026042904007286,LEC,1,39,25,224.1,5602.5,2026-04-29,188561194,2903,Kumari Securities Private Limited,Sumeru Securities Pvt. Ltd.,2026-04-29 13:54:04.911333,Liberty Energy Company Limited
2026042904007307,LEC,42,46,13,224.8,2922.4,2026-04-29,188561381,2903,Sani Securities Company Ltd.,Kalika Securities Pvt. Ltd.,2026-04-29 13:54:21.385085,Liberty Energy Company Limited
2026042904007308,LEC,42,52,345,224.9,77590.5,2026-04-29,188561383,2903,Sani Securities Company Ltd.,Sundhara Securities Limited,2026-04-29 13:54:21.385421,Liberty Energy Company Limited
2026042904007309,LEC,42,34,80,224.9,17992.0,2026-04-29,188561385,2903,Sani Securities Company Ltd.,Vision Securities Pvt. Ltd,2026-04-29 13:54:21.385575,Liberty Energy Company Limited
2026042904007310,LEC,42,50,400,225.0,90000.0,2026-04-29,188561387,2903,Sani Securities Company Ltd.,Cristal Kanchanjanga Securites Pvt. Ltd.,2026-04-29 13:54:21.385695,Liberty Energy Company Limited
2026042904007311,LEC,42,58,100,225.0,22500.0,2026-04-29,188561389,2903,Sani Securities Company Ltd.,Naasa Securities Co. Ltd.,2026-04-29 13:54:21.385816,Liberty Energy Company Limited
2026042904007312,LEC,42,44,100,225.0,22500.0,2026-04-29,188561391,2903,Sani Securities Company Ltd.,Dynamic Money Managers Securities Pvt. Ltd.,2026-04-29 13:54:21.385955,Liberty Energy Company Limited
2026042904007313,LEC,42,57,50,225.0,11250.0,2026-04-29,188561393,2903,Sani Securities Company Ltd.,Aryatara Investment & Securities,2026-04-29 13:54:21.386249,Liberty Energy Company Limited
2026042904007314,LEC,42,3,50,225.0,11250.0,2026-04-29,188561395,2903,Sani Securities Company Ltd.,Arun Securities (PVT) Ltd.,2026-04-29 13:54:21.386398,Liberty Energy Company Limited
2026042904007315,LEC,42,26,100,225.0,22500.0,2026-04-29,188561397,2903,Sani Securities Company Ltd.,Asian Securities Private Ltd.,2026-04-29 13:54:21.386521,Liberty Energy Company Limited
2026042904007316,LEC,42,1,200,225.0,45000.0,2026-04-29,188561399,2903,Sani Securities Company Ltd.,Kumari Securities Private Limited,2026-04-29 13:54:21.386638,Liberty Energy Company Limited
2026042904007485,LEC,42,41,15,225.0,3375.0,2026-04-29,188563541,2903,Sani Securities Company Ltd.,Linch Stock Market Ltd.,2026-04-29 13:58:27.414921,Liberty Energy Company Limited
2026042904007534,LEC,42,49,947,225.0,213075.0,2026-04-29,188563942,2903,Sani Securities Company Ltd.,Online Securities Pvt. Ltd.,2026-04-29 13:59:12.222520,Liberty Energy Company Limited
2026042904007659,LEC,38,49,10,225.0,2250.0,2026-04-29,188565060,2903,Dipshikha Dhitopatra Karobar Co. Pvt Ltd.,Online Securities Pvt. Ltd.,2026-04-29 14:00:37.552290,Liberty Energy Company Limited
2026042904007676,LEC,21,4,260,224.0,58240.0,2026-04-29,188565416,2903,Midas Stock Broking Company Private Limited,Opal Securities Investment (PVT) Ltd.,2026-04-29 14:01:15.406457,Liberty Energy Company Limited
2026042904007677,LEC,21,4,105,224.0,23520.0,2026-04-29,188565418,2903,Midas Stock Broking Company Private Limited,Opal Securities Investment (PVT) Ltd.,2026-04-29 14:01:15.407006,Liberty Energy Company Limited
2026042904007678,LEC,35,4,315,224.0,70560.0,2026-04-29,188565419,2903,Kohinoor Investment & Securities Pvt. Ltd.,Opal Securities Investment (PVT) Ltd.,2026-04-29 14:01:15.407379,Liberty Energy Company Limited
2026042904007934,LEC,11,49,10,225.0,2250.0,2026-04-29,188567364,2903,Malla & Malla Stock Broking Company Pvt. Limited,Online Securities Pvt. Ltd.,2026-04-29 14:04:33.718675,Liberty Energy Company Limited
2026042904008060,LEC,58,49,30,225.0,6750.0,2026-04-29,188568294,2903,Naasa Securities Co. Ltd.,Online Securities Pvt. Ltd.,2026-04-29 14:06:06.023341,Liberty Energy Company Limited
2026042904008310,LEC,63,49,115,225.0,25875.0,2026-04-29,188571119,2903,Himalayan Brokerage Company Limited,Online Securities Pvt. Ltd.,2026-04-29 14:11:40.655809,Liberty Energy Company Limited
2026042904008311,LEC,63,4,2206,225.0,496350.0,2026-04-29,188571121,2903,Himalayan Brokerage Company Limited,Opal Securities Investment (PVT) Ltd.,2026-04-29 14:11:40.656396,Liberty Energy Company Limited
2026042904008312,LEC,63,44,500,225.6,112800.0,2026-04-29,188571123,2903,Himalayan Brokerage Company Limited,Dynamic Money Managers Securities Pvt. Ltd.,2026-04-29 14:11:40.656776,Liberty Energy Company Limited
2026042904008313,LEC,63,77,850,225.8,191930.0,2026-04-29,188571125,2903,Himalayan Brokerage Company Limited,Nabil Stock Dealer Ltd.,2026-04-29 14:11:40.657139,Liberty Energy Company Limited
2026042904008314,LEC,63,7,30,227.0,6810.0,2026-04-29,188571127,2903,Himalayan Brokerage Company Limited,J.F. Securites (PVT) Ltd.,2026-04-29 14:11:40.657508,Liberty Energy Company Limited
2026042904008315,LEC,63,83,9200,227.5,2093000.0,2026-04-29,188571129,2903,Himalayan Brokerage Company Limited,Sanima Securities Limited,2026-04-29 14:11:40.657850,Liberty Energy Company Limited
2026042904008393,LEC,8,17,10,226.9,2269.0,2026-04-29,188572440,2903,Brilliant Securities Pvt. Ltd.,ABC Securities Private Limited,2026-04-29 14:13:47.176087,Liberty Energy Company Limited
2026042904008395,LEC,8,17,10,226.9,2269.0,2026-04-29,188572510,2903,Brilliant Securities Pvt. Ltd.,ABC Securities Private Limited,2026-04-29 14:13:56.957140,Liberty Energy Company Limited
2026042904008441,LEC,1,91,50,225.1,11255.0,2026-04-29,188573200,2903,Kumari Securities Private Limited,Citizens Share Broker Limited,2026-04-29 14:15:03.995404,Liberty Energy Company Limited
2026042904008442,LEC,39,91,100,225.1,22510.0,2026-04-29,188573202,2903,Sumeru Securities Pvt. Ltd.,Citizens Share Broker Limited,2026-04-29 14:15:03.995753,Liberty Energy Company Limited
2026042904008443,LEC,42,91,200,225.0,45000.0,2026-04-29,188573204,2903,Sani Securities Company Ltd.,Citizens Share Broker Limited,2026-04-29 14:15:03.995876,Liberty Energy Company Limited
2026042904008481,LEC,10,91,200,224.1,44820.0,2026-04-29,188573772,2903,Pragyan Securities (PVT) Ltd.,Citizens Share Broker Limited,2026-04-29 14:15:55.740157,Liberty Energy Company Limited
2026042904008482,LEC,35,91,185,224.0,41440.0,2026-04-29,188573774,2903,Kohinoor Investment & Securities Pvt. Ltd.,Citizens Share Broker Limited,2026-04-29 14:15:55.740514,Liberty Energy Company Limited
2026042904008483,LEC,1,91,10,224.0,2240.0,2026-04-29,188573776,2903,Kumari Securities Private Limited,Citizens Share Broker Limited,2026-04-29 14:15:55.740689,Liberty Energy Company Limited
2026042904008484,LEC,62,91,50,224.0,11200.0,2026-04-29,188573778,2903,Capital Max Securities Ltd,Citizens Share Broker Limited,2026-04-29 14:15:55.740811,Liberty Energy Company Limited
2026042904008485,LEC,91,91,50,224.0,11200.0,2026-04-29,188573780,2903,Citizens Share Broker Limited,Citizens Share Broker Limited,2026-04-29 14:15:55.740932,Liberty Energy Company Limited
2026042904008486,LEC,5,91,1000,224.0,224000.0,2026-04-29,188573782,2903,Market Securities & Exchange (PVT) Ltd.,Citizens Share Broker Limited,2026-04-29 14:15:55.741050,Liberty Energy Company Limited
2026042904008564,LEC,45,91,10,225.0,2250.0,2026-04-29,188575042,2903,Imperial Securities Company Pvt. Ltd.,Citizens Share Broker Limited,2026-04-29 14:18:12.657418,Liberty Energy Company Limited
2026042904008744,LEC,58,90,10,224.9,2249.0,2026-04-29,188576638,2903,Naasa Securities Co. Ltd.,Sajilo Broker Limited,2026-04-29 14:20:26.106827,Liberty Energy Company Limited
2026042904008879,LEC,13,8,190,224.0,42560.0,2026-04-29,188578116,2903,Thrive Brokerage House Pvt. Ltd,Brilliant Securities Pvt. Ltd.,2026-04-29 14:22:28.945553,Liberty Energy Company Limited
2026042904008917,LEC,45,8,100,224.0,22400.0,2026-04-29,188578426,2903,Imperial Securities Company Pvt. Ltd.,Brilliant Securities Pvt. Ltd.,2026-04-29 14:22:54.555750,Liberty Energy Company Limited
2026042904008981,LEC,58,8,150,224.0,33600.0,2026-04-29,188578908,2903,Naasa Securities Co. Ltd.,Brilliant Securities Pvt. Ltd.,2026-04-29 14:23:32.470143,Liberty Energy Company Limited
2026042904009039,LEC,34,58,200,223.9,44780.0,2026-04-29,188579547,2903,Vision Securities Pvt. Ltd,Naasa Securities Co. Ltd.,2026-04-29 14:24:25.339391,Liberty Energy Company Limited
2026042904009400,LEC,43,66,100,223.6,22360.0,2026-04-29,188583001,2903,South Asian Bulls Pvt. Ltd.,Miyo Securities Pvt Ltd,2026-04-29 14:28:06.190820,Liberty Energy Company Limited
2026042904009401,LEC,57,66,100,223.5,22350.0,2026-04-29,188583004,2903,Aryatara Investment & Securities,Miyo Securities Pvt Ltd,2026-04-29 14:28:06.190927,Liberty Energy Company Limited
2026042904009402,LEC,4,66,223,223.5,49840.5,2026-04-29,188583006,2903,Opal Securities Investment (PVT) Ltd.,Miyo Securities Pvt Ltd,2026-04-29 14:28:06.191031,Liberty Energy Company Limited
2026042904009403,LEC,16,66,500,223.5,111750.0,2026-04-29,188583008,2903,Primo Securities (PVT) Ltd.,Miyo Securities Pvt Ltd,2026-04-29 14:28:06.191103,Liberty Energy Company Limited
2026042904009404,LEC,58,66,160,223.5,35760.0,2026-04-29,188583010,2903,Naasa Securities Co. Ltd.,Miyo Securities Pvt Ltd,2026-04-29 14:28:06.191177,Liberty Energy Company Limited
2026042904009405,LEC,57,66,20,223.5,4470.0,2026-04-29,188583012,2903,Aryatara Investment & Securities,Miyo Securities Pvt Ltd,2026-04-29 14:28:06.191251,Liberty Energy Company Limited
2026042904009406,LEC,25,66,97,223.5,21679.5,2026-04-29,188583013,2903,Sweta Securities Private Limited,Miyo Securities Pvt Ltd,2026-04-29 14:28:06.191343,Liberty Energy Company Limited
2026042904009515,LEC,48,17,200,223.3,44660.0,2026-04-29,188583733,2903,Trishakti Securities Public Limited,ABC Securities Private Limited,2026-04-29 14:28:38.201192,Liberty Energy Company Limited
2026042904009550,LEC,6,40,50,223.9,11195.0,2026-04-29,188584139,2903,Agrawal Securities (PVT) Ltd.,Creative Securities Pvt Ltd,2026-04-29 14:28:58.990292,Liberty Energy Company Limited
2026042904009551,LEC,6,8,560,224.0,125440.0,2026-04-29,188584141,2903,Agrawal Securities (PVT) Ltd.,Brilliant Securities Pvt. Ltd.,2026-04-29 14:28:58.990352,Liberty Energy Company Limited
2026042904009552,LEC,6,90,240,224.9,53976.0,2026-04-29,188584143,2903,Agrawal Securities (PVT) Ltd.,Sajilo Broker Limited,2026-04-29 14:28:58.990376,Liberty Energy Company Limited
2026042904009553,LEC,6,91,150,225.0,33750.0,2026-04-29,188584146,2903,Agrawal Securities (PVT) Ltd.,Citizens Share Broker Limited,2026-04-29 14:28:58.990405,Liberty Energy Company Limited
2026042904009630,LEC,14,26,100,223.1,22310.0,2026-04-29,188584842,2903,Nepal Stock House (PVT) Ltd.,Asian Securities Private Ltd.,2026-04-29 14:29:26.504526,Liberty Energy Company Limited
2026042904009631,LEC,42,26,15,223.1,3346.5,2026-04-29,188584844,2903,Sani Securities Company Ltd.,Asian Securities Private Ltd.,2026-04-29 14:29:26.505082,Liberty Energy Company Limited
2026042904009632,LEC,32,26,100,223.0,22300.0,2026-04-29,188584846,2903,Premier Securities Company Ltd.,Asian Securities Private Ltd.,2026-04-29 14:29:26.505446,Liberty Energy Company Limited
2026042904009633,LEC,1,26,200,223.0,44600.0,2026-04-29,188584848,2903,Kumari Securities Private Limited,Asian Securities Private Ltd.,2026-04-29 14:29:26.505804,Liberty Energy Company Limited
2026042904009634,LEC,14,26,250,223.0,55750.0,2026-04-29,188584850,2903,Nepal Stock House (PVT) Ltd.,Asian Securities Private Ltd.,2026-04-29 14:29:26.506154,Liberty Energy Company Limited
2026042904009635,LEC,57,26,335,223.0,74705.0,2026-04-29,188584851,2903,Aryatara Investment & Securities,Asian Securities Private Ltd.,2026-04-29 14:29:26.506521,Liberty Energy Company Limited
2026042904009954,LEC,49,14,170,224.0,38080.0,2026-04-29,188587248,2903,Online Securities Pvt. Ltd.,Nepal Stock House (PVT) Ltd.,2026-04-29 14:32:01.604966,Liberty Energy Company Limited
2026042904010178,LEC,52,14,100,224.0,22400.0,2026-04-29,188589612,2903,Sundhara Securities Limited,Nepal Stock House (PVT) Ltd.,2026-04-29 14:34:21.125654,Liberty Energy Company Limited
2026042904010200,LEC,5,49,200,223.6,44720.0,2026-04-29,188590002,2903,Market Securities & Exchange (PVT) Ltd.,Online Securities Pvt. Ltd.,2026-04-29 14:34:49.096945,Liberty Energy Company Limited
2026042904010201,LEC,57,49,4000,223.5,894000.0,2026-04-29,188590004,2903,Aryatara Investment & Securities,Online Securities Pvt. Ltd.,2026-04-29 14:34:49.097515,Liberty Energy Company Limited
2026042904010202,LEC,25,49,95,223.2,21204.0,2026-04-29,188590006,2903,Sweta Securities Private Limited,Online Securities Pvt. Ltd.,2026-04-29 14:34:49.097897,Liberty Energy Company Limited
2026042904010203,LEC,39,49,50,223.1,11155.0,2026-04-29,188590008,2903,Sumeru Securities Pvt. Ltd.,Online Securities Pvt. Ltd.,2026-04-29 14:34:49.098260,Liberty Energy Company Limited
2026042904010204,LEC,57,49,1165,223.0,259795.0,2026-04-29,188590010,2903,Aryatara Investment & Securities,Online Securities Pvt. Ltd.,2026-04-29 14:34:49.098697,Liberty Energy Company Limited
2026042904010205,LEC,42,49,100,223.0,22300.0,2026-04-29,188590012,2903,Sani Securities Company Ltd.,Online Securities Pvt. Ltd.,2026-04-29 14:34:49.099071,Liberty Energy Company Limited
2026042904010206,LEC,52,49,100,223.0,22300.0,2026-04-29,188590014,2903,Sundhara Securities Limited,Online Securities Pvt. Ltd.,2026-04-29 14:34:49.099426,Liberty Energy Company Limited
2026042904010207,LEC,32,49,50,223.0,11150.0,2026-04-29,188590016,2903,Premier Securities Company Ltd.,Online Securities Pvt. Ltd.,2026-04-29 14:34:49.099785,Liberty Energy Company Limited
2026042904010208,LEC,84,49,500,223.0,111500.0,2026-04-29,188590018,2903,MILKY WAY SHARE BROKER COMPANY LTD ,Online Securities Pvt. Ltd.,2026-04-29 14:34:49.100137,Liberty Energy Company Limited
2026042904010209,LEC,21,49,30,223.0,6690.0,2026-04-29,188590020,2903,Midas Stock Broking Company Private Limited,Online Securities Pvt. Ltd.,2026-04-29 14:34:49.100513,Liberty Energy Company Limited
2026042904010210,LEC,26,49,30,223.0,6690.0,2026-04-29,188590022,2903,Asian Securities Private Ltd.,Online Securities Pvt. Ltd.,2026-04-29 14:34:49.100868,Liberty Energy Company Limited
2026042904010211,LEC,4,49,2210,223.0,492830.0,2026-04-29,188590024,2903,Opal Securities Investment (PVT) Ltd.,Online Securities Pvt. Ltd.,2026-04-29 14:34:49.101215,Liberty Energy Company Limited
2026042904010212,LEC,58,49,184,223.0,41032.0,2026-04-29,188590026,2903,Naasa Securities Co. Ltd.,Online Securities Pvt. Ltd.,2026-04-29 14:34:49.101575,Liberty Energy Company Limited
2026042904010256,LEC,52,71,300,222.3,66690.0,2026-04-29,188590365,2903,Sundhara Securities Limited,SHUBHAKAMANA SECURITIES PVT. LTD,2026-04-29 14:35:19.832452,Liberty Energy Company Limited
2026042904010275,LEC,25,49,200,223.0,44600.0,2026-04-29,188590484,2903,Sweta Securities Private Limited,Online Securities Pvt. Ltd.,2026-04-29 14:35:25.622920,Liberty Energy Company Limited
2026042904010566,LEC,52,71,50,222.4,11120.0,2026-04-29,188593422,2903,Sundhara Securities Limited,SHUBHAKAMANA SECURITIES PVT. LTD,2026-04-29 14:38:28.605288,Liberty Energy Company Limited
2026042904010567,LEC,52,71,200,222.3,44460.0,2026-04-29,188593424,2903,Sundhara Securities Limited,SHUBHAKAMANA SECURITIES PVT. LTD,2026-04-29 14:38:28.605417,Liberty Energy Company Limited
2026042904010568,LEC,5,71,200,222.3,44460.0,2026-04-29,188593426,2903,Market Securities & Exchange (PVT) Ltd.,SHUBHAKAMANA SECURITIES PVT. LTD,2026-04-29 14:38:28.605480,Liberty Energy Company Limited
2026042904010569,LEC,25,71,103,222.3,22896.9,2026-04-29,188593428,2903,Sweta Securities Private Limited,SHUBHAKAMANA SECURITIES PVT. LTD,2026-04-29 14:38:28.605550,Liberty Energy Company Limited
2026042904010570,LEC,45,71,10,222.2,2222.0,2026-04-29,188593430,2903,Imperial Securities Company Pvt. Ltd.,SHUBHAKAMANA SECURITIES PVT. LTD,2026-04-29 14:38:28.605630,Liberty Energy Company Limited
2026042904010571,LEC,34,71,50,222.2,11110.0,2026-04-29,188593432,2903,Vision Securities Pvt. Ltd,SHUBHAKAMANA SECURITIES PVT. LTD,2026-04-29 14:38:28.605702,Liberty Energy Company Limited
2026042904010572,LEC,13,71,387,222.2,85991.4,2026-04-29,188593433,2903,Thrive Brokerage House Pvt. Ltd,SHUBHAKAMANA SECURITIES PVT. LTD,2026-04-29 14:38:28.605771,Liberty Energy Company Limited
2026042904010589,LEC,13,71,613,222.2,136208.6,2026-04-29,188593702,2903,Thrive Brokerage House Pvt. Ltd,SHUBHAKAMANA SECURITIES PVT. LTD,2026-04-29 14:38:39.315705,Liberty Energy Company Limited
2026042904010590,LEC,57,71,387,222.2,85991.4,2026-04-29,188593703,2903,Aryatara Investment & Securities,SHUBHAKAMANA SECURITIES PVT. LTD,2026-04-29 14:38:39.315773,Liberty Energy Company Limited
2026042904010783,LEC,4,49,42,223.0,9366.0,2026-04-29,188595486,2903,Opal Securities Investment (PVT) Ltd.,Online Securities Pvt. Ltd.,2026-04-29 14:40:17.055857,Liberty Energy Company Limited
2026042904010812,LEC,36,49,400,223.0,89200.0,2026-04-29,188595702,2903,Secured Securities Ltd.,Online Securities Pvt. Ltd.,2026-04-29 14:40:29.973352,Liberty Energy Company Limited
2026042904010822,LEC,52,49,55,223.0,12265.0,2026-04-29,188595964,2903,Sundhara Securities Limited,Online Securities Pvt. Ltd.,2026-04-29 14:40:43.637264,Liberty Energy Company Limited
2026042904010888,LEC,39,49,50,223.0,11150.0,2026-04-29,188596630,2903,Sumeru Securities Pvt. Ltd.,Online Securities Pvt. Ltd.,2026-04-29 14:41:16.637160,Liberty Energy Company Limited
2026042904010900,LEC,26,49,200,223.0,44600.0,2026-04-29,188596714,2903,Asian Securities Private Ltd.,Online Securities Pvt. Ltd.,2026-04-29 14:41:21.106201,Liberty Energy Company Limited
2026042904011006,LEC,39,49,50,223.0,11150.0,2026-04-29,188597610,2903,Sumeru Securities Pvt. Ltd.,Online Securities Pvt. Ltd.,2026-04-29 14:42:04.222496,Liberty Energy Company Limited
2026042904011032,LEC,49,49,90,223.0,20070.0,2026-04-29,188597962,2903,Online Securities Pvt. Ltd.,Online Securities Pvt. Ltd.,2026-04-29 14:42:24.122277,Liberty Energy Company Limited
2026042904011038,LEC,58,49,54,223.0,12042.0,2026-04-29,188598014,2903,Naasa Securities Co. Ltd.,Online Securities Pvt. Ltd.,2026-04-29 14:42:29.075239,Liberty Energy Company Limited
2026042904011068,LEC,39,51,100,222.6,22260.0,2026-04-29,188598206,2903,Sumeru Securities Pvt. Ltd.,Oxford Securities Pvt. Ltd.,2026-04-29 14:42:42.364794,Liberty Energy Company Limited
2026042904011069,LEC,52,51,1000,222.5,222500.0,2026-04-29,188598208,2903,Sundhara Securities Limited,Oxford Securities Pvt. Ltd.,2026-04-29 14:42:42.364919,Liberty Energy Company Limited
2026042904011070,LEC,45,51,20,222.5,4450.0,2026-04-29,188598210,2903,Imperial Securities Company Pvt. Ltd.,Oxford Securities Pvt. Ltd.,2026-04-29 14:42:42.365004,Liberty Energy Company Limited
2026042904011071,LEC,7,51,500,222.4,111200.0,2026-04-29,188598212,2903,J.F. Securites (PVT) Ltd.,Oxford Securities Pvt. Ltd.,2026-04-29 14:42:42.365074,Liberty Energy Company Limited
2026042904011072,LEC,51,51,280,222.3,62244.0,2026-04-29,188598213,2903,Oxford Securities Pvt. Ltd.,Oxford Securities Pvt. Ltd.,2026-04-29 14:42:42.365159,Liberty Energy Company Limited
2026042904011074,LEC,51,34,60,222.3,13338.0,2026-04-29,188598287,2903,Oxford Securities Pvt. Ltd.,Vision Securities Pvt. Ltd,2026-04-29 14:42:45.437947,Liberty Energy Company Limited
2026042904011144,LEC,26,49,145,223.0,32335.0,2026-04-29,188598567,2903,Asian Securities Private Ltd.,Online Securities Pvt. Ltd.,2026-04-29 14:42:59.826151,Liberty Energy Company Limited
2026042904011145,LEC,26,84,10,223.0,2230.0,2026-04-29,188598569,2903,Asian Securities Private Ltd.,MILKY WAY SHARE BROKER COMPANY LTD ,2026-04-29 14:42:59.826441,Liberty Energy Company Limited
2026042904011170,LEC,26,8,30,223.0,6690.0,2026-04-29,188598923,2903,Asian Securities Private Ltd.,Brilliant Securities Pvt. Ltd.,2026-04-29 14:43:23.208859,Liberty Energy Company Limited
2026042904011197,LEC,26,40,235,223.0,52405.0,2026-04-29,188599285,2903,Asian Securities Private Ltd.,Creative Securities Pvt Ltd,2026-04-29 14:43:46.095496,Liberty Energy Company Limited
2026042904011209,LEC,26,49,1080,223.0,240840.0,2026-04-29,188599406,2903,Asian Securities Private Ltd.,Online Securities Pvt. Ltd.,2026-04-29 14:43:53.644696,Liberty Energy Company Limited
2026042904011210,LEC,58,49,130,223.0,28990.0,2026-04-29,188599408,2903,Naasa Securities Co. Ltd.,Online Securities Pvt. Ltd.,2026-04-29 14:43:53.645274,Liberty Energy Company Limited
2026042904011240,LEC,49,49,500,223.0,111500.0,2026-04-29,188599656,2903,Online Securities Pvt. Ltd.,Online Securities Pvt. Ltd.,2026-04-29 14:44:09.649370,Liberty Energy Company Limited
2026042904011273,LEC,51,42,160,222.3,35568.0,2026-04-29,188600008,2903,Oxford Securities Pvt. Ltd.,Sani Securities Company Ltd.,2026-04-29 14:44:30.569451,Liberty Energy Company Limited
2026042904011274,LEC,45,42,10,222.3,2223.0,2026-04-29,188600010,2903,Imperial Securities Company Pvt. Ltd.,Sani Securities Company Ltd.,2026-04-29 14:44:30.569496,Liberty Energy Company Limited
2026042904011275,LEC,57,42,123,222.2,27330.6,2026-04-29,188600012,2903,Aryatara Investment & Securities,Sani Securities Company Ltd.,2026-04-29 14:44:30.569526,Liberty Energy Company Limited
2026042904011276,LEC,49,42,160,222.2,35552.0,2026-04-29,188600014,2903,Online Securities Pvt. Ltd.,Sani Securities Company Ltd.,2026-04-29 14:44:30.569554,Liberty Energy Company Limited
2026042904011277,LEC,42,42,100,222.2,22220.0,2026-04-29,188600016,2903,Sani Securities Company Ltd.,Sani Securities Company Ltd.,2026-04-29 14:44:30.569584,Liberty Energy Company Limited
2026042904011278,LEC,25,42,47,222.2,10443.4,2026-04-29,188600017,2903,Sweta Securities Private Limited,Sani Securities Company Ltd.,2026-04-29 14:44:30.569611,Liberty Energy Company Limited
2026042904011331,LEC,25,48,253,222.2,56216.6,2026-04-29,188600392,2903,Sweta Securities Private Limited,Trishakti Securities Public Limited,2026-04-29 14:44:53.997507,Liberty Energy Company Limited
2026042904011332,LEC,45,48,2000,222.1,444200.0,2026-04-29,188600394,2903,Imperial Securities Company Pvt. Ltd.,Trishakti Securities Public Limited,2026-04-29 14:44:53.998068,Liberty Energy Company Limited
2026042904011333,LEC,42,48,147,222.1,32648.7,2026-04-29,188600395,2903,Sani Securities Company Ltd.,Trishakti Securities Public Limited,2026-04-29 14:44:53.998435,Liberty Energy Company Limited
2026042904011430,LEC,26,48,180,222.2,39996.0,2026-04-29,188601101,2903,Asian Securities Private Ltd.,Trishakti Securities Public Limited,2026-04-29 14:45:29.627640,Liberty Energy Company Limited
2026042904011476,LEC,26,48,10,222.2,2222.0,2026-04-29,188601659,2903,Asian Securities Private Ltd.,Trishakti Securities Public Limited,2026-04-29 14:45:54.797251,Liberty Energy Company Limited
2026042904011908,LEC,33,42,500,222.9,111450.0,2026-04-29,188605494,2903,Dakshinkali Investment & Securities Pvt. Ltd.,Sani Securities Company Ltd.,2026-04-29 14:49:09.367768,Liberty Energy Company Limited
2026042904011928,LEC,17,49,100,223.0,22300.0,2026-04-29,188605780,2903,ABC Securities Private Limited,Online Securities Pvt. Ltd.,2026-04-29 14:49:22.536717,Liberty Energy Company Limited
2026042904012005,LEC,21,49,108,223.0,24084.0,2026-04-29,188606484,2903,Midas Stock Broking Company Private Limited,Online Securities Pvt. Ltd.,2026-04-29 14:49:46.236730,Liberty Energy Company Limited
2026042904012104,LEC,43,36,200,222.5,44500.0,2026-04-29,188607186,2903,South Asian Bulls Pvt. Ltd.,Secured Securities Ltd.,2026-04-29 14:50:21.837448,Liberty Energy Company Limited
2026042904012105,LEC,26,36,110,222.2,24442.0,2026-04-29,188607188,2903,Asian Securities Private Ltd.,Secured Securities Ltd.,2026-04-29 14:50:21.837781,Liberty Energy Company Limited
2026042904012106,LEC,14,36,50,222.2,11110.0,2026-04-29,188607191,2903,Nepal Stock House (PVT) Ltd.,Secured Securities Ltd.,2026-04-29 14:50:21.837911,Liberty Energy Company Limited
2026042904012107,LEC,26,36,200,222.2,44440.0,2026-04-29,188607195,2903,Asian Securities Private Ltd.,Secured Securities Ltd.,2026-04-29 14:50:21.838036,Liberty Energy Company Limited
2026042904012108,LEC,25,36,10,222.2,2222.0,2026-04-29,188607199,2903,Sweta Securities Private Limited,Secured Securities Ltd.,2026-04-29 14:50:21.838158,Liberty Energy Company Limited
2026042904012109,LEC,42,36,1130,222.1,250973.0,2026-04-29,188607201,2903,Sani Securities Company Ltd.,Secured Securities Ltd.,2026-04-29 14:50:21.838281,Liberty Energy Company Limited
2026042904012232,LEC,14,49,82,223.0,18286.0,2026-04-29,188608137,2903,Nepal Stock House (PVT) Ltd.,Online Securities Pvt. Ltd.,2026-04-29 14:51:10.604746,Liberty Energy Company Limited
2026042904012382,LEC,8,70,50,222.2,11110.0,2026-04-29,188609982,2903,Brilliant Securities Pvt. Ltd.,Infinity Securities Limited,2026-04-29 14:52:30.707432,Liberty Energy Company Limited
2026042904012383,LEC,91,70,500,222.2,111100.0,2026-04-29,188609986,2903,Citizens Share Broker Limited,Infinity Securities Limited,2026-04-29 14:52:30.707618,Liberty Energy Company Limited
2026042904012384,LEC,14,70,918,222.2,203979.6,2026-04-29,188609988,2903,Nepal Stock House (PVT) Ltd.,Infinity Securities Limited,2026-04-29 14:52:30.707825,Liberty Energy Company Limited
2026042904012385,LEC,42,70,23,222.1,5108.3,2026-04-29,188609990,2903,Sani Securities Company Ltd.,Infinity Securities Limited,2026-04-29 14:52:30.707976,Liberty Energy Company Limited
2026042904012386,LEC,45,70,1000,222.1,222100.0,2026-04-29,188609992,2903,Imperial Securities Company Pvt. Ltd.,Infinity Securities Limited,2026-04-29 14:52:30.708130,Liberty Energy Company Limited
2026042904012387,LEC,32,70,55,222.0,12210.0,2026-04-29,188609994,2903,Premier Securities Company Ltd.,Infinity Securities Limited,2026-04-29 14:52:30.708286,Liberty Energy Company Limited
2026042904012388,LEC,34,70,500,222.0,111000.0,2026-04-29,188609996,2903,Vision Securities Pvt. Ltd,Infinity Securities Limited,2026-04-29 14:52:30.708441,Liberty Energy Company Limited
2026042904012389,LEC,21,70,300,222.0,66600.0,2026-04-29,188609998,2903,Midas Stock Broking Company Private Limited,Infinity Securities Limited,2026-04-29 14:52:30.708589,Liberty Energy Company Limited
2026042904012390,LEC,58,70,70,222.0,15540.0,2026-04-29,188610000,2903,Naasa Securities Co. Ltd.,Infinity Securities Limited,2026-04-29 14:52:30.708742,Liberty Energy Company Limited
2026042904012391,LEC,58,70,10,222.0,2220.0,2026-04-29,188610002,2903,Naasa Securities Co. Ltd.,Infinity Securities Limited,2026-04-29 14:52:30.708894,Liberty Energy Company Limited
2026042904012392,LEC,6,70,500,222.0,111000.0,2026-04-29,188610004,2903,Agrawal Securities (PVT) Ltd.,Infinity Securities Limited,2026-04-29 14:52:30.709074,Liberty Energy Company Limited
2026042904012393,LEC,1,70,200,222.0,44400.0,2026-04-29,188610006,2903,Kumari Securities Private Limited,Infinity Securities Limited,2026-04-29 14:52:30.709215,Liberty Energy Company Limited
2026042904012394,LEC,53,70,500,222.0,111000.0,2026-04-29,188610008,2903,Investment Management Nepal Pvt. Ltd.,Infinity Securities Limited,2026-04-29 14:52:30.709384,Liberty Energy Company Limited
2026042904012395,LEC,41,70,374,222.0,83028.0,2026-04-29,188610009,2903,Linch Stock Market Ltd.,Infinity Securities Limited,2026-04-29 14:52:30.709537,Liberty Energy Company Limited
2026042904012660,LEC,29,33,500,223.0,111500.0,2026-04-29,188611777,2903,Trisul Securities & Invt. Ltd.,Dakshinkali Investment & Securities Pvt. Ltd.,2026-04-29 14:53:44.895882,Liberty Energy Company Limited
2026042904012891,LEC,43,17,500,223.7,111850.0,2026-04-29,188614417,2903,South Asian Bulls Pvt. Ltd.,ABC Securities Private Limited,2026-04-29 14:55:26.745241,Liberty Energy Company Limited
2026042904012892,LEC,43,4,200,223.7,44740.0,2026-04-29,188614419,2903,South Asian Bulls Pvt. Ltd.,Opal Securities Investment (PVT) Ltd.,2026-04-29 14:55:26.745549,Liberty Energy Company Limited
2026042904012893,LEC,43,35,500,223.7,111850.0,2026-04-29,188614421,2903,South Asian Bulls Pvt. Ltd.,Kohinoor Investment & Securities Pvt. Ltd.,2026-04-29 14:55:26.745677,Liberty Energy Company Limited
2026042904012894,LEC,43,26,800,223.8,179040.0,2026-04-29,188614424,2903,South Asian Bulls Pvt. Ltd.,Asian Securities Private Ltd.,2026-04-29 14:55:26.745804,Liberty Energy Company Limited
2026042904012904,LEC,34,94,300,223.2,66960.0,2026-04-29,188614484,2903,Vision Securities Pvt. Ltd,K.B.L. Securities Limited ,2026-04-29 14:55:28.974181,Liberty Energy Company Limited
2026042904012905,LEC,29,94,200,223.0,44600.0,2026-04-29,188614485,2903,Trisul Securities & Invt. Ltd.,K.B.L. Securities Limited ,2026-04-29 14:55:28.974583,Liberty Energy Company Limited
2026042904012934,LEC,43,26,200,223.8,44760.0,2026-04-29,188614843,2903,South Asian Bulls Pvt. Ltd.,Asian Securities Private Ltd.,2026-04-29 14:55:46.075442,Liberty Energy Company Limited
2026042904012935,LEC,43,58,575,223.9,128742.5,2026-04-29,188614845,2903,South Asian Bulls Pvt. Ltd.,Naasa Securities Co. Ltd.,2026-04-29 14:55:46.075737,Liberty Energy Company Limited
2026042904012936,LEC,43,58,1000,223.9,223900.0,2026-04-29,188614847,2903,South Asian Bulls Pvt. Ltd.,Naasa Securities Co. Ltd.,2026-04-29 14:55:46.075875,Liberty Energy Company Limited
2026042904012937,LEC,43,14,225,224.0,50400.0,2026-04-29,188614850,2903,South Asian Bulls Pvt. Ltd.,Nepal Stock House (PVT) Ltd.,2026-04-29 14:55:46.075999,Liberty Energy Company Limited
2026042904013047,LEC,29,49,800,223.0,178400.0,2026-04-29,188615746,2903,Trisul Securities & Invt. Ltd.,Online Securities Pvt. Ltd.,2026-04-29 14:56:18.319521,Liberty Energy Company Limited
2026042904013048,LEC,38,49,15,223.0,3345.0,2026-04-29,188615747,2903,Dipshikha Dhitopatra Karobar Co. Pvt Ltd.,Online Securities Pvt. Ltd.,2026-04-29 14:56:18.319908,Liberty Energy Company Limited
2026042904013055,LEC,6,17,80,223.7,17896.0,2026-04-29,188615792,2903,Agrawal Securities (PVT) Ltd.,ABC Securities Private Limited,2026-04-29 14:56:19.879588,Liberty Energy Company Limited
2026042904013250,LEC,57,43,200,223.5,44700.0,2026-04-29,188617749,2903,Aryatara Investment & Securities,South Asian Bulls Pvt. Ltd.,2026-04-29 14:57:32.292818,Liberty Energy Company Limited
2026042904013251,LEC,57,17,220,223.7,49214.0,2026-04-29,188617751,2903,Aryatara Investment & Securities,ABC Securities Private Limited,2026-04-29 14:57:32.293470,Liberty Energy Company Limited
2026042904013266,LEC,57,38,580,223.7,129746.0,2026-04-29,188618062,2903,Aryatara Investment & Securities,Dipshikha Dhitopatra Karobar Co. Pvt Ltd.,2026-04-29 14:57:41.318054,Liberty Energy Company Limited
2026042904013267,LEC,38,38,85,223.0,18955.0,2026-04-29,188618064,2903,Dipshikha Dhitopatra Karobar Co. Pvt Ltd.,Dipshikha Dhitopatra Karobar Co. Pvt Ltd.,2026-04-29 14:57:41.318376,Liberty Energy Company Limited
2026042904013268,LEC,32,38,15,223.0,3345.0,2026-04-29,188618066,2903,Premier Securities Company Ltd.,Dipshikha Dhitopatra Karobar Co. Pvt Ltd.,2026-04-29 14:57:41.318571,Liberty Energy Company Limited
2026042904013278,LEC,57,38,820,223.0,182860.0,2026-04-29,188618181,2903,Aryatara Investment & Securities,Dipshikha Dhitopatra Karobar Co. Pvt Ltd.,2026-04-29 14:57:45.769116,Liberty Energy Company Limited
2026042904013315,LEC,57,86,20,223.7,4474.0,2026-04-29,188618465,2903,Aryatara Investment & Securities,Stoxkarts Securities Limited,2026-04-29 14:57:54.941718,Liberty Energy Company Limited
2026042904013324,LEC,57,70,160,223.7,35792.0,2026-04-29,188618620,2903,Aryatara Investment & Securities,Infinity Securities Limited,2026-04-29 14:57:57.209126,Liberty Energy Company Limited
2026042904013325,LEC,54,70,20,223.0,4460.0,2026-04-29,188618622,2903,Sewa Securities Pvt. Ltd.,Infinity Securities Limited,2026-04-29 14:57:57.209180,Liberty Energy Company Limited
2026042904013326,LEC,17,70,100,222.2,22220.0,2026-04-29,188618624,2903,ABC Securities Private Limited,Infinity Securities Limited,2026-04-29 14:57:57.209208,Liberty Energy Company Limited
2026042904013327,LEC,39,70,200,222.2,44440.0,2026-04-29,188618626,2903,Sumeru Securities Pvt. Ltd.,Infinity Securities Limited,2026-04-29 14:57:57.209235,Liberty Energy Company Limited
2026042904013328,LEC,38,70,120,222.1,26652.0,2026-04-29,188618627,2903,Dipshikha Dhitopatra Karobar Co. Pvt Ltd.,Infinity Securities Limited,2026-04-29 14:57:57.209262,Liberty Energy Company Limited
2026042904013456,LEC,45,58,31,223.8,6937.8,2026-04-29,188619639,2903,Imperial Securities Company Pvt. Ltd.,Naasa Securities Co. Ltd.,2026-04-29 14:58:27.369962,Liberty Energy Company Limited
2026042904013490,LEC,45,82,50,223.8,11190.0,2026-04-29,188619833,2903,Imperial Securities Company Pvt. Ltd.,N.M.B. SECURITIES LIMITED,2026-04-29 14:58:32.317456,Liberty Energy Company Limited
2026042904013493,LEC,91,14,10,224.0,2240.0,2026-04-29,188619852,2903,Citizens Share Broker Limited,Nepal Stock House (PVT) Ltd.,2026-04-29 14:58:33.130846,Liberty Energy Company Limited
2026042904013747,LEC,34,14,200,224.0,44800.0,2026-04-29,188622010,2903,Vision Securities Pvt. Ltd,Nepal Stock House (PVT) Ltd.,2026-04-29 14:59:19.111592,Liberty Energy Company Limited
2026042904013803,LEC,45,25,169,223.8,37822.2,2026-04-29,188622704,2903,Imperial Securities Company Pvt. Ltd.,Sweta Securities Private Limited,2026-04-29 14:59:31.139563,Liberty Energy Company Limited
2026042904013804,LEC,57,25,44,223.8,9847.2,2026-04-29,188622706,2903,Aryatara Investment & Securities,Sweta Securities Private Limited,2026-04-29 14:59:31.139845,Liberty Energy Company Limited
2026042904013993,LEC,57,25,40,223.0,8920.0,2026-04-29,188624723,2903,Aryatara Investment & Securities,Sweta Securities Private Limited,2026-04-29 14:59:57.236944,Liberty Energy Company Limited
2026042904013994,LEC,33,25,47,223.0,10481.0,2026-04-29,188624727,2903,Dakshinkali Investment & Securities Pvt. Ltd.,Sweta Securities Private Limited,2026-04-29 14:59:57.237223,Liberty Energy Company Limited
2026042904013995,LEC,41,25,75,223.0,16725.0,2026-04-29,188624731,2903,Linch Stock Market Ltd.,Sweta Securities Private Limited,2026-04-29 14:59:57.237364,Liberty Energy Company Limited
2026042904013996,LEC,19,25,38,223.0,8474.0,2026-04-29,188624733,2903,Nepal Investment And Securities Trading Private Limited,Sweta Securities Private Limited,2026-04-29 14:59:57.237487,Liberty Energy Company Limited
2026042904014019,LEC,19,16,10,223.0,2230.0,2026-04-29,188625071,2903,Nepal Investment And Securities Trading Private Limited,Primo Securities (PVT) Ltd.,2026-04-29 14:59:57.837871,Liberty Energy Company Limited
2026042904014032,LEC,57,25,10,223.8,2238.0,2026-04-29,188625454,2903,Aryatara Investment & Securities,Sweta Securities Private Limited,2026-04-29 14:59:58.588047,Liberty Energy Company Limited
