contractId,stockSymbol,buyerMemberId,sellerMemberId,quantity,rate,amount,businessDate,tradeBookId,stockId,buyerBrokerName,sellerBrokerName,transaction_time,securityName
2026042904000015,NHPC,42,4,150,297.0,44550.0,2026-04-29,188418318,152,Sani Securities Company Ltd.,Opal Securities Investment (PVT) Ltd.,2026-04-29 11:00:27.421990,National Hydro Power Company Limited
2026042904000016,NHPC,58,4,10,297.0,2970.0,2026-04-29,188418320,152,Naasa Securities Co. Ltd.,Opal Securities Investment (PVT) Ltd.,2026-04-29 11:00:27.422114,National Hydro Power Company Limited
2026042904000017,NHPC,58,4,40,297.0,11880.0,2026-04-29,188418321,152,Naasa Securities Co. Ltd.,Opal Securities Investment (PVT) Ltd.,2026-04-29 11:00:27.422201,National Hydro Power Company Limited
2026042904000021,NHPC,47,62,200,300.0,60000.0,2026-04-29,188418558,152,Neev Securities Pvt. Ltd.,Capital Max Securities Ltd,2026-04-29 11:00:50.666551,National Hydro Power Company Limited
2026042904000025,NHPC,48,21,10,299.0,2990.0,2026-04-29,188418935,152,Trishakti Securities Public Limited,Midas Stock Broking Company Private Limited,2026-04-29 11:01:19.070248,National Hydro Power Company Limited
2026042904000028,NHPC,48,4,40,299.0,11960.0,2026-04-29,188419026,152,Trishakti Securities Public Limited,Opal Securities Investment (PVT) Ltd.,2026-04-29 11:01:24.539158,National Hydro Power Company Limited
2026042904000038,NHPC,58,4,10,297.0,2970.0,2026-04-29,188419736,152,Naasa Securities Co. Ltd.,Opal Securities Investment (PVT) Ltd.,2026-04-29 11:01:59.302369,National Hydro Power Company Limited
2026042904000039,NHPC,14,4,300,297.0,89100.0,2026-04-29,188419737,152,Nepal Stock House (PVT) Ltd.,Opal Securities Investment (PVT) Ltd.,2026-04-29 11:01:59.302524,National Hydro Power Company Limited
2026042904000041,NHPC,62,3,310,297.0,92070.0,2026-04-29,188419787,152,Capital Max Securities Ltd,Arun Securities (PVT) Ltd.,2026-04-29 11:02:01.245225,National Hydro Power Company Limited
2026042904000042,NHPC,62,42,100,297.0,29700.0,2026-04-29,188419879,152,Capital Max Securities Ltd,Sani Securities Company Ltd.,2026-04-29 11:02:07.827377,National Hydro Power Company Limited
2026042904000043,NHPC,62,97,1090,297.0,323730.0,2026-04-29,188420056,152,Capital Max Securities Ltd,R.B.B. Securities Company Ltd,2026-04-29 11:02:14.444109,National Hydro Power Company Limited
2026042904000045,NHPC,58,97,56,297.0,16632.0,2026-04-29,188420174,152,Naasa Securities Co. Ltd.,R.B.B. Securities Company Ltd,2026-04-29 11:02:20.262950,National Hydro Power Company Limited
2026042904000060,NHPC,58,97,102,297.0,30294.0,2026-04-29,188420918,152,Naasa Securities Co. Ltd.,R.B.B. Securities Company Ltd,2026-04-29 11:02:52.834911,National Hydro Power Company Limited
2026042904000064,NHPC,62,13,100,296.0,29600.0,2026-04-29,188421185,152,Capital Max Securities Ltd,Thrive Brokerage House Pvt. Ltd,2026-04-29 11:03:04.954683,National Hydro Power Company Limited
2026042904000065,NHPC,62,81,200,296.0,59200.0,2026-04-29,188421188,152,Capital Max Securities Ltd,Aakashbhairab Securities Ltd.,2026-04-29 11:03:04.954796,National Hydro Power Company Limited
2026042904000081,NHPC,6,4,450,296.0,133200.0,2026-04-29,188422533,152,Agrawal Securities (PVT) Ltd.,Opal Securities Investment (PVT) Ltd.,2026-04-29 11:04:10.884666,National Hydro Power Company Limited
2026042904000082,NHPC,6,57,150,296.0,44400.0,2026-04-29,188422535,152,Agrawal Securities (PVT) Ltd.,Aryatara Investment & Securities,2026-04-29 11:04:10.884799,National Hydro Power Company Limited
2026042904000090,NHPC,6,36,400,296.0,118400.0,2026-04-29,188422825,152,Agrawal Securities (PVT) Ltd.,Secured Securities Ltd.,2026-04-29 11:04:21.714444,National Hydro Power Company Limited
2026042904000094,NHPC,57,58,30,295.1,8853.0,2026-04-29,188422927,152,Aryatara Investment & Securities,Naasa Securities Co. Ltd.,2026-04-29 11:04:28.681262,National Hydro Power Company Limited
2026042904000105,NHPC,17,97,500,295.2,147600.0,2026-04-29,188423444,152,ABC Securities Private Limited,R.B.B. Securities Company Ltd,2026-04-29 11:04:55.628596,National Hydro Power Company Limited
2026042904000106,NHPC,57,97,160,295.1,47216.0,2026-04-29,188423445,152,Aryatara Investment & Securities,R.B.B. Securities Company Ltd,2026-04-29 11:04:55.628849,National Hydro Power Company Limited
2026042904000107,NHPC,57,91,110,295.1,32461.0,2026-04-29,188423472,152,Aryatara Investment & Securities,Citizens Share Broker Limited,2026-04-29 11:04:57.793586,National Hydro Power Company Limited
2026042904000108,NHPC,58,91,500,295.1,147550.0,2026-04-29,188423474,152,Naasa Securities Co. Ltd.,Citizens Share Broker Limited,2026-04-29 11:04:57.793806,National Hydro Power Company Limited
2026042904000109,NHPC,58,91,20,295.0,5900.0,2026-04-29,188423476,152,Naasa Securities Co. Ltd.,Citizens Share Broker Limited,2026-04-29 11:04:57.793967,National Hydro Power Company Limited
2026042904000110,NHPC,42,91,50,295.0,14750.0,2026-04-29,188423478,152,Sani Securities Company Ltd.,Citizens Share Broker Limited,2026-04-29 11:04:57.794104,National Hydro Power Company Limited
2026042904000111,NHPC,14,91,1000,295.0,295000.0,2026-04-29,188423480,152,Nepal Stock House (PVT) Ltd.,Citizens Share Broker Limited,2026-04-29 11:04:57.794257,National Hydro Power Company Limited
2026042904000119,NHPC,78,7,300,294.2,88260.0,2026-04-29,188423777,152,Garima Securities Limited,J.F. Securites (PVT) Ltd.,2026-04-29 11:05:13.278644,National Hydro Power Company Limited
2026042904000120,NHPC,78,58,700,294.2,205940.0,2026-04-29,188423808,152,Garima Securities Limited,Naasa Securities Co. Ltd.,2026-04-29 11:05:16.293803,National Hydro Power Company Limited
2026042904000121,NHPC,52,58,200,294.0,58800.0,2026-04-29,188423810,152,Sundhara Securities Limited,Naasa Securities Co. Ltd.,2026-04-29 11:05:16.294031,National Hydro Power Company Limited
2026042904000122,NHPC,57,58,300,294.0,88200.0,2026-04-29,188423812,152,Aryatara Investment & Securities,Naasa Securities Co. Ltd.,2026-04-29 11:05:16.294183,National Hydro Power Company Limited
2026042904000123,NHPC,48,58,250,294.0,73500.0,2026-04-29,188423838,152,Trishakti Securities Public Limited,Naasa Securities Co. Ltd.,2026-04-29 11:05:18.216515,National Hydro Power Company Limited
2026042904000128,NHPC,64,58,550,294.0,161700.0,2026-04-29,188424055,152,SUN SECURITIES PVT LTD,Naasa Securities Co. Ltd.,2026-04-29 11:05:28.716916,National Hydro Power Company Limited
2026042904000129,NHPC,64,14,70,294.2,20594.0,2026-04-29,188424057,152,SUN SECURITIES PVT LTD,Nepal Stock House (PVT) Ltd.,2026-04-29 11:05:28.717050,National Hydro Power Company Limited
2026042904000130,NHPC,64,75,380,294.2,111796.0,2026-04-29,188424060,152,SUN SECURITIES PVT LTD,N.I.M.B. Stock Markets Limited,2026-04-29 11:05:28.717101,National Hydro Power Company Limited
2026042904000134,NHPC,50,58,10,293.0,2930.0,2026-04-29,188424149,152,Cristal Kanchanjanga Securites Pvt. Ltd.,Naasa Securities Co. Ltd.,2026-04-29 11:05:31.857393,National Hydro Power Company Limited
2026042904000148,NHPC,13,50,30,294.0,8820.0,2026-04-29,188424454,152,Thrive Brokerage House Pvt. Ltd,Cristal Kanchanjanga Securites Pvt. Ltd.,2026-04-29 11:05:48.527970,National Hydro Power Company Limited
2026042904000149,NHPC,42,50,1220,294.0,358680.0,2026-04-29,188424455,152,Sani Securities Company Ltd.,Cristal Kanchanjanga Securites Pvt. Ltd.,2026-04-29 11:05:48.528199,National Hydro Power Company Limited
2026042904000167,NHPC,42,66,380,294.0,111720.0,2026-04-29,188424898,152,Sani Securities Company Ltd.,Miyo Securities Pvt Ltd,2026-04-29 11:06:12.756674,National Hydro Power Company Limited
2026042904000168,NHPC,36,66,50,294.0,14700.0,2026-04-29,188424900,152,Secured Securities Ltd.,Miyo Securities Pvt Ltd,2026-04-29 11:06:12.756839,National Hydro Power Company Limited
2026042904000169,NHPC,32,66,500,294.0,147000.0,2026-04-29,188424902,152,Premier Securities Company Ltd.,Miyo Securities Pvt Ltd,2026-04-29 11:06:12.756899,National Hydro Power Company Limited
2026042904000170,NHPC,91,66,1000,293.1,293100.0,2026-04-29,188424904,152,Citizens Share Broker Limited,Miyo Securities Pvt Ltd,2026-04-29 11:06:12.756956,National Hydro Power Company Limited
2026042904000171,NHPC,50,66,1990,293.0,583070.0,2026-04-29,188424906,152,Cristal Kanchanjanga Securites Pvt. Ltd.,Miyo Securities Pvt Ltd,2026-04-29 11:06:12.757010,National Hydro Power Company Limited
2026042904000172,NHPC,57,66,80,293.0,23440.0,2026-04-29,188424907,152,Aryatara Investment & Securities,Miyo Securities Pvt Ltd,2026-04-29 11:06:12.757064,National Hydro Power Company Limited
2026042904000182,NHPC,32,58,500,294.1,147050.0,2026-04-29,188425164,152,Premier Securities Company Ltd.,Naasa Securities Co. Ltd.,2026-04-29 11:06:21.448540,National Hydro Power Company Limited
2026042904000183,NHPC,57,75,120,293.0,35160.0,2026-04-29,188425282,152,Aryatara Investment & Securities,N.I.M.B. Stock Markets Limited,2026-04-29 11:06:27.308414,National Hydro Power Company Limited
2026042904000184,NHPC,58,75,10,293.0,2930.0,2026-04-29,188425284,152,Naasa Securities Co. Ltd.,N.I.M.B. Stock Markets Limited,2026-04-29 11:06:27.308566,National Hydro Power Company Limited
2026042904000185,NHPC,34,75,20,293.0,5860.0,2026-04-29,188425286,152,Vision Securities Pvt. Ltd,N.I.M.B. Stock Markets Limited,2026-04-29 11:06:27.308641,National Hydro Power Company Limited
2026042904000186,NHPC,38,75,50,293.0,14650.0,2026-04-29,188425288,152,Dipshikha Dhitopatra Karobar Co. Pvt Ltd.,N.I.M.B. Stock Markets Limited,2026-04-29 11:06:27.308698,National Hydro Power Company Limited
2026042904000197,NHPC,64,75,16,293.0,4688.0,2026-04-29,188425566,152,SUN SECURITIES PVT LTD,N.I.M.B. Stock Markets Limited,2026-04-29 11:06:44.149144,National Hydro Power Company Limited
2026042904000200,NHPC,48,44,100,292.4,29240.0,2026-04-29,188425676,152,Trishakti Securities Public Limited,Dynamic Money Managers Securities Pvt. Ltd.,2026-04-29 11:06:48.725984,National Hydro Power Company Limited
2026042904000201,NHPC,6,44,10,292.4,2924.0,2026-04-29,188425678,152,Agrawal Securities (PVT) Ltd.,Dynamic Money Managers Securities Pvt. Ltd.,2026-04-29 11:06:48.922513,National Hydro Power Company Limited
2026042904000202,NHPC,41,44,100,292.4,29240.0,2026-04-29,188425736,152,Linch Stock Market Ltd.,Dynamic Money Managers Securities Pvt. Ltd.,2026-04-29 11:06:51.092847,National Hydro Power Company Limited
2026042904000203,NHPC,47,50,100,292.3,29230.0,2026-04-29,188425750,152,Neev Securities Pvt. Ltd.,Cristal Kanchanjanga Securites Pvt. Ltd.,2026-04-29 11:06:52.795650,National Hydro Power Company Limited
2026042904000204,NHPC,50,50,3000,292.2,876600.0,2026-04-29,188425752,152,Cristal Kanchanjanga Securites Pvt. Ltd.,Cristal Kanchanjanga Securites Pvt. Ltd.,2026-04-29 11:06:52.795923,National Hydro Power Company Limited
2026042904000205,NHPC,48,50,170,292.0,49640.0,2026-04-29,188425754,152,Trishakti Securities Public Limited,Cristal Kanchanjanga Securites Pvt. Ltd.,2026-04-29 11:06:52.796110,National Hydro Power Company Limited
2026042904000206,NHPC,34,50,10,292.0,2920.0,2026-04-29,188425756,152,Vision Securities Pvt. Ltd,Cristal Kanchanjanga Securites Pvt. Ltd.,2026-04-29 11:06:52.796353,National Hydro Power Company Limited
2026042904000209,NHPC,58,50,250,292.0,73000.0,2026-04-29,188425826,152,Naasa Securities Co. Ltd.,Cristal Kanchanjanga Securites Pvt. Ltd.,2026-04-29 11:06:57.382718,National Hydro Power Company Limited
2026042904000210,NHPC,57,50,200,292.0,58400.0,2026-04-29,188425840,152,Aryatara Investment & Securities,Cristal Kanchanjanga Securites Pvt. Ltd.,2026-04-29 11:06:59.186401,National Hydro Power Company Limited
2026042904000212,NHPC,62,50,1000,292.0,292000.0,2026-04-29,188425948,152,Capital Max Securities Ltd,Cristal Kanchanjanga Securites Pvt. Ltd.,2026-04-29 11:07:05.643233,National Hydro Power Company Limited
2026042904000213,NHPC,91,50,270,292.0,78840.0,2026-04-29,188426001,152,Citizens Share Broker Limited,Cristal Kanchanjanga Securites Pvt. Ltd.,2026-04-29 11:07:06.310064,National Hydro Power Company Limited
2026042904000214,NHPC,91,44,790,292.4,230996.0,2026-04-29,188426003,152,Citizens Share Broker Limited,Dynamic Money Managers Securities Pvt. Ltd.,2026-04-29 11:07:06.310219,National Hydro Power Company Limited
2026042904000215,NHPC,91,75,184,293.0,53912.0,2026-04-29,188426005,152,Citizens Share Broker Limited,N.I.M.B. Stock Markets Limited,2026-04-29 11:07:06.310297,National Hydro Power Company Limited
2026042904000216,NHPC,91,58,200,294.0,58800.0,2026-04-29,188426007,152,Citizens Share Broker Limited,Naasa Securities Co. Ltd.,2026-04-29 11:07:06.310372,National Hydro Power Company Limited
2026042904000217,NHPC,91,42,256,294.0,75264.0,2026-04-29,188426024,152,Citizens Share Broker Limited,Sani Securities Company Ltd.,2026-04-29 11:07:06.953367,National Hydro Power Company Limited
2026042904000218,NHPC,99,42,10,292.0,2920.0,2026-04-29,188426026,152,Prabhu Stock Market Limited,Sani Securities Company Ltd.,2026-04-29 11:07:06.953518,National Hydro Power Company Limited
2026042904000220,NHPC,6,97,1752,291.1,510007.2,2026-04-29,188426043,152,Agrawal Securities (PVT) Ltd.,R.B.B. Securities Company Ltd,2026-04-29 11:07:07.558418,National Hydro Power Company Limited
2026042904000221,NHPC,35,42,100,292.0,29200.0,2026-04-29,188426048,152,Kohinoor Investment & Securities Pvt. Ltd.,Sani Securities Company Ltd.,2026-04-29 11:07:07.665150,National Hydro Power Company Limited
2026042904000226,NHPC,71,42,500,292.0,146000.0,2026-04-29,188426432,152,SHUBHAKAMANA SECURITIES PVT. LTD,Sani Securities Company Ltd.,2026-04-29 11:07:19.180033,National Hydro Power Company Limited
2026042904000228,NHPC,36,42,134,292.0,39128.0,2026-04-29,188426591,152,Secured Securities Ltd.,Sani Securities Company Ltd.,2026-04-29 11:07:29.474627,National Hydro Power Company Limited
2026042904000271,NHPC,58,81,300,293.0,87900.0,2026-04-29,188427736,152,Naasa Securities Co. Ltd.,Aakashbhairab Securities Ltd.,2026-04-29 11:08:37.099616,National Hydro Power Company Limited
2026042904000272,NHPC,58,81,700,292.6,204820.0,2026-04-29,188427737,152,Naasa Securities Co. Ltd.,Aakashbhairab Securities Ltd.,2026-04-29 11:08:37.099664,National Hydro Power Company Limited
2026042904000280,NHPC,58,36,300,292.6,87780.0,2026-04-29,188428131,152,Naasa Securities Co. Ltd.,Secured Securities Ltd.,2026-04-29 11:08:50.843174,National Hydro Power Company Limited
2026042904000286,NHPC,38,16,100,293.0,29300.0,2026-04-29,188428308,152,Dipshikha Dhitopatra Karobar Co. Pvt Ltd.,Primo Securities (PVT) Ltd.,2026-04-29 11:09:00.269767,National Hydro Power Company Limited
2026042904000289,NHPC,6,16,10,293.0,2930.0,2026-04-29,188428398,152,Agrawal Securities (PVT) Ltd.,Primo Securities (PVT) Ltd.,2026-04-29 11:09:03.769904,National Hydro Power Company Limited
2026042904000291,NHPC,22,16,190,293.0,55670.0,2026-04-29,188428473,152,Siprabi Securities Pvt. Ltd.,Primo Securities (PVT) Ltd.,2026-04-29 11:09:06.225886,National Hydro Power Company Limited
2026042904000298,NHPC,58,81,1000,294.0,294000.0,2026-04-29,188428671,152,Naasa Securities Co. Ltd.,Aakashbhairab Securities Ltd.,2026-04-29 11:09:13.890179,National Hydro Power Company Limited
2026042904000325,NHPC,58,58,500,294.0,147000.0,2026-04-29,188429170,152,Naasa Securities Co. Ltd.,Naasa Securities Co. Ltd.,2026-04-29 11:09:35.193981,National Hydro Power Company Limited
2026042904000326,NHPC,22,58,110,293.0,32230.0,2026-04-29,188429172,152,Siprabi Securities Pvt. Ltd.,Naasa Securities Co. Ltd.,2026-04-29 11:09:35.194405,National Hydro Power Company Limited
2026042904000327,NHPC,16,58,1390,293.0,407270.0,2026-04-29,188429173,152,Primo Securities (PVT) Ltd.,Naasa Securities Co. Ltd.,2026-04-29 11:09:35.194670,National Hydro Power Company Limited
2026042904000341,NHPC,57,62,1,290.0,290.0,2026-04-29,188429511,152,Aryatara Investment & Securities,Capital Max Securities Ltd,2026-04-29 11:09:53.724536,National Hydro Power Company Limited
2026042904000342,NHPC,58,42,100,294.8,29480.0,2026-04-29,188429646,152,Naasa Securities Co. Ltd.,Sani Securities Company Ltd.,2026-04-29 11:09:59.263100,National Hydro Power Company Limited
2026042904000370,NHPC,64,62,1000,294.1,294100.0,2026-04-29,188430561,152,SUN SECURITIES PVT LTD,Capital Max Securities Ltd,2026-04-29 11:10:40.152703,National Hydro Power Company Limited
2026042904000390,NHPC,64,22,1000,294.1,294100.0,2026-04-29,188431388,152,SUN SECURITIES PVT LTD,Siprabi Securities Pvt. Ltd.,2026-04-29 11:11:06.332005,National Hydro Power Company Limited
2026042904000391,NHPC,32,22,100,294.0,29400.0,2026-04-29,188431390,152,Premier Securities Company Ltd.,Siprabi Securities Pvt. Ltd.,2026-04-29 11:11:06.332224,National Hydro Power Company Limited
2026042904000392,NHPC,1,22,200,294.0,58800.0,2026-04-29,188431392,152,Kumari Securities Private Limited,Siprabi Securities Pvt. Ltd.,2026-04-29 11:11:06.332338,National Hydro Power Company Limited
2026042904000393,NHPC,40,22,10,294.0,2940.0,2026-04-29,188431394,152,Creative Securities Pvt Ltd,Siprabi Securities Pvt. Ltd.,2026-04-29 11:11:06.332437,National Hydro Power Company Limited
2026042904000402,NHPC,34,22,500,294.0,147000.0,2026-04-29,188431765,152,Vision Securities Pvt. Ltd,Siprabi Securities Pvt. Ltd.,2026-04-29 11:11:22.209459,National Hydro Power Company Limited
2026042904000403,NHPC,11,22,190,294.0,55860.0,2026-04-29,188431835,152,Malla & Malla Stock Broking Company Pvt. Limited,Siprabi Securities Pvt. Ltd.,2026-04-29 11:11:24.667449,National Hydro Power Company Limited
2026042904000409,NHPC,11,21,10,294.0,2940.0,2026-04-29,188431896,152,Malla & Malla Stock Broking Company Pvt. Limited,Midas Stock Broking Company Private Limited,2026-04-29 11:11:26.325533,National Hydro Power Company Limited
2026042904000410,NHPC,94,21,150,294.0,44100.0,2026-04-29,188431962,152,K.B.L. Securities Limited ,Midas Stock Broking Company Private Limited,2026-04-29 11:11:28.732988,National Hydro Power Company Limited
2026042904000411,NHPC,49,21,100,294.0,29400.0,2026-04-29,188432020,152,Online Securities Pvt. Ltd.,Midas Stock Broking Company Private Limited,2026-04-29 11:11:30.991283,National Hydro Power Company Limited
2026042904000429,NHPC,3,21,100,294.0,29400.0,2026-04-29,188432458,152,Arun Securities (PVT) Ltd.,Midas Stock Broking Company Private Limited,2026-04-29 11:11:51.808126,National Hydro Power Company Limited
2026042904000434,NHPC,54,91,100,293.2,29320.0,2026-04-29,188432621,152,Sewa Securities Pvt. Ltd.,Citizens Share Broker Limited,2026-04-29 11:11:57.333686,National Hydro Power Company Limited
2026042904000435,NHPC,58,91,220,293.1,64482.0,2026-04-29,188432622,152,Naasa Securities Co. Ltd.,Citizens Share Broker Limited,2026-04-29 11:11:57.333919,National Hydro Power Company Limited
2026042904000468,NHPC,40,44,450,293.2,131940.0,2026-04-29,188434085,152,Creative Securities Pvt Ltd,Dynamic Money Managers Securities Pvt. Ltd.,2026-04-29 11:12:55.340564,National Hydro Power Company Limited
2026042904000485,NHPC,42,21,40,294.0,11760.0,2026-04-29,188434850,152,Sani Securities Company Ltd.,Midas Stock Broking Company Private Limited,2026-04-29 11:13:29.197848,National Hydro Power Company Limited
2026042904000488,NHPC,88,42,1000,294.8,294800.0,2026-04-29,188435236,152,Blue Chip Securities Ltd,Sani Securities Company Ltd.,2026-04-29 11:13:44.246930,National Hydro Power Company Limited
2026042904000505,NHPC,57,63,30,293.7,8811.0,2026-04-29,188436047,152,Aryatara Investment & Securities,Himalayan Brokerage Company Limited,2026-04-29 11:14:19.660124,National Hydro Power Company Limited
2026042904000541,NHPC,58,33,1000,294.9,294900.0,2026-04-29,188437424,152,Naasa Securities Co. Ltd.,Dakshinkali Investment & Securities Pvt. Ltd.,2026-04-29 11:15:14.495438,National Hydro Power Company Limited
2026042904000550,NHPC,35,45,1000,295.0,295000.0,2026-04-29,188437722,152,Kohinoor Investment & Securities Pvt. Ltd.,Imperial Securities Company Pvt. Ltd.,2026-04-29 11:15:27.620566,National Hydro Power Company Limited
2026042904000551,NHPC,88,45,1000,295.0,295000.0,2026-04-29,188437762,152,Blue Chip Securities Ltd,Imperial Securities Company Pvt. Ltd.,2026-04-29 11:15:30.265525,National Hydro Power Company Limited
2026042904000557,NHPC,28,34,200,294.9,58980.0,2026-04-29,188438026,152,Shree Krishna Securities Ltd.,Vision Securities Pvt. Ltd,2026-04-29 11:15:36.985757,National Hydro Power Company Limited
2026042904000558,NHPC,57,34,81,294.3,23838.3,2026-04-29,188438028,152,Aryatara Investment & Securities,Vision Securities Pvt. Ltd,2026-04-29 11:15:36.986026,National Hydro Power Company Limited
2026042904000559,NHPC,57,34,30,294.2,8826.0,2026-04-29,188438030,152,Aryatara Investment & Securities,Vision Securities Pvt. Ltd,2026-04-29 11:15:36.986158,National Hydro Power Company Limited
2026042904000560,NHPC,1,34,300,294.1,88230.0,2026-04-29,188438032,152,Kumari Securities Private Limited,Vision Securities Pvt. Ltd,2026-04-29 11:15:36.986283,National Hydro Power Company Limited
2026042904000561,NHPC,58,34,100,294.0,29400.0,2026-04-29,188438034,152,Naasa Securities Co. Ltd.,Vision Securities Pvt. Ltd,2026-04-29 11:15:36.986429,National Hydro Power Company Limited
2026042904000562,NHPC,52,34,40,294.0,11760.0,2026-04-29,188438038,152,Sundhara Securities Limited,Vision Securities Pvt. Ltd,2026-04-29 11:15:36.986557,National Hydro Power Company Limited
2026042904000563,NHPC,40,34,1550,294.0,455700.0,2026-04-29,188438040,152,Creative Securities Pvt Ltd,Vision Securities Pvt. Ltd,2026-04-29 11:15:36.986684,National Hydro Power Company Limited
2026042904000590,NHPC,58,34,3879,294.0,1140426.0,2026-04-29,188438819,152,Naasa Securities Co. Ltd.,Vision Securities Pvt. Ltd,2026-04-29 11:16:01.502477,National Hydro Power Company Limited
2026042904000620,NHPC,3,5,80,294.0,23520.0,2026-04-29,188439759,152,Arun Securities (PVT) Ltd.,Market Securities & Exchange (PVT) Ltd.,2026-04-29 11:16:32.483149,National Hydro Power Company Limited
2026042904000632,NHPC,57,42,68,295.0,20060.0,2026-04-29,188440376,152,Aryatara Investment & Securities,Sani Securities Company Ltd.,2026-04-29 11:17:09.730857,National Hydro Power Company Limited
2026042904000633,NHPC,34,42,1000,295.0,295000.0,2026-04-29,188440478,152,Vision Securities Pvt. Ltd,Sani Securities Company Ltd.,2026-04-29 11:17:15.155697,National Hydro Power Company Limited
2026042904000637,NHPC,93,42,100,295.0,29500.0,2026-04-29,188440750,152,Beni Securities Pvt.Ltd.,Sani Securities Company Ltd.,2026-04-29 11:17:27.292951,National Hydro Power Company Limited
2026042904000647,NHPC,11,42,50,295.0,14750.0,2026-04-29,188440870,152,Malla & Malla Stock Broking Company Pvt. Limited,Sani Securities Company Ltd.,2026-04-29 11:17:31.247786,National Hydro Power Company Limited
2026042904000660,NHPC,52,42,1782,295.0,525690.0,2026-04-29,188441117,152,Sundhara Securities Limited,Sani Securities Company Ltd.,2026-04-29 11:17:40.964048,National Hydro Power Company Limited
2026042904000661,NHPC,52,62,175,295.0,51625.0,2026-04-29,188441119,152,Sundhara Securities Limited,Capital Max Securities Ltd,2026-04-29 11:17:40.964330,National Hydro Power Company Limited
2026042904000667,NHPC,19,4,150,296.0,44400.0,2026-04-29,188441626,152,Nepal Investment And Securities Trading Private Limited,Opal Securities Investment (PVT) Ltd.,2026-04-29 11:17:56.378488,National Hydro Power Company Limited
2026042904000703,NHPC,36,34,200,296.5,59300.0,2026-04-29,188442729,152,Secured Securities Ltd.,Vision Securities Pvt. Ltd,2026-04-29 11:18:38.873462,National Hydro Power Company Limited
2026042904000706,NHPC,58,7,11,297.7,3274.7,2026-04-29,188442977,152,Naasa Securities Co. Ltd.,J.F. Securites (PVT) Ltd.,2026-04-29 11:18:46.759638,National Hydro Power Company Limited
2026042904000719,NHPC,48,7,500,297.7,148850.0,2026-04-29,188443428,152,Trishakti Securities Public Limited,J.F. Securites (PVT) Ltd.,2026-04-29 11:19:08.079007,National Hydro Power Company Limited
2026042904000722,NHPC,58,7,280,297.7,83356.0,2026-04-29,188443678,152,Naasa Securities Co. Ltd.,J.F. Securites (PVT) Ltd.,2026-04-29 11:19:21.117888,National Hydro Power Company Limited
2026042904000723,NHPC,46,7,209,297.7,62219.3,2026-04-29,188443739,152,Kalika Securities Pvt. Ltd.,J.F. Securites (PVT) Ltd.,2026-04-29 11:19:25.482358,National Hydro Power Company Limited
2026042904000729,NHPC,46,7,91,297.7,27090.7,2026-04-29,188443934,152,Kalika Securities Pvt. Ltd.,J.F. Securites (PVT) Ltd.,2026-04-29 11:19:32.707118,National Hydro Power Company Limited
2026042904000730,NHPC,35,7,100,297.7,29770.0,2026-04-29,188443936,152,Kohinoor Investment & Securities Pvt. Ltd.,J.F. Securites (PVT) Ltd.,2026-04-29 11:19:32.707432,National Hydro Power Company Limited
2026042904000741,NHPC,36,42,23,297.5,6842.5,2026-04-29,188444264,152,Secured Securities Ltd.,Sani Securities Company Ltd.,2026-04-29 11:19:50.426651,National Hydro Power Company Limited
2026042904000742,NHPC,35,42,30,297.0,8910.0,2026-04-29,188444266,152,Kohinoor Investment & Securities Pvt. Ltd.,Sani Securities Company Ltd.,2026-04-29 11:19:50.426992,National Hydro Power Company Limited
2026042904000743,NHPC,58,42,47,297.0,13959.0,2026-04-29,188444267,152,Naasa Securities Co. Ltd.,Sani Securities Company Ltd.,2026-04-29 11:19:50.427156,National Hydro Power Company Limited
2026042904000749,NHPC,58,1,100,297.0,29700.0,2026-04-29,188444437,152,Naasa Securities Co. Ltd.,Kumari Securities Private Limited,2026-04-29 11:20:01.152570,National Hydro Power Company Limited
2026042904000751,NHPC,58,58,253,297.0,75141.0,2026-04-29,188444478,152,Naasa Securities Co. Ltd.,Naasa Securities Co. Ltd.,2026-04-29 11:20:03.823818,National Hydro Power Company Limited
2026042904000752,NHPC,58,58,500,297.0,148500.0,2026-04-29,188444480,152,Naasa Securities Co. Ltd.,Naasa Securities Co. Ltd.,2026-04-29 11:20:03.824402,National Hydro Power Company Limited
2026042904000753,NHPC,34,58,20,297.0,5940.0,2026-04-29,188444482,152,Vision Securities Pvt. Ltd,Naasa Securities Co. Ltd.,2026-04-29 11:20:03.824823,National Hydro Power Company Limited
2026042904000754,NHPC,21,58,590,297.0,175230.0,2026-04-29,188444484,152,Midas Stock Broking Company Private Limited,Naasa Securities Co. Ltd.,2026-04-29 11:20:03.825221,National Hydro Power Company Limited
2026042904000755,NHPC,58,58,40,297.0,11880.0,2026-04-29,188444486,152,Naasa Securities Co. Ltd.,Naasa Securities Co. Ltd.,2026-04-29 11:20:03.825647,National Hydro Power Company Limited
2026042904000759,NHPC,25,58,97,297.0,28809.0,2026-04-29,188444706,152,Sweta Securities Private Limited,Naasa Securities Co. Ltd.,2026-04-29 11:20:09.981704,National Hydro Power Company Limited
2026042904000770,NHPC,21,56,300,296.7,89010.0,2026-04-29,188445623,152,Midas Stock Broking Company Private Limited,Sri Hari Securities Pvt. Ltd.,2026-04-29 11:20:51.520235,National Hydro Power Company Limited
2026042904000773,NHPC,21,35,50,296.7,14835.0,2026-04-29,188445699,152,Midas Stock Broking Company Private Limited,Kohinoor Investment & Securities Pvt. Ltd.,2026-04-29 11:20:58.083352,National Hydro Power Company Limited
2026042904000774,NHPC,21,1,240,296.7,71208.0,2026-04-29,188445728,152,Midas Stock Broking Company Private Limited,Kumari Securities Private Limited,2026-04-29 11:20:59.954166,National Hydro Power Company Limited
2026042904000788,NHPC,58,1,80,296.7,23736.0,2026-04-29,188446145,152,Naasa Securities Co. Ltd.,Kumari Securities Private Limited,2026-04-29 11:21:17.871701,National Hydro Power Company Limited
2026042904000789,NHPC,58,42,920,296.7,272964.0,2026-04-29,188446164,152,Naasa Securities Co. Ltd.,Sani Securities Company Ltd.,2026-04-29 11:21:20.516780,National Hydro Power Company Limited
2026042904000790,NHPC,36,42,80,296.5,23720.0,2026-04-29,188446165,152,Secured Securities Ltd.,Sani Securities Company Ltd.,2026-04-29 11:21:20.517441,National Hydro Power Company Limited
2026042904000806,NHPC,46,42,40,296.7,11868.0,2026-04-29,188446524,152,Kalika Securities Pvt. Ltd.,Sani Securities Company Ltd.,2026-04-29 11:21:39.005978,National Hydro Power Company Limited
2026042904000807,NHPC,36,42,220,296.5,65230.0,2026-04-29,188446526,152,Secured Securities Ltd.,Sani Securities Company Ltd.,2026-04-29 11:21:39.006640,National Hydro Power Company Limited
2026042904000808,NHPC,34,42,20,296.5,5930.0,2026-04-29,188446528,152,Vision Securities Pvt. Ltd,Sani Securities Company Ltd.,2026-04-29 11:21:39.007124,National Hydro Power Company Limited
2026042904000809,NHPC,32,42,100,296.5,29650.0,2026-04-29,188446530,152,Premier Securities Company Ltd.,Sani Securities Company Ltd.,2026-04-29 11:21:39.007601,National Hydro Power Company Limited
2026042904000810,NHPC,50,42,120,296.5,35580.0,2026-04-29,188446629,152,Cristal Kanchanjanga Securites Pvt. Ltd.,Sani Securities Company Ltd.,2026-04-29 11:21:45.007541,National Hydro Power Company Limited
2026042904000811,NHPC,50,42,1880,297.0,558360.0,2026-04-29,188446632,152,Cristal Kanchanjanga Securites Pvt. Ltd.,Sani Securities Company Ltd.,2026-04-29 11:21:45.007870,National Hydro Power Company Limited
2026042904000821,NHPC,91,7,809,296.9,240192.1,2026-04-29,188447397,152,Citizens Share Broker Limited,J.F. Securites (PVT) Ltd.,2026-04-29 11:22:14.803478,National Hydro Power Company Limited
2026042904000825,NHPC,48,42,500,297.0,148500.0,2026-04-29,188447626,152,Trishakti Securities Public Limited,Sani Securities Company Ltd.,2026-04-29 11:22:25.730730,National Hydro Power Company Limited
2026042904000828,NHPC,91,42,191,297.0,56727.0,2026-04-29,188447828,152,Citizens Share Broker Limited,Sani Securities Company Ltd.,2026-04-29 11:22:32.296376,National Hydro Power Company Limited
2026042904000840,NHPC,91,42,429,297.0,127413.0,2026-04-29,188448039,152,Citizens Share Broker Limited,Sani Securities Company Ltd.,2026-04-29 11:22:42.469952,National Hydro Power Company Limited
2026042904000841,NHPC,91,17,384,297.0,114048.0,2026-04-29,188448041,152,Citizens Share Broker Limited,ABC Securities Private Limited,2026-04-29 11:22:42.470263,National Hydro Power Company Limited
2026042904000842,NHPC,91,48,187,297.0,55539.0,2026-04-29,188448044,152,Citizens Share Broker Limited,Trishakti Securities Public Limited,2026-04-29 11:22:42.470471,National Hydro Power Company Limited
2026042904000852,NHPC,35,48,500,297.0,148500.0,2026-04-29,188448152,152,Kohinoor Investment & Securities Pvt. Ltd.,Trishakti Securities Public Limited,2026-04-29 11:22:49.494381,National Hydro Power Company Limited
2026042904000860,NHPC,21,48,313,297.0,92961.0,2026-04-29,188448195,152,Midas Stock Broking Company Private Limited,Trishakti Securities Public Limited,2026-04-29 11:22:51.315691,National Hydro Power Company Limited
2026042904000863,NHPC,21,1,100,297.0,29700.0,2026-04-29,188448417,152,Midas Stock Broking Company Private Limited,Kumari Securities Private Limited,2026-04-29 11:22:59.483158,National Hydro Power Company Limited
2026042904000875,NHPC,21,1,72,297.0,21384.0,2026-04-29,188448825,152,Midas Stock Broking Company Private Limited,Kumari Securities Private Limited,2026-04-29 11:23:14.094771,National Hydro Power Company Limited
2026042904000904,NHPC,71,45,500,297.0,148500.0,2026-04-29,188449204,152,SHUBHAKAMANA SECURITIES PVT. LTD,Imperial Securities Company Pvt. Ltd.,2026-04-29 11:23:32.863938,National Hydro Power Company Limited
2026042904000905,NHPC,42,45,80,297.0,23760.0,2026-04-29,188449342,152,Sani Securities Company Ltd.,Imperial Securities Company Pvt. Ltd.,2026-04-29 11:23:40.898731,National Hydro Power Company Limited
2026042904000906,NHPC,35,45,100,297.0,29700.0,2026-04-29,188449346,152,Kohinoor Investment & Securities Pvt. Ltd.,Imperial Securities Company Pvt. Ltd.,2026-04-29 11:23:40.956647,National Hydro Power Company Limited
2026042904000908,NHPC,74,1,500,296.9,148450.0,2026-04-29,188449371,152,KALASH STOCK MARKET PVT. LTD.,Kumari Securities Private Limited,2026-04-29 11:23:42.803805,National Hydro Power Company Limited
2026042904000913,NHPC,50,45,940,297.0,279180.0,2026-04-29,188449431,152,Cristal Kanchanjanga Securites Pvt. Ltd.,Imperial Securities Company Pvt. Ltd.,2026-04-29 11:23:46.696581,National Hydro Power Company Limited
2026042904000914,NHPC,50,81,200,297.0,59400.0,2026-04-29,188449433,152,Cristal Kanchanjanga Securites Pvt. Ltd.,Aakashbhairab Securities Ltd.,2026-04-29 11:23:46.696957,National Hydro Power Company Limited
2026042904000926,NHPC,50,74,860,297.0,255420.0,2026-04-29,188449782,152,Cristal Kanchanjanga Securites Pvt. Ltd.,KALASH STOCK MARKET PVT. LTD.,2026-04-29 11:23:56.810001,National Hydro Power Company Limited
2026042904000927,NHPC,74,74,500,297.0,148500.0,2026-04-29,188449784,152,KALASH STOCK MARKET PVT. LTD.,KALASH STOCK MARKET PVT. LTD.,2026-04-29 11:23:56.810328,National Hydro Power Company Limited
2026042904000928,NHPC,7,74,15,297.0,4455.0,2026-04-29,188449786,152,J.F. Securites (PVT) Ltd.,KALASH STOCK MARKET PVT. LTD.,2026-04-29 11:23:56.810502,National Hydro Power Company Limited
2026042904000930,NHPC,58,74,920,297.0,273240.0,2026-04-29,188449858,152,Naasa Securities Co. Ltd.,KALASH STOCK MARKET PVT. LTD.,2026-04-29 11:24:01.107293,National Hydro Power Company Limited
2026042904000932,NHPC,42,74,100,297.0,29700.0,2026-04-29,188449970,152,Sani Securities Company Ltd.,KALASH STOCK MARKET PVT. LTD.,2026-04-29 11:24:07.123818,National Hydro Power Company Limited
2026042904000935,NHPC,74,74,45,296.9,13360.5,2026-04-29,188449979,152,KALASH STOCK MARKET PVT. LTD.,KALASH STOCK MARKET PVT. LTD.,2026-04-29 11:24:07.741569,National Hydro Power Company Limited
2026042904000936,NHPC,74,1,100,296.9,29690.0,2026-04-29,188450001,152,KALASH STOCK MARKET PVT. LTD.,Kumari Securities Private Limited,2026-04-29 11:24:09.581594,National Hydro Power Company Limited
2026042904000961,NHPC,74,59,55,296.9,16329.5,2026-04-29,188450998,152,KALASH STOCK MARKET PVT. LTD.,Deevyaa Securities & Stock House Pvt. Ltd,2026-04-29 11:24:47.468063,National Hydro Power Company Limited
2026042904000962,NHPC,41,59,945,296.8,280476.0,2026-04-29,188450999,152,Linch Stock Market Ltd.,Deevyaa Securities & Stock House Pvt. Ltd,2026-04-29 11:24:47.468176,National Hydro Power Company Limited
2026042904000964,NHPC,28,74,850,297.0,252450.0,2026-04-29,188451015,152,Shree Krishna Securities Ltd.,KALASH STOCK MARKET PVT. LTD.,2026-04-29 11:24:48.050626,National Hydro Power Company Limited
2026042904000965,NHPC,28,42,150,297.0,44550.0,2026-04-29,188451018,152,Shree Krishna Securities Ltd.,Sani Securities Company Ltd.,2026-04-29 11:24:48.051438,National Hydro Power Company Limited
2026042904000968,NHPC,6,42,10,297.0,2970.0,2026-04-29,188451122,152,Agrawal Securities (PVT) Ltd.,Sani Securities Company Ltd.,2026-04-29 11:24:55.217617,National Hydro Power Company Limited
2026042904000981,NHPC,41,7,55,296.8,16324.0,2026-04-29,188451214,152,Linch Stock Market Ltd.,J.F. Securites (PVT) Ltd.,2026-04-29 11:24:59.043325,National Hydro Power Company Limited
2026042904001000,NHPC,36,58,50,296.5,14825.0,2026-04-29,188451312,152,Secured Securities Ltd.,Naasa Securities Co. Ltd.,2026-04-29 11:25:05.232123,National Hydro Power Company Limited
2026042904001001,NHPC,18,58,400,296.2,118480.0,2026-04-29,188451313,152,Sagarmatha Securities Private Limited,Naasa Securities Co. Ltd.,2026-04-29 11:25:05.232451,National Hydro Power Company Limited
2026042904001014,NHPC,62,7,945,296.8,280476.0,2026-04-29,188451493,152,Capital Max Securities Ltd,J.F. Securites (PVT) Ltd.,2026-04-29 11:25:14.125492,National Hydro Power Company Limited
2026042904001015,NHPC,62,42,340,297.0,100980.0,2026-04-29,188451495,152,Capital Max Securities Ltd,Sani Securities Company Ltd.,2026-04-29 11:25:14.125880,National Hydro Power Company Limited
2026042904001019,NHPC,62,62,65,297.0,19305.0,2026-04-29,188451608,152,Capital Max Securities Ltd,Capital Max Securities Ltd,2026-04-29 11:25:20.025629,National Hydro Power Company Limited
2026042904001020,NHPC,14,62,60,297.0,17820.0,2026-04-29,188451610,152,Nepal Stock House (PVT) Ltd.,Capital Max Securities Ltd,2026-04-29 11:25:20.025720,National Hydro Power Company Limited
2026042904001021,NHPC,18,62,600,296.2,177720.0,2026-04-29,188451612,152,Sagarmatha Securities Private Limited,Capital Max Securities Ltd,2026-04-29 11:25:20.025743,National Hydro Power Company Limited
2026042904001022,NHPC,32,62,30,296.0,8880.0,2026-04-29,188451614,152,Premier Securities Company Ltd.,Capital Max Securities Ltd,2026-04-29 11:25:20.025767,National Hydro Power Company Limited
2026042904001023,NHPC,5,62,200,296.0,59200.0,2026-04-29,188451616,152,Market Securities & Exchange (PVT) Ltd.,Capital Max Securities Ltd,2026-04-29 11:25:20.025789,National Hydro Power Company Limited
2026042904001024,NHPC,42,62,45,296.0,13320.0,2026-04-29,188451617,152,Sani Securities Company Ltd.,Capital Max Securities Ltd,2026-04-29 11:25:20.025822,National Hydro Power Company Limited
2026042904001054,NHPC,42,41,40,296.0,11840.0,2026-04-29,188452631,152,Sani Securities Company Ltd.,Linch Stock Market Ltd.,2026-04-29 11:26:13.381437,National Hydro Power Company Limited
2026042904001061,NHPC,25,7,100,296.9,29690.0,2026-04-29,188452774,152,Sweta Securities Private Limited,J.F. Securites (PVT) Ltd.,2026-04-29 11:26:24.894281,National Hydro Power Company Limited
2026042904001080,NHPC,42,63,10,296.1,2961.0,2026-04-29,188453466,152,Sani Securities Company Ltd.,Himalayan Brokerage Company Limited,2026-04-29 11:26:58.721916,National Hydro Power Company Limited
2026042904001081,NHPC,3,63,20,296.1,5922.0,2026-04-29,188453468,152,Arun Securities (PVT) Ltd.,Himalayan Brokerage Company Limited,2026-04-29 11:26:58.722253,National Hydro Power Company Limited
2026042904001082,NHPC,42,63,15,296.0,4440.0,2026-04-29,188453470,152,Sani Securities Company Ltd.,Himalayan Brokerage Company Limited,2026-04-29 11:26:58.722436,National Hydro Power Company Limited
2026042904001083,NHPC,62,63,500,296.0,148000.0,2026-04-29,188453472,152,Capital Max Securities Ltd,Himalayan Brokerage Company Limited,2026-04-29 11:26:58.722612,National Hydro Power Company Limited
2026042904001084,NHPC,1,63,500,296.0,148000.0,2026-04-29,188453474,152,Kumari Securities Private Limited,Himalayan Brokerage Company Limited,2026-04-29 11:26:58.722784,National Hydro Power Company Limited
2026042904001085,NHPC,34,63,505,296.0,149480.0,2026-04-29,188453475,152,Vision Securities Pvt. Ltd,Himalayan Brokerage Company Limited,2026-04-29 11:26:58.722955,National Hydro Power Company Limited
2026042904001100,NHPC,26,85,1000,296.1,296100.0,2026-04-29,188454166,152,Asian Securities Private Ltd.,Capital Hub P. Ltd,2026-04-29 11:27:40.326419,National Hydro Power Company Limited
2026042904001101,NHPC,45,85,200,296.1,59220.0,2026-04-29,188454172,152,Imperial Securities Company Pvt. Ltd.,Capital Hub P. Ltd,2026-04-29 11:27:40.517660,National Hydro Power Company Limited
2026042904001113,NHPC,60,85,800,296.1,236880.0,2026-04-29,188454629,152,Nagarik Stock Dealer ,Capital Hub P. Ltd,2026-04-29 11:28:07.176590,National Hydro Power Company Limited
2026042904001135,NHPC,60,74,200,296.1,59220.0,2026-04-29,188455098,152,Nagarik Stock Dealer ,KALASH STOCK MARKET PVT. LTD.,2026-04-29 11:28:39.594898,National Hydro Power Company Limited
2026042904001136,NHPC,11,74,30,296.1,8883.0,2026-04-29,188455100,152,Malla & Malla Stock Broking Company Pvt. Limited,KALASH STOCK MARKET PVT. LTD.,2026-04-29 11:28:39.595728,National Hydro Power Company Limited
2026042904001137,NHPC,74,74,23,296.1,6810.3,2026-04-29,188455101,152,KALASH STOCK MARKET PVT. LTD.,KALASH STOCK MARKET PVT. LTD.,2026-04-29 11:28:39.596417,National Hydro Power Company Limited
2026042904001149,NHPC,14,7,500,296.9,148450.0,2026-04-29,188455856,152,Nepal Stock House (PVT) Ltd.,J.F. Securites (PVT) Ltd.,2026-04-29 11:29:20.201369,National Hydro Power Company Limited
2026042904001150,NHPC,58,7,20,296.9,5938.0,2026-04-29,188455900,152,Naasa Securities Co. Ltd.,J.F. Securites (PVT) Ltd.,2026-04-29 11:29:22.154686,National Hydro Power Company Limited
2026042904001157,NHPC,58,7,100,296.9,29690.0,2026-04-29,188456136,152,Naasa Securities Co. Ltd.,J.F. Securites (PVT) Ltd.,2026-04-29 11:29:35.817233,National Hydro Power Company Limited
2026042904001177,NHPC,74,33,127,296.1,37604.7,2026-04-29,188457070,152,KALASH STOCK MARKET PVT. LTD.,Dakshinkali Investment & Securities Pvt. Ltd.,2026-04-29 11:30:26.310969,National Hydro Power Company Limited
2026042904001178,NHPC,42,33,300,296.1,88830.0,2026-04-29,188457072,152,Sani Securities Company Ltd.,Dakshinkali Investment & Securities Pvt. Ltd.,2026-04-29 11:30:26.311733,National Hydro Power Company Limited
2026042904001179,NHPC,34,33,73,296.0,21608.0,2026-04-29,188457073,152,Vision Securities Pvt. Ltd,Dakshinkali Investment & Securities Pvt. Ltd.,2026-04-29 11:30:26.312255,National Hydro Power Company Limited
2026042904001234,NHPC,34,1,122,296.0,36112.0,2026-04-29,188458292,152,Vision Securities Pvt. Ltd,Kumari Securities Private Limited,2026-04-29 11:31:44.064658,National Hydro Power Company Limited
2026042904001235,NHPC,58,1,30,296.0,8880.0,2026-04-29,188458294,152,Naasa Securities Co. Ltd.,Kumari Securities Private Limited,2026-04-29 11:31:44.065407,National Hydro Power Company Limited
2026042904001236,NHPC,57,1,500,296.0,148000.0,2026-04-29,188458296,152,Aryatara Investment & Securities,Kumari Securities Private Limited,2026-04-29 11:31:44.065927,National Hydro Power Company Limited
2026042904001237,NHPC,58,1,6,296.0,1776.0,2026-04-29,188458297,152,Naasa Securities Co. Ltd.,Kumari Securities Private Limited,2026-04-29 11:31:44.066486,National Hydro Power Company Limited
2026042904001244,NHPC,51,14,250,296.0,74000.0,2026-04-29,188458460,152,Oxford Securities Pvt. Ltd.,Nepal Stock House (PVT) Ltd.,2026-04-29 11:31:54.841792,National Hydro Power Company Limited
2026042904001245,NHPC,22,14,750,295.5,221625.0,2026-04-29,188458461,152,Siprabi Securities Pvt. Ltd.,Nepal Stock House (PVT) Ltd.,2026-04-29 11:31:54.842574,National Hydro Power Company Limited
2026042904001280,NHPC,22,32,50,295.5,14775.0,2026-04-29,188459603,152,Siprabi Securities Pvt. Ltd.,Premier Securities Company Ltd.,2026-04-29 11:33:01.390939,National Hydro Power Company Limited
2026042904001289,NHPC,22,7,100,295.5,29550.0,2026-04-29,188459893,152,Siprabi Securities Pvt. Ltd.,J.F. Securites (PVT) Ltd.,2026-04-29 11:33:13.625132,National Hydro Power Company Limited
2026042904001315,NHPC,40,34,1000,296.0,296000.0,2026-04-29,188460970,152,Creative Securities Pvt Ltd,Vision Securities Pvt. Ltd,2026-04-29 11:34:06.349673,National Hydro Power Company Limited
2026042904001338,NHPC,42,34,679,296.0,200984.0,2026-04-29,188462094,152,Sani Securities Company Ltd.,Vision Securities Pvt. Ltd,2026-04-29 11:34:50.750745,National Hydro Power Company Limited
2026042904001339,NHPC,48,34,1000,295.8,295800.0,2026-04-29,188462096,152,Trishakti Securities Public Limited,Vision Securities Pvt. Ltd,2026-04-29 11:34:50.751191,National Hydro Power Company Limited
2026042904001340,NHPC,70,34,1321,295.6,390487.6,2026-04-29,188462097,152,Infinity Securities Limited,Vision Securities Pvt. Ltd,2026-04-29 11:34:50.751413,National Hydro Power Company Limited
2026042904001344,NHPC,6,7,100,296.9,29690.0,2026-04-29,188462248,152,Agrawal Securities (PVT) Ltd.,J.F. Securites (PVT) Ltd.,2026-04-29 11:35:07.899405,National Hydro Power Company Limited
2026042904001383,NHPC,70,71,1679,295.6,496312.4,2026-04-29,188463104,152,Infinity Securities Limited,SHUBHAKAMANA SECURITIES PVT. LTD,2026-04-29 11:35:59.527652,National Hydro Power Company Limited
2026042904001384,NHPC,22,71,100,295.5,29550.0,2026-04-29,188463106,152,Siprabi Securities Pvt. Ltd.,SHUBHAKAMANA SECURITIES PVT. LTD,2026-04-29 11:35:59.528072,National Hydro Power Company Limited
2026042904001385,NHPC,40,71,100,295.4,29540.0,2026-04-29,188463108,152,Creative Securities Pvt Ltd,SHUBHAKAMANA SECURITIES PVT. LTD,2026-04-29 11:35:59.528276,National Hydro Power Company Limited
2026042904001386,NHPC,10,71,500,295.3,147650.0,2026-04-29,188463110,152,Pragyan Securities (PVT) Ltd.,SHUBHAKAMANA SECURITIES PVT. LTD,2026-04-29 11:35:59.528481,National Hydro Power Company Limited
2026042904001387,NHPC,32,71,50,295.1,14755.0,2026-04-29,188463112,152,Premier Securities Company Ltd.,SHUBHAKAMANA SECURITIES PVT. LTD,2026-04-29 11:35:59.528678,National Hydro Power Company Limited
2026042904001388,NHPC,74,71,38,295.1,11213.8,2026-04-29,188463114,152,KALASH STOCK MARKET PVT. LTD.,SHUBHAKAMANA SECURITIES PVT. LTD,2026-04-29 11:35:59.528871,National Hydro Power Company Limited
2026042904001389,NHPC,52,71,43,295.0,12685.0,2026-04-29,188463116,152,Sundhara Securities Limited,SHUBHAKAMANA SECURITIES PVT. LTD,2026-04-29 11:35:59.529069,National Hydro Power Company Limited
2026042904001390,NHPC,41,71,150,295.0,44250.0,2026-04-29,188463118,152,Linch Stock Market Ltd.,SHUBHAKAMANA SECURITIES PVT. LTD,2026-04-29 11:35:59.529266,National Hydro Power Company Limited
2026042904001391,NHPC,34,71,20,295.0,5900.0,2026-04-29,188463120,152,Vision Securities Pvt. Ltd,SHUBHAKAMANA SECURITIES PVT. LTD,2026-04-29 11:35:59.529467,National Hydro Power Company Limited
2026042904001392,NHPC,58,71,150,295.0,44250.0,2026-04-29,188463122,152,Naasa Securities Co. Ltd.,SHUBHAKAMANA SECURITIES PVT. LTD,2026-04-29 11:35:59.529664,National Hydro Power Company Limited
2026042904001393,NHPC,38,71,500,295.0,147500.0,2026-04-29,188463124,152,Dipshikha Dhitopatra Karobar Co. Pvt Ltd.,SHUBHAKAMANA SECURITIES PVT. LTD,2026-04-29 11:35:59.529859,National Hydro Power Company Limited
2026042904001394,NHPC,74,71,100,295.0,29500.0,2026-04-29,188463126,152,KALASH STOCK MARKET PVT. LTD.,SHUBHAKAMANA SECURITIES PVT. LTD,2026-04-29 11:35:59.530056,National Hydro Power Company Limited
2026042904001395,NHPC,56,71,50,295.0,14750.0,2026-04-29,188463128,152,Sri Hari Securities Pvt. Ltd.,SHUBHAKAMANA SECURITIES PVT. LTD,2026-04-29 11:35:59.530249,National Hydro Power Company Limited
2026042904001396,NHPC,38,71,40,295.0,11800.0,2026-04-29,188463130,152,Dipshikha Dhitopatra Karobar Co. Pvt Ltd.,SHUBHAKAMANA SECURITIES PVT. LTD,2026-04-29 11:35:59.530449,National Hydro Power Company Limited
2026042904001397,NHPC,84,71,550,295.0,162250.0,2026-04-29,188463132,152,MILKY WAY SHARE BROKER COMPANY LTD ,SHUBHAKAMANA SECURITIES PVT. LTD,2026-04-29 11:35:59.530643,National Hydro Power Company Limited
2026042904001398,NHPC,49,71,100,295.0,29500.0,2026-04-29,188463134,152,Online Securities Pvt. Ltd.,SHUBHAKAMANA SECURITIES PVT. LTD,2026-04-29 11:35:59.530833,National Hydro Power Company Limited
2026042904001399,NHPC,52,71,50,295.0,14750.0,2026-04-29,188463136,152,Sundhara Securities Limited,SHUBHAKAMANA SECURITIES PVT. LTD,2026-04-29 11:35:59.531026,National Hydro Power Company Limited
2026042904001400,NHPC,1,71,10,295.0,2950.0,2026-04-29,188463138,152,Kumari Securities Private Limited,SHUBHAKAMANA SECURITIES PVT. LTD,2026-04-29 11:35:59.531219,National Hydro Power Company Limited
2026042904001401,NHPC,14,71,100,295.0,29500.0,2026-04-29,188463140,152,Nepal Stock House (PVT) Ltd.,SHUBHAKAMANA SECURITIES PVT. LTD,2026-04-29 11:35:59.531418,National Hydro Power Company Limited
2026042904001402,NHPC,35,71,100,295.0,29500.0,2026-04-29,188463142,152,Kohinoor Investment & Securities Pvt. Ltd.,SHUBHAKAMANA SECURITIES PVT. LTD,2026-04-29 11:35:59.531610,National Hydro Power Company Limited
2026042904001403,NHPC,58,71,10,295.0,2950.0,2026-04-29,188463144,152,Naasa Securities Co. Ltd.,SHUBHAKAMANA SECURITIES PVT. LTD,2026-04-29 11:35:59.531805,National Hydro Power Company Limited
2026042904001443,NHPC,39,71,560,295.0,165200.0,2026-04-29,188463980,152,Sumeru Securities Pvt. Ltd.,SHUBHAKAMANA SECURITIES PVT. LTD,2026-04-29 11:36:59.019724,National Hydro Power Company Limited
2026042904001467,NHPC,33,52,100,295.1,29510.0,2026-04-29,188464370,152,Dakshinkali Investment & Securities Pvt. Ltd.,Sundhara Securities Limited,2026-04-29 11:37:26.595784,National Hydro Power Company Limited
2026042904001468,NHPC,45,52,200,295.0,59000.0,2026-04-29,188464372,152,Imperial Securities Company Pvt. Ltd.,Sundhara Securities Limited,2026-04-29 11:37:26.596168,National Hydro Power Company Limited
2026042904001469,NHPC,26,52,200,294.6,58920.0,2026-04-29,188464373,152,Asian Securities Private Ltd.,Sundhara Securities Limited,2026-04-29 11:37:26.596383,National Hydro Power Company Limited
2026042904001508,NHPC,17,34,20,296.0,5920.0,2026-04-29,188464969,152,ABC Securities Private Limited,Vision Securities Pvt. Ltd,2026-04-29 11:38:03.674977,National Hydro Power Company Limited
2026042904001509,NHPC,17,34,980,296.0,290080.0,2026-04-29,188464972,152,ABC Securities Private Limited,Vision Securities Pvt. Ltd,2026-04-29 11:38:03.675440,National Hydro Power Company Limited
2026042904001511,NHPC,39,58,30,295.0,8850.0,2026-04-29,188465223,152,Sumeru Securities Pvt. Ltd.,Naasa Securities Co. Ltd.,2026-04-29 11:38:19.934272,National Hydro Power Company Limited
2026042904001530,NHPC,70,34,20,296.0,5920.0,2026-04-29,188465352,152,Infinity Securities Limited,Vision Securities Pvt. Ltd,2026-04-29 11:38:28.328842,National Hydro Power Company Limited
2026042904001534,NHPC,39,17,970,295.0,286150.0,2026-04-29,188465760,152,Sumeru Securities Pvt. Ltd.,ABC Securities Private Limited,2026-04-29 11:38:52.210429,National Hydro Power Company Limited
2026042904001535,NHPC,34,17,450,295.0,132750.0,2026-04-29,188465762,152,Vision Securities Pvt. Ltd,ABC Securities Private Limited,2026-04-29 11:38:52.210488,National Hydro Power Company Limited
2026042904001536,NHPC,49,17,10,295.0,2950.0,2026-04-29,188465764,152,Online Securities Pvt. Ltd.,ABC Securities Private Limited,2026-04-29 11:38:52.210519,National Hydro Power Company Limited
2026042904001537,NHPC,26,17,300,294.6,88380.0,2026-04-29,188465766,152,Asian Securities Private Ltd.,ABC Securities Private Limited,2026-04-29 11:38:52.210542,National Hydro Power Company Limited
2026042904001538,NHPC,58,17,1000,294.6,294600.0,2026-04-29,188465768,152,Naasa Securities Co. Ltd.,ABC Securities Private Limited,2026-04-29 11:38:52.210565,National Hydro Power Company Limited
2026042904001539,NHPC,32,17,1000,294.5,294500.0,2026-04-29,188465770,152,Premier Securities Company Ltd.,ABC Securities Private Limited,2026-04-29 11:38:52.210585,National Hydro Power Company Limited
2026042904001540,NHPC,6,17,1000,294.4,294400.0,2026-04-29,188465772,152,Agrawal Securities (PVT) Ltd.,ABC Securities Private Limited,2026-04-29 11:38:52.210607,National Hydro Power Company Limited
2026042904001541,NHPC,32,17,270,294.3,79461.0,2026-04-29,188465773,152,Premier Securities Company Ltd.,ABC Securities Private Limited,2026-04-29 11:38:52.210629,National Hydro Power Company Limited
2026042904001587,NHPC,70,7,10,296.9,2969.0,2026-04-29,188466600,152,Infinity Securities Limited,J.F. Securites (PVT) Ltd.,2026-04-29 11:39:41.295199,National Hydro Power Company Limited
2026042904001596,NHPC,51,7,100,296.9,29690.0,2026-04-29,188466832,152,Oxford Securities Pvt. Ltd.,J.F. Securites (PVT) Ltd.,2026-04-29 11:39:55.789342,National Hydro Power Company Limited
2026042904001610,NHPC,51,7,70,296.9,20783.0,2026-04-29,188467183,152,Oxford Securities Pvt. Ltd.,J.F. Securites (PVT) Ltd.,2026-04-29 11:40:17.817960,National Hydro Power Company Limited
2026042904001611,NHPC,51,34,430,296.9,127667.0,2026-04-29,188467186,152,Oxford Securities Pvt. Ltd.,Vision Securities Pvt. Ltd,2026-04-29 11:40:17.818044,National Hydro Power Company Limited
2026042904001619,NHPC,51,34,200,296.9,59380.0,2026-04-29,188467430,152,Oxford Securities Pvt. Ltd.,Vision Securities Pvt. Ltd,2026-04-29 11:40:32.482499,National Hydro Power Company Limited
2026042904001627,NHPC,51,34,300,296.9,89070.0,2026-04-29,188467662,152,Oxford Securities Pvt. Ltd.,Vision Securities Pvt. Ltd,2026-04-29 11:40:52.674287,National Hydro Power Company Limited
2026042904001656,NHPC,70,33,100,296.5,29650.0,2026-04-29,188468056,152,Infinity Securities Limited,Dakshinkali Investment & Securities Pvt. Ltd.,2026-04-29 11:41:16.566414,National Hydro Power Company Limited
2026042904001657,NHPC,58,33,200,295.5,59100.0,2026-04-29,188468058,152,Naasa Securities Co. Ltd.,Dakshinkali Investment & Securities Pvt. Ltd.,2026-04-29 11:41:16.566892,National Hydro Power Company Limited
2026042904001658,NHPC,58,33,700,295.0,206500.0,2026-04-29,188468059,152,Naasa Securities Co. Ltd.,Dakshinkali Investment & Securities Pvt. Ltd.,2026-04-29 11:41:16.567137,National Hydro Power Company Limited
2026042904001659,NHPC,57,34,70,296.9,20783.0,2026-04-29,188468069,152,Aryatara Investment & Securities,Vision Securities Pvt. Ltd,2026-04-29 11:41:16.931086,National Hydro Power Company Limited
2026042904001663,NHPC,57,21,400,296.9,118760.0,2026-04-29,188468281,152,Aryatara Investment & Securities,Midas Stock Broking Company Private Limited,2026-04-29 11:41:27.623687,National Hydro Power Company Limited
2026042904001675,NHPC,70,74,10,297.0,2970.0,2026-04-29,188468674,152,Infinity Securities Limited,KALASH STOCK MARKET PVT. LTD.,2026-04-29 11:41:54.438056,National Hydro Power Company Limited
2026042904001722,NHPC,57,6,530,296.9,157357.0,2026-04-29,188469206,152,Aryatara Investment & Securities,Agrawal Securities (PVT) Ltd.,2026-04-29 11:42:27.628338,National Hydro Power Company Limited
2026042904001723,NHPC,29,6,250,296.9,74225.0,2026-04-29,188469208,152,Trisul Securities & Invt. Ltd.,Agrawal Securities (PVT) Ltd.,2026-04-29 11:42:27.628776,National Hydro Power Company Limited
2026042904001738,NHPC,62,6,100,296.9,29690.0,2026-04-29,188469408,152,Capital Max Securities Ltd,Agrawal Securities (PVT) Ltd.,2026-04-29 11:42:45.688926,National Hydro Power Company Limited
2026042904001739,NHPC,70,6,500,296.9,148450.0,2026-04-29,188469514,152,Infinity Securities Limited,Agrawal Securities (PVT) Ltd.,2026-04-29 11:42:56.121837,National Hydro Power Company Limited
2026042904001772,NHPC,64,6,350,296.9,103915.0,2026-04-29,188469908,152,SUN SECURITIES PVT LTD,Agrawal Securities (PVT) Ltd.,2026-04-29 11:43:26.002270,National Hydro Power Company Limited
2026042904001803,NHPC,44,6,22,296.9,6531.8,2026-04-29,188470333,152,Dynamic Money Managers Securities Pvt. Ltd.,Agrawal Securities (PVT) Ltd.,2026-04-29 11:43:57.146421,National Hydro Power Company Limited
2026042904001804,NHPC,44,42,478,296.9,141918.2,2026-04-29,188470336,152,Dynamic Money Managers Securities Pvt. Ltd.,Sani Securities Company Ltd.,2026-04-29 11:43:57.147451,National Hydro Power Company Limited
2026042904001812,NHPC,44,42,22,296.9,6531.8,2026-04-29,188470609,152,Dynamic Money Managers Securities Pvt. Ltd.,Sani Securities Company Ltd.,2026-04-29 11:44:18.715092,National Hydro Power Company Limited
2026042904001881,NHPC,58,32,30,296.9,8907.0,2026-04-29,188471385,152,Naasa Securities Co. Ltd.,Premier Securities Company Ltd.,2026-04-29 11:45:12.585950,National Hydro Power Company Limited
2026042904001882,NHPC,58,74,120,297.0,35640.0,2026-04-29,188471388,152,Naasa Securities Co. Ltd.,KALASH STOCK MARKET PVT. LTD.,2026-04-29 11:45:12.586956,National Hydro Power Company Limited
2026042904001884,NHPC,70,74,50,297.0,14850.0,2026-04-29,188471456,152,Infinity Securities Limited,KALASH STOCK MARKET PVT. LTD.,2026-04-29 11:45:20.224468,National Hydro Power Company Limited
2026042904001887,NHPC,59,14,100,296.0,29600.0,2026-04-29,188471617,152,Deevyaa Securities & Stock House Pvt. Ltd,Nepal Stock House (PVT) Ltd.,2026-04-29 11:45:30.652590,National Hydro Power Company Limited
2026042904001926,NHPC,59,33,200,296.0,59200.0,2026-04-29,188472008,152,Deevyaa Securities & Stock House Pvt. Ltd,Dakshinkali Investment & Securities Pvt. Ltd.,2026-04-29 11:45:52.939159,National Hydro Power Company Limited
2026042904001927,NHPC,58,33,50,296.0,14800.0,2026-04-29,188472010,152,Naasa Securities Co. Ltd.,Dakshinkali Investment & Securities Pvt. Ltd.,2026-04-29 11:45:52.940195,National Hydro Power Company Limited
2026042904001928,NHPC,58,33,20,296.0,5920.0,2026-04-29,188472012,152,Naasa Securities Co. Ltd.,Dakshinkali Investment & Securities Pvt. Ltd.,2026-04-29 11:45:52.941009,National Hydro Power Company Limited
2026042904001929,NHPC,58,33,300,295.0,88500.0,2026-04-29,188472014,152,Naasa Securities Co. Ltd.,Dakshinkali Investment & Securities Pvt. Ltd.,2026-04-29 11:45:52.941781,National Hydro Power Company Limited
2026042904001930,NHPC,28,33,81,295.0,23895.0,2026-04-29,188472016,152,Shree Krishna Securities Ltd.,Dakshinkali Investment & Securities Pvt. Ltd.,2026-04-29 11:45:52.942570,National Hydro Power Company Limited
2026042904001931,NHPC,50,33,349,295.0,102955.0,2026-04-29,188472017,152,Cristal Kanchanjanga Securites Pvt. Ltd.,Dakshinkali Investment & Securities Pvt. Ltd.,2026-04-29 11:45:52.943307,National Hydro Power Company Limited
2026042904001936,NHPC,49,59,100,296.5,29650.0,2026-04-29,188472108,152,Online Securities Pvt. Ltd.,Deevyaa Securities & Stock House Pvt. Ltd,2026-04-29 11:45:59.626883,National Hydro Power Company Limited
2026042904001938,NHPC,58,59,20,296.0,5920.0,2026-04-29,188472162,152,Naasa Securities Co. Ltd.,Deevyaa Securities & Stock House Pvt. Ltd,2026-04-29 11:46:04.047679,National Hydro Power Company Limited
2026042904001950,NHPC,50,58,138,295.0,40710.0,2026-04-29,188472715,152,Cristal Kanchanjanga Securites Pvt. Ltd.,Naasa Securities Co. Ltd.,2026-04-29 11:46:38.754121,National Hydro Power Company Limited
2026042904001960,NHPC,50,8,513,295.0,151335.0,2026-04-29,188472916,152,Cristal Kanchanjanga Securites Pvt. Ltd.,Brilliant Securities Pvt. Ltd.,2026-04-29 11:46:51.320736,National Hydro Power Company Limited
2026042904001961,NHPC,58,8,20,295.0,5900.0,2026-04-29,188472918,152,Naasa Securities Co. Ltd.,Brilliant Securities Pvt. Ltd.,2026-04-29 11:46:51.321218,National Hydro Power Company Limited
2026042904001962,NHPC,4,8,335,295.0,98825.0,2026-04-29,188472920,152,Opal Securities Investment (PVT) Ltd.,Brilliant Securities Pvt. Ltd.,2026-04-29 11:46:51.321491,National Hydro Power Company Limited
2026042904001963,NHPC,38,8,310,295.0,91450.0,2026-04-29,188472922,152,Dipshikha Dhitopatra Karobar Co. Pvt Ltd.,Brilliant Securities Pvt. Ltd.,2026-04-29 11:46:51.321772,National Hydro Power Company Limited
2026042904001964,NHPC,32,8,20,295.0,5900.0,2026-04-29,188472924,152,Premier Securities Company Ltd.,Brilliant Securities Pvt. Ltd.,2026-04-29 11:46:51.322081,National Hydro Power Company Limited
2026042904001965,NHPC,58,8,200,295.0,59000.0,2026-04-29,188472926,152,Naasa Securities Co. Ltd.,Brilliant Securities Pvt. Ltd.,2026-04-29 11:46:51.322401,National Hydro Power Company Limited
2026042904001966,NHPC,58,8,10,295.0,2950.0,2026-04-29,188472928,152,Naasa Securities Co. Ltd.,Brilliant Securities Pvt. Ltd.,2026-04-29 11:46:51.322646,National Hydro Power Company Limited
2026042904001967,NHPC,77,8,92,295.0,27140.0,2026-04-29,188472929,152,Nabil Stock Dealer Ltd.,Brilliant Securities Pvt. Ltd.,2026-04-29 11:46:51.322899,National Hydro Power Company Limited
2026042904002015,NHPC,77,59,408,295.0,120360.0,2026-04-29,188473397,152,Nabil Stock Dealer Ltd.,Deevyaa Securities & Stock House Pvt. Ltd,2026-04-29 11:47:19.670607,National Hydro Power Company Limited
2026042904002020,NHPC,44,59,10,296.0,2960.0,2026-04-29,188473442,152,Dynamic Money Managers Securities Pvt. Ltd.,Deevyaa Securities & Stock House Pvt. Ltd,2026-04-29 11:47:24.575897,National Hydro Power Company Limited
2026042904002030,NHPC,58,35,50,295.0,14750.0,2026-04-29,188473674,152,Naasa Securities Co. Ltd.,Kohinoor Investment & Securities Pvt. Ltd.,2026-04-29 11:47:38.561332,National Hydro Power Company Limited
2026042904002031,NHPC,22,35,35,295.0,10325.0,2026-04-29,188473676,152,Siprabi Securities Pvt. Ltd.,Kohinoor Investment & Securities Pvt. Ltd.,2026-04-29 11:47:38.561790,National Hydro Power Company Limited
2026042904002032,NHPC,34,35,800,294.5,235600.0,2026-04-29,188473678,152,Vision Securities Pvt. Ltd,Kohinoor Investment & Securities Pvt. Ltd.,2026-04-29 11:47:38.562039,National Hydro Power Company Limited
2026042904002053,NHPC,58,6,280,294.4,82432.0,2026-04-29,188474004,152,Naasa Securities Co. Ltd.,Agrawal Securities (PVT) Ltd.,2026-04-29 11:48:02.108040,National Hydro Power Company Limited
2026042904002054,NHPC,32,6,730,294.3,214839.0,2026-04-29,188474006,152,Premier Securities Company Ltd.,Agrawal Securities (PVT) Ltd.,2026-04-29 11:48:02.108086,National Hydro Power Company Limited
2026042904002055,NHPC,34,6,490,294.2,144158.0,2026-04-29,188474007,152,Vision Securities Pvt. Ltd,Agrawal Securities (PVT) Ltd.,2026-04-29 11:48:02.108113,National Hydro Power Company Limited
2026042904002070,NHPC,34,59,10,294.2,2942.0,2026-04-29,188474424,152,Vision Securities Pvt. Ltd,Deevyaa Securities & Stock House Pvt. Ltd,2026-04-29 11:48:41.563848,National Hydro Power Company Limited
2026042904002071,NHPC,65,59,30,294.2,8826.0,2026-04-29,188474425,152,Sharepro Securities Private Limited,Deevyaa Securities & Stock House Pvt. Ltd,2026-04-29 11:48:41.564319,National Hydro Power Company Limited
2026042904002077,NHPC,58,35,70,294.5,20615.0,2026-04-29,188474566,152,Naasa Securities Co. Ltd.,Kohinoor Investment & Securities Pvt. Ltd.,2026-04-29 11:48:54.009779,National Hydro Power Company Limited
2026042904002091,NHPC,65,59,170,294.2,50014.0,2026-04-29,188474745,152,Sharepro Securities Private Limited,Deevyaa Securities & Stock House Pvt. Ltd,2026-04-29 11:49:02.970234,National Hydro Power Company Limited
2026042904002096,NHPC,65,35,130,294.2,38246.0,2026-04-29,188474832,152,Sharepro Securities Private Limited,Kohinoor Investment & Securities Pvt. Ltd.,2026-04-29 11:49:13.892174,National Hydro Power Company Limited
2026042904002106,NHPC,44,35,15,294.2,4413.0,2026-04-29,188475081,152,Dynamic Money Managers Securities Pvt. Ltd.,Kohinoor Investment & Securities Pvt. Ltd.,2026-04-29 11:49:35.324259,National Hydro Power Company Limited
2026042904002113,NHPC,44,26,25,294.2,7355.0,2026-04-29,188475262,152,Dynamic Money Managers Securities Pvt. Ltd.,Asian Securities Private Ltd.,2026-04-29 11:49:47.655915,National Hydro Power Company Limited
2026042904002114,NHPC,49,26,75,294.1,22057.5,2026-04-29,188475263,152,Online Securities Pvt. Ltd.,Asian Securities Private Ltd.,2026-04-29 11:49:47.656449,National Hydro Power Company Limited
2026042904002153,NHPC,58,45,500,294.2,147100.0,2026-04-29,188475442,152,Naasa Securities Co. Ltd.,Imperial Securities Company Pvt. Ltd.,2026-04-29 11:49:54.633968,National Hydro Power Company Limited
2026042904002154,NHPC,49,45,95,294.1,27939.5,2026-04-29,188475444,152,Online Securities Pvt. Ltd.,Imperial Securities Company Pvt. Ltd.,2026-04-29 11:49:54.634460,National Hydro Power Company Limited
2026042904002155,NHPC,10,45,500,294.1,147050.0,2026-04-29,188475446,152,Pragyan Securities (PVT) Ltd.,Imperial Securities Company Pvt. Ltd.,2026-04-29 11:49:54.634729,National Hydro Power Company Limited
2026042904002156,NHPC,3,45,20,294.0,5880.0,2026-04-29,188475448,152,Arun Securities (PVT) Ltd.,Imperial Securities Company Pvt. Ltd.,2026-04-29 11:49:54.634974,National Hydro Power Company Limited
2026042904002157,NHPC,34,45,20,294.0,5880.0,2026-04-29,188475450,152,Vision Securities Pvt. Ltd,Imperial Securities Company Pvt. Ltd.,2026-04-29 11:49:54.635228,National Hydro Power Company Limited
2026042904002158,NHPC,14,45,100,294.0,29400.0,2026-04-29,188475452,152,Nepal Stock House (PVT) Ltd.,Imperial Securities Company Pvt. Ltd.,2026-04-29 11:49:54.635496,National Hydro Power Company Limited
2026042904002159,NHPC,54,45,340,294.0,99960.0,2026-04-29,188475454,152,Sewa Securities Pvt. Ltd.,Imperial Securities Company Pvt. Ltd.,2026-04-29 11:49:54.635737,National Hydro Power Company Limited
2026042904002160,NHPC,7,45,1000,294.0,294000.0,2026-04-29,188475456,152,J.F. Securites (PVT) Ltd.,Imperial Securities Company Pvt. Ltd.,2026-04-29 11:49:54.635991,National Hydro Power Company Limited
2026042904002161,NHPC,38,45,25,294.0,7350.0,2026-04-29,188475458,152,Dipshikha Dhitopatra Karobar Co. Pvt Ltd.,Imperial Securities Company Pvt. Ltd.,2026-04-29 11:49:54.636234,National Hydro Power Company Limited
2026042904002162,NHPC,42,45,30,294.0,8820.0,2026-04-29,188475460,152,Sani Securities Company Ltd.,Imperial Securities Company Pvt. Ltd.,2026-04-29 11:49:54.636609,National Hydro Power Company Limited
2026042904002163,NHPC,45,45,200,294.0,58800.0,2026-04-29,188475462,152,Imperial Securities Company Pvt. Ltd.,Imperial Securities Company Pvt. Ltd.,2026-04-29 11:49:54.636946,National Hydro Power Company Limited
2026042904002164,NHPC,42,45,100,294.0,29400.0,2026-04-29,188475464,152,Sani Securities Company Ltd.,Imperial Securities Company Pvt. Ltd.,2026-04-29 11:49:54.637252,National Hydro Power Company Limited
2026042904002165,NHPC,35,45,10,294.0,2940.0,2026-04-29,188475466,152,Kohinoor Investment & Securities Pvt. Ltd.,Imperial Securities Company Pvt. Ltd.,2026-04-29 11:49:54.637609,National Hydro Power Company Limited
2026042904002166,NHPC,58,45,86,294.0,25284.0,2026-04-29,188475468,152,Naasa Securities Co. Ltd.,Imperial Securities Company Pvt. Ltd.,2026-04-29 11:49:54.637941,National Hydro Power Company Limited
2026042904002167,NHPC,17,45,100,294.0,29400.0,2026-04-29,188475470,152,ABC Securities Private Limited,Imperial Securities Company Pvt. Ltd.,2026-04-29 11:49:54.638292,National Hydro Power Company Limited
2026042904002168,NHPC,57,45,200,294.0,58800.0,2026-04-29,188475472,152,Aryatara Investment & Securities,Imperial Securities Company Pvt. Ltd.,2026-04-29 11:49:54.638636,National Hydro Power Company Limited
2026042904002169,NHPC,14,45,100,294.0,29400.0,2026-04-29,188475474,152,Nepal Stock House (PVT) Ltd.,Imperial Securities Company Pvt. Ltd.,2026-04-29 11:49:54.638970,National Hydro Power Company Limited
2026042904002170,NHPC,38,45,100,294.0,29400.0,2026-04-29,188475476,152,Dipshikha Dhitopatra Karobar Co. Pvt Ltd.,Imperial Securities Company Pvt. Ltd.,2026-04-29 11:49:54.639293,National Hydro Power Company Limited
2026042904002171,NHPC,50,45,1000,294.0,294000.0,2026-04-29,188475478,152,Cristal Kanchanjanga Securites Pvt. Ltd.,Imperial Securities Company Pvt. Ltd.,2026-04-29 11:49:54.639620,National Hydro Power Company Limited
2026042904002172,NHPC,70,45,70,294.0,20580.0,2026-04-29,188475480,152,Infinity Securities Limited,Imperial Securities Company Pvt. Ltd.,2026-04-29 11:49:54.639934,National Hydro Power Company Limited
2026042904002173,NHPC,52,45,404,294.0,118776.0,2026-04-29,188475481,152,Sundhara Securities Limited,Imperial Securities Company Pvt. Ltd.,2026-04-29 11:49:54.640243,National Hydro Power Company Limited
2026042904002174,NHPC,52,17,30,295.0,8850.0,2026-04-29,188475484,152,Sundhara Securities Limited,ABC Securities Private Limited,2026-04-29 11:49:54.733248,National Hydro Power Company Limited
2026042904002184,NHPC,44,17,20,295.0,5900.0,2026-04-29,188475565,152,Dynamic Money Managers Securities Pvt. Ltd.,ABC Securities Private Limited,2026-04-29 11:50:02.480850,National Hydro Power Company Limited
2026042904002197,NHPC,44,58,38,295.0,11210.0,2026-04-29,188475830,152,Dynamic Money Managers Securities Pvt. Ltd.,Naasa Securities Co. Ltd.,2026-04-29 11:50:23.799468,National Hydro Power Company Limited
2026042904002272,NHPC,26,85,400,294.1,117640.0,2026-04-29,188477805,152,Asian Securities Private Ltd.,Capital Hub P. Ltd,2026-04-29 11:52:22.343691,National Hydro Power Company Limited
2026042904002313,NHPC,26,58,10,294.1,2941.0,2026-04-29,188478871,152,Asian Securities Private Ltd.,Naasa Securities Co. Ltd.,2026-04-29 11:53:24.909840,National Hydro Power Company Limited
2026042904002315,NHPC,26,58,90,294.1,26469.0,2026-04-29,188479004,152,Asian Securities Private Ltd.,Naasa Securities Co. Ltd.,2026-04-29 11:53:32.033707,National Hydro Power Company Limited
2026042904002316,NHPC,65,58,400,294.1,117640.0,2026-04-29,188479006,152,Sharepro Securities Private Limited,Naasa Securities Co. Ltd.,2026-04-29 11:53:32.034156,National Hydro Power Company Limited
2026042904002317,NHPC,33,58,100,294.1,29410.0,2026-04-29,188479008,152,Dakshinkali Investment & Securities Pvt. Ltd.,Naasa Securities Co. Ltd.,2026-04-29 11:53:32.034405,National Hydro Power Company Limited
2026042904002318,NHPC,52,58,96,294.0,28224.0,2026-04-29,188479010,152,Sundhara Securities Limited,Naasa Securities Co. Ltd.,2026-04-29 11:53:32.034647,National Hydro Power Company Limited
2026042904002319,NHPC,14,58,20,294.0,5880.0,2026-04-29,188479012,152,Nepal Stock House (PVT) Ltd.,Naasa Securities Co. Ltd.,2026-04-29 11:53:32.034895,National Hydro Power Company Limited
2026042904002320,NHPC,45,58,500,293.6,146800.0,2026-04-29,188479014,152,Imperial Securities Company Pvt. Ltd.,Naasa Securities Co. Ltd.,2026-04-29 11:53:32.035154,National Hydro Power Company Limited
2026042904002321,NHPC,42,58,20,293.5,5870.0,2026-04-29,188479016,152,Sani Securities Company Ltd.,Naasa Securities Co. Ltd.,2026-04-29 11:53:32.035467,National Hydro Power Company Limited
2026042904002322,NHPC,42,58,150,293.3,43995.0,2026-04-29,188479018,152,Sani Securities Company Ltd.,Naasa Securities Co. Ltd.,2026-04-29 11:53:32.036180,National Hydro Power Company Limited
2026042904002323,NHPC,88,58,450,293.2,131940.0,2026-04-29,188479020,152,Blue Chip Securities Ltd,Naasa Securities Co. Ltd.,2026-04-29 11:53:32.036903,National Hydro Power Company Limited
2026042904002324,NHPC,5,58,174,293.2,51016.8,2026-04-29,188479021,152,Market Securities & Exchange (PVT) Ltd.,Naasa Securities Co. Ltd.,2026-04-29 11:53:32.037604,National Hydro Power Company Limited
2026042904002329,NHPC,58,58,10,294.0,2940.0,2026-04-29,188479264,152,Naasa Securities Co. Ltd.,Naasa Securities Co. Ltd.,2026-04-29 11:53:46.415508,National Hydro Power Company Limited
2026042904002330,NHPC,5,58,1826,293.2,535383.2,2026-04-29,188479266,152,Market Securities & Exchange (PVT) Ltd.,Naasa Securities Co. Ltd.,2026-04-29 11:53:46.416489,National Hydro Power Company Limited
2026042904002331,NHPC,57,58,10,293.2,2932.0,2026-04-29,188479268,152,Aryatara Investment & Securities,Naasa Securities Co. Ltd.,2026-04-29 11:53:46.417228,National Hydro Power Company Limited
2026042904002332,NHPC,38,58,400,293.2,117280.0,2026-04-29,188479270,152,Dipshikha Dhitopatra Karobar Co. Pvt Ltd.,Naasa Securities Co. Ltd.,2026-04-29 11:53:46.417978,National Hydro Power Company Limited
2026042904002333,NHPC,44,58,500,293.1,146550.0,2026-04-29,188479272,152,Dynamic Money Managers Securities Pvt. Ltd.,Naasa Securities Co. Ltd.,2026-04-29 11:53:46.418744,National Hydro Power Company Limited
2026042904002334,NHPC,16,58,610,293.0,178730.0,2026-04-29,188479274,152,Primo Securities (PVT) Ltd.,Naasa Securities Co. Ltd.,2026-04-29 11:53:46.419503,National Hydro Power Company Limited
2026042904002335,NHPC,32,58,500,293.0,146500.0,2026-04-29,188479276,152,Premier Securities Company Ltd.,Naasa Securities Co. Ltd.,2026-04-29 11:53:46.420228,National Hydro Power Company Limited
2026042904002336,NHPC,41,58,500,293.0,146500.0,2026-04-29,188479278,152,Linch Stock Market Ltd.,Naasa Securities Co. Ltd.,2026-04-29 11:53:46.420978,National Hydro Power Company Limited
2026042904002337,NHPC,1,58,100,293.0,29300.0,2026-04-29,188479280,152,Kumari Securities Private Limited,Naasa Securities Co. Ltd.,2026-04-29 11:53:46.421714,National Hydro Power Company Limited
2026042904002338,NHPC,26,58,300,293.0,87900.0,2026-04-29,188479282,152,Asian Securities Private Ltd.,Naasa Securities Co. Ltd.,2026-04-29 11:53:46.422458,National Hydro Power Company Limited
2026042904002339,NHPC,58,58,107,293.0,31351.0,2026-04-29,188479284,152,Naasa Securities Co. Ltd.,Naasa Securities Co. Ltd.,2026-04-29 11:53:46.423172,National Hydro Power Company Limited
2026042904002340,NHPC,14,58,20,293.0,5860.0,2026-04-29,188479286,152,Nepal Stock House (PVT) Ltd.,Naasa Securities Co. Ltd.,2026-04-29 11:53:46.423910,National Hydro Power Company Limited
2026042904002341,NHPC,34,58,500,293.0,146500.0,2026-04-29,188479288,152,Vision Securities Pvt. Ltd,Naasa Securities Co. Ltd.,2026-04-29 11:53:46.424494,National Hydro Power Company Limited
2026042904002342,NHPC,35,58,400,293.0,117200.0,2026-04-29,188479290,152,Kohinoor Investment & Securities Pvt. Ltd.,Naasa Securities Co. Ltd.,2026-04-29 11:53:46.424731,National Hydro Power Company Limited
2026042904002343,NHPC,77,58,500,293.0,146500.0,2026-04-29,188479292,152,Nabil Stock Dealer Ltd.,Naasa Securities Co. Ltd.,2026-04-29 11:53:46.424963,National Hydro Power Company Limited
2026042904002344,NHPC,38,58,2217,293.0,649581.0,2026-04-29,188479293,152,Dipshikha Dhitopatra Karobar Co. Pvt Ltd.,Naasa Securities Co. Ltd.,2026-04-29 11:53:46.425198,National Hydro Power Company Limited
2026042904002355,NHPC,38,44,2000,293.0,586000.0,2026-04-29,188479603,152,Dipshikha Dhitopatra Karobar Co. Pvt Ltd.,Dynamic Money Managers Securities Pvt. Ltd.,2026-04-29 11:54:02.837810,National Hydro Power Company Limited
2026042904002359,NHPC,74,58,50,293.1,14655.0,2026-04-29,188479832,152,KALASH STOCK MARKET PVT. LTD.,Naasa Securities Co. Ltd.,2026-04-29 11:54:21.319235,National Hydro Power Company Limited
2026042904002360,NHPC,26,58,276,293.1,80895.6,2026-04-29,188479833,152,Asian Securities Private Ltd.,Naasa Securities Co. Ltd.,2026-04-29 11:54:21.319862,National Hydro Power Company Limited
2026042904002402,NHPC,44,34,200,294.0,58800.0,2026-04-29,188480402,152,Dynamic Money Managers Securities Pvt. Ltd.,Vision Securities Pvt. Ltd,2026-04-29 11:55:01.980003,National Hydro Power Company Limited
2026042904002403,NHPC,26,34,224,293.1,65654.4,2026-04-29,188480404,152,Asian Securities Private Ltd.,Vision Securities Pvt. Ltd,2026-04-29 11:55:01.981084,National Hydro Power Company Limited
2026042904002404,NHPC,65,34,100,293.1,29310.0,2026-04-29,188480406,152,Sharepro Securities Private Limited,Vision Securities Pvt. Ltd,2026-04-29 11:55:01.981549,National Hydro Power Company Limited
2026042904002405,NHPC,38,34,276,293.0,80868.0,2026-04-29,188480407,152,Dipshikha Dhitopatra Karobar Co. Pvt Ltd.,Vision Securities Pvt. Ltd,2026-04-29 11:55:01.981836,National Hydro Power Company Limited
2026042904002432,NHPC,38,6,1000,293.0,293000.0,2026-04-29,188480661,152,Dipshikha Dhitopatra Karobar Co. Pvt Ltd.,Agrawal Securities (PVT) Ltd.,2026-04-29 11:55:17.470951,National Hydro Power Company Limited
2026042904002472,NHPC,58,36,50,293.1,14655.0,2026-04-29,188481284,152,Naasa Securities Co. Ltd.,Secured Securities Ltd.,2026-04-29 11:55:59.050333,National Hydro Power Company Limited
2026042904002473,NHPC,57,36,20,293.1,5862.0,2026-04-29,188481286,152,Aryatara Investment & Securities,Secured Securities Ltd.,2026-04-29 11:55:59.051310,National Hydro Power Company Limited
2026042904002474,NHPC,58,36,47,293.1,13775.7,2026-04-29,188481288,152,Naasa Securities Co. Ltd.,Secured Securities Ltd.,2026-04-29 11:55:59.052066,National Hydro Power Company Limited
2026042904002475,NHPC,38,36,2507,293.0,734551.0,2026-04-29,188481290,152,Dipshikha Dhitopatra Karobar Co. Pvt Ltd.,Secured Securities Ltd.,2026-04-29 11:55:59.052816,National Hydro Power Company Limited
2026042904002476,NHPC,49,36,50,293.0,14650.0,2026-04-29,188481292,152,Online Securities Pvt. Ltd.,Secured Securities Ltd.,2026-04-29 11:55:59.053555,National Hydro Power Company Limited
2026042904002477,NHPC,1,36,100,293.0,29300.0,2026-04-29,188481294,152,Kumari Securities Private Limited,Secured Securities Ltd.,2026-04-29 11:55:59.054273,National Hydro Power Company Limited
2026042904002478,NHPC,11,36,200,293.0,58600.0,2026-04-29,188481296,152,Malla & Malla Stock Broking Company Pvt. Limited,Secured Securities Ltd.,2026-04-29 11:55:59.055005,National Hydro Power Company Limited
2026042904002479,NHPC,29,36,26,293.0,7618.0,2026-04-29,188481297,152,Trisul Securities & Invt. Ltd.,Secured Securities Ltd.,2026-04-29 11:55:59.055749,National Hydro Power Company Limited
2026042904002486,NHPC,29,26,74,293.0,21682.0,2026-04-29,188481544,152,Trisul Securities & Invt. Ltd.,Asian Securities Private Ltd.,2026-04-29 11:56:13.603798,National Hydro Power Company Limited
2026042904002487,NHPC,16,26,1350,293.0,395550.0,2026-04-29,188481546,152,Primo Securities (PVT) Ltd.,Asian Securities Private Ltd.,2026-04-29 11:56:13.603915,National Hydro Power Company Limited
2026042904002488,NHPC,42,26,500,293.0,146500.0,2026-04-29,188481548,152,Sani Securities Company Ltd.,Asian Securities Private Ltd.,2026-04-29 11:56:13.604020,National Hydro Power Company Limited
2026042904002489,NHPC,49,26,1000,293.0,293000.0,2026-04-29,188481550,152,Online Securities Pvt. Ltd.,Asian Securities Private Ltd.,2026-04-29 11:56:13.604099,National Hydro Power Company Limited
2026042904002490,NHPC,32,26,100,293.0,29300.0,2026-04-29,188481552,152,Premier Securities Company Ltd.,Asian Securities Private Ltd.,2026-04-29 11:56:13.604172,National Hydro Power Company Limited
2026042904002491,NHPC,58,26,150,293.0,43950.0,2026-04-29,188481554,152,Naasa Securities Co. Ltd.,Asian Securities Private Ltd.,2026-04-29 11:56:13.604240,National Hydro Power Company Limited
2026042904002492,NHPC,56,26,20,293.0,5860.0,2026-04-29,188481556,152,Sri Hari Securities Pvt. Ltd.,Asian Securities Private Ltd.,2026-04-29 11:56:13.604330,National Hydro Power Company Limited
2026042904002493,NHPC,58,26,700,292.6,204820.0,2026-04-29,188481558,152,Naasa Securities Co. Ltd.,Asian Securities Private Ltd.,2026-04-29 11:56:13.604404,National Hydro Power Company Limited
2026042904002494,NHPC,40,26,150,292.5,43875.0,2026-04-29,188481560,152,Creative Securities Pvt Ltd,Asian Securities Private Ltd.,2026-04-29 11:56:13.604482,National Hydro Power Company Limited
2026042904002495,NHPC,49,26,150,292.5,43875.0,2026-04-29,188481562,152,Online Securities Pvt. Ltd.,Asian Securities Private Ltd.,2026-04-29 11:56:13.604559,National Hydro Power Company Limited
2026042904002496,NHPC,13,26,30,292.5,8775.0,2026-04-29,188481564,152,Thrive Brokerage House Pvt. Ltd,Asian Securities Private Ltd.,2026-04-29 11:56:13.604665,National Hydro Power Company Limited
2026042904002497,NHPC,17,26,500,292.5,146250.0,2026-04-29,188481566,152,ABC Securities Private Limited,Asian Securities Private Ltd.,2026-04-29 11:56:13.604750,National Hydro Power Company Limited
2026042904002498,NHPC,65,26,276,292.2,80647.2,2026-04-29,188481567,152,Sharepro Securities Private Limited,Asian Securities Private Ltd.,2026-04-29 11:56:13.604823,National Hydro Power Company Limited
2026042904002501,NHPC,65,34,24,292.2,7012.8,2026-04-29,188481628,152,Sharepro Securities Private Limited,Vision Securities Pvt. Ltd,2026-04-29 11:56:20.061440,National Hydro Power Company Limited
2026042904002502,NHPC,49,34,20,292.2,5844.0,2026-04-29,188481630,152,Online Securities Pvt. Ltd.,Vision Securities Pvt. Ltd,2026-04-29 11:56:20.061557,National Hydro Power Company Limited
2026042904002503,NHPC,41,34,156,292.1,45567.6,2026-04-29,188481631,152,Linch Stock Market Ltd.,Vision Securities Pvt. Ltd,2026-04-29 11:56:20.061660,National Hydro Power Company Limited
2026042904002511,NHPC,41,34,344,292.1,100482.4,2026-04-29,188481756,152,Linch Stock Market Ltd.,Vision Securities Pvt. Ltd,2026-04-29 11:56:28.686098,National Hydro Power Company Limited
2026042904002512,NHPC,91,34,1000,292.1,292100.0,2026-04-29,188481758,152,Citizens Share Broker Limited,Vision Securities Pvt. Ltd,2026-04-29 11:56:28.686203,National Hydro Power Company Limited
2026042904002513,NHPC,36,34,146,292.0,42632.0,2026-04-29,188481760,152,Secured Securities Ltd.,Vision Securities Pvt. Ltd,2026-04-29 11:56:28.686305,National Hydro Power Company Limited
2026042904002514,NHPC,38,34,10,292.0,2920.0,2026-04-29,188481762,152,Dipshikha Dhitopatra Karobar Co. Pvt Ltd.,Vision Securities Pvt. Ltd,2026-04-29 11:56:28.686397,National Hydro Power Company Limited
2026042904002515,NHPC,1,34,300,292.0,87600.0,2026-04-29,188481763,152,Kumari Securities Private Limited,Vision Securities Pvt. Ltd,2026-04-29 11:56:28.686468,National Hydro Power Company Limited
2026042904002550,NHPC,58,42,22,292.1,6426.2,2026-04-29,188482288,152,Naasa Securities Co. Ltd.,Sani Securities Company Ltd.,2026-04-29 11:57:01.084879,National Hydro Power Company Limited
2026042904002551,NHPC,1,42,100,292.0,29200.0,2026-04-29,188482290,152,Kumari Securities Private Limited,Sani Securities Company Ltd.,2026-04-29 11:57:01.085364,National Hydro Power Company Limited
2026042904002552,NHPC,45,42,1000,292.0,292000.0,2026-04-29,188482292,152,Imperial Securities Company Pvt. Ltd.,Sani Securities Company Ltd.,2026-04-29 11:57:01.085623,National Hydro Power Company Limited
2026042904002553,NHPC,45,42,50,292.0,14600.0,2026-04-29,188482294,152,Imperial Securities Company Pvt. Ltd.,Sani Securities Company Ltd.,2026-04-29 11:57:01.085881,National Hydro Power Company Limited
2026042904002554,NHPC,25,42,50,292.0,14600.0,2026-04-29,188482296,152,Sweta Securities Private Limited,Sani Securities Company Ltd.,2026-04-29 11:57:01.086142,National Hydro Power Company Limited
2026042904002555,NHPC,62,42,1000,292.0,292000.0,2026-04-29,188482298,152,Capital Max Securities Ltd,Sani Securities Company Ltd.,2026-04-29 11:57:01.086399,National Hydro Power Company Limited
2026042904002556,NHPC,14,42,20,292.0,5840.0,2026-04-29,188482302,152,Nepal Stock House (PVT) Ltd.,Sani Securities Company Ltd.,2026-04-29 11:57:01.086647,National Hydro Power Company Limited
2026042904002557,NHPC,58,42,100,292.0,29200.0,2026-04-29,188482304,152,Naasa Securities Co. Ltd.,Sani Securities Company Ltd.,2026-04-29 11:57:01.086893,National Hydro Power Company Limited
2026042904002558,NHPC,42,42,350,292.0,102200.0,2026-04-29,188482306,152,Sani Securities Company Ltd.,Sani Securities Company Ltd.,2026-04-29 11:57:01.087429,National Hydro Power Company Limited
2026042904002559,NHPC,70,42,100,292.0,29200.0,2026-04-29,188482308,152,Infinity Securities Limited,Sani Securities Company Ltd.,2026-04-29 11:57:01.087797,National Hydro Power Company Limited
2026042904002560,NHPC,7,42,342,292.0,99864.0,2026-04-29,188482310,152,J.F. Securites (PVT) Ltd.,Sani Securities Company Ltd.,2026-04-29 11:57:01.088156,National Hydro Power Company Limited
2026042904002561,NHPC,43,42,236,292.0,68912.0,2026-04-29,188482311,152,South Asian Bulls Pvt. Ltd.,Sani Securities Company Ltd.,2026-04-29 11:57:01.088528,National Hydro Power Company Limited
2026042904002562,NHPC,43,72,64,292.0,18688.0,2026-04-29,188482386,152,South Asian Bulls Pvt. Ltd.,Hatemalo Financial Services Private Limited,2026-04-29 11:57:05.098378,National Hydro Power Company Limited
2026042904002563,NHPC,3,72,100,292.0,29200.0,2026-04-29,188482388,152,Arun Securities (PVT) Ltd.,Hatemalo Financial Services Private Limited,2026-04-29 11:57:05.098873,National Hydro Power Company Limited
2026042904002564,NHPC,80,72,500,292.0,146000.0,2026-04-29,188482390,152,Indira securities pvt. ltd,Hatemalo Financial Services Private Limited,2026-04-29 11:57:05.099130,National Hydro Power Company Limited
2026042904002565,NHPC,41,72,50,292.0,14600.0,2026-04-29,188482392,152,Linch Stock Market Ltd.,Hatemalo Financial Services Private Limited,2026-04-29 11:57:05.099379,National Hydro Power Company Limited
2026042904002566,NHPC,34,72,300,292.0,87600.0,2026-04-29,188482394,152,Vision Securities Pvt. Ltd,Hatemalo Financial Services Private Limited,2026-04-29 11:57:05.099624,National Hydro Power Company Limited
2026042904002567,NHPC,42,72,286,292.0,83512.0,2026-04-29,188482395,152,Sani Securities Company Ltd.,Hatemalo Financial Services Private Limited,2026-04-29 11:57:05.099866,National Hydro Power Company Limited
2026042904002577,NHPC,42,22,14,292.0,4088.0,2026-04-29,188482674,152,Sani Securities Company Ltd.,Siprabi Securities Pvt. Ltd.,2026-04-29 11:57:17.738839,National Hydro Power Company Limited
2026042904002578,NHPC,42,22,10,292.0,2920.0,2026-04-29,188482676,152,Sani Securities Company Ltd.,Siprabi Securities Pvt. Ltd.,2026-04-29 11:57:17.739382,National Hydro Power Company Limited
2026042904002579,NHPC,6,22,150,292.0,43800.0,2026-04-29,188482678,152,Agrawal Securities (PVT) Ltd.,Siprabi Securities Pvt. Ltd.,2026-04-29 11:57:17.739666,National Hydro Power Company Limited
2026042904002580,NHPC,48,22,100,291.1,29110.0,2026-04-29,188482680,152,Trishakti Securities Public Limited,Siprabi Securities Pvt. Ltd.,2026-04-29 11:57:17.739960,National Hydro Power Company Limited
2026042904002581,NHPC,3,22,500,291.1,145550.0,2026-04-29,188482682,152,Arun Securities (PVT) Ltd.,Siprabi Securities Pvt. Ltd.,2026-04-29 11:57:17.740292,National Hydro Power Company Limited
2026042904002582,NHPC,57,22,226,291.1,65788.6,2026-04-29,188482683,152,Aryatara Investment & Securities,Siprabi Securities Pvt. Ltd.,2026-04-29 11:57:17.740633,National Hydro Power Company Limited
2026042904002656,NHPC,71,57,100,291.2,29120.0,2026-04-29,188483576,152,SHUBHAKAMANA SECURITIES PVT. LTD,Aryatara Investment & Securities,2026-04-29 11:57:57.352221,National Hydro Power Company Limited
2026042904002657,NHPC,74,57,50,291.2,14560.0,2026-04-29,188483578,152,KALASH STOCK MARKET PVT. LTD.,Aryatara Investment & Securities,2026-04-29 11:57:57.352306,National Hydro Power Company Limited
2026042904002658,NHPC,57,57,274,291.1,79761.4,2026-04-29,188483580,152,Aryatara Investment & Securities,Aryatara Investment & Securities,2026-04-29 11:57:57.352339,National Hydro Power Company Limited
2026042904002659,NHPC,7,57,76,291.1,22123.6,2026-04-29,188483581,152,J.F. Securites (PVT) Ltd.,Aryatara Investment & Securities,2026-04-29 11:57:57.352379,National Hydro Power Company Limited
2026042904002660,NHPC,7,58,291,291.1,84710.1,2026-04-29,188483613,152,J.F. Securites (PVT) Ltd.,Naasa Securities Co. Ltd.,2026-04-29 11:57:59.654798,National Hydro Power Company Limited
2026042904002680,NHPC,44,50,50,291.2,14560.0,2026-04-29,188484244,152,Dynamic Money Managers Securities Pvt. Ltd.,Cristal Kanchanjanga Securites Pvt. Ltd.,2026-04-29 11:58:34.812788,National Hydro Power Company Limited
2026042904002681,NHPC,33,50,100,291.2,29120.0,2026-04-29,188484246,152,Dakshinkali Investment & Securities Pvt. Ltd.,Cristal Kanchanjanga Securites Pvt. Ltd.,2026-04-29 11:58:34.813289,National Hydro Power Company Limited
2026042904002682,NHPC,7,50,350,291.1,101885.0,2026-04-29,188484247,152,J.F. Securites (PVT) Ltd.,Cristal Kanchanjanga Securites Pvt. Ltd.,2026-04-29 11:58:34.813599,National Hydro Power Company Limited
2026042904002701,NHPC,7,17,120,291.1,34932.0,2026-04-29,188484511,152,J.F. Securites (PVT) Ltd.,ABC Securities Private Limited,2026-04-29 11:58:50.359021,National Hydro Power Company Limited
2026042904002708,NHPC,7,58,56,291.1,16301.6,2026-04-29,188484718,152,J.F. Securites (PVT) Ltd.,Naasa Securities Co. Ltd.,2026-04-29 11:59:05.674622,National Hydro Power Company Limited
2026042904002709,NHPC,42,58,50,291.1,14555.0,2026-04-29,188484720,152,Sani Securities Company Ltd.,Naasa Securities Co. Ltd.,2026-04-29 11:59:05.675135,National Hydro Power Company Limited
2026042904002710,NHPC,35,58,90,291.1,26199.0,2026-04-29,188484722,152,Kohinoor Investment & Securities Pvt. Ltd.,Naasa Securities Co. Ltd.,2026-04-29 11:59:05.675401,National Hydro Power Company Limited
2026042904002711,NHPC,42,58,200,291.0,58200.0,2026-04-29,188484724,152,Sani Securities Company Ltd.,Naasa Securities Co. Ltd.,2026-04-29 11:59:05.675653,National Hydro Power Company Limited
2026042904002712,NHPC,42,58,104,291.0,30264.0,2026-04-29,188484725,152,Sani Securities Company Ltd.,Naasa Securities Co. Ltd.,2026-04-29 11:59:05.675913,National Hydro Power Company Limited
2026042904002715,NHPC,22,59,200,291.1,58220.0,2026-04-29,188484802,152,Siprabi Securities Pvt. Ltd.,Deevyaa Securities & Stock House Pvt. Ltd,2026-04-29 11:59:09.930232,National Hydro Power Company Limited
2026042904002719,NHPC,56,59,116,291.1,33767.6,2026-04-29,188484949,152,Sri Hari Securities Pvt. Ltd.,Deevyaa Securities & Stock House Pvt. Ltd,2026-04-29 11:59:15.329857,National Hydro Power Company Limited
2026042904002726,NHPC,58,14,100,291.2,29120.0,2026-04-29,188485054,152,Naasa Securities Co. Ltd.,Nepal Stock House (PVT) Ltd.,2026-04-29 11:59:22.075299,National Hydro Power Company Limited
2026042904002727,NHPC,64,14,38,291.2,11065.6,2026-04-29,188485055,152,SUN SECURITIES PVT LTD,Nepal Stock House (PVT) Ltd.,2026-04-29 11:59:22.076360,National Hydro Power Company Limited
2026042904002824,NHPC,58,59,30,292.0,8760.0,2026-04-29,188486469,152,Naasa Securities Co. Ltd.,Deevyaa Securities & Stock House Pvt. Ltd,2026-04-29 12:00:59.054771,National Hydro Power Company Limited
2026042904002839,NHPC,44,63,200,291.6,58320.0,2026-04-29,188486902,152,Dynamic Money Managers Securities Pvt. Ltd.,Himalayan Brokerage Company Limited,2026-04-29 12:01:25.726899,National Hydro Power Company Limited
2026042904002840,NHPC,58,63,350,291.6,102060.0,2026-04-29,188486904,152,Naasa Securities Co. Ltd.,Himalayan Brokerage Company Limited,2026-04-29 12:01:25.727481,National Hydro Power Company Limited
2026042904002841,NHPC,22,63,50,291.5,14575.0,2026-04-29,188486905,152,Siprabi Securities Pvt. Ltd.,Himalayan Brokerage Company Limited,2026-04-29 12:01:25.727757,National Hydro Power Company Limited
2026042904002851,NHPC,36,6,31,293.0,9083.0,2026-04-29,188487098,152,Secured Securities Ltd.,Agrawal Securities (PVT) Ltd.,2026-04-29 12:01:45.345466,National Hydro Power Company Limited
2026042904002859,NHPC,34,6,500,293.0,146500.0,2026-04-29,188487226,152,Vision Securities Pvt. Ltd,Agrawal Securities (PVT) Ltd.,2026-04-29 12:01:54.648095,National Hydro Power Company Limited
2026042904002862,NHPC,8,6,100,293.0,29300.0,2026-04-29,188487358,152,Brilliant Securities Pvt. Ltd.,Agrawal Securities (PVT) Ltd.,2026-04-29 12:02:04.220635,National Hydro Power Company Limited
2026042904002868,NHPC,11,6,100,293.0,29300.0,2026-04-29,188487500,152,Malla & Malla Stock Broking Company Pvt. Limited,Agrawal Securities (PVT) Ltd.,2026-04-29 12:02:16.197201,National Hydro Power Company Limited
2026042904002875,NHPC,38,57,100,292.0,29200.0,2026-04-29,188487760,152,Dipshikha Dhitopatra Karobar Co. Pvt Ltd.,Aryatara Investment & Securities,2026-04-29 12:02:29.486498,National Hydro Power Company Limited
2026042904002876,NHPC,58,57,50,292.0,14600.0,2026-04-29,188487761,152,Naasa Securities Co. Ltd.,Aryatara Investment & Securities,2026-04-29 12:02:29.487664,National Hydro Power Company Limited
2026042904002887,NHPC,58,48,450,292.0,131400.0,2026-04-29,188487974,152,Naasa Securities Co. Ltd.,Trishakti Securities Public Limited,2026-04-29 12:02:46.727808,National Hydro Power Company Limited
2026042904002907,NHPC,35,48,32,292.0,9344.0,2026-04-29,188488384,152,Kohinoor Investment & Securities Pvt. Ltd.,Trishakti Securities Public Limited,2026-04-29 12:03:15.084719,National Hydro Power Company Limited
2026042904002925,NHPC,58,48,500,292.0,146000.0,2026-04-29,188488714,152,Naasa Securities Co. Ltd.,Trishakti Securities Public Limited,2026-04-29 12:03:35.234841,National Hydro Power Company Limited
2026042904002930,NHPC,71,57,100,291.9,29190.0,2026-04-29,188488954,152,SHUBHAKAMANA SECURITIES PVT. LTD,Aryatara Investment & Securities,2026-04-29 12:03:45.049467,National Hydro Power Company Limited
2026042904002931,NHPC,47,57,400,291.8,116720.0,2026-04-29,188488955,152,Neev Securities Pvt. Ltd.,Aryatara Investment & Securities,2026-04-29 12:03:45.049527,National Hydro Power Company Limited
2026042904002936,NHPC,41,48,18,292.0,5256.0,2026-04-29,188489157,152,Linch Stock Market Ltd.,Trishakti Securities Public Limited,2026-04-29 12:03:54.213483,National Hydro Power Company Limited
2026042904002942,NHPC,58,6,150,293.0,43950.0,2026-04-29,188489390,152,Naasa Securities Co. Ltd.,Agrawal Securities (PVT) Ltd.,2026-04-29 12:04:12.318751,National Hydro Power Company Limited
2026042904003017,NHPC,41,6,119,292.6,34819.4,2026-04-29,188491347,152,Linch Stock Market Ltd.,Agrawal Securities (PVT) Ltd.,2026-04-29 12:06:36.474244,National Hydro Power Company Limited
2026042904003029,NHPC,41,25,381,292.6,111480.6,2026-04-29,188491410,152,Linch Stock Market Ltd.,Sweta Securities Private Limited,2026-04-29 12:06:41.280816,National Hydro Power Company Limited
2026042904003031,NHPC,58,25,1000,292.6,292600.0,2026-04-29,188491432,152,Naasa Securities Co. Ltd.,Sweta Securities Private Limited,2026-04-29 12:06:42.332518,National Hydro Power Company Limited
2026042904003034,NHPC,41,25,119,292.6,34819.4,2026-04-29,188491455,152,Linch Stock Market Ltd.,Sweta Securities Private Limited,2026-04-29 12:06:45.011105,National Hydro Power Company Limited
2026042904003039,NHPC,32,45,30,292.9,8787.0,2026-04-29,188491708,152,Premier Securities Company Ltd.,Imperial Securities Company Pvt. Ltd.,2026-04-29 12:07:01.640250,National Hydro Power Company Limited
2026042904003043,NHPC,66,45,30,292.9,8787.0,2026-04-29,188491788,152,Miyo Securities Pvt Ltd,Imperial Securities Company Pvt. Ltd.,2026-04-29 12:07:06.296780,National Hydro Power Company Limited
2026042904003056,NHPC,54,45,180,292.9,52722.0,2026-04-29,188492197,152,Sewa Securities Pvt. Ltd.,Imperial Securities Company Pvt. Ltd.,2026-04-29 12:07:29.606759,National Hydro Power Company Limited
2026042904003076,NHPC,58,38,600,293.0,175800.0,2026-04-29,188492433,152,Naasa Securities Co. Ltd.,Dipshikha Dhitopatra Karobar Co. Pvt Ltd.,2026-04-29 12:07:42.978536,National Hydro Power Company Limited
2026042904003077,NHPC,58,6,100,293.0,29300.0,2026-04-29,188492435,152,Naasa Securities Co. Ltd.,Agrawal Securities (PVT) Ltd.,2026-04-29 12:07:42.979112,National Hydro Power Company Limited
2026042904003099,NHPC,25,58,50,294.0,14700.0,2026-04-29,188492872,152,Sweta Securities Private Limited,Naasa Securities Co. Ltd.,2026-04-29 12:08:10.436392,National Hydro Power Company Limited
2026042904003122,NHPC,22,58,20,294.0,5880.0,2026-04-29,188493196,152,Siprabi Securities Pvt. Ltd.,Naasa Securities Co. Ltd.,2026-04-29 12:08:38.402630,National Hydro Power Company Limited
2026042904003130,NHPC,59,94,200,293.1,58620.0,2026-04-29,188493233,152,Deevyaa Securities & Stock House Pvt. Ltd,K.B.L. Securities Limited ,2026-04-29 12:08:38.921629,National Hydro Power Company Limited
2026042904003139,NHPC,25,58,50,294.0,14700.0,2026-04-29,188493374,152,Sweta Securities Private Limited,Naasa Securities Co. Ltd.,2026-04-29 12:08:51.567455,National Hydro Power Company Limited
2026042904003155,NHPC,58,58,165,294.0,48510.0,2026-04-29,188493661,152,Naasa Securities Co. Ltd.,Naasa Securities Co. Ltd.,2026-04-29 12:09:16.830690,National Hydro Power Company Limited
2026042904003188,NHPC,58,6,70,294.0,20580.0,2026-04-29,188494150,152,Naasa Securities Co. Ltd.,Agrawal Securities (PVT) Ltd.,2026-04-29 12:09:43.544631,National Hydro Power Company Limited
2026042904003207,NHPC,58,6,30,294.0,8820.0,2026-04-29,188494404,152,Naasa Securities Co. Ltd.,Agrawal Securities (PVT) Ltd.,2026-04-29 12:10:04.694884,National Hydro Power Company Limited
2026042904003222,NHPC,58,50,100,294.9,29490.0,2026-04-29,188494761,152,Naasa Securities Co. Ltd.,Cristal Kanchanjanga Securites Pvt. Ltd.,2026-04-29 12:10:29.964769,National Hydro Power Company Limited
2026042904003223,NHPC,58,32,30,295.0,8850.0,2026-04-29,188494763,152,Naasa Securities Co. Ltd.,Premier Securities Company Ltd.,2026-04-29 12:10:29.965456,National Hydro Power Company Limited
2026042904003224,NHPC,58,14,70,295.0,20650.0,2026-04-29,188494766,152,Naasa Securities Co. Ltd.,Nepal Stock House (PVT) Ltd.,2026-04-29 12:10:29.965809,National Hydro Power Company Limited
2026042904003227,NHPC,48,14,730,295.0,215350.0,2026-04-29,188494811,152,Trishakti Securities Public Limited,Nepal Stock House (PVT) Ltd.,2026-04-29 12:10:32.012737,National Hydro Power Company Limited
2026042904003228,NHPC,48,54,237,295.0,69915.0,2026-04-29,188494813,152,Trishakti Securities Public Limited,Sewa Securities Pvt. Ltd.,2026-04-29 12:10:32.013354,National Hydro Power Company Limited
2026042904003229,NHPC,48,20,1000,295.0,295000.0,2026-04-29,188494815,152,Trishakti Securities Public Limited,Sipla Securities Private Limited,2026-04-29 12:10:32.013686,National Hydro Power Company Limited
2026042904003230,NHPC,48,58,10,295.0,2950.0,2026-04-29,188494817,152,Trishakti Securities Public Limited,Naasa Securities Co. Ltd.,2026-04-29 12:10:32.014002,National Hydro Power Company Limited
2026042904003232,NHPC,48,81,23,295.0,6785.0,2026-04-29,188494938,152,Trishakti Securities Public Limited,Aakashbhairab Securities Ltd.,2026-04-29 12:10:40.764026,National Hydro Power Company Limited
2026042904003233,NHPC,54,81,320,293.4,93888.0,2026-04-29,188494940,152,Sewa Securities Pvt. Ltd.,Aakashbhairab Securities Ltd.,2026-04-29 12:10:40.764124,National Hydro Power Company Limited
2026042904003234,NHPC,58,81,1000,293.4,293400.0,2026-04-29,188494942,152,Naasa Securities Co. Ltd.,Aakashbhairab Securities Ltd.,2026-04-29 12:10:40.764198,National Hydro Power Company Limited
2026042904003235,NHPC,34,81,200,293.2,58640.0,2026-04-29,188494944,152,Vision Securities Pvt. Ltd,Aakashbhairab Securities Ltd.,2026-04-29 12:10:40.764346,National Hydro Power Company Limited
2026042904003236,NHPC,59,81,120,293.1,35172.0,2026-04-29,188494946,152,Deevyaa Securities & Stock House Pvt. Ltd,Aakashbhairab Securities Ltd.,2026-04-29 12:10:40.764414,National Hydro Power Company Limited
2026042904003237,NHPC,58,81,180,293.0,52740.0,2026-04-29,188494948,152,Naasa Securities Co. Ltd.,Aakashbhairab Securities Ltd.,2026-04-29 12:10:40.764484,National Hydro Power Company Limited
2026042904003238,NHPC,41,81,63,293.0,18459.0,2026-04-29,188494950,152,Linch Stock Market Ltd.,Aakashbhairab Securities Ltd.,2026-04-29 12:10:40.764548,National Hydro Power Company Limited
2026042904003239,NHPC,33,81,500,293.0,146500.0,2026-04-29,188494952,152,Dakshinkali Investment & Securities Pvt. Ltd.,Aakashbhairab Securities Ltd.,2026-04-29 12:10:40.764614,National Hydro Power Company Limited
2026042904003240,NHPC,18,81,250,293.0,73250.0,2026-04-29,188494954,152,Sagarmatha Securities Private Limited,Aakashbhairab Securities Ltd.,2026-04-29 12:10:40.764676,National Hydro Power Company Limited
2026042904003241,NHPC,58,81,54,293.0,15822.0,2026-04-29,188494955,152,Naasa Securities Co. Ltd.,Aakashbhairab Securities Ltd.,2026-04-29 12:10:40.764740,National Hydro Power Company Limited
2026042904003248,NHPC,32,58,20,295.0,5900.0,2026-04-29,188495188,152,Premier Securities Company Ltd.,Naasa Securities Co. Ltd.,2026-04-29 12:10:59.207168,National Hydro Power Company Limited
2026042904003348,NHPC,58,57,200,294.0,58800.0,2026-04-29,188497473,152,Naasa Securities Co. Ltd.,Aryatara Investment & Securities,2026-04-29 12:13:53.544601,National Hydro Power Company Limited
2026042904003355,NHPC,44,58,500,295.0,147500.0,2026-04-29,188497590,152,Dynamic Money Managers Securities Pvt. Ltd.,Naasa Securities Co. Ltd.,2026-04-29 12:14:00.762657,National Hydro Power Company Limited
2026042904003367,NHPC,22,49,11,293.1,3224.1,2026-04-29,188498157,152,Siprabi Securities Pvt. Ltd.,Online Securities Pvt. Ltd.,2026-04-29 12:14:36.166728,National Hydro Power Company Limited
2026042904003468,NHPC,44,32,100,294.0,29400.0,2026-04-29,188499469,152,Dynamic Money Managers Securities Pvt. Ltd.,Premier Securities Company Ltd.,2026-04-29 12:16:16.704584,National Hydro Power Company Limited
2026042904003496,NHPC,91,48,400,294.9,117960.0,2026-04-29,188500026,152,Citizens Share Broker Limited,Trishakti Securities Public Limited,2026-04-29 12:16:58.001356,National Hydro Power Company Limited
2026042904003505,NHPC,92,6,500,294.8,147400.0,2026-04-29,188500480,152,Roadshow securities limited,Agrawal Securities (PVT) Ltd.,2026-04-29 12:17:26.823665,National Hydro Power Company Limited
2026042904003506,NHPC,47,6,500,294.8,147400.0,2026-04-29,188500531,152,Neev Securities Pvt. Ltd.,Agrawal Securities (PVT) Ltd.,2026-04-29 12:17:30.378628,National Hydro Power Company Limited
2026042904003507,NHPC,47,48,600,294.9,176940.0,2026-04-29,188500533,152,Neev Securities Pvt. Ltd.,Trishakti Securities Public Limited,2026-04-29 12:17:30.379990,National Hydro Power Company Limited
2026042904003508,NHPC,47,58,480,295.0,141600.0,2026-04-29,188500537,152,Neev Securities Pvt. Ltd.,Naasa Securities Co. Ltd.,2026-04-29 12:17:30.381089,National Hydro Power Company Limited
2026042904003509,NHPC,47,32,50,295.0,14750.0,2026-04-29,188500539,152,Neev Securities Pvt. Ltd.,Premier Securities Company Ltd.,2026-04-29 12:17:30.382215,National Hydro Power Company Limited
2026042904003510,NHPC,47,38,200,295.0,59000.0,2026-04-29,188500541,152,Neev Securities Pvt. Ltd.,Dipshikha Dhitopatra Karobar Co. Pvt Ltd.,2026-04-29 12:17:30.383475,National Hydro Power Company Limited
2026042904003511,NHPC,47,51,62,295.0,18290.0,2026-04-29,188500543,152,Neev Securities Pvt. Ltd.,Oxford Securities Pvt. Ltd.,2026-04-29 12:17:30.384730,National Hydro Power Company Limited
