contract_id,symbol,buyer_member_id,seller_member_id,volume,price,amount,buyer_broker,seller_broker,transaction_time
2026042901000667,NICA,89,57,10,350.0,3500.0,Global IME Securities Limited,Aryatara Investment & Securities,2026-04-29 11:01:51.017946
2026042901000668,NICA,19,57,14,349.0,4886.0,Nepal Investment And Securities Trading Private Limited,Aryatara Investment & Securities,2026-04-29 11:01:51.018106
2026042901003105,NICA,25,35,20,355.0,7100.0,Sweta Securities Private Limited,Kohinoor Investment & Securities Pvt. Ltd.,2026-04-29 11:06:20.943004
2026042901003316,NICA,91,35,215,355.0,76325.0,Citizens Share Broker Limited,Kohinoor Investment & Securities Pvt. Ltd.,2026-04-29 11:06:48.372597
2026042901003819,NICA,87,35,10,355.0,3550.0,S.P.S.A. Securities Limited,Kohinoor Investment & Securities Pvt. Ltd.,2026-04-29 11:07:44.900541
2026042901003851,NICA,91,75,15,352.3,5284.5,Citizens Share Broker Limited,N.I.M.B. Stock Markets Limited,2026-04-29 11:07:50.768014
2026042901003979,NICA,91,57,580,355.0,205900.0,Citizens Share Broker Limited,Aryatara Investment & Securities,2026-04-29 11:08:12.959096
2026042901004449,NICA,17,57,20,355.0,7100.0,ABC Securities Private Limited,Aryatara Investment & Securities,2026-04-29 11:09:01.433337
2026042901005698,NICA,91,61,100,353.3,35330.0,Citizens Share Broker Limited,BHOLE GANESH SECURITIES LTD,2026-04-29 11:11:01.091555
2026042901006131,NICA,36,58,280,353.5,98980.0,Secured Securities Ltd.,Naasa Securities Co. Ltd.,2026-04-29 11:11:42.216080
2026042901006340,NICA,91,7,255,356.0,90780.0,Citizens Share Broker Limited,J.F. Securites (PVT) Ltd.,2026-04-29 11:12:02.637224
2026042901006905,NICA,49,48,10,354.1,3541.0,Online Securities Pvt. Ltd.,Trishakti Securities Public Limited,2026-04-29 11:12:57.676772
2026042901007604,NICA,32,7,100,356.0,35600.0,Premier Securities Company Ltd.,J.F. Securites (PVT) Ltd.,2026-04-29 11:14:06.840203
2026042901007792,NICA,7,7,55,356.0,19580.0,J.F. Securites (PVT) Ltd.,J.F. Securites (PVT) Ltd.,2026-04-29 11:14:27.862583
2026042901008575,NICA,13,22,50,355.0,17750.0,Thrive Brokerage House Pvt. Ltd,Siprabi Securities Pvt. Ltd.,2026-04-29 11:15:37.624578
2026042901009140,NICA,91,22,55,355.0,19525.0,Citizens Share Broker Limited,Siprabi Securities Pvt. Ltd.,2026-04-29 11:16:20.272597
2026042901010822,NICA,59,22,24,355.0,8520.0,Deevyaa Securities & Stock House Pvt. Ltd,Siprabi Securities Pvt. Ltd.,2026-04-29 11:19:12.165723
2026042901011419,NICA,49,7,10,355.1,3551.0,Online Securities Pvt. Ltd.,J.F. Securites (PVT) Ltd.,2026-04-29 11:20:19.388862
2026042901011741,NICA,54,7,146,356.0,51976.0,Sewa Securities Pvt. Ltd.,J.F. Securites (PVT) Ltd.,2026-04-29 11:20:55.197134
2026042901011868,NICA,49,7,199,356.0,70844.0,Online Securities Pvt. Ltd.,J.F. Securites (PVT) Ltd.,2026-04-29 11:21:09.506064
2026042901011869,NICA,49,50,281,357.0,100317.0,Online Securities Pvt. Ltd.,Cristal Kanchanjanga Securites Pvt. Ltd.,2026-04-29 11:21:09.506304
2026042901013224,NICA,25,7,10,356.9,3569.0,Sweta Securities Private Limited,J.F. Securites (PVT) Ltd.,2026-04-29 11:23:37.022281
2026042901013454,NICA,18,7,50,356.9,17845.0,Sagarmatha Securities Private Limited,J.F. Securites (PVT) Ltd.,2026-04-29 11:23:58.675918
2026042901014003,NICA,49,7,17,356.9,6067.3,Online Securities Pvt. Ltd.,J.F. Securites (PVT) Ltd.,2026-04-29 11:24:57.623434
2026042901015365,NICA,65,75,50,355.5,17775.0,Sharepro Securities Private Limited,N.I.M.B. Stock Markets Limited,2026-04-29 11:28:17.567732
2026042901015366,NICA,34,75,30,355.5,10665.0,Vision Securities Pvt. Ltd,N.I.M.B. Stock Markets Limited,2026-04-29 11:28:17.567897
2026042901015485,NICA,45,75,120,355.3,42636.0,Imperial Securities Company Pvt. Ltd.,N.I.M.B. Stock Markets Limited,2026-04-29 11:28:39.124329
2026042901015589,NICA,53,7,100,356.9,35690.0,Investment Management Nepal Pvt. Ltd.,J.F. Securites (PVT) Ltd.,2026-04-29 11:28:54.982686
2026042901016583,NICA,56,7,823,355.4,292494.2,Sri Hari Securities Pvt. Ltd.,J.F. Securites (PVT) Ltd.,2026-04-29 11:31:17.597401
2026042901019467,NICA,43,49,30,355.9,10677.0,South Asian Bulls Pvt. Ltd.,Online Securities Pvt. Ltd.,2026-04-29 11:38:50.586861
2026042901019468,NICA,42,49,40,355.9,14236.0,Sani Securities Company Ltd.,Online Securities Pvt. Ltd.,2026-04-29 11:38:50.587164
2026042901019469,NICA,43,49,250,355.5,88875.0,South Asian Bulls Pvt. Ltd.,Online Securities Pvt. Ltd.,2026-04-29 11:38:50.587369
2026042901019470,NICA,56,49,177,355.4,62905.8,Sri Hari Securities Pvt. Ltd.,Online Securities Pvt. Ltd.,2026-04-29 11:38:50.587553
2026042901019471,NICA,45,49,30,355.3,10659.0,Imperial Securities Company Pvt. Ltd.,Online Securities Pvt. Ltd.,2026-04-29 11:38:50.587729
2026042901019472,NICA,45,49,1000,355.3,355300.0,Imperial Securities Company Pvt. Ltd.,Online Securities Pvt. Ltd.,2026-04-29 11:38:50.587890
2026042901019473,NICA,45,49,973,355.3,345706.9,Imperial Securities Company Pvt. Ltd.,Online Securities Pvt. Ltd.,2026-04-29 11:38:50.588076
2026042901020472,NICA,14,14,50,356.5,17825.0,Nepal Stock House (PVT) Ltd.,Nepal Stock House (PVT) Ltd.,2026-04-29 11:41:35.447192
2026042901021087,NICA,43,48,150,355.4,53310.0,South Asian Bulls Pvt. Ltd.,Trishakti Securities Public Limited,2026-04-29 11:43:46.883325
2026042901021088,NICA,45,48,27,355.3,9593.1,Imperial Securities Company Pvt. Ltd.,Trishakti Securities Public Limited,2026-04-29 11:43:46.883423
2026042901021089,NICA,8,48,500,355.2,177600.0,Brilliant Securities Pvt. Ltd.,Trishakti Securities Public Limited,2026-04-29 11:43:46.883515
2026042901021090,NICA,57,48,30,355.0,10650.0,Aryatara Investment & Securities,Trishakti Securities Public Limited,2026-04-29 11:43:46.883585
2026042901021091,NICA,1,48,250,355.0,88750.0,Kumari Securities Private Limited,Trishakti Securities Public Limited,2026-04-29 11:43:46.883650
2026042901021092,NICA,8,48,1000,354.3,354300.0,Brilliant Securities Pvt. Ltd.,Trishakti Securities Public Limited,2026-04-29 11:43:46.883717
2026042901021093,NICA,91,48,43,354.2,15230.6,Citizens Share Broker Limited,Trishakti Securities Public Limited,2026-04-29 11:43:46.883787
2026042901021986,NICA,91,28,52,354.2,18418.4,Citizens Share Broker Limited,Shree Krishna Securities Ltd.,2026-04-29 11:46:39.923001
2026042901022117,NICA,91,51,351,355.0,124605.0,Citizens Share Broker Limited,Oxford Securities Pvt. Ltd.,2026-04-29 11:47:02.989270
2026042901022118,NICA,91,41,100,355.0,35500.0,Citizens Share Broker Limited,Linch Stock Market Ltd.,2026-04-29 11:47:02.989419
2026042901022119,NICA,91,85,589,355.0,209095.0,Citizens Share Broker Limited,Capital Hub P. Ltd,2026-04-29 11:47:02.989479
2026042901023333,NICA,8,39,120,355.2,42624.0,Brilliant Securities Pvt. Ltd.,Sumeru Securities Pvt. Ltd.,2026-04-29 11:51:02.542616
2026042901023452,NICA,8,33,380,355.2,134976.0,Brilliant Securities Pvt. Ltd.,Dakshinkali Investment & Securities Pvt. Ltd.,2026-04-29 11:51:25.823291
2026042901023453,NICA,91,33,500,355.1,177550.0,Citizens Share Broker Limited,Dakshinkali Investment & Securities Pvt. Ltd.,2026-04-29 11:51:25.823490
2026042901023454,NICA,45,33,1120,355.0,397600.0,Imperial Securities Company Pvt. Ltd.,Dakshinkali Investment & Securities Pvt. Ltd.,2026-04-29 11:51:25.823568
2026042901024083,NICA,58,85,11,356.0,3916.0,Naasa Securities Co. Ltd.,Capital Hub P. Ltd,2026-04-29 11:53:28.169618
2026042901024084,NICA,58,32,120,356.0,42720.0,Naasa Securities Co. Ltd.,Premier Securities Company Ltd.,2026-04-29 11:53:28.169748
2026042901024368,NICA,8,29,129,355.1,45807.9,Brilliant Securities Pvt. Ltd.,Trisul Securities & Invt. Ltd.,2026-04-29 11:54:13.612249
2026042901024655,NICA,22,32,10,356.0,3560.0,Siprabi Securities Pvt. Ltd.,Premier Securities Company Ltd.,2026-04-29 11:55:13.789811
2026042901024656,NICA,22,1,10,356.0,3560.0,Siprabi Securities Pvt. Ltd.,Kumari Securities Private Limited,2026-04-29 11:55:13.789981
2026042901025316,NICA,17,14,50,356.5,17825.0,ABC Securities Private Limited,Nepal Stock House (PVT) Ltd.,2026-04-29 11:57:19.344181
2026042901025504,NICA,71,14,279,356.5,99463.5,SHUBHAKAMANA SECURITIES PVT. LTD,Nepal Stock House (PVT) Ltd.,2026-04-29 11:57:47.536403
2026042901025505,NICA,71,43,121,356.7,43160.7,SHUBHAKAMANA SECURITIES PVT. LTD,South Asian Bulls Pvt. Ltd.,2026-04-29 11:57:47.536671
2026042901025651,NICA,71,43,36,356.7,12841.2,SHUBHAKAMANA SECURITIES PVT. LTD,South Asian Bulls Pvt. Ltd.,2026-04-29 11:58:05.230390
2026042901025724,NICA,71,14,10,356.9,3569.0,SHUBHAKAMANA SECURITIES PVT. LTD,Nepal Stock House (PVT) Ltd.,2026-04-29 11:58:14.714720
2026042901025725,NICA,71,50,219,357.0,78183.0,SHUBHAKAMANA SECURITIES PVT. LTD,Cristal Kanchanjanga Securites Pvt. Ltd.,2026-04-29 11:58:14.714811
2026042901025726,NICA,71,47,50,357.0,17850.0,SHUBHAKAMANA SECURITIES PVT. LTD,Neev Securities Pvt. Ltd.,2026-04-29 11:58:14.714874
2026042901025727,NICA,71,45,91,357.0,32487.0,SHUBHAKAMANA SECURITIES PVT. LTD,Imperial Securities Company Pvt. Ltd.,2026-04-29 11:58:14.714928
2026042901025780,NICA,71,42,100,356.7,35670.0,SHUBHAKAMANA SECURITIES PVT. LTD,Sani Securities Company Ltd.,2026-04-29 11:58:26.598589
2026042901025800,NICA,60,58,200,356.5,71300.0,Nagarik Stock Dealer ,Naasa Securities Co. Ltd.,2026-04-29 11:58:30.300002
2026042901027394,NICA,60,94,79,356.5,28163.5,Nagarik Stock Dealer ,K.B.L. Securities Limited ,2026-04-29 12:03:41.625075
2026042901027395,NICA,8,94,371,355.1,131742.1,Brilliant Securities Pvt. Ltd.,K.B.L. Securities Limited ,2026-04-29 12:03:41.625216
2026042901027396,NICA,91,94,550,355.1,195305.0,Citizens Share Broker Limited,K.B.L. Securities Limited ,2026-04-29 12:03:41.625284
2026042901027750,NICA,91,50,45,355.1,15979.5,Citizens Share Broker Limited,Cristal Kanchanjanga Securites Pvt. Ltd.,2026-04-29 12:04:41.579183
2026042901027751,NICA,64,50,277,355.1,98362.7,SUN SECURITIES PVT LTD,Cristal Kanchanjanga Securites Pvt. Ltd.,2026-04-29 12:04:41.579361
2026042901028393,NICA,74,49,20,356.7,7134.0,KALASH STOCK MARKET PVT. LTD.,Online Securities Pvt. Ltd.,2026-04-29 12:06:49.631100
2026042901028908,NICA,35,49,27,356.7,9630.9,Kohinoor Investment & Securities Pvt. Ltd.,Online Securities Pvt. Ltd.,2026-04-29 12:08:10.576886
2026042901029064,NICA,91,20,300,355.2,106560.0,Citizens Share Broker Limited,Sipla Securities Private Limited,2026-04-29 12:08:51.838224
2026042901029947,NICA,43,80,16,356.5,5704.0,South Asian Bulls Pvt. Ltd.,Indira securities pvt. ltd,2026-04-29 12:11:39.146617
2026042901030436,NICA,64,65,723,355.5,257026.5,SUN SECURITIES PVT LTD,Sharepro Securities Private Limited,2026-04-29 12:13:26.138818
2026042901030437,NICA,13,65,30,355.4,10662.0,Thrive Brokerage House Pvt. Ltd,Sharepro Securities Private Limited,2026-04-29 12:13:26.139120
2026042901030438,NICA,91,65,195,355.2,69264.0,Citizens Share Broker Limited,Sharepro Securities Private Limited,2026-04-29 12:13:26.139314
2026042901030439,NICA,91,65,52,355.2,18470.4,Citizens Share Broker Limited,Sharepro Securities Private Limited,2026-04-29 12:13:26.139503
2026042901030559,NICA,71,65,1000,356.0,356000.0,SHUBHAKAMANA SECURITIES PVT. LTD,Sharepro Securities Private Limited,2026-04-29 12:13:57.127493
2026042901030560,NICA,71,80,284,356.5,101246.0,SHUBHAKAMANA SECURITIES PVT. LTD,Indira securities pvt. ltd,2026-04-29 12:13:57.127534
2026042901030561,NICA,71,37,800,356.5,285200.0,SHUBHAKAMANA SECURITIES PVT. LTD,Swarna Laxmi Securities Pvt. Ltd.,2026-04-29 12:13:57.127556
2026042901030562,NICA,71,42,100,356.5,35650.0,SHUBHAKAMANA SECURITIES PVT. LTD,Sani Securities Company Ltd.,2026-04-29 12:13:57.127577
2026042901030690,NICA,91,74,80,355.2,28416.0,Citizens Share Broker Limited,KALASH STOCK MARKET PVT. LTD.,2026-04-29 12:14:12.164620
2026042901030702,NICA,71,1,81,356.0,28836.0,SHUBHAKAMANA SECURITIES PVT. LTD,Kumari Securities Private Limited,2026-04-29 12:14:13.529970
2026042901031638,NICA,51,41,100,356.0,35600.0,Oxford Securities Pvt. Ltd.,Linch Stock Market Ltd.,2026-04-29 12:17:34.045561
2026042901031797,NICA,91,34,38,355.2,13497.6,Citizens Share Broker Limited,Vision Securities Pvt. Ltd,2026-04-29 12:18:07.726259
2026042901031798,NICA,91,34,362,355.2,128582.4,Citizens Share Broker Limited,Vision Securities Pvt. Ltd,2026-04-29 12:18:07.726565
2026042901031860,NICA,71,41,400,356.0,142400.0,SHUBHAKAMANA SECURITIES PVT. LTD,Linch Stock Market Ltd.,2026-04-29 12:18:21.391990
2026042901031861,NICA,71,1,140,356.0,49840.0,SHUBHAKAMANA SECURITIES PVT. LTD,Kumari Securities Private Limited,2026-04-29 12:18:21.392103
2026042901031862,NICA,71,45,50,356.6,17830.0,SHUBHAKAMANA SECURITIES PVT. LTD,Imperial Securities Company Pvt. Ltd.,2026-04-29 12:18:21.392180
2026042901031863,NICA,71,49,53,356.7,18905.1,SHUBHAKAMANA SECURITIES PVT. LTD,Online Securities Pvt. Ltd.,2026-04-29 12:18:21.392237
2026042901032144,NICA,91,49,233,355.2,82761.6,Citizens Share Broker Limited,Online Securities Pvt. Ltd.,2026-04-29 12:19:18.236384
2026042901032145,NICA,33,49,500,355.2,177600.0,Dakshinkali Investment & Securities Pvt. Ltd.,Online Securities Pvt. Ltd.,2026-04-29 12:19:18.236678
2026042901032146,NICA,91,49,595,355.2,211344.0,Citizens Share Broker Limited,Online Securities Pvt. Ltd.,2026-04-29 12:19:18.236867
2026042901032147,NICA,28,49,500,355.1,177550.0,Shree Krishna Securities Ltd.,Online Securities Pvt. Ltd.,2026-04-29 12:19:18.237076
2026042901032148,NICA,45,49,1880,355.0,667400.0,Imperial Securities Company Pvt. Ltd.,Online Securities Pvt. Ltd.,2026-04-29 12:19:18.237266
2026042901032149,NICA,58,49,250,355.0,88750.0,Naasa Securities Co. Ltd.,Online Securities Pvt. Ltd.,2026-04-29 12:19:18.237444
2026042901032150,NICA,41,49,42,355.0,14910.0,Linch Stock Market Ltd.,Online Securities Pvt. Ltd.,2026-04-29 12:19:18.237630
2026042901032682,NICA,41,49,58,355.0,20590.0,Linch Stock Market Ltd.,Online Securities Pvt. Ltd.,2026-04-29 12:21:05.878006
2026042901032683,NICA,45,49,50,355.0,17750.0,Imperial Securities Company Pvt. Ltd.,Online Securities Pvt. Ltd.,2026-04-29 12:21:05.878329
2026042901032781,NICA,3,49,85,355.0,30175.0,Arun Securities (PVT) Ltd.,Online Securities Pvt. Ltd.,2026-04-29 12:21:29.991286
2026042901032874,NICA,89,16,10,356.7,3567.0,Global IME Securities Limited,Primo Securities (PVT) Ltd.,2026-04-29 12:21:51.781711
2026042901033251,NICA,91,38,10,355.1,3551.0,Citizens Share Broker Limited,Dipshikha Dhitopatra Karobar Co. Pvt Ltd.,2026-04-29 12:22:56.038039
2026042901034020,NICA,71,16,190,356.7,67773.0,SHUBHAKAMANA SECURITIES PVT. LTD,Primo Securities (PVT) Ltd.,2026-04-29 12:25:25.543199
2026042901034063,NICA,71,58,97,356.7,34599.9,SHUBHAKAMANA SECURITIES PVT. LTD,Naasa Securities Co. Ltd.,2026-04-29 12:25:36.284166
2026042901034127,NICA,71,38,91,356.8,32468.8,SHUBHAKAMANA SECURITIES PVT. LTD,Dipshikha Dhitopatra Karobar Co. Pvt Ltd.,2026-04-29 12:25:41.353996
2026042901034386,NICA,51,49,10,355.2,3552.0,Oxford Securities Pvt. Ltd.,Online Securities Pvt. Ltd.,2026-04-29 12:26:10.954304
2026042901034387,NICA,51,49,15,355.2,5328.0,Oxford Securities Pvt. Ltd.,Online Securities Pvt. Ltd.,2026-04-29 12:26:10.954617
2026042901034388,NICA,91,49,585,355.1,207733.5,Citizens Share Broker Limited,Online Securities Pvt. Ltd.,2026-04-29 12:26:10.954810
2026042901034389,NICA,91,49,595,355.1,211284.5,Citizens Share Broker Limited,Online Securities Pvt. Ltd.,2026-04-29 12:26:10.954997
2026042901034390,NICA,25,49,100,355.1,35510.0,Sweta Securities Private Limited,Online Securities Pvt. Ltd.,2026-04-29 12:26:10.955195
2026042901034391,NICA,3,49,195,355.0,69225.0,Arun Securities (PVT) Ltd.,Online Securities Pvt. Ltd.,2026-04-29 12:26:10.955385
2026042901035261,NICA,3,58,10,355.0,3550.0,Arun Securities (PVT) Ltd.,Naasa Securities Co. Ltd.,2026-04-29 12:29:28.366350
2026042901035571,NICA,3,62,210,355.0,74550.0,Arun Securities (PVT) Ltd.,Capital Max Securities Ltd,2026-04-29 12:30:18.170873
2026042901035572,NICA,71,62,1000,355.0,355000.0,SHUBHAKAMANA SECURITIES PVT. LTD,Capital Max Securities Ltd,2026-04-29 12:30:18.171217
2026042901035573,NICA,34,62,10,355.0,3550.0,Vision Securities Pvt. Ltd,Capital Max Securities Ltd,2026-04-29 12:30:18.171417
2026042901036018,NICA,71,62,299,355.0,106145.0,SHUBHAKAMANA SECURITIES PVT. LTD,Capital Max Securities Ltd,2026-04-29 12:32:00.605034
2026042901039088,NICA,58,46,100,355.1,35510.0,Naasa Securities Co. Ltd.,Kalika Securities Pvt. Ltd.,2026-04-29 12:45:10.462298
2026042901039089,NICA,3,46,500,355.0,177500.0,Arun Securities (PVT) Ltd.,Kalika Securities Pvt. Ltd.,2026-04-29 12:45:10.462696
2026042901039090,NICA,51,46,20,355.0,7100.0,Oxford Securities Pvt. Ltd.,Kalika Securities Pvt. Ltd.,2026-04-29 12:45:10.462910
2026042901039091,NICA,71,46,280,355.0,99400.0,SHUBHAKAMANA SECURITIES PVT. LTD,Kalika Securities Pvt. Ltd.,2026-04-29 12:45:10.463154
2026042901039415,NICA,78,52,7,350.0,2450.0,Garima Securities Limited,Sundhara Securities Limited,2026-04-29 12:47:09.767482
2026042901039474,NICA,78,3,1,350.0,350.0,Garima Securities Limited,Arun Securities (PVT) Ltd.,2026-04-29 12:47:28.131572
2026042901039502,NICA,71,62,720,355.0,255600.0,SHUBHAKAMANA SECURITIES PVT. LTD,Capital Max Securities Ltd,2026-04-29 12:47:40.089642
2026042901039503,NICA,6,62,10,355.0,3550.0,Agrawal Securities (PVT) Ltd.,Capital Max Securities Ltd,2026-04-29 12:47:40.089984
2026042901039504,NICA,49,62,30,355.0,10650.0,Online Securities Pvt. Ltd.,Capital Max Securities Ltd,2026-04-29 12:47:40.090224
2026042901039506,NICA,78,47,1,350.0,350.0,Garima Securities Limited,Neev Securities Pvt. Ltd.,2026-04-29 12:47:41.047596
2026042901039556,NICA,78,58,5,354.0,1770.0,Garima Securities Limited,Naasa Securities Co. Ltd.,2026-04-29 12:48:06.295502
2026042901039742,NICA,57,62,200,355.0,71000.0,Aryatara Investment & Securities,Capital Max Securities Ltd,2026-04-29 12:49:20.916955
2026042901039804,NICA,91,62,40,355.0,14200.0,Citizens Share Broker Limited,Capital Max Securities Ltd,2026-04-29 12:49:41.288737
2026042901039805,NICA,91,58,150,355.0,53250.0,Citizens Share Broker Limited,Naasa Securities Co. Ltd.,2026-04-29 12:49:41.289082
2026042901039938,NICA,91,62,19,355.0,6745.0,Citizens Share Broker Limited,Capital Max Securities Ltd,2026-04-29 12:50:27.518951
2026042901039959,NICA,58,38,10,356.5,3565.0,Naasa Securities Co. Ltd.,Dipshikha Dhitopatra Karobar Co. Pvt Ltd.,2026-04-29 12:50:37.308229
2026042901040361,NICA,91,49,86,355.0,30530.0,Citizens Share Broker Limited,Online Securities Pvt. Ltd.,2026-04-29 12:52:49.666722
2026042901040362,NICA,91,49,295,355.0,104725.0,Citizens Share Broker Limited,Online Securities Pvt. Ltd.,2026-04-29 12:52:49.667099
2026042901040363,NICA,43,49,200,354.5,70900.0,South Asian Bulls Pvt. Ltd.,Online Securities Pvt. Ltd.,2026-04-29 12:52:49.667340
2026042901040364,NICA,28,49,300,354.1,106230.0,Shree Krishna Securities Ltd.,Online Securities Pvt. Ltd.,2026-04-29 12:52:49.667576
2026042901040365,NICA,49,49,100,354.0,35400.0,Online Securities Pvt. Ltd.,Online Securities Pvt. Ltd.,2026-04-29 12:52:49.667802
2026042901040366,NICA,42,49,54,354.0,19116.0,Sani Securities Company Ltd.,Online Securities Pvt. Ltd.,2026-04-29 12:52:49.668067
2026042901040367,NICA,56,49,100,354.0,35400.0,Sri Hari Securities Pvt. Ltd.,Online Securities Pvt. Ltd.,2026-04-29 12:52:49.668383
2026042901040368,NICA,6,49,564,354.0,199656.0,Agrawal Securities (PVT) Ltd.,Online Securities Pvt. Ltd.,2026-04-29 12:52:49.668684
2026042901040531,NICA,43,38,17,353.8,6014.6,South Asian Bulls Pvt. Ltd.,Dipshikha Dhitopatra Karobar Co. Pvt Ltd.,2026-04-29 12:53:50.125359
2026042901041077,NICA,71,26,372,355.0,132060.0,SHUBHAKAMANA SECURITIES PVT. LTD,Asian Securities Private Ltd.,2026-04-29 12:56:48.286820
2026042901041103,NICA,42,49,1,353.8,353.8,Sani Securities Company Ltd.,Online Securities Pvt. Ltd.,2026-04-29 12:57:04.503562
2026042901041507,NICA,48,38,28,356.5,9982.0,Trishakti Securities Public Limited,Dipshikha Dhitopatra Karobar Co. Pvt Ltd.,2026-04-29 12:59:22.158065
2026042901041658,NICA,64,38,62,356.5,22103.0,SUN SECURITIES PVT LTD,Dipshikha Dhitopatra Karobar Co. Pvt Ltd.,2026-04-29 13:00:20.549391
2026042901041832,NICA,34,4,56,357.0,19992.0,Vision Securities Pvt. Ltd,Opal Securities Investment (PVT) Ltd.,2026-04-29 13:01:15.166998
2026042901042031,NICA,49,16,100,356.9,35690.0,Online Securities Pvt. Ltd.,Primo Securities (PVT) Ltd.,2026-04-29 13:02:19.735819
2026042901042039,NICA,64,49,83,356.5,29589.5,SUN SECURITIES PVT LTD,Online Securities Pvt. Ltd.,2026-04-29 13:02:22.908431
2026042901042362,NICA,35,49,25,355.0,8875.0,Kohinoor Investment & Securities Pvt. Ltd.,Online Securities Pvt. Ltd.,2026-04-29 13:04:23.954853
2026042901042363,NICA,6,49,565,355.0,200575.0,Agrawal Securities (PVT) Ltd.,Online Securities Pvt. Ltd.,2026-04-29 13:04:23.955218
2026042901042364,NICA,89,49,100,354.0,35400.0,Global IME Securities Limited,Online Securities Pvt. Ltd.,2026-04-29 13:04:23.955445
2026042901042365,NICA,43,49,83,353.8,29365.4,South Asian Bulls Pvt. Ltd.,Online Securities Pvt. Ltd.,2026-04-29 13:04:23.955673
2026042901042366,NICA,41,49,100,353.8,35380.0,Linch Stock Market Ltd.,Online Securities Pvt. Ltd.,2026-04-29 13:04:23.955917
2026042901042367,NICA,45,49,40,353.8,14152.0,Imperial Securities Company Pvt. Ltd.,Online Securities Pvt. Ltd.,2026-04-29 13:04:23.956145
2026042901042368,NICA,51,49,50,353.8,17690.0,Oxford Securities Pvt. Ltd.,Online Securities Pvt. Ltd.,2026-04-29 13:04:23.956348
2026042901042369,NICA,28,49,500,353.7,176850.0,Shree Krishna Securities Ltd.,Online Securities Pvt. Ltd.,2026-04-29 13:04:23.956553
2026042901042370,NICA,42,49,500,353.7,176850.0,Sani Securities Company Ltd.,Online Securities Pvt. Ltd.,2026-04-29 13:04:23.956763
2026042901042371,NICA,36,49,20,353.5,7070.0,Secured Securities Ltd.,Online Securities Pvt. Ltd.,2026-04-29 13:04:23.956982
2026042901042372,NICA,3,49,577,353.5,203969.5,Arun Securities (PVT) Ltd.,Online Securities Pvt. Ltd.,2026-04-29 13:04:23.957204
2026042901043432,NICA,64,52,1000,354.0,354000.0,SUN SECURITIES PVT LTD,Sundhara Securities Limited,2026-04-29 13:09:07.793526
2026042901043922,NICA,42,42,20,356.3,7126.0,Sani Securities Company Ltd.,Sani Securities Company Ltd.,2026-04-29 13:12:07.185593
2026042901044246,NICA,71,52,137,353.7,48456.9,SHUBHAKAMANA SECURITIES PVT. LTD,Sundhara Securities Limited,2026-04-29 13:13:28.861049
2026042901044247,NICA,8,52,363,353.6,128356.8,Brilliant Securities Pvt. Ltd.,Sundhara Securities Limited,2026-04-29 13:13:28.861388
2026042901044801,NICA,8,36,137,353.6,48443.2,Brilliant Securities Pvt. Ltd.,Secured Securities Ltd.,2026-04-29 13:16:28.330234
2026042901044802,NICA,3,36,423,353.5,149530.5,Arun Securities (PVT) Ltd.,Secured Securities Ltd.,2026-04-29 13:16:28.330418
2026042901044803,NICA,42,36,25,353.0,8825.0,Sani Securities Company Ltd.,Secured Securities Ltd.,2026-04-29 13:16:28.330493
2026042901044804,NICA,58,36,24,353.0,8472.0,Naasa Securities Co. Ltd.,Secured Securities Ltd.,2026-04-29 13:16:28.330570
2026042901044805,NICA,42,36,200,353.0,70600.0,Sani Securities Company Ltd.,Secured Securities Ltd.,2026-04-29 13:16:28.330645
2026042901044806,NICA,49,36,50,353.0,17650.0,Online Securities Pvt. Ltd.,Secured Securities Ltd.,2026-04-29 13:16:28.330718
2026042901044807,NICA,41,36,200,353.0,70600.0,Linch Stock Market Ltd.,Secured Securities Ltd.,2026-04-29 13:16:28.330789
2026042901044808,NICA,45,36,50,353.0,17650.0,Imperial Securities Company Pvt. Ltd.,Secured Securities Ltd.,2026-04-29 13:16:28.330862
2026042901044809,NICA,22,36,71,353.0,25063.0,Siprabi Securities Pvt. Ltd.,Secured Securities Ltd.,2026-04-29 13:16:28.330931
2026042901044810,NICA,41,36,50,353.0,17650.0,Linch Stock Market Ltd.,Secured Securities Ltd.,2026-04-29 13:16:28.331001
2026042901044811,NICA,41,36,50,353.0,17650.0,Linch Stock Market Ltd.,Secured Securities Ltd.,2026-04-29 13:16:28.331107
2026042901044812,NICA,38,36,100,353.0,35300.0,Dipshikha Dhitopatra Karobar Co. Pvt Ltd.,Secured Securities Ltd.,2026-04-29 13:16:28.331174
2026042901044813,NICA,8,36,1000,352.3,352300.0,Brilliant Securities Pvt. Ltd.,Secured Securities Ltd.,2026-04-29 13:16:28.331242
2026042901044814,NICA,21,36,200,352.2,70440.0,Midas Stock Broking Company Private Limited,Secured Securities Ltd.,2026-04-29 13:16:28.331312
2026042901045296,NICA,96,45,12,352.3,4227.6,Himalayan Securities Limited,Imperial Securities Company Pvt. Ltd.,2026-04-29 13:19:40.488313
2026042901045345,NICA,96,58,488,352.3,171922.4,Himalayan Securities Limited,Naasa Securities Co. Ltd.,2026-04-29 13:19:56.712926
2026042901045346,NICA,21,58,32,352.2,11270.4,Midas Stock Broking Company Private Limited,Naasa Securities Co. Ltd.,2026-04-29 13:19:56.713114
2026042901045347,NICA,5,58,278,352.2,97911.6,Market Securities & Exchange (PVT) Ltd.,Naasa Securities Co. Ltd.,2026-04-29 13:19:56.713189
2026042901045348,NICA,49,58,202,352.0,71104.0,Online Securities Pvt. Ltd.,Naasa Securities Co. Ltd.,2026-04-29 13:19:56.713262
2026042901046303,NICA,8,46,210,352.2,73962.0,Brilliant Securities Pvt. Ltd.,Kalika Securities Pvt. Ltd.,2026-04-29 13:24:38.928157
2026042901046371,NICA,8,45,200,352.2,70440.0,Brilliant Securities Pvt. Ltd.,Imperial Securities Company Pvt. Ltd.,2026-04-29 13:25:13.121521
2026042901047431,NICA,71,57,100,352.4,35240.0,SHUBHAKAMANA SECURITIES PVT. LTD,Aryatara Investment & Securities,2026-04-29 13:31:02.151618
2026042901048558,NICA,56,45,109,352.7,38444.3,Sri Hari Securities Pvt. Ltd.,Imperial Securities Company Pvt. Ltd.,2026-04-29 13:37:45.244596
2026042901048702,NICA,45,47,100,353.5,35350.0,Imperial Securities Company Pvt. Ltd.,Neev Securities Pvt. Ltd.,2026-04-29 13:39:00.277237
2026042901048750,NICA,45,1,109,354.0,38586.0,Imperial Securities Company Pvt. Ltd.,Kumari Securities Private Limited,2026-04-29 13:39:12.511674
2026042901048751,NICA,45,14,200,354.0,70800.0,Imperial Securities Company Pvt. Ltd.,Nepal Stock House (PVT) Ltd.,2026-04-29 13:39:12.511874
2026042901048752,NICA,45,14,100,354.0,35400.0,Imperial Securities Company Pvt. Ltd.,Nepal Stock House (PVT) Ltd.,2026-04-29 13:39:12.511955
2026042901048753,NICA,45,45,2000,354.0,708000.0,Imperial Securities Company Pvt. Ltd.,Imperial Securities Company Pvt. Ltd.,2026-04-29 13:39:12.512036
2026042901048754,NICA,45,45,591,354.0,209214.0,Imperial Securities Company Pvt. Ltd.,Imperial Securities Company Pvt. Ltd.,2026-04-29 13:39:12.512115
2026042901048840,NICA,59,45,10,354.0,3540.0,Deevyaa Securities & Stock House Pvt. Ltd,Imperial Securities Company Pvt. Ltd.,2026-04-29 13:39:48.740623
2026042901048853,NICA,57,45,399,354.0,141246.0,Aryatara Investment & Securities,Imperial Securities Company Pvt. Ltd.,2026-04-29 13:39:52.345895
2026042901048901,NICA,57,59,601,354.5,213054.5,Aryatara Investment & Securities,Deevyaa Securities & Stock House Pvt. Ltd,2026-04-29 13:40:08.383514
2026042901049010,NICA,94,59,99,354.5,35095.5,K.B.L. Securities Limited ,Deevyaa Securities & Stock House Pvt. Ltd,2026-04-29 13:40:53.256109
2026042901049011,NICA,94,58,401,355.0,142355.0,K.B.L. Securities Limited ,Naasa Securities Co. Ltd.,2026-04-29 13:40:53.256451
2026042901049016,NICA,56,58,999,355.0,354645.0,Sri Hari Securities Pvt. Ltd.,Naasa Securities Co. Ltd.,2026-04-29 13:40:54.229440
2026042901049017,NICA,56,58,1100,355.0,390500.0,Sri Hari Securities Pvt. Ltd.,Naasa Securities Co. Ltd.,2026-04-29 13:40:54.229779
2026042901049040,NICA,56,58,300,355.0,106500.0,Sri Hari Securities Pvt. Ltd.,Naasa Securities Co. Ltd.,2026-04-29 13:41:04.561965
2026042901049041,NICA,56,58,200,355.0,71000.0,Sri Hari Securities Pvt. Ltd.,Naasa Securities Co. Ltd.,2026-04-29 13:41:04.562161
2026042901049048,NICA,71,58,1000,355.0,355000.0,SHUBHAKAMANA SECURITIES PVT. LTD,Naasa Securities Co. Ltd.,2026-04-29 13:41:07.340743
2026042901049135,NICA,94,36,400,356.5,142600.0,K.B.L. Securities Limited ,Secured Securities Ltd.,2026-04-29 13:41:41.628373
2026042901049402,NICA,45,36,4500,356.5,1604250.0,Imperial Securities Company Pvt. Ltd.,Secured Securities Ltd.,2026-04-29 13:42:48.271675
2026042901049483,NICA,45,36,100,356.5,35650.0,Imperial Securities Company Pvt. Ltd.,Secured Securities Ltd.,2026-04-29 13:43:20.245336
2026042901049484,NICA,45,38,100,356.5,35650.0,Imperial Securities Company Pvt. Ltd.,Dipshikha Dhitopatra Karobar Co. Pvt Ltd.,2026-04-29 13:43:20.245523
2026042901049485,NICA,45,49,67,356.8,23905.6,Imperial Securities Company Pvt. Ltd.,Online Securities Pvt. Ltd.,2026-04-29 13:43:20.245610
2026042901049486,NICA,45,25,1933,356.8,689694.4,Imperial Securities Company Pvt. Ltd.,Sweta Securities Private Limited,2026-04-29 13:43:20.245691
2026042901049586,NICA,71,14,400,355.0,142000.0,SHUBHAKAMANA SECURITIES PVT. LTD,Nepal Stock House (PVT) Ltd.,2026-04-29 13:43:51.834127
2026042901050623,NICA,45,22,35,356.7,12484.5,Imperial Securities Company Pvt. Ltd.,Siprabi Securities Pvt. Ltd.,2026-04-29 13:49:38.693094
2026042901050624,NICA,45,25,67,356.8,23905.6,Imperial Securities Company Pvt. Ltd.,Sweta Securities Private Limited,2026-04-29 13:49:38.693287
2026042901050625,NICA,45,59,398,356.8,142006.4,Imperial Securities Company Pvt. Ltd.,Deevyaa Securities & Stock House Pvt. Ltd,2026-04-29 13:49:38.693375
2026042901050681,NICA,45,16,200,356.9,71380.0,Imperial Securities Company Pvt. Ltd.,Primo Securities (PVT) Ltd.,2026-04-29 13:49:53.222184
2026042901050682,NICA,45,4,444,357.0,158508.0,Imperial Securities Company Pvt. Ltd.,Opal Securities Investment (PVT) Ltd.,2026-04-29 13:49:53.222578
2026042901050683,NICA,45,45,356,357.0,127092.0,Imperial Securities Company Pvt. Ltd.,Imperial Securities Company Pvt. Ltd.,2026-04-29 13:49:53.222826
2026042901050752,NICA,45,45,94,357.0,33558.0,Imperial Securities Company Pvt. Ltd.,Imperial Securities Company Pvt. Ltd.,2026-04-29 13:50:16.445660
2026042901050753,NICA,45,47,150,358.0,53700.0,Imperial Securities Company Pvt. Ltd.,Neev Securities Pvt. Ltd.,2026-04-29 13:50:16.445846
2026042901050754,NICA,45,35,220,358.0,78760.0,Imperial Securities Company Pvt. Ltd.,Kohinoor Investment & Securities Pvt. Ltd.,2026-04-29 13:50:16.445927
2026042901050755,NICA,45,58,200,358.0,71600.0,Imperial Securities Company Pvt. Ltd.,Naasa Securities Co. Ltd.,2026-04-29 13:50:16.446009
2026042901050756,NICA,45,5,149,358.0,53342.0,Imperial Securities Company Pvt. Ltd.,Market Securities & Exchange (PVT) Ltd.,2026-04-29 13:50:16.446099
2026042901050757,NICA,45,57,100,358.0,35800.0,Imperial Securities Company Pvt. Ltd.,Aryatara Investment & Securities,2026-04-29 13:50:16.446176
2026042901050758,NICA,45,58,10,358.0,3580.0,Imperial Securities Company Pvt. Ltd.,Naasa Securities Co. Ltd.,2026-04-29 13:50:16.446254
2026042901050759,NICA,45,35,77,358.0,27566.0,Imperial Securities Company Pvt. Ltd.,Kohinoor Investment & Securities Pvt. Ltd.,2026-04-29 13:50:16.446332
2026042901050983,NICA,38,35,10,358.0,3580.0,Dipshikha Dhitopatra Karobar Co. Pvt Ltd.,Kohinoor Investment & Securities Pvt. Ltd.,2026-04-29 13:51:26.999177
2026042901051887,NICA,59,44,153,355.0,54315.0,Deevyaa Securities & Stock House Pvt. Ltd,Dynamic Money Managers Securities Pvt. Ltd.,2026-04-29 13:56:42.345015
2026042901051893,NICA,59,56,127,355.0,45085.0,Deevyaa Securities & Stock House Pvt. Ltd,Sri Hari Securities Pvt. Ltd.,2026-04-29 13:56:46.054768
2026042901051894,NICA,21,56,100,355.0,35500.0,Midas Stock Broking Company Private Limited,Sri Hari Securities Pvt. Ltd.,2026-04-29 13:56:46.055043
2026042901051895,NICA,64,56,50,355.0,17750.0,SUN SECURITIES PVT LTD,Sri Hari Securities Pvt. Ltd.,2026-04-29 13:56:46.055138
2026042901051938,NICA,13,38,10,353.5,3535.0,Thrive Brokerage House Pvt. Ltd,Dipshikha Dhitopatra Karobar Co. Pvt Ltd.,2026-04-29 13:57:10.430961
2026042901051939,NICA,56,38,10,353.2,3532.0,Sri Hari Securities Pvt. Ltd.,Dipshikha Dhitopatra Karobar Co. Pvt Ltd.,2026-04-29 13:57:10.431358
2026042901051949,NICA,56,56,153,355.0,54315.0,Sri Hari Securities Pvt. Ltd.,Sri Hari Securities Pvt. Ltd.,2026-04-29 13:57:18.181634
2026042901051970,NICA,56,58,23,353.2,8123.6,Sri Hari Securities Pvt. Ltd.,Naasa Securities Co. Ltd.,2026-04-29 13:57:25.002060
2026042901052507,NICA,56,11,858,353.2,303045.6,Sri Hari Securities Pvt. Ltd.,Malla & Malla Stock Broking Company Pvt. Limited,2026-04-29 14:00:40.211594
2026042901052508,NICA,71,11,900,353.2,317880.0,SHUBHAKAMANA SECURITIES PVT. LTD,Malla & Malla Stock Broking Company Pvt. Limited,2026-04-29 14:00:40.211986
2026042901052509,NICA,45,11,242,353.2,85474.4,Imperial Securities Company Pvt. Ltd.,Malla & Malla Stock Broking Company Pvt. Limited,2026-04-29 14:00:40.212288
2026042901052720,NICA,13,25,3,345.0,1035.0,Thrive Brokerage House Pvt. Ltd,Sweta Securities Private Limited,2026-04-29 14:02:06.356455
2026042901053411,NICA,49,35,13,354.0,4602.0,Online Securities Pvt. Ltd.,Kohinoor Investment & Securities Pvt. Ltd.,2026-04-29 14:06:19.929096
2026042901053705,NICA,4,56,30,356.0,10680.0,Opal Securities Investment (PVT) Ltd.,Sri Hari Securities Pvt. Ltd.,2026-04-29 14:08:28.146397
2026042901054222,NICA,56,56,170,353.3,60061.0,Sri Hari Securities Pvt. Ltd.,Sri Hari Securities Pvt. Ltd.,2026-04-29 14:11:53.390074
2026042901055433,NICA,45,39,500,355.0,177500.0,Imperial Securities Company Pvt. Ltd.,Sumeru Securities Pvt. Ltd.,2026-04-29 14:19:00.974082
2026042901055451,NICA,45,64,10,355.9,3559.0,Imperial Securities Company Pvt. Ltd.,SUN SECURITIES PVT LTD,2026-04-29 14:19:09.058739
2026042901055646,NICA,56,57,200,353.6,70720.0,Sri Hari Securities Pvt. Ltd.,Aryatara Investment & Securities,2026-04-29 14:19:59.395752
2026042901055692,NICA,17,57,800,353.6,282880.0,ABC Securities Private Limited,Aryatara Investment & Securities,2026-04-29 14:20:15.146802
2026042901055809,NICA,58,64,10,355.9,3559.0,Naasa Securities Co. Ltd.,SUN SECURITIES PVT LTD,2026-04-29 14:21:06.525502
2026042901056527,NICA,21,65,100,355.7,35570.0,Midas Stock Broking Company Private Limited,Sharepro Securities Private Limited,2026-04-29 14:24:46.970697
2026042901056964,NICA,58,47,250,354.1,88525.0,Naasa Securities Co. Ltd.,Neev Securities Pvt. Ltd.,2026-04-29 14:26:39.511045
2026042901057055,NICA,52,47,115,354.0,40710.0,Sundhara Securities Limited,Neev Securities Pvt. Ltd.,2026-04-29 14:26:58.573553
2026042901057056,NICA,8,47,93,353.7,32894.1,Brilliant Securities Pvt. Ltd.,Neev Securities Pvt. Ltd.,2026-04-29 14:26:58.573748
2026042901057207,NICA,8,6,907,353.7,320805.9,Brilliant Securities Pvt. Ltd.,Agrawal Securities (PVT) Ltd.,2026-04-29 14:27:33.437599
2026042901057208,NICA,56,6,200,353.6,70720.0,Sri Hari Securities Pvt. Ltd.,Agrawal Securities (PVT) Ltd.,2026-04-29 14:27:33.437646
2026042901057209,NICA,42,6,500,353.6,176800.0,Sani Securities Company Ltd.,Agrawal Securities (PVT) Ltd.,2026-04-29 14:27:33.437671
2026042901057210,NICA,56,6,200,353.5,70700.0,Sri Hari Securities Pvt. Ltd.,Agrawal Securities (PVT) Ltd.,2026-04-29 14:27:33.437695
2026042901057211,NICA,13,6,10,353.5,3535.0,Thrive Brokerage House Pvt. Ltd,Agrawal Securities (PVT) Ltd.,2026-04-29 14:27:33.437722
2026042901057212,NICA,56,6,200,353.5,70700.0,Sri Hari Securities Pvt. Ltd.,Agrawal Securities (PVT) Ltd.,2026-04-29 14:27:33.437744
2026042901057213,NICA,58,6,1000,353.5,353500.0,Naasa Securities Co. Ltd.,Agrawal Securities (PVT) Ltd.,2026-04-29 14:27:33.437766
2026042901057214,NICA,41,6,70,353.5,24745.0,Linch Stock Market Ltd.,Agrawal Securities (PVT) Ltd.,2026-04-29 14:27:33.437791
2026042901057215,NICA,3,6,913,353.5,322745.5,Arun Securities (PVT) Ltd.,Agrawal Securities (PVT) Ltd.,2026-04-29 14:27:33.437811
2026042901057367,NICA,3,49,87,353.5,30754.5,Arun Securities (PVT) Ltd.,Online Securities Pvt. Ltd.,2026-04-29 14:28:02.306476
2026042901057368,NICA,45,49,63,353.5,22270.5,Imperial Securities Company Pvt. Ltd.,Online Securities Pvt. Ltd.,2026-04-29 14:28:02.306876
2026042901057425,NICA,45,65,937,353.5,331229.5,Imperial Securities Company Pvt. Ltd.,Sharepro Securities Private Limited,2026-04-29 14:28:22.149523
2026042901057426,NICA,45,65,1000,353.5,353500.0,Imperial Securities Company Pvt. Ltd.,Sharepro Securities Private Limited,2026-04-29 14:28:22.149943
2026042901057445,NICA,62,65,63,353.5,22270.5,Capital Max Securities Ltd,Sharepro Securities Private Limited,2026-04-29 14:28:27.415409
2026042901057463,NICA,71,49,54,354.0,19116.0,SHUBHAKAMANA SECURITIES PVT. LTD,Online Securities Pvt. Ltd.,2026-04-29 14:28:32.280344
2026042901057513,NICA,71,49,204,354.0,72216.0,SHUBHAKAMANA SECURITIES PVT. LTD,Online Securities Pvt. Ltd.,2026-04-29 14:28:40.632535
2026042901057514,NICA,71,6,45,355.6,16002.0,SHUBHAKAMANA SECURITIES PVT. LTD,Agrawal Securities (PVT) Ltd.,2026-04-29 14:28:40.632630
2026042901057999,NICA,45,65,791,355.5,281200.5,Imperial Securities Company Pvt. Ltd.,Sharepro Securities Private Limited,2026-04-29 14:30:41.952705
2026042901058083,NICA,45,59,39,354.1,13809.9,Imperial Securities Company Pvt. Ltd.,Deevyaa Securities & Stock House Pvt. Ltd,2026-04-29 14:31:08.529824
2026042901058399,NICA,45,6,170,354.1,60197.0,Imperial Securities Company Pvt. Ltd.,Agrawal Securities (PVT) Ltd.,2026-04-29 14:32:31.377383
2026042901058400,NICA,32,6,200,354.0,70800.0,Premier Securities Company Ltd.,Agrawal Securities (PVT) Ltd.,2026-04-29 14:32:31.377800
2026042901058952,NICA,34,4,20,353.7,7074.0,Vision Securities Pvt. Ltd,Opal Securities Investment (PVT) Ltd.,2026-04-29 14:34:22.152508
2026042901058953,NICA,45,4,341,353.6,120577.6,Imperial Securities Company Pvt. Ltd.,Opal Securities Investment (PVT) Ltd.,2026-04-29 14:34:22.152748
2026042901059201,NICA,45,14,10,355.7,3557.0,Imperial Securities Company Pvt. Ltd.,Nepal Stock House (PVT) Ltd.,2026-04-29 14:35:25.497811
2026042901059715,NICA,45,62,125,354.0,44250.0,Imperial Securities Company Pvt. Ltd.,Capital Max Securities Ltd,2026-04-29 14:37:36.663058
2026042901059716,NICA,46,62,500,354.0,177000.0,Kalika Securities Pvt. Ltd.,Capital Max Securities Ltd,2026-04-29 14:37:36.663252
2026042901059717,NICA,56,62,200,353.7,70740.0,Sri Hari Securities Pvt. Ltd.,Capital Max Securities Ltd,2026-04-29 14:37:36.663345
2026042901059718,NICA,45,62,415,353.6,146744.0,Imperial Securities Company Pvt. Ltd.,Capital Max Securities Ltd,2026-04-29 14:37:36.663433
2026042901060371,NICA,43,58,1000,354.0,354000.0,South Asian Bulls Pvt. Ltd.,Naasa Securities Co. Ltd.,2026-04-29 14:39:36.495589
2026042901060992,NICA,8,64,345,354.1,122164.5,Brilliant Securities Pvt. Ltd.,SUN SECURITIES PVT LTD,2026-04-29 14:41:23.364742
2026042901061393,NICA,32,26,9,355.0,3195.0,Premier Securities Company Ltd.,Asian Securities Private Ltd.,2026-04-29 14:43:08.052139
2026042901061416,NICA,42,38,300,355.0,106500.0,Sani Securities Company Ltd.,Dipshikha Dhitopatra Karobar Co. Pvt Ltd.,2026-04-29 14:43:13.705524
2026042901061582,NICA,11,6,200,355.7,71140.0,Malla & Malla Stock Broking Company Pvt. Limited,Agrawal Securities (PVT) Ltd.,2026-04-29 14:43:44.215578
2026042901061792,NICA,49,6,15,355.7,5335.5,Online Securities Pvt. Ltd.,Agrawal Securities (PVT) Ltd.,2026-04-29 14:44:39.216499
2026042901061832,NICA,41,6,285,355.7,101374.5,Linch Stock Market Ltd.,Agrawal Securities (PVT) Ltd.,2026-04-29 14:44:47.255934
2026042901061833,NICA,41,29,100,355.7,35570.0,Linch Stock Market Ltd.,Trisul Securities & Invt. Ltd.,2026-04-29 14:44:47.256164
2026042901061834,NICA,41,49,200,355.8,71160.0,Linch Stock Market Ltd.,Online Securities Pvt. Ltd.,2026-04-29 14:44:47.256294
2026042901061835,NICA,41,56,415,356.0,147740.0,Linch Stock Market Ltd.,Sri Hari Securities Pvt. Ltd.,2026-04-29 14:44:47.256391
2026042901062503,NICA,45,56,55,356.0,19580.0,Imperial Securities Company Pvt. Ltd.,Sri Hari Securities Pvt. Ltd.,2026-04-29 14:46:54.072881
2026042901062504,NICA,45,29,100,356.0,35600.0,Imperial Securities Company Pvt. Ltd.,Trisul Securities & Invt. Ltd.,2026-04-29 14:46:54.073101
2026042901062505,NICA,45,6,500,356.0,178000.0,Imperial Securities Company Pvt. Ltd.,Agrawal Securities (PVT) Ltd.,2026-04-29 14:46:54.073210
2026042901062506,NICA,45,16,300,357.9,107370.0,Imperial Securities Company Pvt. Ltd.,Primo Securities (PVT) Ltd.,2026-04-29 14:46:54.073306
2026042901062534,NICA,45,47,47,357.9,16821.3,Imperial Securities Company Pvt. Ltd.,Neev Securities Pvt. Ltd.,2026-04-29 14:46:57.705148
2026042901062535,NICA,42,47,353,355.0,125315.0,Sani Securities Company Ltd.,Neev Securities Pvt. Ltd.,2026-04-29 14:46:57.705352
2026042901062683,NICA,42,6,347,355.0,123185.0,Sani Securities Company Ltd.,Agrawal Securities (PVT) Ltd.,2026-04-29 14:47:33.650200
2026042901062684,NICA,45,6,1000,354.2,354200.0,Imperial Securities Company Pvt. Ltd.,Agrawal Securities (PVT) Ltd.,2026-04-29 14:47:33.650246
2026042901062685,NICA,8,6,655,354.1,231935.5,Brilliant Securities Pvt. Ltd.,Agrawal Securities (PVT) Ltd.,2026-04-29 14:47:33.650272
2026042901062686,NICA,42,6,500,354.1,177050.0,Sani Securities Company Ltd.,Agrawal Securities (PVT) Ltd.,2026-04-29 14:47:33.650297
2026042901062687,NICA,43,6,400,354.0,141600.0,South Asian Bulls Pvt. Ltd.,Agrawal Securities (PVT) Ltd.,2026-04-29 14:47:33.650323
2026042901062688,NICA,43,6,1100,354.0,389400.0,South Asian Bulls Pvt. Ltd.,Agrawal Securities (PVT) Ltd.,2026-04-29 14:47:33.650395
2026042901062689,NICA,39,6,25,354.0,8850.0,Sumeru Securities Pvt. Ltd.,Agrawal Securities (PVT) Ltd.,2026-04-29 14:47:33.650454
2026042901062690,NICA,41,6,273,354.0,96642.0,Linch Stock Market Ltd.,Agrawal Securities (PVT) Ltd.,2026-04-29 14:47:33.650476
2026042901062731,NICA,78,14,5,355.7,1778.5,Garima Securities Limited,Nepal Stock House (PVT) Ltd.,2026-04-29 14:47:44.688336
2026042901063701,NICA,71,29,10,354.1,3541.0,SHUBHAKAMANA SECURITIES PVT. LTD,Trisul Securities & Invt. Ltd.,2026-04-29 14:50:57.537535
2026042901064311,NICA,71,43,20,355.0,7100.0,SHUBHAKAMANA SECURITIES PVT. LTD,South Asian Bulls Pvt. Ltd.,2026-04-29 14:52:30.647093
2026042901064643,NICA,71,22,267,355.0,94785.0,SHUBHAKAMANA SECURITIES PVT. LTD,Siprabi Securities Pvt. Ltd.,2026-04-29 14:53:25.572923
2026042901064988,NICA,58,22,33,355.0,11715.0,Naasa Securities Co. Ltd.,Siprabi Securities Pvt. Ltd.,2026-04-29 14:54:27.246600
2026042901064989,NICA,58,58,36,356.0,12816.0,Naasa Securities Co. Ltd.,Naasa Securities Co. Ltd.,2026-04-29 14:54:27.246834
2026042901065713,NICA,28,42,300,354.1,106230.0,Shree Krishna Securities Ltd.,Sani Securities Company Ltd.,2026-04-29 14:56:18.018865
2026042901065773,NICA,49,46,60,354.1,21246.0,Online Securities Pvt. Ltd.,Kalika Securities Pvt. Ltd.,2026-04-29 14:56:29.146323
2026042901065774,NICA,49,58,40,356.0,14240.0,Online Securities Pvt. Ltd.,Naasa Securities Co. Ltd.,2026-04-29 14:56:29.146739
2026042901065850,NICA,45,58,26,356.0,9256.0,Imperial Securities Company Pvt. Ltd.,Naasa Securities Co. Ltd.,2026-04-29 14:56:47.381339
2026042901065851,NICA,45,6,500,356.0,178000.0,Imperial Securities Company Pvt. Ltd.,Agrawal Securities (PVT) Ltd.,2026-04-29 14:56:47.381558
2026042901065852,NICA,45,19,400,356.0,142400.0,Imperial Securities Company Pvt. Ltd.,Nepal Investment And Securities Trading Private Limited,2026-04-29 14:56:47.381656
2026042901065853,NICA,45,42,50,356.0,17800.0,Imperial Securities Company Pvt. Ltd.,Sani Securities Company Ltd.,2026-04-29 14:56:47.381749
2026042901065854,NICA,45,6,200,357.0,71400.0,Imperial Securities Company Pvt. Ltd.,Agrawal Securities (PVT) Ltd.,2026-04-29 14:56:47.381845
2026042901065855,NICA,45,6,500,357.0,178500.0,Imperial Securities Company Pvt. Ltd.,Agrawal Securities (PVT) Ltd.,2026-04-29 14:56:47.381939
2026042901065856,NICA,45,6,324,357.9,115959.6,Imperial Securities Company Pvt. Ltd.,Agrawal Securities (PVT) Ltd.,2026-04-29 14:56:47.382047
2026042901066174,NICA,58,58,10,355.0,3550.0,Naasa Securities Co. Ltd.,Naasa Securities Co. Ltd.,2026-04-29 14:57:28.796676
2026042901066332,NICA,58,6,10,357.9,3579.0,Naasa Securities Co. Ltd.,Agrawal Securities (PVT) Ltd.,2026-04-29 14:57:45.734992
2026042901066395,NICA,45,6,166,357.9,59411.4,Imperial Securities Company Pvt. Ltd.,Agrawal Securities (PVT) Ltd.,2026-04-29 14:57:54.329606
2026042901066396,NICA,45,53,1008,357.9,360763.2,Imperial Securities Company Pvt. Ltd.,Investment Management Nepal Pvt. Ltd.,2026-04-29 14:57:54.330046
2026042901066397,NICA,45,6,326,357.9,116675.4,Imperial Securities Company Pvt. Ltd.,Agrawal Securities (PVT) Ltd.,2026-04-29 14:57:54.330340
2026042901066578,NICA,45,6,174,357.9,62274.6,Imperial Securities Company Pvt. Ltd.,Agrawal Securities (PVT) Ltd.,2026-04-29 14:58:09.626617
2026042901066579,NICA,45,14,533,358.0,190814.0,Imperial Securities Company Pvt. Ltd.,Nepal Stock House (PVT) Ltd.,2026-04-29 14:58:09.627088
2026042901066580,NICA,45,29,100,358.0,35800.0,Imperial Securities Company Pvt. Ltd.,Trisul Securities & Invt. Ltd.,2026-04-29 14:58:09.627385
2026042901066581,NICA,45,57,180,358.0,64440.0,Imperial Securities Company Pvt. Ltd.,Aryatara Investment & Securities,2026-04-29 14:58:09.627676
2026042901066582,NICA,45,29,13,358.0,4654.0,Imperial Securities Company Pvt. Ltd.,Trisul Securities & Invt. Ltd.,2026-04-29 14:58:09.627945
2026042901066703,NICA,45,42,50,357.9,17895.0,Imperial Securities Company Pvt. Ltd.,Sani Securities Company Ltd.,2026-04-29 14:58:24.891412
2026042901066704,NICA,45,29,37,358.0,13246.0,Imperial Securities Company Pvt. Ltd.,Trisul Securities & Invt. Ltd.,2026-04-29 14:58:24.891902
2026042901066705,NICA,45,44,300,358.4,107520.0,Imperial Securities Company Pvt. Ltd.,Dynamic Money Managers Securities Pvt. Ltd.,2026-04-29 14:58:24.892209
2026042901066706,NICA,45,34,110,359.0,39490.0,Imperial Securities Company Pvt. Ltd.,Vision Securities Pvt. Ltd,2026-04-29 14:58:24.892528
2026042901066707,NICA,45,34,500,359.0,179500.0,Imperial Securities Company Pvt. Ltd.,Vision Securities Pvt. Ltd,2026-04-29 14:58:24.892818
2026042901068171,NICA,71,56,10,359.0,3590.0,SHUBHAKAMANA SECURITIES PVT. LTD,Sri Hari Securities Pvt. Ltd.,2026-04-29 14:59:59.369035
