contractId,stockSymbol,buyerMemberId,sellerMemberId,quantity,rate,amount,businessDate,tradeBookId,stockId,buyerBrokerName,sellerBrokerName,transaction_time,securityName
2026042901000667,NICA,89,57,10,350.0,3500.0,2026-04-29,188419584,139,Global IME Securities Limited,Aryatara Investment & Securities,2026-04-29 11:01:51.017946,NIC Asia Bank Ltd.
2026042901000668,NICA,19,57,14,349.0,4886.0,2026-04-29,188419585,139,Nepal Investment And Securities Trading Private Limited,Aryatara Investment & Securities,2026-04-29 11:01:51.018106,NIC Asia Bank Ltd.
2026042901003105,NICA,25,35,20,355.0,7100.0,2026-04-29,188425158,139,Sweta Securities Private Limited,Kohinoor Investment & Securities Pvt. Ltd.,2026-04-29 11:06:20.943004,NIC Asia Bank Ltd.
2026042901003316,NICA,91,35,215,355.0,76325.0,2026-04-29,188425668,139,Citizens Share Broker Limited,Kohinoor Investment & Securities Pvt. Ltd.,2026-04-29 11:06:48.372597,NIC Asia Bank Ltd.
2026042901003819,NICA,87,35,10,355.0,3550.0,2026-04-29,188426847,139,S.P.S.A. Securities Limited,Kohinoor Investment & Securities Pvt. Ltd.,2026-04-29 11:07:44.900541,NIC Asia Bank Ltd.
2026042901003851,NICA,91,75,15,352.3,5284.5,2026-04-29,188426927,139,Citizens Share Broker Limited,N.I.M.B. Stock Markets Limited,2026-04-29 11:07:50.768014,NIC Asia Bank Ltd.
2026042901003979,NICA,91,57,580,355.0,205900.0,2026-04-29,188427244,139,Citizens Share Broker Limited,Aryatara Investment & Securities,2026-04-29 11:08:12.959096,NIC Asia Bank Ltd.
2026042901004449,NICA,17,57,20,355.0,7100.0,2026-04-29,188428330,139,ABC Securities Private Limited,Aryatara Investment & Securities,2026-04-29 11:09:01.433337,NIC Asia Bank Ltd.
2026042901005698,NICA,91,61,100,353.3,35330.0,2026-04-29,188431269,139,Citizens Share Broker Limited,BHOLE GANESH SECURITIES LTD,2026-04-29 11:11:01.091555,NIC Asia Bank Ltd.
2026042901006131,NICA,36,58,280,353.5,98980.0,2026-04-29,188432273,139,Secured Securities Ltd.,Naasa Securities Co. Ltd.,2026-04-29 11:11:42.216080,NIC Asia Bank Ltd.
2026042901006340,NICA,91,7,255,356.0,90780.0,2026-04-29,188432778,139,Citizens Share Broker Limited,J.F. Securites (PVT) Ltd.,2026-04-29 11:12:02.637224,NIC Asia Bank Ltd.
2026042901006905,NICA,49,48,10,354.1,3541.0,2026-04-29,188434129,139,Online Securities Pvt. Ltd.,Trishakti Securities Public Limited,2026-04-29 11:12:57.676772,NIC Asia Bank Ltd.
2026042901007604,NICA,32,7,100,356.0,35600.0,2026-04-29,188435754,139,Premier Securities Company Ltd.,J.F. Securites (PVT) Ltd.,2026-04-29 11:14:06.840203,NIC Asia Bank Ltd.
2026042901007792,NICA,7,7,55,356.0,19580.0,2026-04-29,188436206,139,J.F. Securites (PVT) Ltd.,J.F. Securites (PVT) Ltd.,2026-04-29 11:14:27.862583,NIC Asia Bank Ltd.
2026042901008575,NICA,13,22,50,355.0,17750.0,2026-04-29,188438048,139,Thrive Brokerage House Pvt. Ltd,Siprabi Securities Pvt. Ltd.,2026-04-29 11:15:37.624578,NIC Asia Bank Ltd.
2026042901009140,NICA,91,22,55,355.0,19525.0,2026-04-29,188439356,139,Citizens Share Broker Limited,Siprabi Securities Pvt. Ltd.,2026-04-29 11:16:20.272597,NIC Asia Bank Ltd.
2026042901010822,NICA,59,22,24,355.0,8520.0,2026-04-29,188443497,139,Deevyaa Securities & Stock House Pvt. Ltd,Siprabi Securities Pvt. Ltd.,2026-04-29 11:19:12.165723,NIC Asia Bank Ltd.
2026042901011419,NICA,49,7,10,355.1,3551.0,2026-04-29,188444919,139,Online Securities Pvt. Ltd.,J.F. Securites (PVT) Ltd.,2026-04-29 11:20:19.388862,NIC Asia Bank Ltd.
2026042901011741,NICA,54,7,146,356.0,51976.0,2026-04-29,188445662,139,Sewa Securities Pvt. Ltd.,J.F. Securites (PVT) Ltd.,2026-04-29 11:20:55.197134,NIC Asia Bank Ltd.
2026042901011868,NICA,49,7,199,356.0,70844.0,2026-04-29,188445971,139,Online Securities Pvt. Ltd.,J.F. Securites (PVT) Ltd.,2026-04-29 11:21:09.506064,NIC Asia Bank Ltd.
2026042901011869,NICA,49,50,281,357.0,100317.0,2026-04-29,188445974,139,Online Securities Pvt. Ltd.,Cristal Kanchanjanga Securites Pvt. Ltd.,2026-04-29 11:21:09.506304,NIC Asia Bank Ltd.
2026042901013224,NICA,25,7,10,356.9,3569.0,2026-04-29,188449258,139,Sweta Securities Private Limited,J.F. Securites (PVT) Ltd.,2026-04-29 11:23:37.022281,NIC Asia Bank Ltd.
2026042901013454,NICA,18,7,50,356.9,17845.0,2026-04-29,188449820,139,Sagarmatha Securities Private Limited,J.F. Securites (PVT) Ltd.,2026-04-29 11:23:58.675918,NIC Asia Bank Ltd.
2026042901014003,NICA,49,7,17,356.9,6067.3,2026-04-29,188451196,139,Online Securities Pvt. Ltd.,J.F. Securites (PVT) Ltd.,2026-04-29 11:24:57.623434,NIC Asia Bank Ltd.
2026042901015365,NICA,65,75,50,355.5,17775.0,2026-04-29,188454770,139,Sharepro Securities Private Limited,N.I.M.B. Stock Markets Limited,2026-04-29 11:28:17.567732,NIC Asia Bank Ltd.
2026042901015366,NICA,34,75,30,355.5,10665.0,2026-04-29,188454771,139,Vision Securities Pvt. Ltd,N.I.M.B. Stock Markets Limited,2026-04-29 11:28:17.567897,NIC Asia Bank Ltd.
2026042901015485,NICA,45,75,120,355.3,42636.0,2026-04-29,188455091,139,Imperial Securities Company Pvt. Ltd.,N.I.M.B. Stock Markets Limited,2026-04-29 11:28:39.124329,NIC Asia Bank Ltd.
2026042901015589,NICA,53,7,100,356.9,35690.0,2026-04-29,188455342,139,Investment Management Nepal Pvt. Ltd.,J.F. Securites (PVT) Ltd.,2026-04-29 11:28:54.982686,NIC Asia Bank Ltd.
2026042901016583,NICA,56,7,823,355.4,292494.2,2026-04-29,188457885,139,Sri Hari Securities Pvt. Ltd.,J.F. Securites (PVT) Ltd.,2026-04-29 11:31:17.597401,NIC Asia Bank Ltd.
2026042901019467,NICA,43,49,30,355.9,10677.0,2026-04-29,188465738,139,South Asian Bulls Pvt. Ltd.,Online Securities Pvt. Ltd.,2026-04-29 11:38:50.586861,NIC Asia Bank Ltd.
2026042901019468,NICA,42,49,40,355.9,14236.0,2026-04-29,188465740,139,Sani Securities Company Ltd.,Online Securities Pvt. Ltd.,2026-04-29 11:38:50.587164,NIC Asia Bank Ltd.
2026042901019469,NICA,43,49,250,355.5,88875.0,2026-04-29,188465742,139,South Asian Bulls Pvt. Ltd.,Online Securities Pvt. Ltd.,2026-04-29 11:38:50.587369,NIC Asia Bank Ltd.
2026042901019470,NICA,56,49,177,355.4,62905.8,2026-04-29,188465744,139,Sri Hari Securities Pvt. Ltd.,Online Securities Pvt. Ltd.,2026-04-29 11:38:50.587553,NIC Asia Bank Ltd.
2026042901019471,NICA,45,49,30,355.3,10659.0,2026-04-29,188465746,139,Imperial Securities Company Pvt. Ltd.,Online Securities Pvt. Ltd.,2026-04-29 11:38:50.587729,NIC Asia Bank Ltd.
2026042901019472,NICA,45,49,1000,355.3,355300.0,2026-04-29,188465748,139,Imperial Securities Company Pvt. Ltd.,Online Securities Pvt. Ltd.,2026-04-29 11:38:50.587890,NIC Asia Bank Ltd.
2026042901019473,NICA,45,49,973,355.3,345706.9,2026-04-29,188465749,139,Imperial Securities Company Pvt. Ltd.,Online Securities Pvt. Ltd.,2026-04-29 11:38:50.588076,NIC Asia Bank Ltd.
2026042901020472,NICA,14,14,50,356.5,17825.0,2026-04-29,188468430,139,Nepal Stock House (PVT) Ltd.,Nepal Stock House (PVT) Ltd.,2026-04-29 11:41:35.447192,NIC Asia Bank Ltd.
2026042901021087,NICA,43,48,150,355.4,53310.0,2026-04-29,188470216,139,South Asian Bulls Pvt. Ltd.,Trishakti Securities Public Limited,2026-04-29 11:43:46.883325,NIC Asia Bank Ltd.
2026042901021088,NICA,45,48,27,355.3,9593.1,2026-04-29,188470218,139,Imperial Securities Company Pvt. Ltd.,Trishakti Securities Public Limited,2026-04-29 11:43:46.883423,NIC Asia Bank Ltd.
2026042901021089,NICA,8,48,500,355.2,177600.0,2026-04-29,188470220,139,Brilliant Securities Pvt. Ltd.,Trishakti Securities Public Limited,2026-04-29 11:43:46.883515,NIC Asia Bank Ltd.
2026042901021090,NICA,57,48,30,355.0,10650.0,2026-04-29,188470222,139,Aryatara Investment & Securities,Trishakti Securities Public Limited,2026-04-29 11:43:46.883585,NIC Asia Bank Ltd.
2026042901021091,NICA,1,48,250,355.0,88750.0,2026-04-29,188470224,139,Kumari Securities Private Limited,Trishakti Securities Public Limited,2026-04-29 11:43:46.883650,NIC Asia Bank Ltd.
2026042901021092,NICA,8,48,1000,354.3,354300.0,2026-04-29,188470226,139,Brilliant Securities Pvt. Ltd.,Trishakti Securities Public Limited,2026-04-29 11:43:46.883717,NIC Asia Bank Ltd.
2026042901021093,NICA,91,48,43,354.2,15230.6,2026-04-29,188470227,139,Citizens Share Broker Limited,Trishakti Securities Public Limited,2026-04-29 11:43:46.883787,NIC Asia Bank Ltd.
2026042901021986,NICA,91,28,52,354.2,18418.4,2026-04-29,188472727,139,Citizens Share Broker Limited,Shree Krishna Securities Ltd.,2026-04-29 11:46:39.923001,NIC Asia Bank Ltd.
2026042901022117,NICA,91,51,351,355.0,124605.0,2026-04-29,188473087,139,Citizens Share Broker Limited,Oxford Securities Pvt. Ltd.,2026-04-29 11:47:02.989270,NIC Asia Bank Ltd.
2026042901022118,NICA,91,41,100,355.0,35500.0,2026-04-29,188473089,139,Citizens Share Broker Limited,Linch Stock Market Ltd.,2026-04-29 11:47:02.989419,NIC Asia Bank Ltd.
2026042901022119,NICA,91,85,589,355.0,209095.0,2026-04-29,188473092,139,Citizens Share Broker Limited,Capital Hub P. Ltd,2026-04-29 11:47:02.989479,NIC Asia Bank Ltd.
2026042901023333,NICA,8,39,120,355.2,42624.0,2026-04-29,188476673,139,Brilliant Securities Pvt. Ltd.,Sumeru Securities Pvt. Ltd.,2026-04-29 11:51:02.542616,NIC Asia Bank Ltd.
2026042901023452,NICA,8,33,380,355.2,134976.0,2026-04-29,188477000,139,Brilliant Securities Pvt. Ltd.,Dakshinkali Investment & Securities Pvt. Ltd.,2026-04-29 11:51:25.823291,NIC Asia Bank Ltd.
2026042901023453,NICA,91,33,500,355.1,177550.0,2026-04-29,188477002,139,Citizens Share Broker Limited,Dakshinkali Investment & Securities Pvt. Ltd.,2026-04-29 11:51:25.823490,NIC Asia Bank Ltd.
2026042901023454,NICA,45,33,1120,355.0,397600.0,2026-04-29,188477003,139,Imperial Securities Company Pvt. Ltd.,Dakshinkali Investment & Securities Pvt. Ltd.,2026-04-29 11:51:25.823568,NIC Asia Bank Ltd.
2026042901024083,NICA,58,85,11,356.0,3916.0,2026-04-29,188478939,139,Naasa Securities Co. Ltd.,Capital Hub P. Ltd,2026-04-29 11:53:28.169618,NIC Asia Bank Ltd.
2026042901024084,NICA,58,32,120,356.0,42720.0,2026-04-29,188478942,139,Naasa Securities Co. Ltd.,Premier Securities Company Ltd.,2026-04-29 11:53:28.169748,NIC Asia Bank Ltd.
2026042901024368,NICA,8,29,129,355.1,45807.9,2026-04-29,188479751,139,Brilliant Securities Pvt. Ltd.,Trisul Securities & Invt. Ltd.,2026-04-29 11:54:13.612249,NIC Asia Bank Ltd.
2026042901024655,NICA,22,32,10,356.0,3560.0,2026-04-29,188480621,139,Siprabi Securities Pvt. Ltd.,Premier Securities Company Ltd.,2026-04-29 11:55:13.789811,NIC Asia Bank Ltd.
2026042901024656,NICA,22,1,10,356.0,3560.0,2026-04-29,188480624,139,Siprabi Securities Pvt. Ltd.,Kumari Securities Private Limited,2026-04-29 11:55:13.789981,NIC Asia Bank Ltd.
2026042901025316,NICA,17,14,50,356.5,17825.0,2026-04-29,188482712,139,ABC Securities Private Limited,Nepal Stock House (PVT) Ltd.,2026-04-29 11:57:19.344181,NIC Asia Bank Ltd.
2026042901025504,NICA,71,14,279,356.5,99463.5,2026-04-29,188483361,139,SHUBHAKAMANA SECURITIES PVT. LTD,Nepal Stock House (PVT) Ltd.,2026-04-29 11:57:47.536403,NIC Asia Bank Ltd.
2026042901025505,NICA,71,43,121,356.7,43160.7,2026-04-29,188483364,139,SHUBHAKAMANA SECURITIES PVT. LTD,South Asian Bulls Pvt. Ltd.,2026-04-29 11:57:47.536671,NIC Asia Bank Ltd.
2026042901025651,NICA,71,43,36,356.7,12841.2,2026-04-29,188483776,139,SHUBHAKAMANA SECURITIES PVT. LTD,South Asian Bulls Pvt. Ltd.,2026-04-29 11:58:05.230390,NIC Asia Bank Ltd.
2026042901025724,NICA,71,14,10,356.9,3569.0,2026-04-29,188483959,139,SHUBHAKAMANA SECURITIES PVT. LTD,Nepal Stock House (PVT) Ltd.,2026-04-29 11:58:14.714720,NIC Asia Bank Ltd.
2026042901025725,NICA,71,50,219,357.0,78183.0,2026-04-29,188483961,139,SHUBHAKAMANA SECURITIES PVT. LTD,Cristal Kanchanjanga Securites Pvt. Ltd.,2026-04-29 11:58:14.714811,NIC Asia Bank Ltd.
2026042901025726,NICA,71,47,50,357.0,17850.0,2026-04-29,188483963,139,SHUBHAKAMANA SECURITIES PVT. LTD,Neev Securities Pvt. Ltd.,2026-04-29 11:58:14.714874,NIC Asia Bank Ltd.
2026042901025727,NICA,71,45,91,357.0,32487.0,2026-04-29,188483966,139,SHUBHAKAMANA SECURITIES PVT. LTD,Imperial Securities Company Pvt. Ltd.,2026-04-29 11:58:14.714928,NIC Asia Bank Ltd.
2026042901025780,NICA,71,42,100,356.7,35670.0,2026-04-29,188484142,139,SHUBHAKAMANA SECURITIES PVT. LTD,Sani Securities Company Ltd.,2026-04-29 11:58:26.598589,NIC Asia Bank Ltd.
2026042901025800,NICA,60,58,200,356.5,71300.0,2026-04-29,188484199,139,Nagarik Stock Dealer ,Naasa Securities Co. Ltd.,2026-04-29 11:58:30.300002,NIC Asia Bank Ltd.
2026042901027394,NICA,60,94,79,356.5,28163.5,2026-04-29,188488810,139,Nagarik Stock Dealer ,K.B.L. Securities Limited ,2026-04-29 12:03:41.625075,NIC Asia Bank Ltd.
2026042901027395,NICA,8,94,371,355.1,131742.1,2026-04-29,188488812,139,Brilliant Securities Pvt. Ltd.,K.B.L. Securities Limited ,2026-04-29 12:03:41.625216,NIC Asia Bank Ltd.
2026042901027396,NICA,91,94,550,355.1,195305.0,2026-04-29,188488813,139,Citizens Share Broker Limited,K.B.L. Securities Limited ,2026-04-29 12:03:41.625284,NIC Asia Bank Ltd.
2026042901027750,NICA,91,50,45,355.1,15979.5,2026-04-29,188489738,139,Citizens Share Broker Limited,Cristal Kanchanjanga Securites Pvt. Ltd.,2026-04-29 12:04:41.579183,NIC Asia Bank Ltd.
2026042901027751,NICA,64,50,277,355.1,98362.7,2026-04-29,188489739,139,SUN SECURITIES PVT LTD,Cristal Kanchanjanga Securites Pvt. Ltd.,2026-04-29 12:04:41.579361,NIC Asia Bank Ltd.
2026042901028393,NICA,74,49,20,356.7,7134.0,2026-04-29,188491502,139,KALASH STOCK MARKET PVT. LTD.,Online Securities Pvt. Ltd.,2026-04-29 12:06:49.631100,NIC Asia Bank Ltd.
2026042901028908,NICA,35,49,27,356.7,9630.9,2026-04-29,188492882,139,Kohinoor Investment & Securities Pvt. Ltd.,Online Securities Pvt. Ltd.,2026-04-29 12:08:10.576886,NIC Asia Bank Ltd.
2026042901029064,NICA,91,20,300,355.2,106560.0,2026-04-29,188493375,139,Citizens Share Broker Limited,Sipla Securities Private Limited,2026-04-29 12:08:51.838224,NIC Asia Bank Ltd.
2026042901029947,NICA,43,80,16,356.5,5704.0,2026-04-29,188495788,139,South Asian Bulls Pvt. Ltd.,Indira securities pvt. ltd,2026-04-29 12:11:39.146617,NIC Asia Bank Ltd.
2026042901030436,NICA,64,65,723,355.5,257026.5,2026-04-29,188497114,139,SUN SECURITIES PVT LTD,Sharepro Securities Private Limited,2026-04-29 12:13:26.138818,NIC Asia Bank Ltd.
2026042901030437,NICA,13,65,30,355.4,10662.0,2026-04-29,188497116,139,Thrive Brokerage House Pvt. Ltd,Sharepro Securities Private Limited,2026-04-29 12:13:26.139120,NIC Asia Bank Ltd.
2026042901030438,NICA,91,65,195,355.2,69264.0,2026-04-29,188497118,139,Citizens Share Broker Limited,Sharepro Securities Private Limited,2026-04-29 12:13:26.139314,NIC Asia Bank Ltd.
2026042901030439,NICA,91,65,52,355.2,18470.4,2026-04-29,188497119,139,Citizens Share Broker Limited,Sharepro Securities Private Limited,2026-04-29 12:13:26.139503,NIC Asia Bank Ltd.
2026042901030559,NICA,71,65,1000,356.0,356000.0,2026-04-29,188497525,139,SHUBHAKAMANA SECURITIES PVT. LTD,Sharepro Securities Private Limited,2026-04-29 12:13:57.127493,NIC Asia Bank Ltd.
2026042901030560,NICA,71,80,284,356.5,101246.0,2026-04-29,188497527,139,SHUBHAKAMANA SECURITIES PVT. LTD,Indira securities pvt. ltd,2026-04-29 12:13:57.127534,NIC Asia Bank Ltd.
2026042901030561,NICA,71,37,800,356.5,285200.0,2026-04-29,188497529,139,SHUBHAKAMANA SECURITIES PVT. LTD,Swarna Laxmi Securities Pvt. Ltd.,2026-04-29 12:13:57.127556,NIC Asia Bank Ltd.
2026042901030562,NICA,71,42,100,356.5,35650.0,2026-04-29,188497532,139,SHUBHAKAMANA SECURITIES PVT. LTD,Sani Securities Company Ltd.,2026-04-29 12:13:57.127577,NIC Asia Bank Ltd.
2026042901030690,NICA,91,74,80,355.2,28416.0,2026-04-29,188497853,139,Citizens Share Broker Limited,KALASH STOCK MARKET PVT. LTD.,2026-04-29 12:14:12.164620,NIC Asia Bank Ltd.
2026042901030702,NICA,71,1,81,356.0,28836.0,2026-04-29,188497892,139,SHUBHAKAMANA SECURITIES PVT. LTD,Kumari Securities Private Limited,2026-04-29 12:14:13.529970,NIC Asia Bank Ltd.
2026042901031638,NICA,51,41,100,356.0,35600.0,2026-04-29,188500622,139,Oxford Securities Pvt. Ltd.,Linch Stock Market Ltd.,2026-04-29 12:17:34.045561,NIC Asia Bank Ltd.
2026042901031797,NICA,91,34,38,355.2,13497.6,2026-04-29,188501046,139,Citizens Share Broker Limited,Vision Securities Pvt. Ltd,2026-04-29 12:18:07.726259,NIC Asia Bank Ltd.
2026042901031798,NICA,91,34,362,355.2,128582.4,2026-04-29,188501047,139,Citizens Share Broker Limited,Vision Securities Pvt. Ltd,2026-04-29 12:18:07.726565,NIC Asia Bank Ltd.
2026042901031860,NICA,71,41,400,356.0,142400.0,2026-04-29,188501227,139,SHUBHAKAMANA SECURITIES PVT. LTD,Linch Stock Market Ltd.,2026-04-29 12:18:21.391990,NIC Asia Bank Ltd.
2026042901031861,NICA,71,1,140,356.0,49840.0,2026-04-29,188501229,139,SHUBHAKAMANA SECURITIES PVT. LTD,Kumari Securities Private Limited,2026-04-29 12:18:21.392103,NIC Asia Bank Ltd.
2026042901031862,NICA,71,45,50,356.6,17830.0,2026-04-29,188501231,139,SHUBHAKAMANA SECURITIES PVT. LTD,Imperial Securities Company Pvt. Ltd.,2026-04-29 12:18:21.392180,NIC Asia Bank Ltd.
2026042901031863,NICA,71,49,53,356.7,18905.1,2026-04-29,188501233,139,SHUBHAKAMANA SECURITIES PVT. LTD,Online Securities Pvt. Ltd.,2026-04-29 12:18:21.392237,NIC Asia Bank Ltd.
2026042901032144,NICA,91,49,233,355.2,82761.6,2026-04-29,188501974,139,Citizens Share Broker Limited,Online Securities Pvt. Ltd.,2026-04-29 12:19:18.236384,NIC Asia Bank Ltd.
2026042901032145,NICA,33,49,500,355.2,177600.0,2026-04-29,188501976,139,Dakshinkali Investment & Securities Pvt. Ltd.,Online Securities Pvt. Ltd.,2026-04-29 12:19:18.236678,NIC Asia Bank Ltd.
2026042901032146,NICA,91,49,595,355.2,211344.0,2026-04-29,188501978,139,Citizens Share Broker Limited,Online Securities Pvt. Ltd.,2026-04-29 12:19:18.236867,NIC Asia Bank Ltd.
2026042901032147,NICA,28,49,500,355.1,177550.0,2026-04-29,188501980,139,Shree Krishna Securities Ltd.,Online Securities Pvt. Ltd.,2026-04-29 12:19:18.237076,NIC Asia Bank Ltd.
2026042901032148,NICA,45,49,1880,355.0,667400.0,2026-04-29,188501982,139,Imperial Securities Company Pvt. Ltd.,Online Securities Pvt. Ltd.,2026-04-29 12:19:18.237266,NIC Asia Bank Ltd.
2026042901032149,NICA,58,49,250,355.0,88750.0,2026-04-29,188501984,139,Naasa Securities Co. Ltd.,Online Securities Pvt. Ltd.,2026-04-29 12:19:18.237444,NIC Asia Bank Ltd.
2026042901032150,NICA,41,49,42,355.0,14910.0,2026-04-29,188501985,139,Linch Stock Market Ltd.,Online Securities Pvt. Ltd.,2026-04-29 12:19:18.237630,NIC Asia Bank Ltd.
2026042901032682,NICA,41,49,58,355.0,20590.0,2026-04-29,188503418,139,Linch Stock Market Ltd.,Online Securities Pvt. Ltd.,2026-04-29 12:21:05.878006,NIC Asia Bank Ltd.
2026042901032683,NICA,45,49,50,355.0,17750.0,2026-04-29,188503420,139,Imperial Securities Company Pvt. Ltd.,Online Securities Pvt. Ltd.,2026-04-29 12:21:05.878329,NIC Asia Bank Ltd.
2026042901032781,NICA,3,49,85,355.0,30175.0,2026-04-29,188503705,139,Arun Securities (PVT) Ltd.,Online Securities Pvt. Ltd.,2026-04-29 12:21:29.991286,NIC Asia Bank Ltd.
2026042901032874,NICA,89,16,10,356.7,3567.0,2026-04-29,188503998,139,Global IME Securities Limited,Primo Securities (PVT) Ltd.,2026-04-29 12:21:51.781711,NIC Asia Bank Ltd.
2026042901033251,NICA,91,38,10,355.1,3551.0,2026-04-29,188505013,139,Citizens Share Broker Limited,Dipshikha Dhitopatra Karobar Co. Pvt Ltd.,2026-04-29 12:22:56.038039,NIC Asia Bank Ltd.
2026042901034020,NICA,71,16,190,356.7,67773.0,2026-04-29,188507131,139,SHUBHAKAMANA SECURITIES PVT. LTD,Primo Securities (PVT) Ltd.,2026-04-29 12:25:25.543199,NIC Asia Bank Ltd.
2026042901034063,NICA,71,58,97,356.7,34599.9,2026-04-29,188507254,139,SHUBHAKAMANA SECURITIES PVT. LTD,Naasa Securities Co. Ltd.,2026-04-29 12:25:36.284166,NIC Asia Bank Ltd.
2026042901034127,NICA,71,38,91,356.8,32468.8,2026-04-29,188507396,139,SHUBHAKAMANA SECURITIES PVT. LTD,Dipshikha Dhitopatra Karobar Co. Pvt Ltd.,2026-04-29 12:25:41.353996,NIC Asia Bank Ltd.
2026042901034386,NICA,51,49,10,355.2,3552.0,2026-04-29,188508024,139,Oxford Securities Pvt. Ltd.,Online Securities Pvt. Ltd.,2026-04-29 12:26:10.954304,NIC Asia Bank Ltd.
2026042901034387,NICA,51,49,15,355.2,5328.0,2026-04-29,188508026,139,Oxford Securities Pvt. Ltd.,Online Securities Pvt. Ltd.,2026-04-29 12:26:10.954617,NIC Asia Bank Ltd.
2026042901034388,NICA,91,49,585,355.1,207733.5,2026-04-29,188508028,139,Citizens Share Broker Limited,Online Securities Pvt. Ltd.,2026-04-29 12:26:10.954810,NIC Asia Bank Ltd.
2026042901034389,NICA,91,49,595,355.1,211284.5,2026-04-29,188508030,139,Citizens Share Broker Limited,Online Securities Pvt. Ltd.,2026-04-29 12:26:10.954997,NIC Asia Bank Ltd.
2026042901034390,NICA,25,49,100,355.1,35510.0,2026-04-29,188508032,139,Sweta Securities Private Limited,Online Securities Pvt. Ltd.,2026-04-29 12:26:10.955195,NIC Asia Bank Ltd.
2026042901034391,NICA,3,49,195,355.0,69225.0,2026-04-29,188508033,139,Arun Securities (PVT) Ltd.,Online Securities Pvt. Ltd.,2026-04-29 12:26:10.955385,NIC Asia Bank Ltd.
2026042901035261,NICA,3,58,10,355.0,3550.0,2026-04-29,188510515,139,Arun Securities (PVT) Ltd.,Naasa Securities Co. Ltd.,2026-04-29 12:29:28.366350,NIC Asia Bank Ltd.
2026042901035571,NICA,3,62,210,355.0,74550.0,2026-04-29,188511300,139,Arun Securities (PVT) Ltd.,Capital Max Securities Ltd,2026-04-29 12:30:18.170873,NIC Asia Bank Ltd.
2026042901035572,NICA,71,62,1000,355.0,355000.0,2026-04-29,188511302,139,SHUBHAKAMANA SECURITIES PVT. LTD,Capital Max Securities Ltd,2026-04-29 12:30:18.171217,NIC Asia Bank Ltd.
2026042901035573,NICA,34,62,10,355.0,3550.0,2026-04-29,188511304,139,Vision Securities Pvt. Ltd,Capital Max Securities Ltd,2026-04-29 12:30:18.171417,NIC Asia Bank Ltd.
2026042901036018,NICA,71,62,299,355.0,106145.0,2026-04-29,188512476,139,SHUBHAKAMANA SECURITIES PVT. LTD,Capital Max Securities Ltd,2026-04-29 12:32:00.605034,NIC Asia Bank Ltd.
2026042901039088,NICA,58,46,100,355.1,35510.0,2026-04-29,188521546,139,Naasa Securities Co. Ltd.,Kalika Securities Pvt. Ltd.,2026-04-29 12:45:10.462298,NIC Asia Bank Ltd.
2026042901039089,NICA,3,46,500,355.0,177500.0,2026-04-29,188521548,139,Arun Securities (PVT) Ltd.,Kalika Securities Pvt. Ltd.,2026-04-29 12:45:10.462696,NIC Asia Bank Ltd.
2026042901039090,NICA,51,46,20,355.0,7100.0,2026-04-29,188521550,139,Oxford Securities Pvt. Ltd.,Kalika Securities Pvt. Ltd.,2026-04-29 12:45:10.462910,NIC Asia Bank Ltd.
2026042901039091,NICA,71,46,280,355.0,99400.0,2026-04-29,188521551,139,SHUBHAKAMANA SECURITIES PVT. LTD,Kalika Securities Pvt. Ltd.,2026-04-29 12:45:10.463154,NIC Asia Bank Ltd.
2026042901039415,NICA,78,52,7,350.0,2450.0,2026-04-29,188522481,139,Garima Securities Limited,Sundhara Securities Limited,2026-04-29 12:47:09.767482,NIC Asia Bank Ltd.
2026042901039474,NICA,78,3,1,350.0,350.0,2026-04-29,188522631,139,Garima Securities Limited,Arun Securities (PVT) Ltd.,2026-04-29 12:47:28.131572,NIC Asia Bank Ltd.
2026042901039502,NICA,71,62,720,355.0,255600.0,2026-04-29,188522718,139,SHUBHAKAMANA SECURITIES PVT. LTD,Capital Max Securities Ltd,2026-04-29 12:47:40.089642,NIC Asia Bank Ltd.
2026042901039503,NICA,6,62,10,355.0,3550.0,2026-04-29,188522720,139,Agrawal Securities (PVT) Ltd.,Capital Max Securities Ltd,2026-04-29 12:47:40.089984,NIC Asia Bank Ltd.
2026042901039504,NICA,49,62,30,355.0,10650.0,2026-04-29,188522722,139,Online Securities Pvt. Ltd.,Capital Max Securities Ltd,2026-04-29 12:47:40.090224,NIC Asia Bank Ltd.
2026042901039506,NICA,78,47,1,350.0,350.0,2026-04-29,188522729,139,Garima Securities Limited,Neev Securities Pvt. Ltd.,2026-04-29 12:47:41.047596,NIC Asia Bank Ltd.
2026042901039556,NICA,78,58,5,354.0,1770.0,2026-04-29,188522881,139,Garima Securities Limited,Naasa Securities Co. Ltd.,2026-04-29 12:48:06.295502,NIC Asia Bank Ltd.
2026042901039742,NICA,57,62,200,355.0,71000.0,2026-04-29,188523638,139,Aryatara Investment & Securities,Capital Max Securities Ltd,2026-04-29 12:49:20.916955,NIC Asia Bank Ltd.
2026042901039804,NICA,91,62,40,355.0,14200.0,2026-04-29,188523837,139,Citizens Share Broker Limited,Capital Max Securities Ltd,2026-04-29 12:49:41.288737,NIC Asia Bank Ltd.
2026042901039805,NICA,91,58,150,355.0,53250.0,2026-04-29,188523839,139,Citizens Share Broker Limited,Naasa Securities Co. Ltd.,2026-04-29 12:49:41.289082,NIC Asia Bank Ltd.
2026042901039938,NICA,91,62,19,355.0,6745.0,2026-04-29,188524303,139,Citizens Share Broker Limited,Capital Max Securities Ltd,2026-04-29 12:50:27.518951,NIC Asia Bank Ltd.
2026042901039959,NICA,58,38,10,356.5,3565.0,2026-04-29,188524366,139,Naasa Securities Co. Ltd.,Dipshikha Dhitopatra Karobar Co. Pvt Ltd.,2026-04-29 12:50:37.308229,NIC Asia Bank Ltd.
2026042901040361,NICA,91,49,86,355.0,30530.0,2026-04-29,188525676,139,Citizens Share Broker Limited,Online Securities Pvt. Ltd.,2026-04-29 12:52:49.666722,NIC Asia Bank Ltd.
2026042901040362,NICA,91,49,295,355.0,104725.0,2026-04-29,188525678,139,Citizens Share Broker Limited,Online Securities Pvt. Ltd.,2026-04-29 12:52:49.667099,NIC Asia Bank Ltd.
2026042901040363,NICA,43,49,200,354.5,70900.0,2026-04-29,188525680,139,South Asian Bulls Pvt. Ltd.,Online Securities Pvt. Ltd.,2026-04-29 12:52:49.667340,NIC Asia Bank Ltd.
2026042901040364,NICA,28,49,300,354.1,106230.0,2026-04-29,188525682,139,Shree Krishna Securities Ltd.,Online Securities Pvt. Ltd.,2026-04-29 12:52:49.667576,NIC Asia Bank Ltd.
2026042901040365,NICA,49,49,100,354.0,35400.0,2026-04-29,188525684,139,Online Securities Pvt. Ltd.,Online Securities Pvt. Ltd.,2026-04-29 12:52:49.667802,NIC Asia Bank Ltd.
2026042901040366,NICA,42,49,54,354.0,19116.0,2026-04-29,188525686,139,Sani Securities Company Ltd.,Online Securities Pvt. Ltd.,2026-04-29 12:52:49.668067,NIC Asia Bank Ltd.
2026042901040367,NICA,56,49,100,354.0,35400.0,2026-04-29,188525688,139,Sri Hari Securities Pvt. Ltd.,Online Securities Pvt. Ltd.,2026-04-29 12:52:49.668383,NIC Asia Bank Ltd.
2026042901040368,NICA,6,49,564,354.0,199656.0,2026-04-29,188525690,139,Agrawal Securities (PVT) Ltd.,Online Securities Pvt. Ltd.,2026-04-29 12:52:49.668684,NIC Asia Bank Ltd.
2026042901040531,NICA,43,38,17,353.8,6014.6,2026-04-29,188526191,139,South Asian Bulls Pvt. Ltd.,Dipshikha Dhitopatra Karobar Co. Pvt Ltd.,2026-04-29 12:53:50.125359,NIC Asia Bank Ltd.
2026042901041077,NICA,71,26,372,355.0,132060.0,2026-04-29,188527936,139,SHUBHAKAMANA SECURITIES PVT. LTD,Asian Securities Private Ltd.,2026-04-29 12:56:48.286820,NIC Asia Bank Ltd.
2026042901041103,NICA,42,49,1,353.8,353.8,2026-04-29,188528055,139,Sani Securities Company Ltd.,Online Securities Pvt. Ltd.,2026-04-29 12:57:04.503562,NIC Asia Bank Ltd.
2026042901041507,NICA,48,38,28,356.5,9982.0,2026-04-29,188529446,139,Trishakti Securities Public Limited,Dipshikha Dhitopatra Karobar Co. Pvt Ltd.,2026-04-29 12:59:22.158065,NIC Asia Bank Ltd.
2026042901041658,NICA,64,38,62,356.5,22103.0,2026-04-29,188529953,139,SUN SECURITIES PVT LTD,Dipshikha Dhitopatra Karobar Co. Pvt Ltd.,2026-04-29 13:00:20.549391,NIC Asia Bank Ltd.
2026042901041832,NICA,34,4,56,357.0,19992.0,2026-04-29,188530444,139,Vision Securities Pvt. Ltd,Opal Securities Investment (PVT) Ltd.,2026-04-29 13:01:15.166998,NIC Asia Bank Ltd.
2026042901042031,NICA,49,16,100,356.9,35690.0,2026-04-29,188531136,139,Online Securities Pvt. Ltd.,Primo Securities (PVT) Ltd.,2026-04-29 13:02:19.735819,NIC Asia Bank Ltd.
2026042901042039,NICA,64,49,83,356.5,29589.5,2026-04-29,188531166,139,SUN SECURITIES PVT LTD,Online Securities Pvt. Ltd.,2026-04-29 13:02:22.908431,NIC Asia Bank Ltd.
2026042901042362,NICA,35,49,25,355.0,8875.0,2026-04-29,188532290,139,Kohinoor Investment & Securities Pvt. Ltd.,Online Securities Pvt. Ltd.,2026-04-29 13:04:23.954853,NIC Asia Bank Ltd.
2026042901042363,NICA,6,49,565,355.0,200575.0,2026-04-29,188532292,139,Agrawal Securities (PVT) Ltd.,Online Securities Pvt. Ltd.,2026-04-29 13:04:23.955218,NIC Asia Bank Ltd.
2026042901042364,NICA,89,49,100,354.0,35400.0,2026-04-29,188532294,139,Global IME Securities Limited,Online Securities Pvt. Ltd.,2026-04-29 13:04:23.955445,NIC Asia Bank Ltd.
2026042901042365,NICA,43,49,83,353.8,29365.4,2026-04-29,188532296,139,South Asian Bulls Pvt. Ltd.,Online Securities Pvt. Ltd.,2026-04-29 13:04:23.955673,NIC Asia Bank Ltd.
2026042901042366,NICA,41,49,100,353.8,35380.0,2026-04-29,188532298,139,Linch Stock Market Ltd.,Online Securities Pvt. Ltd.,2026-04-29 13:04:23.955917,NIC Asia Bank Ltd.
2026042901042367,NICA,45,49,40,353.8,14152.0,2026-04-29,188532300,139,Imperial Securities Company Pvt. Ltd.,Online Securities Pvt. Ltd.,2026-04-29 13:04:23.956145,NIC Asia Bank Ltd.
2026042901042368,NICA,51,49,50,353.8,17690.0,2026-04-29,188532302,139,Oxford Securities Pvt. Ltd.,Online Securities Pvt. Ltd.,2026-04-29 13:04:23.956348,NIC Asia Bank Ltd.
2026042901042369,NICA,28,49,500,353.7,176850.0,2026-04-29,188532304,139,Shree Krishna Securities Ltd.,Online Securities Pvt. Ltd.,2026-04-29 13:04:23.956553,NIC Asia Bank Ltd.
2026042901042370,NICA,42,49,500,353.7,176850.0,2026-04-29,188532306,139,Sani Securities Company Ltd.,Online Securities Pvt. Ltd.,2026-04-29 13:04:23.956763,NIC Asia Bank Ltd.
2026042901042371,NICA,36,49,20,353.5,7070.0,2026-04-29,188532308,139,Secured Securities Ltd.,Online Securities Pvt. Ltd.,2026-04-29 13:04:23.956982,NIC Asia Bank Ltd.
2026042901042372,NICA,3,49,577,353.5,203969.5,2026-04-29,188532309,139,Arun Securities (PVT) Ltd.,Online Securities Pvt. Ltd.,2026-04-29 13:04:23.957204,NIC Asia Bank Ltd.
2026042901043432,NICA,64,52,1000,354.0,354000.0,2026-04-29,188535443,139,SUN SECURITIES PVT LTD,Sundhara Securities Limited,2026-04-29 13:09:07.793526,NIC Asia Bank Ltd.
2026042901043922,NICA,42,42,20,356.3,7126.0,2026-04-29,188536942,139,Sani Securities Company Ltd.,Sani Securities Company Ltd.,2026-04-29 13:12:07.185593,NIC Asia Bank Ltd.
2026042901044246,NICA,71,52,137,353.7,48456.9,2026-04-29,188537844,139,SHUBHAKAMANA SECURITIES PVT. LTD,Sundhara Securities Limited,2026-04-29 13:13:28.861049,NIC Asia Bank Ltd.
2026042901044247,NICA,8,52,363,353.6,128356.8,2026-04-29,188537845,139,Brilliant Securities Pvt. Ltd.,Sundhara Securities Limited,2026-04-29 13:13:28.861388,NIC Asia Bank Ltd.
2026042901044801,NICA,8,36,137,353.6,48443.2,2026-04-29,188539664,139,Brilliant Securities Pvt. Ltd.,Secured Securities Ltd.,2026-04-29 13:16:28.330234,NIC Asia Bank Ltd.
2026042901044802,NICA,3,36,423,353.5,149530.5,2026-04-29,188539666,139,Arun Securities (PVT) Ltd.,Secured Securities Ltd.,2026-04-29 13:16:28.330418,NIC Asia Bank Ltd.
2026042901044803,NICA,42,36,25,353.0,8825.0,2026-04-29,188539668,139,Sani Securities Company Ltd.,Secured Securities Ltd.,2026-04-29 13:16:28.330493,NIC Asia Bank Ltd.
2026042901044804,NICA,58,36,24,353.0,8472.0,2026-04-29,188539670,139,Naasa Securities Co. Ltd.,Secured Securities Ltd.,2026-04-29 13:16:28.330570,NIC Asia Bank Ltd.
2026042901044805,NICA,42,36,200,353.0,70600.0,2026-04-29,188539672,139,Sani Securities Company Ltd.,Secured Securities Ltd.,2026-04-29 13:16:28.330645,NIC Asia Bank Ltd.
2026042901044806,NICA,49,36,50,353.0,17650.0,2026-04-29,188539674,139,Online Securities Pvt. Ltd.,Secured Securities Ltd.,2026-04-29 13:16:28.330718,NIC Asia Bank Ltd.
2026042901044807,NICA,41,36,200,353.0,70600.0,2026-04-29,188539676,139,Linch Stock Market Ltd.,Secured Securities Ltd.,2026-04-29 13:16:28.330789,NIC Asia Bank Ltd.
2026042901044808,NICA,45,36,50,353.0,17650.0,2026-04-29,188539678,139,Imperial Securities Company Pvt. Ltd.,Secured Securities Ltd.,2026-04-29 13:16:28.330862,NIC Asia Bank Ltd.
2026042901044809,NICA,22,36,71,353.0,25063.0,2026-04-29,188539680,139,Siprabi Securities Pvt. Ltd.,Secured Securities Ltd.,2026-04-29 13:16:28.330931,NIC Asia Bank Ltd.
2026042901044810,NICA,41,36,50,353.0,17650.0,2026-04-29,188539682,139,Linch Stock Market Ltd.,Secured Securities Ltd.,2026-04-29 13:16:28.331001,NIC Asia Bank Ltd.
2026042901044811,NICA,41,36,50,353.0,17650.0,2026-04-29,188539684,139,Linch Stock Market Ltd.,Secured Securities Ltd.,2026-04-29 13:16:28.331107,NIC Asia Bank Ltd.
2026042901044812,NICA,38,36,100,353.0,35300.0,2026-04-29,188539686,139,Dipshikha Dhitopatra Karobar Co. Pvt Ltd.,Secured Securities Ltd.,2026-04-29 13:16:28.331174,NIC Asia Bank Ltd.
2026042901044813,NICA,8,36,1000,352.3,352300.0,2026-04-29,188539688,139,Brilliant Securities Pvt. Ltd.,Secured Securities Ltd.,2026-04-29 13:16:28.331242,NIC Asia Bank Ltd.
2026042901044814,NICA,21,36,200,352.2,70440.0,2026-04-29,188539689,139,Midas Stock Broking Company Private Limited,Secured Securities Ltd.,2026-04-29 13:16:28.331312,NIC Asia Bank Ltd.
2026042901045296,NICA,96,45,12,352.3,4227.6,2026-04-29,188541299,139,Himalayan Securities Limited,Imperial Securities Company Pvt. Ltd.,2026-04-29 13:19:40.488313,NIC Asia Bank Ltd.
2026042901045345,NICA,96,58,488,352.3,171922.4,2026-04-29,188541438,139,Himalayan Securities Limited,Naasa Securities Co. Ltd.,2026-04-29 13:19:56.712926,NIC Asia Bank Ltd.
2026042901045346,NICA,21,58,32,352.2,11270.4,2026-04-29,188541440,139,Midas Stock Broking Company Private Limited,Naasa Securities Co. Ltd.,2026-04-29 13:19:56.713114,NIC Asia Bank Ltd.
2026042901045347,NICA,5,58,278,352.2,97911.6,2026-04-29,188541442,139,Market Securities & Exchange (PVT) Ltd.,Naasa Securities Co. Ltd.,2026-04-29 13:19:56.713189,NIC Asia Bank Ltd.
2026042901045348,NICA,49,58,202,352.0,71104.0,2026-04-29,188541443,139,Online Securities Pvt. Ltd.,Naasa Securities Co. Ltd.,2026-04-29 13:19:56.713262,NIC Asia Bank Ltd.
2026042901046303,NICA,8,46,210,352.2,73962.0,2026-04-29,188544419,139,Brilliant Securities Pvt. Ltd.,Kalika Securities Pvt. Ltd.,2026-04-29 13:24:38.928157,NIC Asia Bank Ltd.
2026042901046371,NICA,8,45,200,352.2,70440.0,2026-04-29,188544823,139,Brilliant Securities Pvt. Ltd.,Imperial Securities Company Pvt. Ltd.,2026-04-29 13:25:13.121521,NIC Asia Bank Ltd.
2026042901047431,NICA,71,57,100,352.4,35240.0,2026-04-29,188548151,139,SHUBHAKAMANA SECURITIES PVT. LTD,Aryatara Investment & Securities,2026-04-29 13:31:02.151618,NIC Asia Bank Ltd.
2026042901048558,NICA,56,45,109,352.7,38444.3,2026-04-29,188551917,139,Sri Hari Securities Pvt. Ltd.,Imperial Securities Company Pvt. Ltd.,2026-04-29 13:37:45.244596,NIC Asia Bank Ltd.
2026042901048702,NICA,45,47,100,353.5,35350.0,2026-04-29,188552364,139,Imperial Securities Company Pvt. Ltd.,Neev Securities Pvt. Ltd.,2026-04-29 13:39:00.277237,NIC Asia Bank Ltd.
2026042901048750,NICA,45,1,109,354.0,38586.0,2026-04-29,188552497,139,Imperial Securities Company Pvt. Ltd.,Kumari Securities Private Limited,2026-04-29 13:39:12.511674,NIC Asia Bank Ltd.
2026042901048751,NICA,45,14,200,354.0,70800.0,2026-04-29,188552499,139,Imperial Securities Company Pvt. Ltd.,Nepal Stock House (PVT) Ltd.,2026-04-29 13:39:12.511874,NIC Asia Bank Ltd.
2026042901048752,NICA,45,14,100,354.0,35400.0,2026-04-29,188552501,139,Imperial Securities Company Pvt. Ltd.,Nepal Stock House (PVT) Ltd.,2026-04-29 13:39:12.511955,NIC Asia Bank Ltd.
2026042901048753,NICA,45,45,2000,354.0,708000.0,2026-04-29,188552503,139,Imperial Securities Company Pvt. Ltd.,Imperial Securities Company Pvt. Ltd.,2026-04-29 13:39:12.512036,NIC Asia Bank Ltd.
2026042901048754,NICA,45,45,591,354.0,209214.0,2026-04-29,188552506,139,Imperial Securities Company Pvt. Ltd.,Imperial Securities Company Pvt. Ltd.,2026-04-29 13:39:12.512115,NIC Asia Bank Ltd.
2026042901048840,NICA,59,45,10,354.0,3540.0,2026-04-29,188552806,139,Deevyaa Securities & Stock House Pvt. Ltd,Imperial Securities Company Pvt. Ltd.,2026-04-29 13:39:48.740623,NIC Asia Bank Ltd.
2026042901048853,NICA,57,45,399,354.0,141246.0,2026-04-29,188552841,139,Aryatara Investment & Securities,Imperial Securities Company Pvt. Ltd.,2026-04-29 13:39:52.345895,NIC Asia Bank Ltd.
2026042901048901,NICA,57,59,601,354.5,213054.5,2026-04-29,188552974,139,Aryatara Investment & Securities,Deevyaa Securities & Stock House Pvt. Ltd,2026-04-29 13:40:08.383514,NIC Asia Bank Ltd.
2026042901049010,NICA,94,59,99,354.5,35095.5,2026-04-29,188553301,139,K.B.L. Securities Limited ,Deevyaa Securities & Stock House Pvt. Ltd,2026-04-29 13:40:53.256109,NIC Asia Bank Ltd.
2026042901049011,NICA,94,58,401,355.0,142355.0,2026-04-29,188553304,139,K.B.L. Securities Limited ,Naasa Securities Co. Ltd.,2026-04-29 13:40:53.256451,NIC Asia Bank Ltd.
2026042901049016,NICA,56,58,999,355.0,354645.0,2026-04-29,188553315,139,Sri Hari Securities Pvt. Ltd.,Naasa Securities Co. Ltd.,2026-04-29 13:40:54.229440,NIC Asia Bank Ltd.
2026042901049017,NICA,56,58,1100,355.0,390500.0,2026-04-29,188553318,139,Sri Hari Securities Pvt. Ltd.,Naasa Securities Co. Ltd.,2026-04-29 13:40:54.229779,NIC Asia Bank Ltd.
2026042901049040,NICA,56,58,300,355.0,106500.0,2026-04-29,188553373,139,Sri Hari Securities Pvt. Ltd.,Naasa Securities Co. Ltd.,2026-04-29 13:41:04.561965,NIC Asia Bank Ltd.
2026042901049041,NICA,56,58,200,355.0,71000.0,2026-04-29,188553376,139,Sri Hari Securities Pvt. Ltd.,Naasa Securities Co. Ltd.,2026-04-29 13:41:04.562161,NIC Asia Bank Ltd.
2026042901049048,NICA,71,58,1000,355.0,355000.0,2026-04-29,188553393,139,SHUBHAKAMANA SECURITIES PVT. LTD,Naasa Securities Co. Ltd.,2026-04-29 13:41:07.340743,NIC Asia Bank Ltd.
2026042901049135,NICA,94,36,400,356.5,142600.0,2026-04-29,188553684,139,K.B.L. Securities Limited ,Secured Securities Ltd.,2026-04-29 13:41:41.628373,NIC Asia Bank Ltd.
2026042901049402,NICA,45,36,4500,356.5,1604250.0,2026-04-29,188554514,139,Imperial Securities Company Pvt. Ltd.,Secured Securities Ltd.,2026-04-29 13:42:48.271675,NIC Asia Bank Ltd.
2026042901049483,NICA,45,36,100,356.5,35650.0,2026-04-29,188554775,139,Imperial Securities Company Pvt. Ltd.,Secured Securities Ltd.,2026-04-29 13:43:20.245336,NIC Asia Bank Ltd.
2026042901049484,NICA,45,38,100,356.5,35650.0,2026-04-29,188554777,139,Imperial Securities Company Pvt. Ltd.,Dipshikha Dhitopatra Karobar Co. Pvt Ltd.,2026-04-29 13:43:20.245523,NIC Asia Bank Ltd.
2026042901049485,NICA,45,49,67,356.8,23905.6,2026-04-29,188554779,139,Imperial Securities Company Pvt. Ltd.,Online Securities Pvt. Ltd.,2026-04-29 13:43:20.245610,NIC Asia Bank Ltd.
2026042901049486,NICA,45,25,1933,356.8,689694.4,2026-04-29,188554782,139,Imperial Securities Company Pvt. Ltd.,Sweta Securities Private Limited,2026-04-29 13:43:20.245691,NIC Asia Bank Ltd.
2026042901049586,NICA,71,14,400,355.0,142000.0,2026-04-29,188555073,139,SHUBHAKAMANA SECURITIES PVT. LTD,Nepal Stock House (PVT) Ltd.,2026-04-29 13:43:51.834127,NIC Asia Bank Ltd.
2026042901050623,NICA,45,22,35,356.7,12484.5,2026-04-29,188558353,139,Imperial Securities Company Pvt. Ltd.,Siprabi Securities Pvt. Ltd.,2026-04-29 13:49:38.693094,NIC Asia Bank Ltd.
2026042901050624,NICA,45,25,67,356.8,23905.6,2026-04-29,188558355,139,Imperial Securities Company Pvt. Ltd.,Sweta Securities Private Limited,2026-04-29 13:49:38.693287,NIC Asia Bank Ltd.
2026042901050625,NICA,45,59,398,356.8,142006.4,2026-04-29,188558358,139,Imperial Securities Company Pvt. Ltd.,Deevyaa Securities & Stock House Pvt. Ltd,2026-04-29 13:49:38.693375,NIC Asia Bank Ltd.
2026042901050681,NICA,45,16,200,356.9,71380.0,2026-04-29,188558531,139,Imperial Securities Company Pvt. Ltd.,Primo Securities (PVT) Ltd.,2026-04-29 13:49:53.222184,NIC Asia Bank Ltd.
2026042901050682,NICA,45,4,444,357.0,158508.0,2026-04-29,188558533,139,Imperial Securities Company Pvt. Ltd.,Opal Securities Investment (PVT) Ltd.,2026-04-29 13:49:53.222578,NIC Asia Bank Ltd.
2026042901050683,NICA,45,45,356,357.0,127092.0,2026-04-29,188558536,139,Imperial Securities Company Pvt. Ltd.,Imperial Securities Company Pvt. Ltd.,2026-04-29 13:49:53.222826,NIC Asia Bank Ltd.
2026042901050752,NICA,45,45,94,357.0,33558.0,2026-04-29,188558751,139,Imperial Securities Company Pvt. Ltd.,Imperial Securities Company Pvt. Ltd.,2026-04-29 13:50:16.445660,NIC Asia Bank Ltd.
2026042901050753,NICA,45,47,150,358.0,53700.0,2026-04-29,188558753,139,Imperial Securities Company Pvt. Ltd.,Neev Securities Pvt. Ltd.,2026-04-29 13:50:16.445846,NIC Asia Bank Ltd.
2026042901050754,NICA,45,35,220,358.0,78760.0,2026-04-29,188558755,139,Imperial Securities Company Pvt. Ltd.,Kohinoor Investment & Securities Pvt. Ltd.,2026-04-29 13:50:16.445927,NIC Asia Bank Ltd.
2026042901050755,NICA,45,58,200,358.0,71600.0,2026-04-29,188558757,139,Imperial Securities Company Pvt. Ltd.,Naasa Securities Co. Ltd.,2026-04-29 13:50:16.446009,NIC Asia Bank Ltd.
2026042901050756,NICA,45,5,149,358.0,53342.0,2026-04-29,188558759,139,Imperial Securities Company Pvt. Ltd.,Market Securities & Exchange (PVT) Ltd.,2026-04-29 13:50:16.446099,NIC Asia Bank Ltd.
2026042901050757,NICA,45,57,100,358.0,35800.0,2026-04-29,188558761,139,Imperial Securities Company Pvt. Ltd.,Aryatara Investment & Securities,2026-04-29 13:50:16.446176,NIC Asia Bank Ltd.
2026042901050758,NICA,45,58,10,358.0,3580.0,2026-04-29,188558763,139,Imperial Securities Company Pvt. Ltd.,Naasa Securities Co. Ltd.,2026-04-29 13:50:16.446254,NIC Asia Bank Ltd.
2026042901050759,NICA,45,35,77,358.0,27566.0,2026-04-29,188558766,139,Imperial Securities Company Pvt. Ltd.,Kohinoor Investment & Securities Pvt. Ltd.,2026-04-29 13:50:16.446332,NIC Asia Bank Ltd.
2026042901050983,NICA,38,35,10,358.0,3580.0,2026-04-29,188559512,139,Dipshikha Dhitopatra Karobar Co. Pvt Ltd.,Kohinoor Investment & Securities Pvt. Ltd.,2026-04-29 13:51:26.999177,NIC Asia Bank Ltd.
2026042901051887,NICA,59,44,153,355.0,54315.0,2026-04-29,188562649,139,Deevyaa Securities & Stock House Pvt. Ltd,Dynamic Money Managers Securities Pvt. Ltd.,2026-04-29 13:56:42.345015,NIC Asia Bank Ltd.
2026042901051893,NICA,59,56,127,355.0,45085.0,2026-04-29,188562668,139,Deevyaa Securities & Stock House Pvt. Ltd,Sri Hari Securities Pvt. Ltd.,2026-04-29 13:56:46.054768,NIC Asia Bank Ltd.
2026042901051894,NICA,21,56,100,355.0,35500.0,2026-04-29,188562670,139,Midas Stock Broking Company Private Limited,Sri Hari Securities Pvt. Ltd.,2026-04-29 13:56:46.055043,NIC Asia Bank Ltd.
2026042901051895,NICA,64,56,50,355.0,17750.0,2026-04-29,188562672,139,SUN SECURITIES PVT LTD,Sri Hari Securities Pvt. Ltd.,2026-04-29 13:56:46.055138,NIC Asia Bank Ltd.
2026042901051938,NICA,13,38,10,353.5,3535.0,2026-04-29,188562852,139,Thrive Brokerage House Pvt. Ltd,Dipshikha Dhitopatra Karobar Co. Pvt Ltd.,2026-04-29 13:57:10.430961,NIC Asia Bank Ltd.
2026042901051939,NICA,56,38,10,353.2,3532.0,2026-04-29,188562853,139,Sri Hari Securities Pvt. Ltd.,Dipshikha Dhitopatra Karobar Co. Pvt Ltd.,2026-04-29 13:57:10.431358,NIC Asia Bank Ltd.
2026042901051949,NICA,56,56,153,355.0,54315.0,2026-04-29,188562902,139,Sri Hari Securities Pvt. Ltd.,Sri Hari Securities Pvt. Ltd.,2026-04-29 13:57:18.181634,NIC Asia Bank Ltd.
2026042901051970,NICA,56,58,23,353.2,8123.6,2026-04-29,188562967,139,Sri Hari Securities Pvt. Ltd.,Naasa Securities Co. Ltd.,2026-04-29 13:57:25.002060,NIC Asia Bank Ltd.
2026042901052507,NICA,56,11,858,353.2,303045.6,2026-04-29,188565076,139,Sri Hari Securities Pvt. Ltd.,Malla & Malla Stock Broking Company Pvt. Limited,2026-04-29 14:00:40.211594,NIC Asia Bank Ltd.
2026042901052508,NICA,71,11,900,353.2,317880.0,2026-04-29,188565078,139,SHUBHAKAMANA SECURITIES PVT. LTD,Malla & Malla Stock Broking Company Pvt. Limited,2026-04-29 14:00:40.211986,NIC Asia Bank Ltd.
2026042901052509,NICA,45,11,242,353.2,85474.4,2026-04-29,188565079,139,Imperial Securities Company Pvt. Ltd.,Malla & Malla Stock Broking Company Pvt. Limited,2026-04-29 14:00:40.212288,NIC Asia Bank Ltd.
2026042901052720,NICA,13,25,3,345.0,1035.0,2026-04-29,188565855,139,Thrive Brokerage House Pvt. Ltd,Sweta Securities Private Limited,2026-04-29 14:02:06.356455,NIC Asia Bank Ltd.
2026042901053411,NICA,49,35,13,354.0,4602.0,2026-04-29,188568393,139,Online Securities Pvt. Ltd.,Kohinoor Investment & Securities Pvt. Ltd.,2026-04-29 14:06:19.929096,NIC Asia Bank Ltd.
2026042901053705,NICA,4,56,30,356.0,10680.0,2026-04-29,188569572,139,Opal Securities Investment (PVT) Ltd.,Sri Hari Securities Pvt. Ltd.,2026-04-29 14:08:28.146397,NIC Asia Bank Ltd.
2026042901054222,NICA,56,56,170,353.3,60061.0,2026-04-29,188571237,139,Sri Hari Securities Pvt. Ltd.,Sri Hari Securities Pvt. Ltd.,2026-04-29 14:11:53.390074,NIC Asia Bank Ltd.
2026042901055433,NICA,45,39,500,355.0,177500.0,2026-04-29,188575530,139,Imperial Securities Company Pvt. Ltd.,Sumeru Securities Pvt. Ltd.,2026-04-29 14:19:00.974082,NIC Asia Bank Ltd.
2026042901055451,NICA,45,64,10,355.9,3559.0,2026-04-29,188575606,139,Imperial Securities Company Pvt. Ltd.,SUN SECURITIES PVT LTD,2026-04-29 14:19:09.058739,NIC Asia Bank Ltd.
2026042901055646,NICA,56,57,200,353.6,70720.0,2026-04-29,188576348,139,Sri Hari Securities Pvt. Ltd.,Aryatara Investment & Securities,2026-04-29 14:19:59.395752,NIC Asia Bank Ltd.
2026042901055692,NICA,17,57,800,353.6,282880.0,2026-04-29,188576512,139,ABC Securities Private Limited,Aryatara Investment & Securities,2026-04-29 14:20:15.146802,NIC Asia Bank Ltd.
2026042901055809,NICA,58,64,10,355.9,3559.0,2026-04-29,188577080,139,Naasa Securities Co. Ltd.,SUN SECURITIES PVT LTD,2026-04-29 14:21:06.525502,NIC Asia Bank Ltd.
2026042901056527,NICA,21,65,100,355.7,35570.0,2026-04-29,188579964,139,Midas Stock Broking Company Private Limited,Sharepro Securities Private Limited,2026-04-29 14:24:46.970697,NIC Asia Bank Ltd.
2026042901056964,NICA,58,47,250,354.1,88525.0,2026-04-29,188581473,139,Naasa Securities Co. Ltd.,Neev Securities Pvt. Ltd.,2026-04-29 14:26:39.511045,NIC Asia Bank Ltd.
2026042901057055,NICA,52,47,115,354.0,40710.0,2026-04-29,188581776,139,Sundhara Securities Limited,Neev Securities Pvt. Ltd.,2026-04-29 14:26:58.573553,NIC Asia Bank Ltd.
2026042901057056,NICA,8,47,93,353.7,32894.1,2026-04-29,188581777,139,Brilliant Securities Pvt. Ltd.,Neev Securities Pvt. Ltd.,2026-04-29 14:26:58.573748,NIC Asia Bank Ltd.
2026042901057207,NICA,8,6,907,353.7,320805.9,2026-04-29,188582324,139,Brilliant Securities Pvt. Ltd.,Agrawal Securities (PVT) Ltd.,2026-04-29 14:27:33.437599,NIC Asia Bank Ltd.
2026042901057208,NICA,56,6,200,353.6,70720.0,2026-04-29,188582326,139,Sri Hari Securities Pvt. Ltd.,Agrawal Securities (PVT) Ltd.,2026-04-29 14:27:33.437646,NIC Asia Bank Ltd.
2026042901057209,NICA,42,6,500,353.6,176800.0,2026-04-29,188582328,139,Sani Securities Company Ltd.,Agrawal Securities (PVT) Ltd.,2026-04-29 14:27:33.437671,NIC Asia Bank Ltd.
2026042901057210,NICA,56,6,200,353.5,70700.0,2026-04-29,188582330,139,Sri Hari Securities Pvt. Ltd.,Agrawal Securities (PVT) Ltd.,2026-04-29 14:27:33.437695,NIC Asia Bank Ltd.
2026042901057211,NICA,13,6,10,353.5,3535.0,2026-04-29,188582332,139,Thrive Brokerage House Pvt. Ltd,Agrawal Securities (PVT) Ltd.,2026-04-29 14:27:33.437722,NIC Asia Bank Ltd.
2026042901057212,NICA,56,6,200,353.5,70700.0,2026-04-29,188582334,139,Sri Hari Securities Pvt. Ltd.,Agrawal Securities (PVT) Ltd.,2026-04-29 14:27:33.437744,NIC Asia Bank Ltd.
2026042901057213,NICA,58,6,1000,353.5,353500.0,2026-04-29,188582336,139,Naasa Securities Co. Ltd.,Agrawal Securities (PVT) Ltd.,2026-04-29 14:27:33.437766,NIC Asia Bank Ltd.
2026042901057214,NICA,41,6,70,353.5,24745.0,2026-04-29,188582338,139,Linch Stock Market Ltd.,Agrawal Securities (PVT) Ltd.,2026-04-29 14:27:33.437791,NIC Asia Bank Ltd.
2026042901057215,NICA,3,6,913,353.5,322745.5,2026-04-29,188582339,139,Arun Securities (PVT) Ltd.,Agrawal Securities (PVT) Ltd.,2026-04-29 14:27:33.437811,NIC Asia Bank Ltd.
2026042901057367,NICA,3,49,87,353.5,30754.5,2026-04-29,188582938,139,Arun Securities (PVT) Ltd.,Online Securities Pvt. Ltd.,2026-04-29 14:28:02.306476,NIC Asia Bank Ltd.
2026042901057368,NICA,45,49,63,353.5,22270.5,2026-04-29,188582939,139,Imperial Securities Company Pvt. Ltd.,Online Securities Pvt. Ltd.,2026-04-29 14:28:02.306876,NIC Asia Bank Ltd.
2026042901057425,NICA,45,65,937,353.5,331229.5,2026-04-29,188583394,139,Imperial Securities Company Pvt. Ltd.,Sharepro Securities Private Limited,2026-04-29 14:28:22.149523,NIC Asia Bank Ltd.
2026042901057426,NICA,45,65,1000,353.5,353500.0,2026-04-29,188583396,139,Imperial Securities Company Pvt. Ltd.,Sharepro Securities Private Limited,2026-04-29 14:28:22.149943,NIC Asia Bank Ltd.
2026042901057445,NICA,62,65,63,353.5,22270.5,2026-04-29,188583451,139,Capital Max Securities Ltd,Sharepro Securities Private Limited,2026-04-29 14:28:27.415409,NIC Asia Bank Ltd.
2026042901057463,NICA,71,49,54,354.0,19116.0,2026-04-29,188583572,139,SHUBHAKAMANA SECURITIES PVT. LTD,Online Securities Pvt. Ltd.,2026-04-29 14:28:32.280344,NIC Asia Bank Ltd.
2026042901057513,NICA,71,49,204,354.0,72216.0,2026-04-29,188583777,139,SHUBHAKAMANA SECURITIES PVT. LTD,Online Securities Pvt. Ltd.,2026-04-29 14:28:40.632535,NIC Asia Bank Ltd.
2026042901057514,NICA,71,6,45,355.6,16002.0,2026-04-29,188583780,139,SHUBHAKAMANA SECURITIES PVT. LTD,Agrawal Securities (PVT) Ltd.,2026-04-29 14:28:40.632630,NIC Asia Bank Ltd.
2026042901057999,NICA,45,65,791,355.5,281200.5,2026-04-29,188586087,139,Imperial Securities Company Pvt. Ltd.,Sharepro Securities Private Limited,2026-04-29 14:30:41.952705,NIC Asia Bank Ltd.
2026042901058083,NICA,45,59,39,354.1,13809.9,2026-04-29,188586439,139,Imperial Securities Company Pvt. Ltd.,Deevyaa Securities & Stock House Pvt. Ltd,2026-04-29 14:31:08.529824,NIC Asia Bank Ltd.
2026042901058399,NICA,45,6,170,354.1,60197.0,2026-04-29,188587768,139,Imperial Securities Company Pvt. Ltd.,Agrawal Securities (PVT) Ltd.,2026-04-29 14:32:31.377383,NIC Asia Bank Ltd.
2026042901058400,NICA,32,6,200,354.0,70800.0,2026-04-29,188587770,139,Premier Securities Company Ltd.,Agrawal Securities (PVT) Ltd.,2026-04-29 14:32:31.377800,NIC Asia Bank Ltd.
2026042901058952,NICA,34,4,20,353.7,7074.0,2026-04-29,188589680,139,Vision Securities Pvt. Ltd,Opal Securities Investment (PVT) Ltd.,2026-04-29 14:34:22.152508,NIC Asia Bank Ltd.
2026042901058953,NICA,45,4,341,353.6,120577.6,2026-04-29,188589681,139,Imperial Securities Company Pvt. Ltd.,Opal Securities Investment (PVT) Ltd.,2026-04-29 14:34:22.152748,NIC Asia Bank Ltd.
2026042901059201,NICA,45,14,10,355.7,3557.0,2026-04-29,188590482,139,Imperial Securities Company Pvt. Ltd.,Nepal Stock House (PVT) Ltd.,2026-04-29 14:35:25.497811,NIC Asia Bank Ltd.
2026042901059715,NICA,45,62,125,354.0,44250.0,2026-04-29,188592422,139,Imperial Securities Company Pvt. Ltd.,Capital Max Securities Ltd,2026-04-29 14:37:36.663058,NIC Asia Bank Ltd.
2026042901059716,NICA,46,62,500,354.0,177000.0,2026-04-29,188592424,139,Kalika Securities Pvt. Ltd.,Capital Max Securities Ltd,2026-04-29 14:37:36.663252,NIC Asia Bank Ltd.
2026042901059717,NICA,56,62,200,353.7,70740.0,2026-04-29,188592426,139,Sri Hari Securities Pvt. Ltd.,Capital Max Securities Ltd,2026-04-29 14:37:36.663345,NIC Asia Bank Ltd.
2026042901059718,NICA,45,62,415,353.6,146744.0,2026-04-29,188592427,139,Imperial Securities Company Pvt. Ltd.,Capital Max Securities Ltd,2026-04-29 14:37:36.663433,NIC Asia Bank Ltd.
2026042901060371,NICA,43,58,1000,354.0,354000.0,2026-04-29,188594757,139,South Asian Bulls Pvt. Ltd.,Naasa Securities Co. Ltd.,2026-04-29 14:39:36.495589,NIC Asia Bank Ltd.
2026042901060992,NICA,8,64,345,354.1,122164.5,2026-04-29,188596891,139,Brilliant Securities Pvt. Ltd.,SUN SECURITIES PVT LTD,2026-04-29 14:41:23.364742,NIC Asia Bank Ltd.
2026042901061393,NICA,32,26,9,355.0,3195.0,2026-04-29,188598677,139,Premier Securities Company Ltd.,Asian Securities Private Ltd.,2026-04-29 14:43:08.052139,NIC Asia Bank Ltd.
2026042901061416,NICA,42,38,300,355.0,106500.0,2026-04-29,188598745,139,Sani Securities Company Ltd.,Dipshikha Dhitopatra Karobar Co. Pvt Ltd.,2026-04-29 14:43:13.705524,NIC Asia Bank Ltd.
2026042901061582,NICA,11,6,200,355.7,71140.0,2026-04-29,188599266,139,Malla & Malla Stock Broking Company Pvt. Limited,Agrawal Securities (PVT) Ltd.,2026-04-29 14:43:44.215578,NIC Asia Bank Ltd.
2026042901061792,NICA,49,6,15,355.7,5335.5,2026-04-29,188600108,139,Online Securities Pvt. Ltd.,Agrawal Securities (PVT) Ltd.,2026-04-29 14:44:39.216499,NIC Asia Bank Ltd.
2026042901061832,NICA,41,6,285,355.7,101374.5,2026-04-29,188600239,139,Linch Stock Market Ltd.,Agrawal Securities (PVT) Ltd.,2026-04-29 14:44:47.255934,NIC Asia Bank Ltd.
2026042901061833,NICA,41,29,100,355.7,35570.0,2026-04-29,188600241,139,Linch Stock Market Ltd.,Trisul Securities & Invt. Ltd.,2026-04-29 14:44:47.256164,NIC Asia Bank Ltd.
2026042901061834,NICA,41,49,200,355.8,71160.0,2026-04-29,188600243,139,Linch Stock Market Ltd.,Online Securities Pvt. Ltd.,2026-04-29 14:44:47.256294,NIC Asia Bank Ltd.
2026042901061835,NICA,41,56,415,356.0,147740.0,2026-04-29,188600246,139,Linch Stock Market Ltd.,Sri Hari Securities Pvt. Ltd.,2026-04-29 14:44:47.256391,NIC Asia Bank Ltd.
2026042901062503,NICA,45,56,55,356.0,19580.0,2026-04-29,188602761,139,Imperial Securities Company Pvt. Ltd.,Sri Hari Securities Pvt. Ltd.,2026-04-29 14:46:54.072881,NIC Asia Bank Ltd.
2026042901062504,NICA,45,29,100,356.0,35600.0,2026-04-29,188602763,139,Imperial Securities Company Pvt. Ltd.,Trisul Securities & Invt. Ltd.,2026-04-29 14:46:54.073101,NIC Asia Bank Ltd.
2026042901062505,NICA,45,6,500,356.0,178000.0,2026-04-29,188602765,139,Imperial Securities Company Pvt. Ltd.,Agrawal Securities (PVT) Ltd.,2026-04-29 14:46:54.073210,NIC Asia Bank Ltd.
2026042901062506,NICA,45,16,300,357.9,107370.0,2026-04-29,188602767,139,Imperial Securities Company Pvt. Ltd.,Primo Securities (PVT) Ltd.,2026-04-29 14:46:54.073306,NIC Asia Bank Ltd.
2026042901062534,NICA,45,47,47,357.9,16821.3,2026-04-29,188602852,139,Imperial Securities Company Pvt. Ltd.,Neev Securities Pvt. Ltd.,2026-04-29 14:46:57.705148,NIC Asia Bank Ltd.
2026042901062535,NICA,42,47,353,355.0,125315.0,2026-04-29,188602853,139,Sani Securities Company Ltd.,Neev Securities Pvt. Ltd.,2026-04-29 14:46:57.705352,NIC Asia Bank Ltd.
2026042901062683,NICA,42,6,347,355.0,123185.0,2026-04-29,188603550,139,Sani Securities Company Ltd.,Agrawal Securities (PVT) Ltd.,2026-04-29 14:47:33.650200,NIC Asia Bank Ltd.
2026042901062684,NICA,45,6,1000,354.2,354200.0,2026-04-29,188603552,139,Imperial Securities Company Pvt. Ltd.,Agrawal Securities (PVT) Ltd.,2026-04-29 14:47:33.650246,NIC Asia Bank Ltd.
2026042901062685,NICA,8,6,655,354.1,231935.5,2026-04-29,188603554,139,Brilliant Securities Pvt. Ltd.,Agrawal Securities (PVT) Ltd.,2026-04-29 14:47:33.650272,NIC Asia Bank Ltd.
2026042901062686,NICA,42,6,500,354.1,177050.0,2026-04-29,188603556,139,Sani Securities Company Ltd.,Agrawal Securities (PVT) Ltd.,2026-04-29 14:47:33.650297,NIC Asia Bank Ltd.
2026042901062687,NICA,43,6,400,354.0,141600.0,2026-04-29,188603558,139,South Asian Bulls Pvt. Ltd.,Agrawal Securities (PVT) Ltd.,2026-04-29 14:47:33.650323,NIC Asia Bank Ltd.
2026042901062688,NICA,43,6,1100,354.0,389400.0,2026-04-29,188603560,139,South Asian Bulls Pvt. Ltd.,Agrawal Securities (PVT) Ltd.,2026-04-29 14:47:33.650395,NIC Asia Bank Ltd.
2026042901062689,NICA,39,6,25,354.0,8850.0,2026-04-29,188603562,139,Sumeru Securities Pvt. Ltd.,Agrawal Securities (PVT) Ltd.,2026-04-29 14:47:33.650454,NIC Asia Bank Ltd.
2026042901062690,NICA,41,6,273,354.0,96642.0,2026-04-29,188603563,139,Linch Stock Market Ltd.,Agrawal Securities (PVT) Ltd.,2026-04-29 14:47:33.650476,NIC Asia Bank Ltd.
2026042901062731,NICA,78,14,5,355.7,1778.5,2026-04-29,188603759,139,Garima Securities Limited,Nepal Stock House (PVT) Ltd.,2026-04-29 14:47:44.688336,NIC Asia Bank Ltd.
2026042901063701,NICA,71,29,10,354.1,3541.0,2026-04-29,188607869,139,SHUBHAKAMANA SECURITIES PVT. LTD,Trisul Securities & Invt. Ltd.,2026-04-29 14:50:57.537535,NIC Asia Bank Ltd.
2026042901064311,NICA,71,43,20,355.0,7100.0,2026-04-29,188609977,139,SHUBHAKAMANA SECURITIES PVT. LTD,South Asian Bulls Pvt. Ltd.,2026-04-29 14:52:30.647093,NIC Asia Bank Ltd.
2026042901064643,NICA,71,22,267,355.0,94785.0,2026-04-29,188611282,139,SHUBHAKAMANA SECURITIES PVT. LTD,Siprabi Securities Pvt. Ltd.,2026-04-29 14:53:25.572923,NIC Asia Bank Ltd.
2026042901064988,NICA,58,22,33,355.0,11715.0,2026-04-29,188612779,139,Naasa Securities Co. Ltd.,Siprabi Securities Pvt. Ltd.,2026-04-29 14:54:27.246600,NIC Asia Bank Ltd.
2026042901064989,NICA,58,58,36,356.0,12816.0,2026-04-29,188612782,139,Naasa Securities Co. Ltd.,Naasa Securities Co. Ltd.,2026-04-29 14:54:27.246834,NIC Asia Bank Ltd.
2026042901065713,NICA,28,42,300,354.1,106230.0,2026-04-29,188615739,139,Shree Krishna Securities Ltd.,Sani Securities Company Ltd.,2026-04-29 14:56:18.018865,NIC Asia Bank Ltd.
2026042901065773,NICA,49,46,60,354.1,21246.0,2026-04-29,188615965,139,Online Securities Pvt. Ltd.,Kalika Securities Pvt. Ltd.,2026-04-29 14:56:29.146323,NIC Asia Bank Ltd.
2026042901065774,NICA,49,58,40,356.0,14240.0,2026-04-29,188615968,139,Online Securities Pvt. Ltd.,Naasa Securities Co. Ltd.,2026-04-29 14:56:29.146739,NIC Asia Bank Ltd.
2026042901065850,NICA,45,58,26,356.0,9256.0,2026-04-29,188616351,139,Imperial Securities Company Pvt. Ltd.,Naasa Securities Co. Ltd.,2026-04-29 14:56:47.381339,NIC Asia Bank Ltd.
2026042901065851,NICA,45,6,500,356.0,178000.0,2026-04-29,188616353,139,Imperial Securities Company Pvt. Ltd.,Agrawal Securities (PVT) Ltd.,2026-04-29 14:56:47.381558,NIC Asia Bank Ltd.
2026042901065852,NICA,45,19,400,356.0,142400.0,2026-04-29,188616355,139,Imperial Securities Company Pvt. Ltd.,Nepal Investment And Securities Trading Private Limited,2026-04-29 14:56:47.381656,NIC Asia Bank Ltd.
2026042901065853,NICA,45,42,50,356.0,17800.0,2026-04-29,188616357,139,Imperial Securities Company Pvt. Ltd.,Sani Securities Company Ltd.,2026-04-29 14:56:47.381749,NIC Asia Bank Ltd.
2026042901065854,NICA,45,6,200,357.0,71400.0,2026-04-29,188616359,139,Imperial Securities Company Pvt. Ltd.,Agrawal Securities (PVT) Ltd.,2026-04-29 14:56:47.381845,NIC Asia Bank Ltd.
2026042901065855,NICA,45,6,500,357.0,178500.0,2026-04-29,188616361,139,Imperial Securities Company Pvt. Ltd.,Agrawal Securities (PVT) Ltd.,2026-04-29 14:56:47.381939,NIC Asia Bank Ltd.
2026042901065856,NICA,45,6,324,357.9,115959.6,2026-04-29,188616364,139,Imperial Securities Company Pvt. Ltd.,Agrawal Securities (PVT) Ltd.,2026-04-29 14:56:47.382047,NIC Asia Bank Ltd.
2026042901066174,NICA,58,58,10,355.0,3550.0,2026-04-29,188617679,139,Naasa Securities Co. Ltd.,Naasa Securities Co. Ltd.,2026-04-29 14:57:28.796676,NIC Asia Bank Ltd.
2026042901066332,NICA,58,6,10,357.9,3579.0,2026-04-29,188618178,139,Naasa Securities Co. Ltd.,Agrawal Securities (PVT) Ltd.,2026-04-29 14:57:45.734992,NIC Asia Bank Ltd.
2026042901066395,NICA,45,6,166,357.9,59411.4,2026-04-29,188618455,139,Imperial Securities Company Pvt. Ltd.,Agrawal Securities (PVT) Ltd.,2026-04-29 14:57:54.329606,NIC Asia Bank Ltd.
2026042901066396,NICA,45,53,1008,357.9,360763.2,2026-04-29,188618457,139,Imperial Securities Company Pvt. Ltd.,Investment Management Nepal Pvt. Ltd.,2026-04-29 14:57:54.330046,NIC Asia Bank Ltd.
2026042901066397,NICA,45,6,326,357.9,116675.4,2026-04-29,188618460,139,Imperial Securities Company Pvt. Ltd.,Agrawal Securities (PVT) Ltd.,2026-04-29 14:57:54.330340,NIC Asia Bank Ltd.
2026042901066578,NICA,45,6,174,357.9,62274.6,2026-04-29,188619003,139,Imperial Securities Company Pvt. Ltd.,Agrawal Securities (PVT) Ltd.,2026-04-29 14:58:09.626617,NIC Asia Bank Ltd.
2026042901066579,NICA,45,14,533,358.0,190814.0,2026-04-29,188619005,139,Imperial Securities Company Pvt. Ltd.,Nepal Stock House (PVT) Ltd.,2026-04-29 14:58:09.627088,NIC Asia Bank Ltd.
2026042901066580,NICA,45,29,100,358.0,35800.0,2026-04-29,188619007,139,Imperial Securities Company Pvt. Ltd.,Trisul Securities & Invt. Ltd.,2026-04-29 14:58:09.627385,NIC Asia Bank Ltd.
2026042901066581,NICA,45,57,180,358.0,64440.0,2026-04-29,188619009,139,Imperial Securities Company Pvt. Ltd.,Aryatara Investment & Securities,2026-04-29 14:58:09.627676,NIC Asia Bank Ltd.
2026042901066582,NICA,45,29,13,358.0,4654.0,2026-04-29,188619012,139,Imperial Securities Company Pvt. Ltd.,Trisul Securities & Invt. Ltd.,2026-04-29 14:58:09.627945,NIC Asia Bank Ltd.
2026042901066703,NICA,45,42,50,357.9,17895.0,2026-04-29,188619581,139,Imperial Securities Company Pvt. Ltd.,Sani Securities Company Ltd.,2026-04-29 14:58:24.891412,NIC Asia Bank Ltd.
2026042901066704,NICA,45,29,37,358.0,13246.0,2026-04-29,188619583,139,Imperial Securities Company Pvt. Ltd.,Trisul Securities & Invt. Ltd.,2026-04-29 14:58:24.891902,NIC Asia Bank Ltd.
2026042901066705,NICA,45,44,300,358.4,107520.0,2026-04-29,188619585,139,Imperial Securities Company Pvt. Ltd.,Dynamic Money Managers Securities Pvt. Ltd.,2026-04-29 14:58:24.892209,NIC Asia Bank Ltd.
2026042901066706,NICA,45,34,110,359.0,39490.0,2026-04-29,188619587,139,Imperial Securities Company Pvt. Ltd.,Vision Securities Pvt. Ltd,2026-04-29 14:58:24.892528,NIC Asia Bank Ltd.
2026042901066707,NICA,45,34,500,359.0,179500.0,2026-04-29,188619589,139,Imperial Securities Company Pvt. Ltd.,Vision Securities Pvt. Ltd,2026-04-29 14:58:24.892818,NIC Asia Bank Ltd.
2026042901068171,NICA,71,56,10,359.0,3590.0,2026-04-29,188625771,139,SHUBHAKAMANA SECURITIES PVT. LTD,Sri Hari Securities Pvt. Ltd.,2026-04-29 14:59:59.369035,NIC Asia Bank Ltd.
