contract_id,symbol,buyer_member_id,seller_member_id,volume,price,amount,buyer_broker,seller_broker,transaction_time
2026042905000001,NIFRA,41,58,50,268.0,13400.0,Linch Stock Market Ltd.,Naasa Securities Co. Ltd.,2026-04-29 10:46:00.047649
2026042905000002,NIFRA,41,57,50,268.0,13400.0,Linch Stock Market Ltd.,Aryatara Investment & Securities,2026-04-29 10:46:00.047675
2026042905000097,NIFRA,58,3,25,266.9,6672.5,Naasa Securities Co. Ltd.,Arun Securities (PVT) Ltd.,2026-04-29 11:03:40.379659
2026042905000107,NIFRA,57,57,10,265.0,2650.0,Aryatara Investment & Securities,Aryatara Investment & Securities,2026-04-29 11:03:58.541253
2026042905000108,NIFRA,35,57,44,264.0,11616.0,Kohinoor Investment & Securities Pvt. Ltd.,Aryatara Investment & Securities,2026-04-29 11:03:58.541472
2026042905000144,NIFRA,62,3,30,266.9,8007.0,Capital Max Securities Ltd,Arun Securities (PVT) Ltd.,2026-04-29 11:05:09.559848
2026042905000201,NIFRA,35,33,19,264.0,5016.0,Kohinoor Investment & Securities Pvt. Ltd.,Dakshinkali Investment & Securities Pvt. Ltd.,2026-04-29 11:06:58.384470
2026042905000202,NIFRA,8,33,20,264.0,5280.0,Brilliant Securities Pvt. Ltd.,Dakshinkali Investment & Securities Pvt. Ltd.,2026-04-29 11:06:58.384596
2026042905000203,NIFRA,58,33,130,264.0,34320.0,Naasa Securities Co. Ltd.,Dakshinkali Investment & Securities Pvt. Ltd.,2026-04-29 11:06:58.384657
2026042905000213,NIFRA,58,33,30,264.0,7920.0,Naasa Securities Co. Ltd.,Dakshinkali Investment & Securities Pvt. Ltd.,2026-04-29 11:07:17.976452
2026042905000218,NIFRA,25,33,50,264.0,13200.0,Sweta Securities Private Limited,Dakshinkali Investment & Securities Pvt. Ltd.,2026-04-29 11:07:24.448653
2026042905000269,NIFRA,59,33,54,263.0,14202.0,Deevyaa Securities & Stock House Pvt. Ltd,Dakshinkali Investment & Securities Pvt. Ltd.,2026-04-29 11:08:37.662155
2026042905000270,NIFRA,59,10,54,263.0,14202.0,Deevyaa Securities & Stock House Pvt. Ltd,Pragyan Securities (PVT) Ltd.,2026-04-29 11:08:38.103177
2026042905000273,NIFRA,59,10,10,263.0,2630.0,Deevyaa Securities & Stock House Pvt. Ltd,Pragyan Securities (PVT) Ltd.,2026-04-29 11:08:43.470760
2026042905000299,NIFRA,39,33,19,264.0,5016.0,Sumeru Securities Pvt. Ltd.,Dakshinkali Investment & Securities Pvt. Ltd.,2026-04-29 11:09:37.775389
2026042905000301,NIFRA,59,11,70,263.0,18410.0,Deevyaa Securities & Stock House Pvt. Ltd,Malla & Malla Stock Broking Company Pvt. Limited,2026-04-29 11:09:40.259546
2026042905000337,NIFRA,48,42,200,263.1,52620.0,Trishakti Securities Public Limited,Sani Securities Company Ltd.,2026-04-29 11:10:36.214353
2026042905000338,NIFRA,59,42,2812,263.0,739556.0,Deevyaa Securities & Stock House Pvt. Ltd,Sani Securities Company Ltd.,2026-04-29 11:10:36.214658
2026042905000339,NIFRA,45,42,30,263.0,7890.0,Imperial Securities Company Pvt. Ltd.,Sani Securities Company Ltd.,2026-04-29 11:10:36.214861
2026042905000340,NIFRA,32,42,50,263.0,13150.0,Premier Securities Company Ltd.,Sani Securities Company Ltd.,2026-04-29 11:10:36.215061
2026042905000341,NIFRA,48,42,200,263.0,52600.0,Trishakti Securities Public Limited,Sani Securities Company Ltd.,2026-04-29 11:10:36.215254
2026042905000361,NIFRA,58,58,10,262.0,2620.0,Naasa Securities Co. Ltd.,Naasa Securities Co. Ltd.,2026-04-29 11:10:53.936895
2026042905000401,NIFRA,58,1,54,262.0,14148.0,Naasa Securities Co. Ltd.,Kumari Securities Private Limited,2026-04-29 11:11:45.722902
2026042905000411,NIFRA,58,57,36,262.0,9432.0,Naasa Securities Co. Ltd.,Aryatara Investment & Securities,2026-04-29 11:11:54.664379
2026042905000412,NIFRA,14,57,18,262.0,4716.0,Nepal Stock House (PVT) Ltd.,Aryatara Investment & Securities,2026-04-29 11:11:54.664548
2026042905000417,NIFRA,14,41,82,262.0,21484.0,Nepal Stock House (PVT) Ltd.,Linch Stock Market Ltd.,2026-04-29 11:12:03.713361
2026042905000418,NIFRA,7,41,18,262.0,4716.0,J.F. Securites (PVT) Ltd.,Linch Stock Market Ltd.,2026-04-29 11:12:03.713685
2026042905000510,NIFRA,48,45,54,262.1,14153.4,Trishakti Securities Public Limited,Imperial Securities Company Pvt. Ltd.,2026-04-29 11:13:42.821270
2026042905000546,NIFRA,48,48,44,262.1,11532.4,Trishakti Securities Public Limited,Trishakti Securities Public Limited,2026-04-29 11:14:30.717629
2026042905000548,NIFRA,25,14,40,262.1,10484.0,Sweta Securities Private Limited,Nepal Stock House (PVT) Ltd.,2026-04-29 11:14:31.154902
2026042905000551,NIFRA,90,42,348,263.0,91524.0,Sajilo Broker Limited,Sani Securities Company Ltd.,2026-04-29 11:14:32.581564
2026042905000706,NIFRA,32,44,54,262.4,14169.6,Premier Securities Company Ltd.,Dynamic Money Managers Securities Pvt. Ltd.,2026-04-29 11:17:02.353418
2026042905000723,NIFRA,7,36,30,263.0,7890.0,J.F. Securites (PVT) Ltd.,Secured Securities Ltd.,2026-04-29 11:17:19.368926
2026042905000724,NIFRA,75,36,10,263.0,2630.0,N.I.M.B. Stock Markets Limited,Secured Securities Ltd.,2026-04-29 11:17:20.473273
2026042905000725,NIFRA,75,14,64,263.0,16832.0,N.I.M.B. Stock Markets Limited,Nepal Stock House (PVT) Ltd.,2026-04-29 11:17:20.473536
2026042905000726,NIFRA,75,52,30,263.9,7917.0,N.I.M.B. Stock Markets Limited,Sundhara Securities Limited,2026-04-29 11:17:20.473622
2026042905000727,NIFRA,75,33,82,264.0,21648.0,N.I.M.B. Stock Markets Limited,Dakshinkali Investment & Securities Pvt. Ltd.,2026-04-29 11:17:20.473706
2026042905000728,NIFRA,75,57,100,264.0,26400.0,N.I.M.B. Stock Markets Limited,Aryatara Investment & Securities,2026-04-29 11:17:20.473793
2026042905000729,NIFRA,75,50,54,264.0,14256.0,N.I.M.B. Stock Markets Limited,Cristal Kanchanjanga Securites Pvt. Ltd.,2026-04-29 11:17:20.473872
2026042905000730,NIFRA,75,50,64,265.0,16960.0,N.I.M.B. Stock Markets Limited,Cristal Kanchanjanga Securites Pvt. Ltd.,2026-04-29 11:17:20.473952
2026042905000731,NIFRA,75,22,3330,265.0,882450.0,N.I.M.B. Stock Markets Limited,Siprabi Securities Pvt. Ltd.,2026-04-29 11:17:20.474033
2026042905000732,NIFRA,75,18,100,265.0,26500.0,N.I.M.B. Stock Markets Limited,Sagarmatha Securities Private Limited,2026-04-29 11:17:20.474121
2026042905000733,NIFRA,75,38,60,265.0,15900.0,N.I.M.B. Stock Markets Limited,Dipshikha Dhitopatra Karobar Co. Pvt Ltd.,2026-04-29 11:17:20.474201
2026042905000734,NIFRA,75,58,54,266.0,14364.0,N.I.M.B. Stock Markets Limited,Naasa Securities Co. Ltd.,2026-04-29 11:17:20.474277
2026042905000735,NIFRA,75,58,45,266.0,11970.0,N.I.M.B. Stock Markets Limited,Naasa Securities Co. Ltd.,2026-04-29 11:17:20.474362
2026042905000736,NIFRA,75,47,10,266.4,2664.0,N.I.M.B. Stock Markets Limited,Neev Securities Pvt. Ltd.,2026-04-29 11:17:20.474442
2026042905000737,NIFRA,75,1,400,266.8,106720.0,N.I.M.B. Stock Markets Limited,Kumari Securities Private Limited,2026-04-29 11:17:20.474521
2026042905000738,NIFRA,75,14,1000,266.8,266800.0,N.I.M.B. Stock Markets Limited,Nepal Stock House (PVT) Ltd.,2026-04-29 11:17:20.474601
2026042905000739,NIFRA,75,3,945,266.9,252220.5,N.I.M.B. Stock Markets Limited,Arun Securities (PVT) Ltd.,2026-04-29 11:17:20.474680
2026042905000740,NIFRA,75,26,64,266.9,17081.6,N.I.M.B. Stock Markets Limited,Asian Securities Private Ltd.,2026-04-29 11:17:20.474757
2026042905000741,NIFRA,75,32,100,267.0,26700.0,N.I.M.B. Stock Markets Limited,Premier Securities Company Ltd.,2026-04-29 11:17:20.474844
2026042905000742,NIFRA,75,38,300,267.0,80100.0,N.I.M.B. Stock Markets Limited,Dipshikha Dhitopatra Karobar Co. Pvt Ltd.,2026-04-29 11:17:20.474920
2026042905000743,NIFRA,75,91,280,267.0,74760.0,N.I.M.B. Stock Markets Limited,Citizens Share Broker Limited,2026-04-29 11:17:20.474996
2026042905000744,NIFRA,75,53,1000,267.7,267700.0,N.I.M.B. Stock Markets Limited,Investment Management Nepal Pvt. Ltd.,2026-04-29 11:17:20.475075
2026042905000745,NIFRA,75,3,1000,267.8,267800.0,N.I.M.B. Stock Markets Limited,Arun Securities (PVT) Ltd.,2026-04-29 11:17:20.475152
2026042905000746,NIFRA,75,58,30,267.9,8037.0,N.I.M.B. Stock Markets Limited,Naasa Securities Co. Ltd.,2026-04-29 11:17:20.475232
2026042905000747,NIFRA,75,57,50,267.9,13395.0,N.I.M.B. Stock Markets Limited,Aryatara Investment & Securities,2026-04-29 11:17:20.475302
2026042905000748,NIFRA,75,57,50,267.9,13395.0,N.I.M.B. Stock Markets Limited,Aryatara Investment & Securities,2026-04-29 11:17:20.475380
2026042905000749,NIFRA,75,38,778,267.9,208426.2,N.I.M.B. Stock Markets Limited,Dipshikha Dhitopatra Karobar Co. Pvt Ltd.,2026-04-29 11:17:20.475458
2026042905000756,NIFRA,75,38,222,267.9,59473.8,N.I.M.B. Stock Markets Limited,Dipshikha Dhitopatra Karobar Co. Pvt Ltd.,2026-04-29 11:17:36.020574
2026042905000757,NIFRA,75,62,300,268.0,80400.0,N.I.M.B. Stock Markets Limited,Capital Max Securities Ltd,2026-04-29 11:17:36.020962
2026042905000758,NIFRA,75,17,1000,268.0,268000.0,N.I.M.B. Stock Markets Limited,ABC Securities Private Limited,2026-04-29 11:17:36.021188
2026042905000759,NIFRA,75,1,150,268.0,40200.0,N.I.M.B. Stock Markets Limited,Kumari Securities Private Limited,2026-04-29 11:17:36.021417
2026042905000760,NIFRA,75,58,1800,268.0,482400.0,N.I.M.B. Stock Markets Limited,Naasa Securities Co. Ltd.,2026-04-29 11:17:36.021668
2026042905000761,NIFRA,75,29,3000,268.0,804000.0,N.I.M.B. Stock Markets Limited,Trisul Securities & Invt. Ltd.,2026-04-29 11:17:36.021889
2026042905000762,NIFRA,75,32,10,268.0,2680.0,N.I.M.B. Stock Markets Limited,Premier Securities Company Ltd.,2026-04-29 11:17:36.022108
2026042905000763,NIFRA,75,36,1000,268.0,268000.0,N.I.M.B. Stock Markets Limited,Secured Securities Ltd.,2026-04-29 11:17:36.022330
2026042905000764,NIFRA,75,45,300,268.0,80400.0,N.I.M.B. Stock Markets Limited,Imperial Securities Company Pvt. Ltd.,2026-04-29 11:17:36.022539
2026042905000765,NIFRA,75,58,500,268.0,134000.0,N.I.M.B. Stock Markets Limited,Naasa Securities Co. Ltd.,2026-04-29 11:17:36.022743
2026042905000766,NIFRA,75,99,1000,268.0,268000.0,N.I.M.B. Stock Markets Limited,Prabhu Stock Market Limited,2026-04-29 11:17:36.022969
2026042905000767,NIFRA,75,58,30,268.0,8040.0,N.I.M.B. Stock Markets Limited,Naasa Securities Co. Ltd.,2026-04-29 11:17:36.023176
2026042905000768,NIFRA,75,42,100,268.0,26800.0,N.I.M.B. Stock Markets Limited,Sani Securities Company Ltd.,2026-04-29 11:17:36.023401
2026042905000769,NIFRA,75,57,50,268.0,13400.0,N.I.M.B. Stock Markets Limited,Aryatara Investment & Securities,2026-04-29 11:17:36.023637
2026042905000770,NIFRA,75,58,54,268.0,14472.0,N.I.M.B. Stock Markets Limited,Naasa Securities Co. Ltd.,2026-04-29 11:17:36.023835
2026042905000771,NIFRA,75,89,54,268.0,14472.0,N.I.M.B. Stock Markets Limited,Global IME Securities Limited,2026-04-29 11:17:36.024046
2026042905000772,NIFRA,75,22,20,268.0,5360.0,N.I.M.B. Stock Markets Limited,Siprabi Securities Pvt. Ltd.,2026-04-29 11:17:36.024252
2026042905000773,NIFRA,75,58,50,269.0,13450.0,N.I.M.B. Stock Markets Limited,Naasa Securities Co. Ltd.,2026-04-29 11:17:36.024504
2026042905000774,NIFRA,75,57,50,269.0,13450.0,N.I.M.B. Stock Markets Limited,Aryatara Investment & Securities,2026-04-29 11:17:36.024738
2026042905000775,NIFRA,75,59,310,269.0,83390.0,N.I.M.B. Stock Markets Limited,Deevyaa Securities & Stock House Pvt. Ltd,2026-04-29 11:17:36.024930
2026042905000814,NIFRA,75,38,1000,267.8,267800.0,N.I.M.B. Stock Markets Limited,Dipshikha Dhitopatra Karobar Co. Pvt Ltd.,2026-04-29 11:18:04.764868
2026042905000815,NIFRA,75,57,40,268.9,10756.0,N.I.M.B. Stock Markets Limited,Aryatara Investment & Securities,2026-04-29 11:18:04.765208
2026042905000816,NIFRA,75,59,1190,269.0,320110.0,N.I.M.B. Stock Markets Limited,Deevyaa Securities & Stock House Pvt. Ltd,2026-04-29 11:18:04.765475
2026042905000817,NIFRA,75,45,162,269.0,43578.0,N.I.M.B. Stock Markets Limited,Imperial Securities Company Pvt. Ltd.,2026-04-29 11:18:04.765709
2026042905000818,NIFRA,75,41,400,269.0,107600.0,N.I.M.B. Stock Markets Limited,Linch Stock Market Ltd.,2026-04-29 11:18:04.765938
2026042905000819,NIFRA,75,33,3500,269.7,943950.0,N.I.M.B. Stock Markets Limited,Dakshinkali Investment & Securities Pvt. Ltd.,2026-04-29 11:18:04.766164
2026042905000820,NIFRA,75,58,10,269.8,2698.0,N.I.M.B. Stock Markets Limited,Naasa Securities Co. Ltd.,2026-04-29 11:18:04.766414
2026042905000821,NIFRA,75,58,50,270.0,13500.0,N.I.M.B. Stock Markets Limited,Naasa Securities Co. Ltd.,2026-04-29 11:18:04.766639
2026042905000822,NIFRA,75,57,50,270.0,13500.0,N.I.M.B. Stock Markets Limited,Aryatara Investment & Securities,2026-04-29 11:18:04.766858
2026042905000823,NIFRA,75,62,300,270.0,81000.0,N.I.M.B. Stock Markets Limited,Capital Max Securities Ltd,2026-04-29 11:18:04.767082
2026042905000824,NIFRA,75,22,54,270.0,14580.0,N.I.M.B. Stock Markets Limited,Siprabi Securities Pvt. Ltd.,2026-04-29 11:18:04.767280
2026042905000825,NIFRA,75,1,150,270.0,40500.0,N.I.M.B. Stock Markets Limited,Kumari Securities Private Limited,2026-04-29 11:18:04.767517
2026042905000826,NIFRA,75,47,54,270.0,14580.0,N.I.M.B. Stock Markets Limited,Neev Securities Pvt. Ltd.,2026-04-29 11:18:04.767726
2026042905000827,NIFRA,75,48,1040,270.0,280800.0,N.I.M.B. Stock Markets Limited,Trishakti Securities Public Limited,2026-04-29 11:18:04.767940
2026042905000829,NIFRA,75,48,60,270.0,16200.0,N.I.M.B. Stock Markets Limited,Trishakti Securities Public Limited,2026-04-29 11:18:12.326703
2026042905000830,NIFRA,75,39,200,270.0,54000.0,N.I.M.B. Stock Markets Limited,Sumeru Securities Pvt. Ltd.,2026-04-29 11:18:12.326870
2026042905000831,NIFRA,75,26,500,270.0,135000.0,N.I.M.B. Stock Markets Limited,Asian Securities Private Ltd.,2026-04-29 11:18:12.326941
2026042905000832,NIFRA,75,45,100,270.0,27000.0,N.I.M.B. Stock Markets Limited,Imperial Securities Company Pvt. Ltd.,2026-04-29 11:18:12.327010
2026042905000833,NIFRA,75,75,1139,270.0,307530.0,N.I.M.B. Stock Markets Limited,N.I.M.B. Stock Markets Limited,2026-04-29 11:18:12.327075
2026042905000834,NIFRA,75,57,500,270.0,135000.0,N.I.M.B. Stock Markets Limited,Aryatara Investment & Securities,2026-04-29 11:18:12.327140
2026042905000835,NIFRA,75,75,2501,270.0,675270.0,N.I.M.B. Stock Markets Limited,N.I.M.B. Stock Markets Limited,2026-04-29 11:18:12.327201
2026042905000929,NIFRA,8,36,64,263.1,16838.4,Brilliant Securities Pvt. Ltd.,Secured Securities Ltd.,2026-04-29 11:20:38.089444
2026042905000960,NIFRA,65,32,10,268.0,2680.0,Sharepro Securities Private Limited,Premier Securities Company Ltd.,2026-04-29 11:21:32.152532
2026042905001003,NIFRA,8,25,54,263.3,14218.2,Brilliant Securities Pvt. Ltd.,Sweta Securities Private Limited,2026-04-29 11:22:34.439906
2026042905001042,NIFRA,19,38,44,264.1,11620.4,Nepal Investment And Securities Trading Private Limited,Dipshikha Dhitopatra Karobar Co. Pvt Ltd.,2026-04-29 11:23:19.246755
2026042905001043,NIFRA,44,38,10,264.0,2640.0,Dynamic Money Managers Securities Pvt. Ltd.,Dipshikha Dhitopatra Karobar Co. Pvt Ltd.,2026-04-29 11:23:19.246860
2026042905001107,NIFRA,44,58,40,264.0,10560.0,Dynamic Money Managers Securities Pvt. Ltd.,Naasa Securities Co. Ltd.,2026-04-29 11:24:31.374554
2026042905001108,NIFRA,41,58,10,264.0,2640.0,Linch Stock Market Ltd.,Naasa Securities Co. Ltd.,2026-04-29 11:24:31.375031
2026042905001109,NIFRA,34,58,230,264.0,60720.0,Vision Securities Pvt. Ltd,Naasa Securities Co. Ltd.,2026-04-29 11:24:31.375445
2026042905001127,NIFRA,8,17,21,264.1,5546.1,Brilliant Securities Pvt. Ltd.,ABC Securities Private Limited,2026-04-29 11:24:50.921256
2026042905001148,NIFRA,8,58,70,264.1,18487.0,Brilliant Securities Pvt. Ltd.,Naasa Securities Co. Ltd.,2026-04-29 11:25:05.067155
2026042905001328,NIFRA,25,58,2,265.0,530.0,Sweta Securities Private Limited,Naasa Securities Co. Ltd.,2026-04-29 11:28:09.731414
2026042905001355,NIFRA,8,58,108,264.3,28544.4,Brilliant Securities Pvt. Ltd.,Naasa Securities Co. Ltd.,2026-04-29 11:28:35.913370
2026042905001357,NIFRA,34,1,250,265.8,66450.0,Vision Securities Pvt. Ltd,Kumari Securities Private Limited,2026-04-29 11:28:37.526732
2026042905001358,NIFRA,34,48,200,265.9,53180.0,Vision Securities Pvt. Ltd,Trishakti Securities Public Limited,2026-04-29 11:28:37.527229
2026042905001386,NIFRA,8,58,50,264.3,13215.0,Brilliant Securities Pvt. Ltd.,Naasa Securities Co. Ltd.,2026-04-29 11:29:00.798258
2026042905001401,NIFRA,48,58,2,262.1,524.2,Trishakti Securities Public Limited,Naasa Securities Co. Ltd.,2026-04-29 11:29:12.535176
2026042905001407,NIFRA,58,5,10,266.0,2660.0,Naasa Securities Co. Ltd.,Market Securities & Exchange (PVT) Ltd.,2026-04-29 11:29:16.520764
2026042905001480,NIFRA,35,57,64,264.4,16921.6,Kohinoor Investment & Securities Pvt. Ltd.,Aryatara Investment & Securities,2026-04-29 11:30:23.259054
2026042905001528,NIFRA,35,50,54,264.4,14277.6,Kohinoor Investment & Securities Pvt. Ltd.,Cristal Kanchanjanga Securites Pvt. Ltd.,2026-04-29 11:31:18.802911
2026042905001544,NIFRA,35,53,64,264.4,16921.6,Kohinoor Investment & Securities Pvt. Ltd.,Investment Management Nepal Pvt. Ltd.,2026-04-29 11:31:36.691807
2026042905001565,NIFRA,21,17,17,265.0,4505.0,Midas Stock Broking Company Private Limited,ABC Securities Private Limited,2026-04-29 11:32:12.875636
2026042905001566,NIFRA,8,4,54,264.5,14283.0,Brilliant Securities Pvt. Ltd.,Opal Securities Investment (PVT) Ltd.,2026-04-29 11:32:14.509877
2026042905001569,NIFRA,18,17,37,265.0,9805.0,Sagarmatha Securities Private Limited,ABC Securities Private Limited,2026-04-29 11:32:18.310876
2026042905001570,NIFRA,18,77,64,265.0,16960.0,Sagarmatha Securities Private Limited,Nabil Stock Dealer Ltd.,2026-04-29 11:32:18.311431
2026042905001571,NIFRA,18,10,99,265.9,26324.1,Sagarmatha Securities Private Limited,Pragyan Securities (PVT) Ltd.,2026-04-29 11:32:18.311787
2026042905001628,NIFRA,8,33,54,264.5,14283.0,Brilliant Securities Pvt. Ltd.,Dakshinkali Investment & Securities Pvt. Ltd.,2026-04-29 11:33:12.702563
2026042905001643,NIFRA,8,42,400,264.5,105800.0,Brilliant Securities Pvt. Ltd.,Sani Securities Company Ltd.,2026-04-29 11:33:35.125982
2026042905001668,NIFRA,8,100,54,264.5,14283.0,Brilliant Securities Pvt. Ltd.,Sunrise Securities Limited,2026-04-29 11:33:49.773122
2026042905001779,NIFRA,8,42,60,264.5,15870.0,Brilliant Securities Pvt. Ltd.,Sani Securities Company Ltd.,2026-04-29 11:34:33.076638
2026042905001831,NIFRA,8,45,11,264.5,2909.5,Brilliant Securities Pvt. Ltd.,Imperial Securities Company Pvt. Ltd.,2026-04-29 11:35:26.358135
2026042905001841,NIFRA,57,40,4,256.6,1026.4,Aryatara Investment & Securities,Creative Securities Pvt Ltd,2026-04-29 11:35:32.747589
2026042905001864,NIFRA,35,34,68,264.4,17979.2,Kohinoor Investment & Securities Pvt. Ltd.,Vision Securities Pvt. Ltd,2026-04-29 11:35:46.718542
2026042905001865,NIFRA,94,34,932,264.2,246234.4,K.B.L. Securities Limited ,Vision Securities Pvt. Ltd,2026-04-29 11:35:46.719100
2026042905001919,NIFRA,19,58,10,264.5,2645.0,Nepal Investment And Securities Trading Private Limited,Naasa Securities Co. Ltd.,2026-04-29 11:37:06.732086
2026042905001920,NIFRA,19,22,24,265.0,6360.0,Nepal Investment And Securities Trading Private Limited,Siprabi Securities Pvt. Ltd.,2026-04-29 11:37:06.732423
2026042905001921,NIFRA,19,4,116,265.0,30740.0,Nepal Investment And Securities Trading Private Limited,Opal Securities Investment (PVT) Ltd.,2026-04-29 11:37:06.732558
2026042905001933,NIFRA,94,58,50,264.2,13210.0,K.B.L. Securities Limited ,Naasa Securities Co. Ltd.,2026-04-29 11:37:26.571811
2026042905001955,NIFRA,58,4,10,265.0,2650.0,Naasa Securities Co. Ltd.,Opal Securities Investment (PVT) Ltd.,2026-04-29 11:37:43.724150
2026042905001956,NIFRA,57,4,10,265.0,2650.0,Aryatara Investment & Securities,Opal Securities Investment (PVT) Ltd.,2026-04-29 11:37:46.587182
2026042905001957,NIFRA,94,58,14,264.2,3698.8,K.B.L. Securities Limited ,Naasa Securities Co. Ltd.,2026-04-29 11:37:47.163157
2026042905001986,NIFRA,58,41,4,260.0,1040.0,Naasa Securities Co. Ltd.,Linch Stock Market Ltd.,2026-04-29 11:38:22.036577
2026042905002033,NIFRA,19,19,80,264.1,21128.0,Nepal Investment And Securities Trading Private Limited,Nepal Investment And Securities Trading Private Limited,2026-04-29 11:39:02.343830
2026042905002051,NIFRA,19,56,71,264.1,18751.1,Nepal Investment And Securities Trading Private Limited,Sri Hari Securities Pvt. Ltd.,2026-04-29 11:39:24.894625
2026042905002119,NIFRA,19,91,30,264.1,7923.0,Nepal Investment And Securities Trading Private Limited,Citizens Share Broker Limited,2026-04-29 11:40:50.686748
2026042905002141,NIFRA,94,46,4,264.2,1056.8,K.B.L. Securities Limited ,Kalika Securities Pvt. Ltd.,2026-04-29 11:41:02.501645
2026042905002179,NIFRA,19,54,54,264.1,14261.4,Nepal Investment And Securities Trading Private Limited,Sewa Securities Pvt. Ltd.,2026-04-29 11:41:36.019303
2026042905002228,NIFRA,58,57,4,257.0,1028.0,Naasa Securities Co. Ltd.,Aryatara Investment & Securities,2026-04-29 11:42:32.605447
2026042905002242,NIFRA,19,49,24,264.1,6338.4,Nepal Investment And Securities Trading Private Limited,Online Securities Pvt. Ltd.,2026-04-29 11:42:50.105446
2026042905002291,NIFRA,19,59,241,264.1,63648.1,Nepal Investment And Securities Trading Private Limited,Deevyaa Securities & Stock House Pvt. Ltd,2026-04-29 11:43:42.193089
2026042905002292,NIFRA,34,59,259,264.0,68376.0,Vision Securities Pvt. Ltd,Deevyaa Securities & Stock House Pvt. Ltd,2026-04-29 11:43:42.193708
2026042905002345,NIFRA,57,56,54,264.1,14261.4,Aryatara Investment & Securities,Sri Hari Securities Pvt. Ltd.,2026-04-29 11:44:59.648410
2026042905002386,NIFRA,57,40,136,264.1,35917.6,Aryatara Investment & Securities,Creative Securities Pvt Ltd,2026-04-29 11:45:52.021757
2026042905002387,NIFRA,34,40,511,264.0,134904.0,Vision Securities Pvt. Ltd,Creative Securities Pvt Ltd,2026-04-29 11:45:52.022074
2026042905002388,NIFRA,57,40,20,264.0,5280.0,Aryatara Investment & Securities,Creative Securities Pvt Ltd,2026-04-29 11:45:52.022213
2026042905002389,NIFRA,58,40,25,264.0,6600.0,Naasa Securities Co. Ltd.,Creative Securities Pvt Ltd,2026-04-29 11:45:52.022356
2026042905002390,NIFRA,45,40,308,264.0,81312.0,Imperial Securities Company Pvt. Ltd.,Creative Securities Pvt Ltd,2026-04-29 11:45:52.022490
2026042905002517,NIFRA,45,28,64,264.0,16896.0,Imperial Securities Company Pvt. Ltd.,Shree Krishna Securities Ltd.,2026-04-29 11:48:22.828408
2026042905002542,NIFRA,32,4,300,265.0,79500.0,Premier Securities Company Ltd.,Opal Securities Investment (PVT) Ltd.,2026-04-29 11:48:53.775692
2026042905002575,NIFRA,58,38,4,260.0,1040.0,Naasa Securities Co. Ltd.,Dipshikha Dhitopatra Karobar Co. Pvt Ltd.,2026-04-29 11:49:21.358445
2026042905002600,NIFRA,45,26,628,264.0,165792.0,Imperial Securities Company Pvt. Ltd.,Asian Securities Private Ltd.,2026-04-29 11:49:44.795232
2026042905002601,NIFRA,56,26,20,264.0,5280.0,Sri Hari Securities Pvt. Ltd.,Asian Securities Private Ltd.,2026-04-29 11:49:44.795286
2026042905002602,NIFRA,39,26,100,264.0,26400.0,Sumeru Securities Pvt. Ltd.,Asian Securities Private Ltd.,2026-04-29 11:49:44.795322
2026042905002603,NIFRA,36,26,220,264.0,58080.0,Secured Securities Ltd.,Asian Securities Private Ltd.,2026-04-29 11:49:44.795351
2026042905002608,NIFRA,75,34,2500,263.5,658750.0,N.I.M.B. Stock Markets Limited,Vision Securities Pvt. Ltd,2026-04-29 11:49:59.008521
2026042905002609,NIFRA,13,34,50,263.5,13175.0,Thrive Brokerage House Pvt. Ltd,Vision Securities Pvt. Ltd,2026-04-29 11:49:59.009205
2026042905002610,NIFRA,34,34,150,263.4,39510.0,Vision Securities Pvt. Ltd,Vision Securities Pvt. Ltd,2026-04-29 11:49:59.009827
2026042905002611,NIFRA,48,34,1000,263.4,263400.0,Trishakti Securities Public Limited,Vision Securities Pvt. Ltd,2026-04-29 11:49:59.010444
2026042905002612,NIFRA,33,34,5000,263.1,1315500.0,Dakshinkali Investment & Securities Pvt. Ltd.,Vision Securities Pvt. Ltd,2026-04-29 11:49:59.011019
2026042905002613,NIFRA,41,34,200,263.0,52600.0,Linch Stock Market Ltd.,Vision Securities Pvt. Ltd,2026-04-29 11:49:59.011600
2026042905002614,NIFRA,42,34,500,263.0,131500.0,Sani Securities Company Ltd.,Vision Securities Pvt. Ltd,2026-04-29 11:49:59.012165
2026042905002615,NIFRA,36,34,500,263.0,131500.0,Secured Securities Ltd.,Vision Securities Pvt. Ltd,2026-04-29 11:49:59.012740
2026042905002616,NIFRA,1,34,100,263.0,26300.0,Kumari Securities Private Limited,Vision Securities Pvt. Ltd,2026-04-29 11:49:59.013356
2026042905002641,NIFRA,14,34,50,263.0,13150.0,Nepal Stock House (PVT) Ltd.,Vision Securities Pvt. Ltd,2026-04-29 11:50:38.471632
2026042905002642,NIFRA,38,34,40,263.0,10520.0,Dipshikha Dhitopatra Karobar Co. Pvt Ltd.,Vision Securities Pvt. Ltd,2026-04-29 11:50:38.472300
2026042905002643,NIFRA,11,34,20,263.0,5260.0,Malla & Malla Stock Broking Company Pvt. Limited,Vision Securities Pvt. Ltd,2026-04-29 11:50:38.472824
2026042905002644,NIFRA,48,34,200,263.0,52600.0,Trishakti Securities Public Limited,Vision Securities Pvt. Ltd,2026-04-29 11:50:38.473289
2026042905002645,NIFRA,6,34,300,262.6,78780.0,Agrawal Securities (PVT) Ltd.,Vision Securities Pvt. Ltd,2026-04-29 11:50:38.473802
2026042905002646,NIFRA,42,34,100,262.2,26220.0,Sani Securities Company Ltd.,Vision Securities Pvt. Ltd,2026-04-29 11:50:38.474287
2026042905002647,NIFRA,25,34,60,262.1,15726.0,Sweta Securities Private Limited,Vision Securities Pvt. Ltd,2026-04-29 11:50:38.474800
2026042905002648,NIFRA,17,34,200,262.1,52420.0,ABC Securities Private Limited,Vision Securities Pvt. Ltd,2026-04-29 11:50:38.475262
2026042905002649,NIFRA,39,34,30,262.1,7863.0,Sumeru Securities Pvt. Ltd.,Vision Securities Pvt. Ltd,2026-04-29 11:50:38.475762
2026042905002695,NIFRA,39,39,64,262.1,16774.4,Sumeru Securities Pvt. Ltd.,Sumeru Securities Pvt. Ltd.,2026-04-29 11:51:06.639852
2026042905002701,NIFRA,58,40,4,255.2,1020.8,Naasa Securities Co. Ltd.,Creative Securities Pvt Ltd,2026-04-29 11:51:17.085397
2026042905002712,NIFRA,22,4,10,265.0,2650.0,Siprabi Securities Pvt. Ltd.,Opal Securities Investment (PVT) Ltd.,2026-04-29 11:51:31.458016
2026042905002798,NIFRA,94,14,24,262.3,6295.2,K.B.L. Securities Limited ,Nepal Stock House (PVT) Ltd.,2026-04-29 11:52:31.528410
2026042905002872,NIFRA,22,4,10,265.0,2650.0,Siprabi Securities Pvt. Ltd.,Opal Securities Investment (PVT) Ltd.,2026-04-29 11:53:24.763796
2026042905003070,NIFRA,57,45,4,262.0,1048.0,Aryatara Investment & Securities,Imperial Securities Company Pvt. Ltd.,2026-04-29 11:56:06.343020
2026042905003091,NIFRA,57,45,4,262.0,1048.0,Aryatara Investment & Securities,Imperial Securities Company Pvt. Ltd.,2026-04-29 11:56:13.669033
2026042905003103,NIFRA,43,39,54,262.6,14180.4,South Asian Bulls Pvt. Ltd.,Sumeru Securities Pvt. Ltd.,2026-04-29 11:56:28.613907
2026042905003181,NIFRA,33,4,10,265.0,2650.0,Dakshinkali Investment & Securities Pvt. Ltd.,Opal Securities Investment (PVT) Ltd.,2026-04-29 11:57:26.247207
2026042905003354,NIFRA,45,34,12,263.1,3157.2,Imperial Securities Company Pvt. Ltd.,Vision Securities Pvt. Ltd,2026-04-29 11:59:39.998220
2026042905003355,NIFRA,59,34,1500,263.1,394650.0,Deevyaa Securities & Stock House Pvt. Ltd,Vision Securities Pvt. Ltd,2026-04-29 11:59:39.998581
2026042905003356,NIFRA,13,34,51,263.0,13413.0,Thrive Brokerage House Pvt. Ltd,Vision Securities Pvt. Ltd,2026-04-29 11:59:39.998736
2026042905003383,NIFRA,43,34,146,262.6,38339.6,South Asian Bulls Pvt. Ltd.,Vision Securities Pvt. Ltd,2026-04-29 12:00:03.920208
2026042905003384,NIFRA,57,34,600,262.6,157560.0,Aryatara Investment & Securities,Vision Securities Pvt. Ltd,2026-04-29 12:00:03.920645
2026042905003385,NIFRA,40,34,300,262.5,78750.0,Creative Securities Pvt Ltd,Vision Securities Pvt. Ltd,2026-04-29 12:00:03.920802
2026042905003386,NIFRA,41,34,100,262.4,26240.0,Linch Stock Market Ltd.,Vision Securities Pvt. Ltd,2026-04-29 12:00:03.920988
2026042905003387,NIFRA,94,34,54,262.3,14164.2,K.B.L. Securities Limited ,Vision Securities Pvt. Ltd,2026-04-29 12:00:03.921168
2026042905003417,NIFRA,94,34,422,262.3,110690.6,K.B.L. Securities Limited ,Vision Securities Pvt. Ltd,2026-04-29 12:00:50.086407
2026042905003418,NIFRA,49,34,13,262.2,3408.6,Online Securities Pvt. Ltd.,Vision Securities Pvt. Ltd,2026-04-29 12:00:50.087083
2026042905003419,NIFRA,39,34,406,262.1,106412.6,Sumeru Securities Pvt. Ltd.,Vision Securities Pvt. Ltd,2026-04-29 12:00:50.087595
2026042905003420,NIFRA,58,34,250,262.1,65525.0,Naasa Securities Co. Ltd.,Vision Securities Pvt. Ltd,2026-04-29 12:00:50.088068
2026042905003463,NIFRA,48,58,120,262.1,31452.0,Trishakti Securities Public Limited,Naasa Securities Co. Ltd.,2026-04-29 12:02:02.840717
2026042905003475,NIFRA,74,57,100,262.0,26200.0,KALASH STOCK MARKET PVT. LTD.,Aryatara Investment & Securities,2026-04-29 12:02:15.974942
2026042905003476,NIFRA,39,57,500,262.0,131000.0,Sumeru Securities Pvt. Ltd.,Aryatara Investment & Securities,2026-04-29 12:02:15.975666
2026042905003477,NIFRA,58,57,200,262.0,52400.0,Naasa Securities Co. Ltd.,Aryatara Investment & Securities,2026-04-29 12:02:15.976112
2026042905003478,NIFRA,57,57,50,262.0,13100.0,Aryatara Investment & Securities,Aryatara Investment & Securities,2026-04-29 12:02:15.976575
2026042905003479,NIFRA,42,57,500,262.0,131000.0,Sani Securities Company Ltd.,Aryatara Investment & Securities,2026-04-29 12:02:15.977018
2026042905003480,NIFRA,52,57,90,262.0,23580.0,Sundhara Securities Limited,Aryatara Investment & Securities,2026-04-29 12:02:15.977472
2026042905003486,NIFRA,52,22,45,262.0,11790.0,Sundhara Securities Limited,Siprabi Securities Pvt. Ltd.,2026-04-29 12:02:22.656766
2026042905003487,NIFRA,42,58,100,262.1,26210.0,Sani Securities Company Ltd.,Naasa Securities Co. Ltd.,2026-04-29 12:02:23.851618
2026042905003503,NIFRA,38,34,60,262.0,15720.0,Dipshikha Dhitopatra Karobar Co. Pvt Ltd.,Vision Securities Pvt. Ltd,2026-04-29 12:02:51.107847
2026042905003511,NIFRA,58,58,180,262.1,47178.0,Naasa Securities Co. Ltd.,Naasa Securities Co. Ltd.,2026-04-29 12:03:07.933301
2026042905003643,NIFRA,57,22,9,262.0,2358.0,Aryatara Investment & Securities,Siprabi Securities Pvt. Ltd.,2026-04-29 12:04:41.043661
2026042905003732,NIFRA,32,58,54,263.0,14202.0,Premier Securities Company Ltd.,Naasa Securities Co. Ltd.,2026-04-29 12:06:12.550036
2026042905003733,NIFRA,32,74,46,263.0,12098.0,Premier Securities Company Ltd.,KALASH STOCK MARKET PVT. LTD.,2026-04-29 12:06:12.550397
2026042905003891,NIFRA,74,58,30,262.2,7866.0,KALASH STOCK MARKET PVT. LTD.,Naasa Securities Co. Ltd.,2026-04-29 12:09:43.826569
2026042905003961,NIFRA,58,99,10,263.0,2630.0,Naasa Securities Co. Ltd.,Prabhu Stock Market Limited,2026-04-29 12:11:15.681470
2026042905004054,NIFRA,11,45,54,263.1,14207.4,Malla & Malla Stock Broking Company Pvt. Limited,Imperial Securities Company Pvt. Ltd.,2026-04-29 12:13:31.623230
2026042905004078,NIFRA,11,34,34,263.1,8945.4,Malla & Malla Stock Broking Company Pvt. Limited,Vision Securities Pvt. Ltd,2026-04-29 12:13:55.967482
2026042905004080,NIFRA,11,74,112,263.1,29467.2,Malla & Malla Stock Broking Company Pvt. Limited,KALASH STOCK MARKET PVT. LTD.,2026-04-29 12:14:00.047533
2026042905004081,NIFRA,58,74,90,263.0,23670.0,Naasa Securities Co. Ltd.,KALASH STOCK MARKET PVT. LTD.,2026-04-29 12:14:00.047913
2026042905004082,NIFRA,59,74,500,263.0,131500.0,Deevyaa Securities & Stock House Pvt. Ltd,KALASH STOCK MARKET PVT. LTD.,2026-04-29 12:14:00.048141
2026042905004181,NIFRA,74,94,54,262.2,14158.8,KALASH STOCK MARKET PVT. LTD.,K.B.L. Securities Limited ,2026-04-29 12:15:39.654531
2026042905004388,NIFRA,58,49,21,263.1,5525.1,Naasa Securities Co. Ltd.,Online Securities Pvt. Ltd.,2026-04-29 12:19:12.520309
2026042905004408,NIFRA,58,35,54,264.0,14256.0,Naasa Securities Co. Ltd.,Kohinoor Investment & Securities Pvt. Ltd.,2026-04-29 12:19:47.625121
2026042905004409,NIFRA,58,18,51,264.0,13464.0,Naasa Securities Co. Ltd.,Sagarmatha Securities Private Limited,2026-04-29 12:19:47.625530
2026042905004427,NIFRA,58,36,54,263.1,14207.4,Naasa Securities Co. Ltd.,Secured Securities Ltd.,2026-04-29 12:20:04.078539
2026042905004432,NIFRA,58,18,26,264.0,6864.0,Naasa Securities Co. Ltd.,Sagarmatha Securities Private Limited,2026-04-29 12:20:09.297251
2026042905004568,NIFRA,58,49,4,256.1,1024.4,Naasa Securities Co. Ltd.,Online Securities Pvt. Ltd.,2026-04-29 12:23:02.345134
2026042905004588,NIFRA,45,57,10,264.0,2640.0,Imperial Securities Company Pvt. Ltd.,Aryatara Investment & Securities,2026-04-29 12:23:39.786336
2026042905004660,NIFRA,58,50,15,263.1,3946.5,Naasa Securities Co. Ltd.,Cristal Kanchanjanga Securites Pvt. Ltd.,2026-04-29 12:24:45.139641
2026042905004661,NIFRA,42,50,50,263.0,13150.0,Sani Securities Company Ltd.,Cristal Kanchanjanga Securites Pvt. Ltd.,2026-04-29 12:24:45.140024
2026042905004662,NIFRA,35,50,45,263.0,11835.0,Kohinoor Investment & Securities Pvt. Ltd.,Cristal Kanchanjanga Securites Pvt. Ltd.,2026-04-29 12:24:45.140207
2026042905004721,NIFRA,35,49,64,263.0,16832.0,Kohinoor Investment & Securities Pvt. Ltd.,Online Securities Pvt. Ltd.,2026-04-29 12:25:57.557388
2026042905004752,NIFRA,35,57,44,263.0,11572.0,Kohinoor Investment & Securities Pvt. Ltd.,Aryatara Investment & Securities,2026-04-29 12:26:42.296113
2026042905004770,NIFRA,22,74,10,264.8,2648.0,Siprabi Securities Pvt. Ltd.,KALASH STOCK MARKET PVT. LTD.,2026-04-29 12:27:00.634760
2026042905004808,NIFRA,38,39,35,264.0,9240.0,Dipshikha Dhitopatra Karobar Co. Pvt Ltd.,Sumeru Securities Pvt. Ltd.,2026-04-29 12:27:55.365673
2026042905004860,NIFRA,58,51,33,263.1,8682.3,Naasa Securities Co. Ltd.,Oxford Securities Pvt. Ltd.,2026-04-29 12:28:48.897220
2026042905004861,NIFRA,35,51,947,263.0,249061.0,Kohinoor Investment & Securities Pvt. Ltd.,Oxford Securities Pvt. Ltd.,2026-04-29 12:28:48.897615
2026042905004862,NIFRA,58,51,37,263.0,9731.0,Naasa Securities Co. Ltd.,Oxford Securities Pvt. Ltd.,2026-04-29 12:28:48.897797
2026042905004933,NIFRA,29,83,35,264.0,9240.0,Trisul Securities & Invt. Ltd.,Sanima Securities Limited,2026-04-29 12:30:29.972292
2026042905004948,NIFRA,98,83,29,264.0,7656.0,Trademow Securities Private Limited,Sanima Securities Limited,2026-04-29 12:30:53.779528
2026042905004964,NIFRA,22,39,10,264.7,2647.0,Siprabi Securities Pvt. Ltd.,Sumeru Securities Pvt. Ltd.,2026-04-29 12:31:20.020776
2026042905004974,NIFRA,98,57,41,264.0,10824.0,Trademow Securities Private Limited,Aryatara Investment & Securities,2026-04-29 12:31:37.962723
2026042905004982,NIFRA,58,45,54,263.0,14202.0,Naasa Securities Co. Ltd.,Imperial Securities Company Pvt. Ltd.,2026-04-29 12:31:51.343378
2026042905005088,NIFRA,59,74,20,263.2,5264.0,Deevyaa Securities & Stock House Pvt. Ltd,KALASH STOCK MARKET PVT. LTD.,2026-04-29 12:35:02.582994
2026042905005089,NIFRA,3,74,34,263.1,8945.4,Arun Securities (PVT) Ltd.,KALASH STOCK MARKET PVT. LTD.,2026-04-29 12:35:02.583061
2026042905005097,NIFRA,22,58,10,263.9,2639.0,Siprabi Securities Pvt. Ltd.,Naasa Securities Co. Ltd.,2026-04-29 12:35:11.580454
2026042905005173,NIFRA,3,45,366,263.1,96294.6,Arun Securities (PVT) Ltd.,Imperial Securities Company Pvt. Ltd.,2026-04-29 12:37:16.398577
2026042905005174,NIFRA,58,45,409,263.0,107567.0,Naasa Securities Co. Ltd.,Imperial Securities Company Pvt. Ltd.,2026-04-29 12:37:16.399023
2026042905005175,NIFRA,61,45,200,263.0,52600.0,BHOLE GANESH SECURITIES LTD,Imperial Securities Company Pvt. Ltd.,2026-04-29 12:37:16.399215
2026042905005176,NIFRA,59,45,225,263.0,59175.0,Deevyaa Securities & Stock House Pvt. Ltd,Imperial Securities Company Pvt. Ltd.,2026-04-29 12:37:16.399417
2026042905005196,NIFRA,58,58,20,263.9,5278.0,Naasa Securities Co. Ltd.,Naasa Securities Co. Ltd.,2026-04-29 12:37:35.977994
2026042905005244,NIFRA,59,17,25,263.0,6575.0,Deevyaa Securities & Stock House Pvt. Ltd,ABC Securities Private Limited,2026-04-29 12:38:49.967815
2026042905005245,NIFRA,38,17,190,263.0,49970.0,Dipshikha Dhitopatra Karobar Co. Pvt Ltd.,ABC Securities Private Limited,2026-04-29 12:38:49.968300
2026042905005246,NIFRA,49,17,75,263.0,19725.0,Online Securities Pvt. Ltd.,ABC Securities Private Limited,2026-04-29 12:38:49.968510
2026042905005317,NIFRA,57,45,500,262.7,131350.0,Aryatara Investment & Securities,Imperial Securities Company Pvt. Ltd.,2026-04-29 12:39:43.484796
2026042905005318,NIFRA,53,45,500,262.6,131300.0,Investment Management Nepal Pvt. Ltd.,Imperial Securities Company Pvt. Ltd.,2026-04-29 12:39:43.485197
2026042905005366,NIFRA,53,18,13,262.6,3413.8,Investment Management Nepal Pvt. Ltd.,Sagarmatha Securities Private Limited,2026-04-29 12:40:30.500527
2026042905005381,NIFRA,59,35,10,262.7,2627.0,Deevyaa Securities & Stock House Pvt. Ltd,Kohinoor Investment & Securities Pvt. Ltd.,2026-04-29 12:40:54.263256
2026042905005382,NIFRA,53,35,487,262.6,127886.2,Investment Management Nepal Pvt. Ltd.,Kohinoor Investment & Securities Pvt. Ltd.,2026-04-29 12:40:54.263740
2026042905005383,NIFRA,58,35,182,262.5,47775.0,Naasa Securities Co. Ltd.,Kohinoor Investment & Securities Pvt. Ltd.,2026-04-29 12:40:54.263962
2026042905005423,NIFRA,58,45,318,262.5,83475.0,Naasa Securities Co. Ltd.,Imperial Securities Company Pvt. Ltd.,2026-04-29 12:41:54.709181
2026042905005430,NIFRA,57,51,30,262.5,7875.0,Aryatara Investment & Securities,Oxford Securities Pvt. Ltd.,2026-04-29 12:42:05.844856
2026042905005450,NIFRA,74,36,200,262.2,52440.0,KALASH STOCK MARKET PVT. LTD.,Secured Securities Ltd.,2026-04-29 12:42:33.993790
2026042905005464,NIFRA,58,57,15,264.0,3960.0,Naasa Securities Co. Ltd.,Aryatara Investment & Securities,2026-04-29 12:42:41.928670
2026042905005465,NIFRA,74,38,21,262.2,5506.2,KALASH STOCK MARKET PVT. LTD.,Dipshikha Dhitopatra Karobar Co. Pvt Ltd.,2026-04-29 12:42:41.991086
2026042905005504,NIFRA,10,58,20,264.0,5280.0,Pragyan Securities (PVT) Ltd.,Naasa Securities Co. Ltd.,2026-04-29 12:43:21.345942
2026042905005543,NIFRA,10,58,23,264.0,6072.0,Pragyan Securities (PVT) Ltd.,Naasa Securities Co. Ltd.,2026-04-29 12:44:28.672815
2026042905005630,NIFRA,10,43,17,264.0,4488.0,Pragyan Securities (PVT) Ltd.,South Asian Bulls Pvt. Ltd.,2026-04-29 12:46:15.627459
2026042905005661,NIFRA,28,58,20,262.5,5250.0,Shree Krishna Securities Ltd.,Naasa Securities Co. Ltd.,2026-04-29 12:47:32.764479
2026042905005662,NIFRA,74,58,34,262.2,8914.8,KALASH STOCK MARKET PVT. LTD.,Naasa Securities Co. Ltd.,2026-04-29 12:47:32.764982
2026042905005666,NIFRA,46,43,42,264.0,11088.0,Kalika Securities Pvt. Ltd.,South Asian Bulls Pvt. Ltd.,2026-04-29 12:47:44.084565
2026042905005863,NIFRA,58,36,4,260.0,1040.0,Naasa Securities Co. Ltd.,Secured Securities Ltd.,2026-04-29 12:51:30.334026
2026042905005881,NIFRA,18,57,50,264.0,13200.0,Sagarmatha Securities Private Limited,Aryatara Investment & Securities,2026-04-29 12:52:01.078148
2026042905005958,NIFRA,6,34,10,262.5,2625.0,Agrawal Securities (PVT) Ltd.,Vision Securities Pvt. Ltd,2026-04-29 12:54:00.215538
2026042905005959,NIFRA,32,34,10,262.3,2623.0,Premier Securities Company Ltd.,Vision Securities Pvt. Ltd,2026-04-29 12:54:00.216494
2026042905005980,NIFRA,32,87,64,262.3,16787.2,Premier Securities Company Ltd.,S.P.S.A. Securities Limited,2026-04-29 12:54:29.589914
2026042905006037,NIFRA,58,57,4,260.0,1040.0,Naasa Securities Co. Ltd.,Aryatara Investment & Securities,2026-04-29 12:55:32.452196
2026042905006168,NIFRA,32,13,24,262.3,6295.2,Premier Securities Company Ltd.,Thrive Brokerage House Pvt. Ltd,2026-04-29 12:57:59.185306
2026042905006184,NIFRA,32,58,54,262.3,14164.2,Premier Securities Company Ltd.,Naasa Securities Co. Ltd.,2026-04-29 12:58:24.456820
2026042905006272,NIFRA,32,58,64,262.3,16787.2,Premier Securities Company Ltd.,Naasa Securities Co. Ltd.,2026-04-29 13:00:47.294432
2026042905006305,NIFRA,32,52,54,262.3,14164.2,Premier Securities Company Ltd.,Sundhara Securities Limited,2026-04-29 13:01:46.244600
2026042905006372,NIFRA,76,58,30,263.0,7890.0,Machhapuchchhre Securities Limited,Naasa Securities Co. Ltd.,2026-04-29 13:02:48.768857
2026042905006377,NIFRA,32,6,30,262.3,7869.0,Premier Securities Company Ltd.,Agrawal Securities (PVT) Ltd.,2026-04-29 13:03:03.349294
2026042905006378,NIFRA,42,6,100,262.3,26230.0,Sani Securities Company Ltd.,Agrawal Securities (PVT) Ltd.,2026-04-29 13:03:03.350296
2026042905006379,NIFRA,58,6,44,262.3,11541.2,Naasa Securities Co. Ltd.,Agrawal Securities (PVT) Ltd.,2026-04-29 13:03:03.350992
2026042905006380,NIFRA,42,6,282,262.3,73968.6,Sani Securities Company Ltd.,Agrawal Securities (PVT) Ltd.,2026-04-29 13:03:03.351706
2026042905006401,NIFRA,19,6,20,262.3,5246.0,Nepal Investment And Securities Trading Private Limited,Agrawal Securities (PVT) Ltd.,2026-04-29 13:03:25.951147
2026042905006407,NIFRA,21,6,24,262.3,6295.2,Midas Stock Broking Company Private Limited,Agrawal Securities (PVT) Ltd.,2026-04-29 13:03:32.795826
2026042905006408,NIFRA,21,58,16,263.0,4208.0,Midas Stock Broking Company Private Limited,Naasa Securities Co. Ltd.,2026-04-29 13:03:32.796303
2026042905006480,NIFRA,21,16,17,263.0,4471.0,Midas Stock Broking Company Private Limited,Primo Securities (PVT) Ltd.,2026-04-29 13:04:05.513009
2026042905006488,NIFRA,22,57,20,262.5,5250.0,Siprabi Securities Pvt. Ltd.,Aryatara Investment & Securities,2026-04-29 13:04:22.685388
2026042905006489,NIFRA,74,57,34,262.2,8914.8,KALASH STOCK MARKET PVT. LTD.,Aryatara Investment & Securities,2026-04-29 13:04:22.685929
2026042905006499,NIFRA,74,28,54,262.2,14158.8,KALASH STOCK MARKET PVT. LTD.,Shree Krishna Securities Ltd.,2026-04-29 13:04:43.347119
2026042905006581,NIFRA,4,16,20,263.0,5260.0,Opal Securities Investment (PVT) Ltd.,Primo Securities (PVT) Ltd.,2026-04-29 13:06:17.162150
2026042905006628,NIFRA,5,51,54,262.3,14164.2,Market Securities & Exchange (PVT) Ltd.,Oxford Securities Pvt. Ltd.,2026-04-29 13:07:04.150721
2026042905006649,NIFRA,32,16,23,263.0,6049.0,Premier Securities Company Ltd.,Primo Securities (PVT) Ltd.,2026-04-29 13:07:26.640172
2026042905006667,NIFRA,32,13,64,263.0,16832.0,Premier Securities Company Ltd.,Thrive Brokerage House Pvt. Ltd,2026-04-29 13:07:58.072570
2026042905006712,NIFRA,22,86,10,264.0,2640.0,Siprabi Securities Pvt. Ltd.,Stoxkarts Securities Limited,2026-04-29 13:08:24.388593
2026042905006715,NIFRA,32,6,54,263.0,14202.0,Premier Securities Company Ltd.,Agrawal Securities (PVT) Ltd.,2026-04-29 13:08:27.811683
2026042905006756,NIFRA,32,49,54,263.0,14202.0,Premier Securities Company Ltd.,Online Securities Pvt. Ltd.,2026-04-29 13:09:46.323091
2026042905006822,NIFRA,32,34,10,263.0,2630.0,Premier Securities Company Ltd.,Vision Securities Pvt. Ltd,2026-04-29 13:11:41.561071
2026042905006835,NIFRA,57,1,4,255.2,1020.8,Aryatara Investment & Securities,Kumari Securities Private Limited,2026-04-29 13:11:55.922923
2026042905006867,NIFRA,32,38,10,263.0,2630.0,Premier Securities Company Ltd.,Dipshikha Dhitopatra Karobar Co. Pvt Ltd.,2026-04-29 13:12:16.917694
2026042905006894,NIFRA,32,49,64,263.0,16832.0,Premier Securities Company Ltd.,Online Securities Pvt. Ltd.,2026-04-29 13:12:48.469751
2026042905007025,NIFRA,32,46,54,263.0,14202.0,Premier Securities Company Ltd.,Kalika Securities Pvt. Ltd.,2026-04-29 13:15:52.631106
2026042905007055,NIFRA,32,39,54,263.0,14202.0,Premier Securities Company Ltd.,Sumeru Securities Pvt. Ltd.,2026-04-29 13:16:53.240567
2026042905007077,NIFRA,32,49,64,263.0,16832.0,Premier Securities Company Ltd.,Online Securities Pvt. Ltd.,2026-04-29 13:17:15.638350
2026042905007085,NIFRA,63,14,150,263.5,39525.0,Himalayan Brokerage Company Limited,Nepal Stock House (PVT) Ltd.,2026-04-29 13:17:31.883376
2026042905007086,NIFRA,32,14,49,263.0,12887.0,Premier Securities Company Ltd.,Nepal Stock House (PVT) Ltd.,2026-04-29 13:17:31.964153
2026042905007087,NIFRA,62,14,100,263.0,26300.0,Capital Max Securities Ltd,Nepal Stock House (PVT) Ltd.,2026-04-29 13:17:31.964613
2026042905007101,NIFRA,5,16,46,262.3,12065.8,Market Securities & Exchange (PVT) Ltd.,Primo Securities (PVT) Ltd.,2026-04-29 13:17:46.424473
2026042905007128,NIFRA,74,14,73,262.2,19140.6,KALASH STOCK MARKET PVT. LTD.,Nepal Stock House (PVT) Ltd.,2026-04-29 13:18:19.415219
2026042905007129,NIFRA,6,14,25,262.2,6555.0,Agrawal Securities (PVT) Ltd.,Nepal Stock House (PVT) Ltd.,2026-04-29 13:18:19.416299
2026042905007130,NIFRA,14,14,153,262.2,40116.6,Nepal Stock House (PVT) Ltd.,Nepal Stock House (PVT) Ltd.,2026-04-29 13:18:19.417331
2026042905007147,NIFRA,58,14,250,263.5,65875.0,Naasa Securities Co. Ltd.,Nepal Stock House (PVT) Ltd.,2026-04-29 13:18:28.529660
2026042905007148,NIFRA,58,86,175,264.0,46200.0,Naasa Securities Co. Ltd.,Stoxkarts Securities Limited,2026-04-29 13:18:28.529723
2026042905007232,NIFRA,10,49,64,262.5,16800.0,Pragyan Securities (PVT) Ltd.,Online Securities Pvt. Ltd.,2026-04-29 13:20:41.503122
2026042905007295,NIFRA,10,6,36,262.5,9450.0,Pragyan Securities (PVT) Ltd.,Agrawal Securities (PVT) Ltd.,2026-04-29 13:22:22.991420
2026042905007354,NIFRA,10,59,10,262.5,2625.0,Pragyan Securities (PVT) Ltd.,Deevyaa Securities & Stock House Pvt. Ltd,2026-04-29 13:23:45.444469
2026042905007369,NIFRA,59,49,10,262.3,2623.0,Deevyaa Securities & Stock House Pvt. Ltd,Online Securities Pvt. Ltd.,2026-04-29 13:23:59.269920
2026042905007370,NIFRA,1,49,44,262.3,11541.2,Kumari Securities Private Limited,Online Securities Pvt. Ltd.,2026-04-29 13:23:59.269994
2026042905007444,NIFRA,43,59,20,262.5,5250.0,South Asian Bulls Pvt. Ltd.,Deevyaa Securities & Stock House Pvt. Ltd,2026-04-29 13:25:35.440804
2026042905007478,NIFRA,47,59,24,262.5,6300.0,Neev Securities Pvt. Ltd.,Deevyaa Securities & Stock House Pvt. Ltd,2026-04-29 13:26:14.324375
2026042905007494,NIFRA,1,56,64,262.3,16787.2,Kumari Securities Private Limited,Sri Hari Securities Pvt. Ltd.,2026-04-29 13:26:24.587959
2026042905007613,NIFRA,35,51,6,262.5,1575.0,Kohinoor Investment & Securities Pvt. Ltd.,Oxford Securities Pvt. Ltd.,2026-04-29 13:29:08.562434
2026042905007737,NIFRA,45,47,44,262.5,11550.0,Imperial Securities Company Pvt. Ltd.,Neev Securities Pvt. Ltd.,2026-04-29 13:31:53.053550
2026042905007738,NIFRA,45,47,10,262.5,2625.0,Imperial Securities Company Pvt. Ltd.,Neev Securities Pvt. Ltd.,2026-04-29 13:31:53.053666
2026042905007803,NIFRA,45,42,20,262.5,5250.0,Imperial Securities Company Pvt. Ltd.,Sani Securities Company Ltd.,2026-04-29 13:33:19.709945
2026042905007804,NIFRA,1,42,92,262.3,24131.6,Kumari Securities Private Limited,Sani Securities Company Ltd.,2026-04-29 13:33:19.711017
2026042905007805,NIFRA,14,42,247,262.2,64763.4,Nepal Stock House (PVT) Ltd.,Sani Securities Company Ltd.,2026-04-29 13:33:19.711756
2026042905007806,NIFRA,58,42,20,262.1,5242.0,Naasa Securities Co. Ltd.,Sani Securities Company Ltd.,2026-04-29 13:33:19.712481
2026042905007807,NIFRA,58,42,250,262.1,65525.0,Naasa Securities Co. Ltd.,Sani Securities Company Ltd.,2026-04-29 13:33:19.713182
2026042905007808,NIFRA,25,42,30,262.1,7863.0,Sweta Securities Private Limited,Sani Securities Company Ltd.,2026-04-29 13:33:19.713894
2026042905007809,NIFRA,58,42,300,262.1,78630.0,Naasa Securities Co. Ltd.,Sani Securities Company Ltd.,2026-04-29 13:33:19.714665
2026042905007810,NIFRA,42,42,40,262.1,10484.0,Sani Securities Company Ltd.,Sani Securities Company Ltd.,2026-04-29 13:33:19.715404
2026042905007811,NIFRA,17,42,300,262.1,78630.0,ABC Securities Private Limited,Sani Securities Company Ltd.,2026-04-29 13:33:19.716133
2026042905007812,NIFRA,16,42,1000,262.1,262100.0,Primo Securities (PVT) Ltd.,Sani Securities Company Ltd.,2026-04-29 13:33:19.716838
2026042905007813,NIFRA,38,42,40,262.0,10480.0,Dipshikha Dhitopatra Karobar Co. Pvt Ltd.,Sani Securities Company Ltd.,2026-04-29 13:33:19.717545
2026042905007814,NIFRA,52,42,161,262.0,42182.0,Sundhara Securities Limited,Sani Securities Company Ltd.,2026-04-29 13:33:19.718242
2026042905007831,NIFRA,58,6,2,262.0,524.0,Naasa Securities Co. Ltd.,Agrawal Securities (PVT) Ltd.,2026-04-29 13:33:38.174673
2026042905007848,NIFRA,4,18,26,263.0,6838.0,Opal Securities Investment (PVT) Ltd.,Sagarmatha Securities Private Limited,2026-04-29 13:34:18.909996
2026042905007849,NIFRA,52,18,42,262.0,11004.0,Sundhara Securities Limited,Sagarmatha Securities Private Limited,2026-04-29 13:34:18.911035
2026042905007859,NIFRA,52,51,54,262.0,14148.0,Sundhara Securities Limited,Oxford Securities Pvt. Ltd.,2026-04-29 13:34:45.872136
2026042905007867,NIFRA,52,48,54,262.0,14148.0,Sundhara Securities Limited,Trishakti Securities Public Limited,2026-04-29 13:34:58.724007
2026042905007955,NIFRA,65,74,10,263.9,2639.0,Sharepro Securities Private Limited,KALASH STOCK MARKET PVT. LTD.,2026-04-29 13:37:35.569708
2026042905007992,NIFRA,58,74,100,263.9,26390.0,Naasa Securities Co. Ltd.,KALASH STOCK MARKET PVT. LTD.,2026-04-29 13:38:36.997148
2026042905008073,NIFRA,34,1,64,262.3,16787.2,Vision Securities Pvt. Ltd,Kumari Securities Private Limited,2026-04-29 13:41:06.246545
2026042905008134,NIFRA,34,45,54,262.3,14164.2,Vision Securities Pvt. Ltd,Imperial Securities Company Pvt. Ltd.,2026-04-29 13:42:12.723980
2026042905008172,NIFRA,34,63,54,262.3,14164.2,Vision Securities Pvt. Ltd,Himalayan Brokerage Company Limited,2026-04-29 13:43:03.631630
2026042905008261,NIFRA,59,45,64,262.4,16793.6,Deevyaa Securities & Stock House Pvt. Ltd,Imperial Securities Company Pvt. Ltd.,2026-04-29 13:45:30.756731
2026042905008375,NIFRA,59,16,54,262.4,14169.6,Deevyaa Securities & Stock House Pvt. Ltd,Primo Securities (PVT) Ltd.,2026-04-29 13:47:24.805405
2026042905008403,NIFRA,41,57,64,263.0,16832.0,Linch Stock Market Ltd.,Aryatara Investment & Securities,2026-04-29 13:48:10.382626
2026042905008482,NIFRA,59,58,64,262.4,16793.6,Deevyaa Securities & Stock House Pvt. Ltd,Naasa Securities Co. Ltd.,2026-04-29 13:49:55.406055
2026042905008495,NIFRA,59,42,32,262.4,8396.8,Deevyaa Securities & Stock House Pvt. Ltd,Sani Securities Company Ltd.,2026-04-29 13:50:10.559690
2026042905008505,NIFRA,59,45,54,262.4,14169.6,Deevyaa Securities & Stock House Pvt. Ltd,Imperial Securities Company Pvt. Ltd.,2026-04-29 13:50:20.944993
2026042905008510,NIFRA,59,45,10,262.4,2624.0,Deevyaa Securities & Stock House Pvt. Ltd,Imperial Securities Company Pvt. Ltd.,2026-04-29 13:50:31.022232
2026042905008564,NIFRA,58,49,4,255.0,1020.0,Naasa Securities Co. Ltd.,Online Securities Pvt. Ltd.,2026-04-29 13:51:26.745152
2026042905008687,NIFRA,13,58,22,262.5,5775.0,Thrive Brokerage House Pvt. Ltd,Naasa Securities Co. Ltd.,2026-04-29 13:54:05.373233
2026042905008702,NIFRA,33,17,54,262.6,14180.4,Dakshinkali Investment & Securities Pvt. Ltd.,ABC Securities Private Limited,2026-04-29 13:54:28.002188
2026042905008770,NIFRA,7,44,50,263.0,13150.0,J.F. Securites (PVT) Ltd.,Dynamic Money Managers Securities Pvt. Ltd.,2026-04-29 13:56:00.393481
2026042905008895,NIFRA,62,13,100,262.7,26270.0,Capital Max Securities Ltd,Thrive Brokerage House Pvt. Ltd,2026-04-29 13:58:58.178940
2026042905008896,NIFRA,33,13,200,262.6,52520.0,Dakshinkali Investment & Securities Pvt. Ltd.,Thrive Brokerage House Pvt. Ltd,2026-04-29 13:58:58.180030
2026042905008897,NIFRA,33,58,20,262.6,5252.0,Dakshinkali Investment & Securities Pvt. Ltd.,Naasa Securities Co. Ltd.,2026-04-29 13:58:58.937235
2026042905008910,NIFRA,33,56,54,262.6,14180.4,Dakshinkali Investment & Securities Pvt. Ltd.,Sri Hari Securities Pvt. Ltd.,2026-04-29 13:59:26.048501
2026042905008912,NIFRA,58,58,4,260.0,1040.0,Naasa Securities Co. Ltd.,Naasa Securities Co. Ltd.,2026-04-29 13:59:28.939790
2026042905008913,NIFRA,49,44,25,263.0,6575.0,Online Securities Pvt. Ltd.,Dynamic Money Managers Securities Pvt. Ltd.,2026-04-29 13:59:29.177976
2026042905008914,NIFRA,49,54,54,263.0,14202.0,Online Securities Pvt. Ltd.,Sewa Securities Pvt. Ltd.,2026-04-29 13:59:29.178469
2026042905008915,NIFRA,49,82,21,263.0,5523.0,Online Securities Pvt. Ltd.,N.M.B. SECURITIES LIMITED,2026-04-29 13:59:29.178721
2026042905008961,NIFRA,4,82,40,263.0,10520.0,Opal Securities Investment (PVT) Ltd.,N.M.B. SECURITIES LIMITED,2026-04-29 14:00:30.399914
2026042905008975,NIFRA,33,42,20,262.6,5252.0,Dakshinkali Investment & Securities Pvt. Ltd.,Sani Securities Company Ltd.,2026-04-29 14:00:42.477141
2026042905009029,NIFRA,33,28,64,262.6,16806.4,Dakshinkali Investment & Securities Pvt. Ltd.,Shree Krishna Securities Ltd.,2026-04-29 14:02:19.075346
2026042905009060,NIFRA,29,35,50,262.7,13135.0,Trisul Securities & Invt. Ltd.,Kohinoor Investment & Securities Pvt. Ltd.,2026-04-29 14:03:41.544123
2026042905009206,NIFRA,33,74,88,262.6,23108.8,Dakshinkali Investment & Securities Pvt. Ltd.,KALASH STOCK MARKET PVT. LTD.,2026-04-29 14:07:11.326415
2026042905009207,NIFRA,42,74,57,262.6,14968.2,Sani Securities Company Ltd.,KALASH STOCK MARKET PVT. LTD.,2026-04-29 14:07:11.326538
2026042905009208,NIFRA,13,74,28,262.5,7350.0,Thrive Brokerage House Pvt. Ltd,KALASH STOCK MARKET PVT. LTD.,2026-04-29 14:07:11.326620
2026042905009209,NIFRA,59,74,22,262.4,5772.8,Deevyaa Securities & Stock House Pvt. Ltd,KALASH STOCK MARKET PVT. LTD.,2026-04-29 14:07:11.326715
2026042905009210,NIFRA,62,74,47,262.4,12332.8,Capital Max Securities Ltd,KALASH STOCK MARKET PVT. LTD.,2026-04-29 14:07:11.326788
2026042905009211,NIFRA,34,74,1328,262.3,348334.4,Vision Securities Pvt. Ltd,KALASH STOCK MARKET PVT. LTD.,2026-04-29 14:07:11.326868
2026042905009212,NIFRA,45,74,430,262.3,112789.0,Imperial Securities Company Pvt. Ltd.,KALASH STOCK MARKET PVT. LTD.,2026-04-29 14:07:11.326937
2026042905009219,NIFRA,42,82,430,263.0,113090.0,Sani Securities Company Ltd.,N.M.B. SECURITIES LIMITED,2026-04-29 14:07:22.477668
2026042905009225,NIFRA,45,19,50,262.3,13115.0,Imperial Securities Company Pvt. Ltd.,Nepal Investment And Securities Trading Private Limited,2026-04-29 14:07:34.568685
2026042905009265,NIFRA,45,47,64,262.3,16787.2,Imperial Securities Company Pvt. Ltd.,Neev Securities Pvt. Ltd.,2026-04-29 14:08:42.543882
2026042905009286,NIFRA,45,58,60,262.3,15738.0,Imperial Securities Company Pvt. Ltd.,Naasa Securities Co. Ltd.,2026-04-29 14:09:17.438375
2026042905009287,NIFRA,45,17,54,262.3,14164.2,Imperial Securities Company Pvt. Ltd.,ABC Securities Private Limited,2026-04-29 14:09:20.065450
2026042905009308,NIFRA,45,58,21,262.3,5508.3,Imperial Securities Company Pvt. Ltd.,Naasa Securities Co. Ltd.,2026-04-29 14:09:47.159054
2026042905009394,NIFRA,45,57,54,262.3,14164.2,Imperial Securities Company Pvt. Ltd.,Aryatara Investment & Securities,2026-04-29 14:11:21.132334
2026042905009444,NIFRA,45,49,10,262.3,2623.0,Imperial Securities Company Pvt. Ltd.,Online Securities Pvt. Ltd.,2026-04-29 14:12:12.271671
2026042905009450,NIFRA,14,58,10,263.0,2630.0,Nepal Stock House (PVT) Ltd.,Naasa Securities Co. Ltd.,2026-04-29 14:12:23.676895
2026042905009485,NIFRA,58,58,13,263.0,3419.0,Naasa Securities Co. Ltd.,Naasa Securities Co. Ltd.,2026-04-29 14:12:43.598956
2026042905009487,NIFRA,58,36,1,260.0,260.0,Naasa Securities Co. Ltd.,Secured Securities Ltd.,2026-04-29 14:12:45.873141
2026042905009501,NIFRA,58,41,4,260.0,1040.0,Naasa Securities Co. Ltd.,Linch Stock Market Ltd.,2026-04-29 14:12:58.981575
2026042905009567,NIFRA,58,49,4,261.4,1045.6,Naasa Securities Co. Ltd.,Online Securities Pvt. Ltd.,2026-04-29 14:14:12.368758
2026042905009616,NIFRA,58,38,4,261.5,1046.0,Naasa Securities Co. Ltd.,Dipshikha Dhitopatra Karobar Co. Pvt Ltd.,2026-04-29 14:14:25.738399
2026042905009869,NIFRA,49,57,20,262.4,5248.0,Online Securities Pvt. Ltd.,Aryatara Investment & Securities,2026-04-29 14:19:24.218292
2026042905009870,NIFRA,45,57,10,262.3,2623.0,Imperial Securities Company Pvt. Ltd.,Aryatara Investment & Securities,2026-04-29 14:19:24.218879
2026042905009872,NIFRA,58,58,4,255.2,1020.8,Naasa Securities Co. Ltd.,Naasa Securities Co. Ltd.,2026-04-29 14:19:25.707291
2026042905009955,NIFRA,26,58,31,263.0,8153.0,Asian Securities Private Ltd.,Naasa Securities Co. Ltd.,2026-04-29 14:21:11.068182
2026042905009956,NIFRA,26,62,69,263.0,18147.0,Asian Securities Private Ltd.,Capital Max Securities Ltd,2026-04-29 14:21:11.068750
2026042905010004,NIFRA,26,6,54,262.4,14169.6,Asian Securities Private Ltd.,Agrawal Securities (PVT) Ltd.,2026-04-29 14:21:44.986807
2026042905010070,NIFRA,96,62,90,263.0,23670.0,Himalayan Securities Limited,Capital Max Securities Ltd,2026-04-29 14:22:40.346460
2026042905010113,NIFRA,26,85,54,262.4,14169.6,Asian Securities Private Ltd.,Capital Hub P. Ltd,2026-04-29 14:23:27.995622
2026042905010418,NIFRA,26,32,92,262.4,24140.8,Asian Securities Private Ltd.,Premier Securities Company Ltd.,2026-04-29 14:27:21.707693
2026042905010435,NIFRA,45,32,150,262.3,39345.0,Imperial Securities Company Pvt. Ltd.,Premier Securities Company Ltd.,2026-04-29 14:27:39.759987
2026042905010571,NIFRA,45,32,100,262.3,26230.0,Imperial Securities Company Pvt. Ltd.,Premier Securities Company Ltd.,2026-04-29 14:28:34.346094
2026042905010717,NIFRA,45,53,497,262.3,130363.1,Imperial Securities Company Pvt. Ltd.,Investment Management Nepal Pvt. Ltd.,2026-04-29 14:29:11.249784
2026042905010718,NIFRA,4,53,10,262.3,2623.0,Opal Securities Investment (PVT) Ltd.,Investment Management Nepal Pvt. Ltd.,2026-04-29 14:29:11.249932
2026042905010719,NIFRA,5,53,72,262.2,18878.4,Market Securities & Exchange (PVT) Ltd.,Investment Management Nepal Pvt. Ltd.,2026-04-29 14:29:11.250016
2026042905010720,NIFRA,54,53,50,262.2,13110.0,Sewa Securities Pvt. Ltd.,Investment Management Nepal Pvt. Ltd.,2026-04-29 14:29:11.250134
2026042905010721,NIFRA,48,53,500,262.1,131050.0,Trishakti Securities Public Limited,Investment Management Nepal Pvt. Ltd.,2026-04-29 14:29:11.250208
2026042905010722,NIFRA,41,53,63,262.1,16512.3,Linch Stock Market Ltd.,Investment Management Nepal Pvt. Ltd.,2026-04-29 14:29:11.250287
2026042905010723,NIFRA,52,53,1189,262.0,311518.0,Sundhara Securities Limited,Investment Management Nepal Pvt. Ltd.,2026-04-29 14:29:11.250379
2026042905010724,NIFRA,42,53,1000,262.0,262000.0,Sani Securities Company Ltd.,Investment Management Nepal Pvt. Ltd.,2026-04-29 14:29:11.250459
2026042905010725,NIFRA,13,53,50,262.0,13100.0,Thrive Brokerage House Pvt. Ltd,Investment Management Nepal Pvt. Ltd.,2026-04-29 14:29:11.250536
2026042905010726,NIFRA,49,53,500,262.0,131000.0,Online Securities Pvt. Ltd.,Investment Management Nepal Pvt. Ltd.,2026-04-29 14:29:11.250639
2026042905010727,NIFRA,6,53,69,262.0,18078.0,Agrawal Securities (PVT) Ltd.,Investment Management Nepal Pvt. Ltd.,2026-04-29 14:29:11.250733
2026042905010728,NIFRA,6,48,1,262.0,262.0,Agrawal Securities (PVT) Ltd.,Trishakti Securities Public Limited,2026-04-29 14:29:11.250939
2026042905010766,NIFRA,1,32,100,262.0,26200.0,Kumari Securities Private Limited,Premier Securities Company Ltd.,2026-04-29 14:29:27.351449
2026042905010772,NIFRA,49,7,4,262.0,1048.0,Online Securities Pvt. Ltd.,J.F. Securites (PVT) Ltd.,2026-04-29 14:29:34.395725
2026042905010793,NIFRA,1,38,150,262.0,39300.0,Kumari Securities Private Limited,Dipshikha Dhitopatra Karobar Co. Pvt Ltd.,2026-04-29 14:29:39.229265
2026042905010794,NIFRA,48,38,100,262.0,26200.0,Trishakti Securities Public Limited,Dipshikha Dhitopatra Karobar Co. Pvt Ltd.,2026-04-29 14:29:39.229797
2026042905010795,NIFRA,58,38,191,262.0,50042.0,Naasa Securities Co. Ltd.,Dipshikha Dhitopatra Karobar Co. Pvt Ltd.,2026-04-29 14:29:39.230062
2026042905010796,NIFRA,36,38,32,262.0,8384.0,Secured Securities Ltd.,Dipshikha Dhitopatra Karobar Co. Pvt Ltd.,2026-04-29 14:29:39.230316
2026042905010797,NIFRA,16,38,20,262.0,5240.0,Primo Securities (PVT) Ltd.,Dipshikha Dhitopatra Karobar Co. Pvt Ltd.,2026-04-29 14:29:39.230563
2026042905010798,NIFRA,57,38,1000,262.0,262000.0,Aryatara Investment & Securities,Dipshikha Dhitopatra Karobar Co. Pvt Ltd.,2026-04-29 14:29:39.230821
2026042905010799,NIFRA,19,38,50,262.0,13100.0,Nepal Investment And Securities Trading Private Limited,Dipshikha Dhitopatra Karobar Co. Pvt Ltd.,2026-04-29 14:29:39.231069
2026042905010800,NIFRA,17,38,500,262.0,131000.0,ABC Securities Private Limited,Dipshikha Dhitopatra Karobar Co. Pvt Ltd.,2026-04-29 14:29:39.231339
2026042905010801,NIFRA,32,38,20,262.0,5240.0,Premier Securities Company Ltd.,Dipshikha Dhitopatra Karobar Co. Pvt Ltd.,2026-04-29 14:29:39.231589
2026042905010802,NIFRA,10,38,150,262.0,39300.0,Pragyan Securities (PVT) Ltd.,Dipshikha Dhitopatra Karobar Co. Pvt Ltd.,2026-04-29 14:29:39.231838
2026042905010803,NIFRA,41,38,50,262.0,13100.0,Linch Stock Market Ltd.,Dipshikha Dhitopatra Karobar Co. Pvt Ltd.,2026-04-29 14:29:39.232099
2026042905010804,NIFRA,58,38,790,262.0,206980.0,Naasa Securities Co. Ltd.,Dipshikha Dhitopatra Karobar Co. Pvt Ltd.,2026-04-29 14:29:39.232350
2026042905010805,NIFRA,11,38,10,262.0,2620.0,Malla & Malla Stock Broking Company Pvt. Limited,Dipshikha Dhitopatra Karobar Co. Pvt Ltd.,2026-04-29 14:29:39.232595
2026042905010806,NIFRA,58,38,150,262.0,39300.0,Naasa Securities Co. Ltd.,Dipshikha Dhitopatra Karobar Co. Pvt Ltd.,2026-04-29 14:29:39.232838
2026042905010807,NIFRA,34,38,500,262.0,131000.0,Vision Securities Pvt. Ltd,Dipshikha Dhitopatra Karobar Co. Pvt Ltd.,2026-04-29 14:29:39.233084
2026042905010808,NIFRA,38,38,287,262.0,75194.0,Dipshikha Dhitopatra Karobar Co. Pvt Ltd.,Dipshikha Dhitopatra Karobar Co. Pvt Ltd.,2026-04-29 14:29:39.233333
2026042905010818,NIFRA,38,57,213,262.0,55806.0,Dipshikha Dhitopatra Karobar Co. Pvt Ltd.,Aryatara Investment & Securities,2026-04-29 14:29:50.978624
2026042905010819,NIFRA,22,57,50,262.0,13100.0,Siprabi Securities Pvt. Ltd.,Aryatara Investment & Securities,2026-04-29 14:29:50.979618
2026042905010820,NIFRA,57,57,60,262.0,15720.0,Aryatara Investment & Securities,Aryatara Investment & Securities,2026-04-29 14:29:50.980383
2026042905010821,NIFRA,57,57,200,262.0,52400.0,Aryatara Investment & Securities,Aryatara Investment & Securities,2026-04-29 14:29:50.981127
2026042905010822,NIFRA,17,57,100,262.0,26200.0,ABC Securities Private Limited,Aryatara Investment & Securities,2026-04-29 14:29:50.981875
2026042905010823,NIFRA,49,57,50,262.0,13100.0,Online Securities Pvt. Ltd.,Aryatara Investment & Securities,2026-04-29 14:29:50.982626
2026042905010824,NIFRA,83,57,200,262.0,52400.0,Sanima Securities Limited,Aryatara Investment & Securities,2026-04-29 14:29:50.983373
2026042905010825,NIFRA,10,57,100,262.0,26200.0,Pragyan Securities (PVT) Ltd.,Aryatara Investment & Securities,2026-04-29 14:29:50.984105
2026042905010826,NIFRA,49,57,50,262.0,13100.0,Online Securities Pvt. Ltd.,Aryatara Investment & Securities,2026-04-29 14:29:50.984472
2026042905010827,NIFRA,39,57,10,262.0,2620.0,Sumeru Securities Pvt. Ltd.,Aryatara Investment & Securities,2026-04-29 14:29:50.984712
2026042905010828,NIFRA,32,57,27,262.0,7074.0,Premier Securities Company Ltd.,Aryatara Investment & Securities,2026-04-29 14:29:50.984953
2026042905010863,NIFRA,58,58,11,262.9,2891.9,Naasa Securities Co. Ltd.,Naasa Securities Co. Ltd.,2026-04-29 14:30:24.114535
2026042905010916,NIFRA,58,8,10,262.1,2621.0,Naasa Securities Co. Ltd.,Brilliant Securities Pvt. Ltd.,2026-04-29 14:30:38.056924
2026042905010947,NIFRA,58,57,4,260.0,1040.0,Naasa Securities Co. Ltd.,Aryatara Investment & Securities,2026-04-29 14:31:16.960929
2026042905010959,NIFRA,58,45,190,262.1,49799.0,Naasa Securities Co. Ltd.,Imperial Securities Company Pvt. Ltd.,2026-04-29 14:31:32.860393
2026042905010960,NIFRA,32,45,23,262.0,6026.0,Premier Securities Company Ltd.,Imperial Securities Company Pvt. Ltd.,2026-04-29 14:31:32.860474
2026042905010961,NIFRA,13,45,60,262.0,15720.0,Thrive Brokerage House Pvt. Ltd,Imperial Securities Company Pvt. Ltd.,2026-04-29 14:31:32.860504
2026042905010962,NIFRA,57,45,227,262.0,59474.0,Aryatara Investment & Securities,Imperial Securities Company Pvt. Ltd.,2026-04-29 14:31:32.860527
2026042905011063,NIFRA,49,28,8,262.3,2098.4,Online Securities Pvt. Ltd.,Shree Krishna Securities Ltd.,2026-04-29 14:32:37.483852
2026042905011100,NIFRA,21,62,18,263.0,4734.0,Midas Stock Broking Company Private Limited,Capital Max Securities Ltd,2026-04-29 14:32:56.596516
2026042905011137,NIFRA,49,62,10,263.0,2630.0,Online Securities Pvt. Ltd.,Capital Max Securities Ltd,2026-04-29 14:33:27.789974
2026042905011150,NIFRA,58,28,54,262.3,14164.2,Naasa Securities Co. Ltd.,Shree Krishna Securities Ltd.,2026-04-29 14:33:52.204753
2026042905011175,NIFRA,49,62,10,263.0,2630.0,Online Securities Pvt. Ltd.,Capital Max Securities Ltd,2026-04-29 14:34:14.418753
2026042905011179,NIFRA,58,41,10,263.0,2630.0,Naasa Securities Co. Ltd.,Linch Stock Market Ltd.,2026-04-29 14:34:31.161783
2026042905011180,NIFRA,58,57,36,263.0,9468.0,Naasa Securities Co. Ltd.,Aryatara Investment & Securities,2026-04-29 14:34:31.162275
2026042905011206,NIFRA,58,4,46,262.3,12065.8,Naasa Securities Co. Ltd.,Opal Securities Investment (PVT) Ltd.,2026-04-29 14:34:58.835648
2026042905011229,NIFRA,49,38,4,262.0,1048.0,Online Securities Pvt. Ltd.,Dipshikha Dhitopatra Karobar Co. Pvt Ltd.,2026-04-29 14:35:30.412231
2026042905011231,NIFRA,58,53,35,262.3,9180.5,Naasa Securities Co. Ltd.,Investment Management Nepal Pvt. Ltd.,2026-04-29 14:35:33.450454
2026042905011232,NIFRA,36,53,43,262.2,11274.6,Secured Securities Ltd.,Investment Management Nepal Pvt. Ltd.,2026-04-29 14:35:33.450558
2026042905011239,NIFRA,49,57,18,263.0,4734.0,Online Securities Pvt. Ltd.,Aryatara Investment & Securities,2026-04-29 14:35:46.794752
2026042905011257,NIFRA,36,80,54,262.2,14158.8,Secured Securities Ltd.,Indira securities pvt. ltd,2026-04-29 14:36:08.511679
2026042905011272,NIFRA,51,39,10,262.2,2622.0,Oxford Securities Pvt. Ltd.,Sumeru Securities Pvt. Ltd.,2026-04-29 14:36:19.798165
2026042905011276,NIFRA,57,39,44,262.2,11536.8,Aryatara Investment & Securities,Sumeru Securities Pvt. Ltd.,2026-04-29 14:36:24.680279
2026042905011302,NIFRA,41,82,100,263.0,26300.0,Linch Stock Market Ltd.,N.M.B. SECURITIES LIMITED,2026-04-29 14:36:35.701903
2026042905011383,NIFRA,33,58,54,262.3,14164.2,Dakshinkali Investment & Securities Pvt. Ltd.,Naasa Securities Co. Ltd.,2026-04-29 14:37:41.510417
2026042905011418,NIFRA,33,74,46,262.3,12065.8,Dakshinkali Investment & Securities Pvt. Ltd.,KALASH STOCK MARKET PVT. LTD.,2026-04-29 14:37:59.731815
2026042905011419,NIFRA,57,74,129,262.2,33823.8,Aryatara Investment & Securities,KALASH STOCK MARKET PVT. LTD.,2026-04-29 14:37:59.731900
2026042905011420,NIFRA,56,74,62,262.2,16256.4,Sri Hari Securities Pvt. Ltd.,KALASH STOCK MARKET PVT. LTD.,2026-04-29 14:37:59.731927
2026042905011421,NIFRA,33,74,100,262.1,26210.0,Dakshinkali Investment & Securities Pvt. Ltd.,KALASH STOCK MARKET PVT. LTD.,2026-04-29 14:37:59.731953
2026042905011422,NIFRA,49,74,50,262.1,13105.0,Online Securities Pvt. Ltd.,KALASH STOCK MARKET PVT. LTD.,2026-04-29 14:37:59.731992
2026042905011423,NIFRA,58,74,46,262.0,12052.0,Naasa Securities Co. Ltd.,KALASH STOCK MARKET PVT. LTD.,2026-04-29 14:37:59.732019
2026042905011424,NIFRA,45,74,100,262.0,26200.0,Imperial Securities Company Pvt. Ltd.,KALASH STOCK MARKET PVT. LTD.,2026-04-29 14:37:59.732051
2026042905011425,NIFRA,42,74,200,262.0,52400.0,Sani Securities Company Ltd.,KALASH STOCK MARKET PVT. LTD.,2026-04-29 14:37:59.732077
2026042905011426,NIFRA,19,74,40,262.0,10480.0,Nepal Investment And Securities Trading Private Limited,KALASH STOCK MARKET PVT. LTD.,2026-04-29 14:37:59.732104
2026042905011427,NIFRA,29,74,227,262.0,59474.0,Trisul Securities & Invt. Ltd.,KALASH STOCK MARKET PVT. LTD.,2026-04-29 14:37:59.732128
2026042905011471,NIFRA,29,14,223,262.0,58426.0,Trisul Securities & Invt. Ltd.,Nepal Stock House (PVT) Ltd.,2026-04-29 14:38:35.084894
2026042905011472,NIFRA,57,14,20,262.0,5240.0,Aryatara Investment & Securities,Nepal Stock House (PVT) Ltd.,2026-04-29 14:38:35.085493
2026042905011473,NIFRA,49,14,157,262.0,41134.0,Online Securities Pvt. Ltd.,Nepal Stock House (PVT) Ltd.,2026-04-29 14:38:35.085766
2026042905011567,NIFRA,49,42,37,262.0,9694.0,Online Securities Pvt. Ltd.,Sani Securities Company Ltd.,2026-04-29 14:39:28.047425
2026042905011568,NIFRA,58,42,17,262.0,4454.0,Naasa Securities Co. Ltd.,Sani Securities Company Ltd.,2026-04-29 14:39:28.048575
2026042905011638,NIFRA,22,4,153,262.5,40162.5,Siprabi Securities Pvt. Ltd.,Opal Securities Investment (PVT) Ltd.,2026-04-29 14:40:17.875872
2026042905011652,NIFRA,34,74,60,262.0,15720.0,Vision Securities Pvt. Ltd,KALASH STOCK MARKET PVT. LTD.,2026-04-29 14:40:30.528627
2026042905011653,NIFRA,80,74,118,262.0,30916.0,Indira securities pvt. ltd,KALASH STOCK MARKET PVT. LTD.,2026-04-29 14:40:30.529116
2026042905011825,NIFRA,80,38,182,262.0,47684.0,Indira securities pvt. ltd,Dipshikha Dhitopatra Karobar Co. Pvt Ltd.,2026-04-29 14:42:40.585455
2026042905011826,NIFRA,50,38,100,262.0,26200.0,Cristal Kanchanjanga Securites Pvt. Ltd.,Dipshikha Dhitopatra Karobar Co. Pvt Ltd.,2026-04-29 14:42:40.586606
2026042905011827,NIFRA,62,38,100,262.0,26200.0,Capital Max Securities Ltd,Dipshikha Dhitopatra Karobar Co. Pvt Ltd.,2026-04-29 14:42:40.587580
2026042905011828,NIFRA,34,38,20,262.0,5240.0,Vision Securities Pvt. Ltd,Dipshikha Dhitopatra Karobar Co. Pvt Ltd.,2026-04-29 14:42:40.588594
2026042905011829,NIFRA,42,38,98,262.0,25676.0,Sani Securities Company Ltd.,Dipshikha Dhitopatra Karobar Co. Pvt Ltd.,2026-04-29 14:42:40.589474
2026042905011854,NIFRA,42,32,10,262.2,2622.0,Sani Securities Company Ltd.,Premier Securities Company Ltd.,2026-04-29 14:43:01.701815
2026042905011855,NIFRA,49,32,50,262.0,13100.0,Online Securities Pvt. Ltd.,Premier Securities Company Ltd.,2026-04-29 14:43:01.702959
2026042905011856,NIFRA,75,32,50,262.0,13100.0,N.I.M.B. Stock Markets Limited,Premier Securities Company Ltd.,2026-04-29 14:43:01.703784
2026042905011857,NIFRA,49,32,74,262.0,19388.0,Online Securities Pvt. Ltd.,Premier Securities Company Ltd.,2026-04-29 14:43:01.704586
2026042905011869,NIFRA,58,48,100,262.9,26290.0,Naasa Securities Co. Ltd.,Trishakti Securities Public Limited,2026-04-29 14:43:10.518133
2026042905011870,NIFRA,58,82,800,263.0,210400.0,Naasa Securities Co. Ltd.,N.M.B. SECURITIES LIMITED,2026-04-29 14:43:10.519131
2026042905011871,NIFRA,58,22,54,263.0,14202.0,Naasa Securities Co. Ltd.,Siprabi Securities Pvt. Ltd.,2026-04-29 14:43:10.519892
2026042905011872,NIFRA,58,58,46,263.0,12098.0,Naasa Securities Co. Ltd.,Naasa Securities Co. Ltd.,2026-04-29 14:43:10.520638
2026042905011943,NIFRA,58,49,150,262.2,39330.0,Naasa Securities Co. Ltd.,Online Securities Pvt. Ltd.,2026-04-29 14:44:24.938942
2026042905011944,NIFRA,49,49,26,262.0,6812.0,Online Securities Pvt. Ltd.,Online Securities Pvt. Ltd.,2026-04-29 14:44:24.940088
2026042905011945,NIFRA,58,49,27,262.0,7074.0,Naasa Securities Co. Ltd.,Online Securities Pvt. Ltd.,2026-04-29 14:44:24.941052
2026042905011966,NIFRA,42,49,297,262.0,77814.0,Sani Securities Company Ltd.,Online Securities Pvt. Ltd.,2026-04-29 14:44:30.398639
2026042905012135,NIFRA,52,58,40,262.1,10484.0,Sundhara Securities Limited,Naasa Securities Co. Ltd.,2026-04-29 14:46:22.405498
2026042905012136,NIFRA,74,58,83,262.1,21754.3,KALASH STOCK MARKET PVT. LTD.,Naasa Securities Co. Ltd.,2026-04-29 14:46:22.406026
2026042905012172,NIFRA,74,48,17,262.1,4455.7,KALASH STOCK MARKET PVT. LTD.,Trishakti Securities Public Limited,2026-04-29 14:46:57.792928
2026042905012173,NIFRA,26,48,100,262.1,26210.0,Asian Securities Private Ltd.,Trishakti Securities Public Limited,2026-04-29 14:46:57.792992
2026042905012174,NIFRA,35,48,383,262.0,100346.0,Kohinoor Investment & Securities Pvt. Ltd.,Trishakti Securities Public Limited,2026-04-29 14:46:57.793016
2026042905012260,NIFRA,41,35,10,262.1,2621.0,Linch Stock Market Ltd.,Kohinoor Investment & Securities Pvt. Ltd.,2026-04-29 14:47:41.942491
2026042905012432,NIFRA,89,22,112,262.3,29377.6,Global IME Securities Limited,Siprabi Securities Pvt. Ltd.,2026-04-29 14:49:08.244579
2026042905012433,NIFRA,74,22,100,262.3,26230.0,KALASH STOCK MARKET PVT. LTD.,Siprabi Securities Pvt. Ltd.,2026-04-29 14:49:08.245063
2026042905012434,NIFRA,41,22,90,262.1,23589.0,Linch Stock Market Ltd.,Siprabi Securities Pvt. Ltd.,2026-04-29 14:49:08.245409
2026042905012435,NIFRA,35,22,617,262.0,161654.0,Kohinoor Investment & Securities Pvt. Ltd.,Siprabi Securities Pvt. Ltd.,2026-04-29 14:49:08.245764
2026042905012436,NIFRA,43,22,81,262.0,21222.0,South Asian Bulls Pvt. Ltd.,Siprabi Securities Pvt. Ltd.,2026-04-29 14:49:08.246051
2026042905012474,NIFRA,43,58,64,262.0,16768.0,South Asian Bulls Pvt. Ltd.,Naasa Securities Co. Ltd.,2026-04-29 14:49:23.823279
2026042905012575,NIFRA,43,45,95,262.0,24890.0,South Asian Bulls Pvt. Ltd.,Imperial Securities Company Pvt. Ltd.,2026-04-29 14:50:10.210287
2026042905012576,NIFRA,52,45,77,262.0,20174.0,Sundhara Securities Limited,Imperial Securities Company Pvt. Ltd.,2026-04-29 14:50:10.211475
2026042905012588,NIFRA,52,26,23,262.0,6026.0,Sundhara Securities Limited,Asian Securities Private Ltd.,2026-04-29 14:50:20.177303
2026042905012589,NIFRA,35,26,200,262.0,52400.0,Kohinoor Investment & Securities Pvt. Ltd.,Asian Securities Private Ltd.,2026-04-29 14:50:20.177441
2026042905012590,NIFRA,42,26,204,261.9,53427.6,Sani Securities Company Ltd.,Asian Securities Private Ltd.,2026-04-29 14:50:20.177517
2026042905012623,NIFRA,42,48,200,262.8,52560.0,Sani Securities Company Ltd.,Trishakti Securities Public Limited,2026-04-29 14:50:36.895261
2026042905012738,NIFRA,42,26,54,262.0,14148.0,Sani Securities Company Ltd.,Asian Securities Private Ltd.,2026-04-29 14:51:45.325021
2026042905012749,NIFRA,42,51,54,262.0,14148.0,Sani Securities Company Ltd.,Oxford Securities Pvt. Ltd.,2026-04-29 14:51:55.230203
2026042905012765,NIFRA,42,6,142,262.0,37204.0,Sani Securities Company Ltd.,Agrawal Securities (PVT) Ltd.,2026-04-29 14:52:07.351943
2026042905012793,NIFRA,29,58,10,263.0,2630.0,Trisul Securities & Invt. Ltd.,Naasa Securities Co. Ltd.,2026-04-29 14:52:30.964387
2026042905012955,NIFRA,5,50,17,262.0,4454.0,Market Securities & Exchange (PVT) Ltd.,Cristal Kanchanjanga Securites Pvt. Ltd.,2026-04-29 14:54:01.449915
2026042905012968,NIFRA,38,50,833,262.0,218246.0,Dipshikha Dhitopatra Karobar Co. Pvt Ltd.,Cristal Kanchanjanga Securites Pvt. Ltd.,2026-04-29 14:54:03.108001
2026042905013008,NIFRA,38,41,167,262.0,43754.0,Dipshikha Dhitopatra Karobar Co. Pvt Ltd.,Linch Stock Market Ltd.,2026-04-29 14:54:12.628678
2026042905013009,NIFRA,52,41,33,262.0,8646.0,Sundhara Securities Limited,Linch Stock Market Ltd.,2026-04-29 14:54:12.629214
2026042905013252,NIFRA,52,16,64,262.0,16768.0,Sundhara Securities Limited,Primo Securities (PVT) Ltd.,2026-04-29 14:55:41.289000
2026042905013472,NIFRA,58,58,4,261.0,1044.0,Naasa Securities Co. Ltd.,Naasa Securities Co. Ltd.,2026-04-29 14:57:16.635576
2026042905013491,NIFRA,57,57,30,262.1,7863.0,Aryatara Investment & Securities,Aryatara Investment & Securities,2026-04-29 14:57:23.826405
2026042905013492,NIFRA,58,57,50,262.1,13105.0,Naasa Securities Co. Ltd.,Aryatara Investment & Securities,2026-04-29 14:57:23.826960
2026042905013512,NIFRA,7,57,500,262.1,131050.0,J.F. Securites (PVT) Ltd.,Aryatara Investment & Securities,2026-04-29 14:57:28.757229
2026042905013537,NIFRA,58,57,8,262.0,2096.0,Naasa Securities Co. Ltd.,Aryatara Investment & Securities,2026-04-29 14:57:39.162484
2026042905013543,NIFRA,52,6,108,262.0,28296.0,Sundhara Securities Limited,Agrawal Securities (PVT) Ltd.,2026-04-29 14:57:43.146331
2026042905013570,NIFRA,52,1,100,262.0,26200.0,Sundhara Securities Limited,Kumari Securities Private Limited,2026-04-29 14:57:53.472026
2026042905013571,NIFRA,42,57,300,262.1,78630.0,Sani Securities Company Ltd.,Aryatara Investment & Securities,2026-04-29 14:57:53.707575
2026042905013599,NIFRA,52,41,10,262.0,2620.0,Sundhara Securities Limited,Linch Stock Market Ltd.,2026-04-29 14:58:06.706745
2026042905013617,NIFRA,57,57,10,262.1,2621.0,Aryatara Investment & Securities,Aryatara Investment & Securities,2026-04-29 14:58:11.577023
2026042905013618,NIFRA,52,6,250,262.0,65500.0,Sundhara Securities Limited,Agrawal Securities (PVT) Ltd.,2026-04-29 14:58:11.676870
2026042905013632,NIFRA,52,57,435,262.0,113970.0,Sundhara Securities Limited,Aryatara Investment & Securities,2026-04-29 14:58:15.291758
2026042905013633,NIFRA,49,57,20,262.0,5240.0,Online Securities Pvt. Ltd.,Aryatara Investment & Securities,2026-04-29 14:58:15.292265
2026042905013634,NIFRA,46,57,45,262.0,11790.0,Kalika Securities Pvt. Ltd.,Aryatara Investment & Securities,2026-04-29 14:58:15.292552
2026042905013687,NIFRA,43,57,175,262.1,45867.5,South Asian Bulls Pvt. Ltd.,Aryatara Investment & Securities,2026-04-29 14:58:28.882790
2026042905013711,NIFRA,42,57,35,262.1,9173.5,Sani Securities Company Ltd.,Aryatara Investment & Securities,2026-04-29 14:58:36.955106
2026042905013770,NIFRA,42,1,45,262.1,11794.5,Sani Securities Company Ltd.,Kumari Securities Private Limited,2026-04-29 14:58:54.386460
2026042905013771,NIFRA,43,1,50,262.1,13105.0,South Asian Bulls Pvt. Ltd.,Kumari Securities Private Limited,2026-04-29 14:58:54.386966
2026042905013979,NIFRA,38,7,500,262.2,131100.0,Dipshikha Dhitopatra Karobar Co. Pvt Ltd.,J.F. Securites (PVT) Ltd.,2026-04-29 14:59:22.639575
2026042905014010,NIFRA,43,74,200,262.1,52420.0,South Asian Bulls Pvt. Ltd.,KALASH STOCK MARKET PVT. LTD.,2026-04-29 14:59:29.213366
2026042905014011,NIFRA,59,74,16,262.1,4193.6,Deevyaa Securities & Stock House Pvt. Ltd,KALASH STOCK MARKET PVT. LTD.,2026-04-29 14:59:29.213830
2026042905014012,NIFRA,46,74,235,262.0,61570.0,Kalika Securities Pvt. Ltd.,KALASH STOCK MARKET PVT. LTD.,2026-04-29 14:59:29.214105
2026042905014013,NIFRA,57,74,100,262.0,26200.0,Aryatara Investment & Securities,KALASH STOCK MARKET PVT. LTD.,2026-04-29 14:59:29.214360
2026042905014014,NIFRA,39,74,449,262.0,117638.0,Sumeru Securities Pvt. Ltd.,KALASH STOCK MARKET PVT. LTD.,2026-04-29 14:59:29.214620
2026042905014073,NIFRA,39,7,51,262.0,13362.0,Sumeru Securities Pvt. Ltd.,J.F. Securites (PVT) Ltd.,2026-04-29 14:59:34.968687
2026042905014074,NIFRA,6,7,50,262.0,13100.0,Agrawal Securities (PVT) Ltd.,J.F. Securites (PVT) Ltd.,2026-04-29 14:59:34.969165
2026042905014075,NIFRA,14,7,399,262.0,104538.0,Nepal Stock House (PVT) Ltd.,J.F. Securites (PVT) Ltd.,2026-04-29 14:59:34.969435
2026042905014165,NIFRA,14,66,101,262.0,26462.0,Nepal Stock House (PVT) Ltd.,Miyo Securities Pvt Ltd,2026-04-29 14:59:49.324741
2026042905014166,NIFRA,47,66,100,262.0,26200.0,Neev Securities Pvt. Ltd.,Miyo Securities Pvt Ltd,2026-04-29 14:59:49.325728
2026042905014167,NIFRA,45,66,449,262.0,117638.0,Imperial Securities Company Pvt. Ltd.,Miyo Securities Pvt Ltd,2026-04-29 14:59:49.326480
2026042905014176,NIFRA,11,1,135,262.1,35383.5,Malla & Malla Stock Broking Company Pvt. Limited,Kumari Securities Private Limited,2026-04-29 14:59:50.136286
2026042905014199,NIFRA,45,32,54,262.0,14148.0,Imperial Securities Company Pvt. Ltd.,Premier Securities Company Ltd.,2026-04-29 14:59:53.959609
2026042905014211,NIFRA,45,32,497,262.0,130214.0,Imperial Securities Company Pvt. Ltd.,Premier Securities Company Ltd.,2026-04-29 14:59:55.481471
2026042905014291,NIFRA,59,45,200,262.0,52400.0,Deevyaa Securities & Stock House Pvt. Ltd,Imperial Securities Company Pvt. Ltd.,2026-04-29 14:59:59.284248
2026042905014292,NIFRA,46,45,20,262.0,5240.0,Kalika Securities Pvt. Ltd.,Imperial Securities Company Pvt. Ltd.,2026-04-29 14:59:59.284731
2026042905014293,NIFRA,35,45,440,262.0,115280.0,Kohinoor Investment & Securities Pvt. Ltd.,Imperial Securities Company Pvt. Ltd.,2026-04-29 14:59:59.284999
