contractId,stockSymbol,buyerMemberId,sellerMemberId,quantity,rate,amount,businessDate,tradeBookId,stockId,buyerBrokerName,sellerBrokerName,transaction_time,securityName
2026042903000131,NLIC,8,51,21,769.1,16151.1,2026-04-29,188423822,187,Brilliant Securities Pvt. Ltd.,Oxford Securities Pvt. Ltd.,2026-04-29 11:05:17.054522,Nepal Life Insurance Co. Ltd.
2026042903000132,NLIC,58,51,30,769.0,23070.0,2026-04-29,188423824,187,Naasa Securities Co. Ltd.,Oxford Securities Pvt. Ltd.,2026-04-29 11:05:17.054578,Nepal Life Insurance Co. Ltd.
2026042903000178,NLIC,59,33,36,766.0,27576.0,2026-04-29,188429241,187,Deevyaa Securities & Stock House Pvt. Ltd,Dakshinkali Investment & Securities Pvt. Ltd.,2026-04-29 11:09:38.469346,Nepal Life Insurance Co. Ltd.
2026042903000222,NLIC,39,59,71,766.0,54386.0,2026-04-29,188432763,187,Sumeru Securities Pvt. Ltd.,Deevyaa Securities & Stock House Pvt. Ltd,2026-04-29 11:12:02.039526,Nepal Life Insurance Co. Ltd.
2026042903000230,NLIC,39,51,29,766.0,22214.0,2026-04-29,188433356,187,Sumeru Securities Pvt. Ltd.,Oxford Securities Pvt. Ltd.,2026-04-29 11:12:26.466974,Nepal Life Insurance Co. Ltd.
2026042903000341,NLIC,33,51,100,766.0,76600.0,2026-04-29,188441698,187,Dakshinkali Investment & Securities Pvt. Ltd.,Oxford Securities Pvt. Ltd.,2026-04-29 11:17:59.619378,Nepal Life Insurance Co. Ltd.
2026042903000342,NLIC,65,51,50,766.0,38300.0,2026-04-29,188441700,187,Sharepro Securities Private Limited,Oxford Securities Pvt. Ltd.,2026-04-29 11:17:59.860582,Nepal Life Insurance Co. Ltd.
2026042903000369,NLIC,61,51,20,766.0,15320.0,2026-04-29,188443450,187,BHOLE GANESH SECURITIES LTD,Oxford Securities Pvt. Ltd.,2026-04-29 11:19:09.472462,Nepal Life Insurance Co. Ltd.
2026042903000491,NLIC,33,42,48,768.0,36864.0,2026-04-29,188450934,187,Dakshinkali Investment & Securities Pvt. Ltd.,Sani Securities Company Ltd.,2026-04-29 11:24:42.468100,Nepal Life Insurance Co. Ltd.
2026042903000519,NLIC,65,51,100,770.0,77000.0,2026-04-29,188452392,187,Sharepro Securities Private Limited,Oxford Securities Pvt. Ltd.,2026-04-29 11:25:57.738569,Nepal Life Insurance Co. Ltd.
2026042903000571,NLIC,100,16,200,770.0,154000.0,2026-04-29,188454047,187,Sunrise Securities Limited,Primo Securities (PVT) Ltd.,2026-04-29 11:27:31.790918,Nepal Life Insurance Co. Ltd.
2026042903000572,NLIC,100,34,450,770.0,346500.0,2026-04-29,188454050,187,Sunrise Securities Limited,Vision Securities Pvt. Ltd,2026-04-29 11:27:31.791050,Nepal Life Insurance Co. Ltd.
2026042903000599,NLIC,100,58,86,766.1,65884.6,2026-04-29,188455863,187,Sunrise Securities Limited,Naasa Securities Co. Ltd.,2026-04-29 11:29:21.254682,Nepal Life Insurance Co. Ltd.
2026042903000829,NLIC,61,40,2,743.2,1486.4,2026-04-29,188464225,187,BHOLE GANESH SECURITIES LTD,Creative Securities Pvt Ltd,2026-04-29 11:37:13.991187,Nepal Life Insurance Co. Ltd.
2026042903000954,NLIC,32,58,10,766.3,7663.0,2026-04-29,188469755,187,Premier Securities Company Ltd.,Naasa Securities Co. Ltd.,2026-04-29 11:43:11.786954,Nepal Life Insurance Co. Ltd.
2026042903000985,NLIC,32,17,100,766.3,76630.0,2026-04-29,188471043,187,Premier Securities Company Ltd.,ABC Securities Private Limited,2026-04-29 11:44:49.886462,Nepal Life Insurance Co. Ltd.
2026042903001000,NLIC,32,6,40,766.3,30652.0,2026-04-29,188471610,187,Premier Securities Company Ltd.,Agrawal Securities (PVT) Ltd.,2026-04-29 11:45:29.827283,Nepal Life Insurance Co. Ltd.
2026042903001001,NLIC,6,6,95,766.3,72798.5,2026-04-29,188471611,187,Agrawal Securities (PVT) Ltd.,Agrawal Securities (PVT) Ltd.,2026-04-29 11:45:29.827529,Nepal Life Insurance Co. Ltd.
2026042903001349,NLIC,6,40,95,766.3,72798.5,2026-04-29,188483777,187,Agrawal Securities (PVT) Ltd.,Creative Securities Pvt Ltd,2026-04-29 11:58:05.240210,Nepal Life Insurance Co. Ltd.
2026042903001434,NLIC,6,94,310,766.3,237553.0,2026-04-29,188486534,187,Agrawal Securities (PVT) Ltd.,K.B.L. Securities Limited ,2026-04-29 12:01:04.312759,Nepal Life Insurance Co. Ltd.
2026042903001435,NLIC,34,94,20,766.3,15326.0,2026-04-29,188486536,187,Vision Securities Pvt. Ltd,K.B.L. Securities Limited ,2026-04-29 12:01:04.312934,Nepal Life Insurance Co. Ltd.
2026042903001436,NLIC,58,94,10,766.3,7663.0,2026-04-29,188486538,187,Naasa Securities Co. Ltd.,K.B.L. Securities Limited ,2026-04-29 12:01:04.313068,Nepal Life Insurance Co. Ltd.
2026042903001437,NLIC,42,94,20,766.2,15324.0,2026-04-29,188486540,187,Sani Securities Company Ltd.,K.B.L. Securities Limited ,2026-04-29 12:01:04.313162,Nepal Life Insurance Co. Ltd.
2026042903001438,NLIC,100,94,114,766.1,87335.4,2026-04-29,188486542,187,Sunrise Securities Limited,K.B.L. Securities Limited ,2026-04-29 12:01:04.313253,Nepal Life Insurance Co. Ltd.
2026042903001439,NLIC,64,94,30,766.1,22983.0,2026-04-29,188486544,187,SUN SECURITIES PVT LTD,K.B.L. Securities Limited ,2026-04-29 12:01:04.313343,Nepal Life Insurance Co. Ltd.
2026042903001440,NLIC,36,94,10,766.0,7660.0,2026-04-29,188486546,187,Secured Securities Ltd.,K.B.L. Securities Limited ,2026-04-29 12:01:04.313428,Nepal Life Insurance Co. Ltd.
2026042903001441,NLIC,58,94,35,766.0,26810.0,2026-04-29,188486548,187,Naasa Securities Co. Ltd.,K.B.L. Securities Limited ,2026-04-29 12:01:04.313509,Nepal Life Insurance Co. Ltd.
2026042903001442,NLIC,8,94,96,765.3,73468.8,2026-04-29,188486549,187,Brilliant Securities Pvt. Ltd.,K.B.L. Securities Limited ,2026-04-29 12:01:04.313594,Nepal Life Insurance Co. Ltd.
2026042903001511,NLIC,58,56,34,766.0,26044.0,2026-04-29,188488533,187,Naasa Securities Co. Ltd.,Sri Hari Securities Pvt. Ltd.,2026-04-29 12:03:23.571840,Nepal Life Insurance Co. Ltd.
2026042903001520,NLIC,58,33,66,766.0,50556.0,2026-04-29,188489188,187,Naasa Securities Co. Ltd.,Dakshinkali Investment & Securities Pvt. Ltd.,2026-04-29 12:03:56.162258,Nepal Life Insurance Co. Ltd.
2026042903001521,NLIC,8,33,204,765.3,156121.2,2026-04-29,188489190,187,Brilliant Securities Pvt. Ltd.,Dakshinkali Investment & Securities Pvt. Ltd.,2026-04-29 12:03:56.162421,Nepal Life Insurance Co. Ltd.
2026042903001522,NLIC,100,33,357,765.2,273176.4,2026-04-29,188489191,187,Sunrise Securities Limited,Dakshinkali Investment & Securities Pvt. Ltd.,2026-04-29 12:03:56.162478,Nepal Life Insurance Co. Ltd.
2026042903001698,NLIC,45,5,25,765.5,19137.5,2026-04-29,188494820,187,Imperial Securities Company Pvt. Ltd.,Market Securities & Exchange (PVT) Ltd.,2026-04-29 12:10:32.332263,Nepal Life Insurance Co. Ltd.
2026042903001699,NLIC,6,5,20,765.4,15308.0,2026-04-29,188494821,187,Agrawal Securities (PVT) Ltd.,Market Securities & Exchange (PVT) Ltd.,2026-04-29 12:10:32.332432,Nepal Life Insurance Co. Ltd.
2026042903001802,NLIC,6,13,70,765.4,53578.0,2026-04-29,188497635,187,Agrawal Securities (PVT) Ltd.,Thrive Brokerage House Pvt. Ltd,2026-04-29 12:14:02.392710,Nepal Life Insurance Co. Ltd.
2026042903001839,NLIC,8,4,188,766.0,144008.0,2026-04-29,188499161,187,Brilliant Securities Pvt. Ltd.,Opal Securities Investment (PVT) Ltd.,2026-04-29 12:15:46.657521,Nepal Life Insurance Co. Ltd.
2026042903001922,NLIC,61,41,8,760.0,6080.0,2026-04-29,188503441,187,BHOLE GANESH SECURITIES LTD,Linch Stock Market Ltd.,2026-04-29 12:21:08.764227,Nepal Life Insurance Co. Ltd.
2026042903001962,NLIC,14,14,36,766.1,27579.6,2026-04-29,188504775,187,Nepal Stock House (PVT) Ltd.,Nepal Stock House (PVT) Ltd.,2026-04-29 12:22:44.018592,Nepal Life Insurance Co. Ltd.
2026042903001976,NLIC,42,42,10,768.0,7680.0,2026-04-29,188505398,187,Sani Securities Company Ltd.,Sani Securities Company Ltd.,2026-04-29 12:23:27.363671,Nepal Life Insurance Co. Ltd.
2026042903001978,NLIC,10,19,1,765.0,765.0,2026-04-29,188505577,187,Pragyan Securities (PVT) Ltd.,Nepal Investment And Securities Trading Private Limited,2026-04-29 12:23:39.733523,Nepal Life Insurance Co. Ltd.
2026042903001983,NLIC,10,17,3,765.0,2295.0,2026-04-29,188505737,187,Pragyan Securities (PVT) Ltd.,ABC Securities Private Limited,2026-04-29 12:23:51.312967,Nepal Life Insurance Co. Ltd.
2026042903002033,NLIC,6,42,17,768.0,13056.0,2026-04-29,188508630,187,Agrawal Securities (PVT) Ltd.,Sani Securities Company Ltd.,2026-04-29 12:26:54.671408,Nepal Life Insurance Co. Ltd.
2026042903002046,NLIC,33,42,202,768.0,155136.0,2026-04-29,188509058,187,Dakshinkali Investment & Securities Pvt. Ltd.,Sani Securities Company Ltd.,2026-04-29 12:27:27.758164,Nepal Life Insurance Co. Ltd.
2026042903002182,NLIC,38,65,10,766.5,7665.0,2026-04-29,188514682,187,Dipshikha Dhitopatra Karobar Co. Pvt Ltd.,Sharepro Securities Private Limited,2026-04-29 12:34:23.078562,Nepal Life Insurance Co. Ltd.
2026042903002183,NLIC,14,65,64,766.1,49030.4,2026-04-29,188514684,187,Nepal Stock House (PVT) Ltd.,Sharepro Securities Private Limited,2026-04-29 12:34:23.078671,Nepal Life Insurance Co. Ltd.
2026042903002184,NLIC,8,65,12,766.0,9192.0,2026-04-29,188514686,187,Brilliant Securities Pvt. Ltd.,Sharepro Securities Private Limited,2026-04-29 12:34:23.078785,Nepal Life Insurance Co. Ltd.
2026042903002185,NLIC,8,65,114,766.0,87324.0,2026-04-29,188514687,187,Brilliant Securities Pvt. Ltd.,Sharepro Securities Private Limited,2026-04-29 12:34:23.078856,Nepal Life Insurance Co. Ltd.
2026042903002408,NLIC,42,13,22,768.0,16896.0,2026-04-29,188519674,187,Sani Securities Company Ltd.,Thrive Brokerage House Pvt. Ltd,2026-04-29 12:41:46.988572,Nepal Life Insurance Co. Ltd.
2026042903002412,NLIC,88,13,928,768.0,712704.0,2026-04-29,188519737,187,Blue Chip Securities Ltd,Thrive Brokerage House Pvt. Ltd,2026-04-29 12:41:56.725137,Nepal Life Insurance Co. Ltd.
2026042903002478,NLIC,88,13,22,768.0,16896.0,2026-04-29,188521237,187,Blue Chip Securities Ltd,Thrive Brokerage House Pvt. Ltd,2026-04-29 12:44:38.405451,Nepal Life Insurance Co. Ltd.
2026042903002506,NLIC,88,58,550,766.5,421575.0,2026-04-29,188522405,187,Blue Chip Securities Ltd,Naasa Securities Co. Ltd.,2026-04-29 12:47:00.247021,Nepal Life Insurance Co. Ltd.
2026042903002527,NLIC,49,38,10,767.0,7670.0,2026-04-29,188522986,187,Online Securities Pvt. Ltd.,Dipshikha Dhitopatra Karobar Co. Pvt Ltd.,2026-04-29 12:48:15.691888,Nepal Life Insurance Co. Ltd.
2026042903002528,NLIC,8,38,286,766.0,219076.0,2026-04-29,188522988,187,Brilliant Securities Pvt. Ltd.,Dipshikha Dhitopatra Karobar Co. Pvt Ltd.,2026-04-29 12:48:15.691987,Nepal Life Insurance Co. Ltd.
2026042903002529,NLIC,57,38,10,766.0,7660.0,2026-04-29,188522990,187,Aryatara Investment & Securities,Dipshikha Dhitopatra Karobar Co. Pvt Ltd.,2026-04-29 12:48:15.692119,Nepal Life Insurance Co. Ltd.
2026042903002530,NLIC,45,38,10,766.0,7660.0,2026-04-29,188522992,187,Imperial Securities Company Pvt. Ltd.,Dipshikha Dhitopatra Karobar Co. Pvt Ltd.,2026-04-29 12:48:15.692195,Nepal Life Insurance Co. Ltd.
2026042903002531,NLIC,7,38,50,766.0,38300.0,2026-04-29,188522994,187,J.F. Securites (PVT) Ltd.,Dipshikha Dhitopatra Karobar Co. Pvt Ltd.,2026-04-29 12:48:15.692266,Nepal Life Insurance Co. Ltd.
2026042903002532,NLIC,16,38,100,765.9,76590.0,2026-04-29,188522996,187,Primo Securities (PVT) Ltd.,Dipshikha Dhitopatra Karobar Co. Pvt Ltd.,2026-04-29 12:48:15.692338,Nepal Life Insurance Co. Ltd.
2026042903002533,NLIC,59,38,109,765.6,83450.4,2026-04-29,188522998,187,Deevyaa Securities & Stock House Pvt. Ltd,Dipshikha Dhitopatra Karobar Co. Pvt Ltd.,2026-04-29 12:48:15.692411,Nepal Life Insurance Co. Ltd.
2026042903002534,NLIC,52,38,1007,765.5,770858.5,2026-04-29,188523000,187,Sundhara Securities Limited,Dipshikha Dhitopatra Karobar Co. Pvt Ltd.,2026-04-29 12:48:15.692484,Nepal Life Insurance Co. Ltd.
2026042903002535,NLIC,6,38,410,765.4,313814.0,2026-04-29,188523002,187,Agrawal Securities (PVT) Ltd.,Dipshikha Dhitopatra Karobar Co. Pvt Ltd.,2026-04-29 12:48:15.692555,Nepal Life Insurance Co. Ltd.
2026042903002635,NLIC,35,10,160,768.4,122944.0,2026-04-29,188524952,187,Kohinoor Investment & Securities Pvt. Ltd.,Pragyan Securities (PVT) Ltd.,2026-04-29 12:51:29.780263,Nepal Life Insurance Co. Ltd.
2026042903002652,NLIC,32,4,55,768.4,42262.0,2026-04-29,188526164,187,Premier Securities Company Ltd.,Opal Securities Investment (PVT) Ltd.,2026-04-29 12:53:47.117379,Nepal Life Insurance Co. Ltd.
2026042903002663,NLIC,32,10,36,765.5,27558.0,2026-04-29,188526613,187,Premier Securities Company Ltd.,Pragyan Securities (PVT) Ltd.,2026-04-29 12:54:19.436942,Nepal Life Insurance Co. Ltd.
2026042903002671,NLIC,49,4,20,768.4,15368.0,2026-04-29,188526824,187,Online Securities Pvt. Ltd.,Opal Securities Investment (PVT) Ltd.,2026-04-29 12:54:39.075378,Nepal Life Insurance Co. Ltd.
2026042903002809,NLIC,28,38,35,768.0,26880.0,2026-04-29,188531132,187,Shree Krishna Securities Ltd.,Dipshikha Dhitopatra Karobar Co. Pvt Ltd.,2026-04-29 13:02:19.320628,Nepal Life Insurance Co. Ltd.
2026042903002834,NLIC,35,38,100,768.0,76800.0,2026-04-29,188532114,187,Kohinoor Investment & Securities Pvt. Ltd.,Dipshikha Dhitopatra Karobar Co. Pvt Ltd.,2026-04-29 13:04:05.288898,Nepal Life Insurance Co. Ltd.
2026042903002960,NLIC,50,21,10,766.0,7660.0,2026-04-29,188536544,187,Cristal Kanchanjanga Securites Pvt. Ltd.,Midas Stock Broking Company Private Limited,2026-04-29 13:11:21.036925,Nepal Life Insurance Co. Ltd.
2026042903002972,NLIC,14,19,1,750.0,750.0,2026-04-29,188537039,187,Nepal Stock House (PVT) Ltd.,Nepal Investment And Securities Trading Private Limited,2026-04-29 13:12:17.853770,Nepal Life Insurance Co. Ltd.
2026042903003022,NLIC,8,41,10,767.0,7670.0,2026-04-29,188538050,187,Brilliant Securities Pvt. Ltd.,Linch Stock Market Ltd.,2026-04-29 13:13:44.514381,Nepal Life Insurance Co. Ltd.
2026042903003066,NLIC,45,49,11,766.0,8426.0,2026-04-29,188538765,187,Imperial Securities Company Pvt. Ltd.,Online Securities Pvt. Ltd.,2026-04-29 13:14:38.892396,Nepal Life Insurance Co. Ltd.
2026042903003120,NLIC,32,40,64,765.5,48992.0,2026-04-29,188539570,187,Premier Securities Company Ltd.,Creative Securities Pvt Ltd,2026-04-29 13:16:14.433552,Nepal Life Insurance Co. Ltd.
2026042903003121,NLIC,34,40,100,765.5,76550.0,2026-04-29,188539572,187,Vision Securities Pvt. Ltd,Creative Securities Pvt Ltd,2026-04-29 13:16:14.433849,Nepal Life Insurance Co. Ltd.
2026042903003122,NLIC,88,40,500,765.5,382750.0,2026-04-29,188539574,187,Blue Chip Securities Ltd,Creative Securities Pvt Ltd,2026-04-29 13:16:14.434070,Nepal Life Insurance Co. Ltd.
2026042903003123,NLIC,42,40,260,765.5,199030.0,2026-04-29,188539576,187,Sani Securities Company Ltd.,Creative Securities Pvt Ltd,2026-04-29 13:16:14.434262,Nepal Life Insurance Co. Ltd.
2026042903003124,NLIC,6,40,76,765.3,58162.8,2026-04-29,188539577,187,Agrawal Securities (PVT) Ltd.,Creative Securities Pvt Ltd,2026-04-29 13:16:14.434452,Nepal Life Insurance Co. Ltd.
2026042903003158,NLIC,6,49,36,765.3,27550.8,2026-04-29,188540075,187,Agrawal Securities (PVT) Ltd.,Online Securities Pvt. Ltd.,2026-04-29 13:17:22.283749,Nepal Life Insurance Co. Ltd.
2026042903003175,NLIC,6,16,36,765.3,27550.8,2026-04-29,188540441,187,Agrawal Securities (PVT) Ltd.,Primo Securities (PVT) Ltd.,2026-04-29 13:18:05.736140,Nepal Life Insurance Co. Ltd.
2026042903003254,NLIC,6,38,65,765.3,49744.5,2026-04-29,188541955,187,Agrawal Securities (PVT) Ltd.,Dipshikha Dhitopatra Karobar Co. Pvt Ltd.,2026-04-29 13:20:40.140294,Nepal Life Insurance Co. Ltd.
2026042903003256,NLIC,6,26,287,765.3,219641.1,2026-04-29,188542002,187,Agrawal Securities (PVT) Ltd.,Asian Securities Private Ltd.,2026-04-29 13:20:50.687786,Nepal Life Insurance Co. Ltd.
2026042903003257,NLIC,100,26,143,765.2,109423.6,2026-04-29,188542004,187,Sunrise Securities Limited,Asian Securities Private Ltd.,2026-04-29 13:20:50.687967,Nepal Life Insurance Co. Ltd.
2026042903003258,NLIC,100,26,500,765.2,382600.0,2026-04-29,188542006,187,Sunrise Securities Limited,Asian Securities Private Ltd.,2026-04-29 13:20:50.688037,Nepal Life Insurance Co. Ltd.
2026042903003259,NLIC,33,26,60,765.1,45906.0,2026-04-29,188542007,187,Dakshinkali Investment & Securities Pvt. Ltd.,Asian Securities Private Ltd.,2026-04-29 13:20:50.688109,Nepal Life Insurance Co. Ltd.
2026042903003331,NLIC,33,51,40,765.1,30604.0,2026-04-29,188543588,187,Dakshinkali Investment & Securities Pvt. Ltd.,Oxford Securities Pvt. Ltd.,2026-04-29 13:23:13.639596,Nepal Life Insurance Co. Ltd.
2026042903003332,NLIC,25,51,10,765.1,7651.0,2026-04-29,188543590,187,Sweta Securities Private Limited,Oxford Securities Pvt. Ltd.,2026-04-29 13:23:13.639886,Nepal Life Insurance Co. Ltd.
2026042903003481,NLIC,35,58,27,765.9,20679.3,2026-04-29,188546381,187,Kohinoor Investment & Securities Pvt. Ltd.,Naasa Securities Co. Ltd.,2026-04-29 13:28:01.199969,Nepal Life Insurance Co. Ltd.
2026042903003529,NLIC,35,34,150,766.0,114900.0,2026-04-29,188547535,187,Kohinoor Investment & Securities Pvt. Ltd.,Vision Securities Pvt. Ltd,2026-04-29 13:29:59.412834,Nepal Life Insurance Co. Ltd.
2026042903003790,NLIC,35,39,16,766.0,12256.0,2026-04-29,188552089,187,Kohinoor Investment & Securities Pvt. Ltd.,Sumeru Securities Pvt. Ltd.,2026-04-29 13:38:17.084045,Nepal Life Insurance Co. Ltd.
2026042903003835,NLIC,39,42,37,765.0,28305.0,2026-04-29,188553035,187,Sumeru Securities Pvt. Ltd.,Sani Securities Company Ltd.,2026-04-29 13:40:14.998090,Nepal Life Insurance Co. Ltd.
2026042903003966,NLIC,51,38,36,765.1,27543.6,2026-04-29,188556041,187,Oxford Securities Pvt. Ltd.,Dipshikha Dhitopatra Karobar Co. Pvt Ltd.,2026-04-29 13:45:22.263738,Nepal Life Insurance Co. Ltd.
2026042903003979,NLIC,51,44,114,765.1,87221.4,2026-04-29,188556700,187,Oxford Securities Pvt. Ltd.,Dynamic Money Managers Securities Pvt. Ltd.,2026-04-29 13:46:29.246213,Nepal Life Insurance Co. Ltd.
2026042903003980,NLIC,39,44,63,765.0,48195.0,2026-04-29,188556702,187,Sumeru Securities Pvt. Ltd.,Dynamic Money Managers Securities Pvt. Ltd.,2026-04-29 13:46:29.246364,Nepal Life Insurance Co. Ltd.
2026042903003981,NLIC,34,44,50,765.0,38250.0,2026-04-29,188556704,187,Vision Securities Pvt. Ltd,Dynamic Money Managers Securities Pvt. Ltd.,2026-04-29 13:46:29.246454,Nepal Life Insurance Co. Ltd.
2026042903003982,NLIC,58,44,30,765.0,22950.0,2026-04-29,188556705,187,Naasa Securities Co. Ltd.,Dynamic Money Managers Securities Pvt. Ltd.,2026-04-29 13:46:29.246530,Nepal Life Insurance Co. Ltd.
2026042903003985,NLIC,58,4,78,765.0,59670.0,2026-04-29,188556772,187,Naasa Securities Co. Ltd.,Opal Securities Investment (PVT) Ltd.,2026-04-29 13:46:41.369795,Nepal Life Insurance Co. Ltd.
2026042903003986,NLIC,34,4,200,765.0,153000.0,2026-04-29,188556774,187,Vision Securities Pvt. Ltd,Opal Securities Investment (PVT) Ltd.,2026-04-29 13:46:41.369955,Nepal Life Insurance Co. Ltd.
2026042903003987,NLIC,45,4,500,765.0,382500.0,2026-04-29,188556776,187,Imperial Securities Company Pvt. Ltd.,Opal Securities Investment (PVT) Ltd.,2026-04-29 13:46:41.370019,Nepal Life Insurance Co. Ltd.
2026042903003988,NLIC,45,4,10,765.0,7650.0,2026-04-29,188556778,187,Imperial Securities Company Pvt. Ltd.,Opal Securities Investment (PVT) Ltd.,2026-04-29 13:46:41.370097,Nepal Life Insurance Co. Ltd.
2026042903003989,NLIC,35,4,10,765.0,7650.0,2026-04-29,188556780,187,Kohinoor Investment & Securities Pvt. Ltd.,Opal Securities Investment (PVT) Ltd.,2026-04-29 13:46:41.370156,Nepal Life Insurance Co. Ltd.
2026042903003990,NLIC,26,4,30,765.0,22950.0,2026-04-29,188556782,187,Asian Securities Private Ltd.,Opal Securities Investment (PVT) Ltd.,2026-04-29 13:46:41.370215,Nepal Life Insurance Co. Ltd.
2026042903003991,NLIC,34,4,15,765.0,11475.0,2026-04-29,188556784,187,Vision Securities Pvt. Ltd,Opal Securities Investment (PVT) Ltd.,2026-04-29 13:46:41.370272,Nepal Life Insurance Co. Ltd.
2026042903003992,NLIC,41,4,16,765.0,12240.0,2026-04-29,188556786,187,Linch Stock Market Ltd.,Opal Securities Investment (PVT) Ltd.,2026-04-29 13:46:41.370329,Nepal Life Insurance Co. Ltd.
2026042903003993,NLIC,42,4,100,765.0,76500.0,2026-04-29,188556788,187,Sani Securities Company Ltd.,Opal Securities Investment (PVT) Ltd.,2026-04-29 13:46:41.370385,Nepal Life Insurance Co. Ltd.
2026042903003994,NLIC,33,4,200,765.0,153000.0,2026-04-29,188556790,187,Dakshinkali Investment & Securities Pvt. Ltd.,Opal Securities Investment (PVT) Ltd.,2026-04-29 13:46:41.370442,Nepal Life Insurance Co. Ltd.
2026042903003995,NLIC,58,4,128,765.0,97920.0,2026-04-29,188556792,187,Naasa Securities Co. Ltd.,Opal Securities Investment (PVT) Ltd.,2026-04-29 13:46:41.370496,Nepal Life Insurance Co. Ltd.
2026042903003996,NLIC,6,4,500,765.0,382500.0,2026-04-29,188556794,187,Agrawal Securities (PVT) Ltd.,Opal Securities Investment (PVT) Ltd.,2026-04-29 13:46:41.370579,Nepal Life Insurance Co. Ltd.
2026042903003997,NLIC,74,4,20,765.0,15300.0,2026-04-29,188556796,187,KALASH STOCK MARKET PVT. LTD.,Opal Securities Investment (PVT) Ltd.,2026-04-29 13:46:41.370865,Nepal Life Insurance Co. Ltd.
2026042903003998,NLIC,47,4,30,765.0,22950.0,2026-04-29,188556798,187,Neev Securities Pvt. Ltd.,Opal Securities Investment (PVT) Ltd.,2026-04-29 13:46:41.371073,Nepal Life Insurance Co. Ltd.
2026042903003999,NLIC,39,4,100,764.0,76400.0,2026-04-29,188556800,187,Sumeru Securities Pvt. Ltd.,Opal Securities Investment (PVT) Ltd.,2026-04-29 13:46:41.371243,Nepal Life Insurance Co. Ltd.
2026042903004000,NLIC,57,4,200,764.0,152800.0,2026-04-29,188556802,187,Aryatara Investment & Securities,Opal Securities Investment (PVT) Ltd.,2026-04-29 13:46:41.371432,Nepal Life Insurance Co. Ltd.
2026042903004001,NLIC,57,4,50,764.0,38200.0,2026-04-29,188556804,187,Aryatara Investment & Securities,Opal Securities Investment (PVT) Ltd.,2026-04-29 13:46:41.371591,Nepal Life Insurance Co. Ltd.
2026042903004154,NLIC,8,4,308,764.0,235312.0,2026-04-29,188561058,187,Brilliant Securities Pvt. Ltd.,Opal Securities Investment (PVT) Ltd.,2026-04-29 13:53:52.571115,Nepal Life Insurance Co. Ltd.
2026042903004297,NLIC,44,51,15,763.0,11445.0,2026-04-29,188563264,187,Dynamic Money Managers Securities Pvt. Ltd.,Oxford Securities Pvt. Ltd.,2026-04-29 13:57:58.465145,Nepal Life Insurance Co. Ltd.
2026042903004534,NLIC,100,51,85,763.0,64855.0,2026-04-29,188566966,187,Sunrise Securities Limited,Oxford Securities Pvt. Ltd.,2026-04-29 14:03:59.303228,Nepal Life Insurance Co. Ltd.
2026042903004541,NLIC,100,4,150,764.0,114600.0,2026-04-29,188567223,187,Sunrise Securities Limited,Opal Securities Investment (PVT) Ltd.,2026-04-29 14:04:14.230634,Nepal Life Insurance Co. Ltd.
2026042903004542,NLIC,100,49,300,764.0,229200.0,2026-04-29,188567226,187,Sunrise Securities Limited,Online Securities Pvt. Ltd.,2026-04-29 14:04:14.230818,Nepal Life Insurance Co. Ltd.
2026042903004761,NLIC,22,81,20,764.0,15280.0,2026-04-29,188572258,187,Siprabi Securities Pvt. Ltd.,Aakashbhairab Securities Ltd.,2026-04-29 14:13:31.938267,Nepal Life Insurance Co. Ltd.
2026042903004803,NLIC,51,43,100,763.0,76300.0,2026-04-29,188573520,187,Oxford Securities Pvt. Ltd.,South Asian Bulls Pvt. Ltd.,2026-04-29 14:15:27.729246,Nepal Life Insurance Co. Ltd.
2026042903004804,NLIC,42,43,70,762.3,53361.0,2026-04-29,188573522,187,Sani Securities Company Ltd.,South Asian Bulls Pvt. Ltd.,2026-04-29 14:15:27.729342,Nepal Life Insurance Co. Ltd.
2026042903004805,NLIC,39,43,20,762.3,15246.0,2026-04-29,188573524,187,Sumeru Securities Pvt. Ltd.,South Asian Bulls Pvt. Ltd.,2026-04-29 14:15:27.729371,Nepal Life Insurance Co. Ltd.
2026042903004806,NLIC,46,43,10,762.2,7622.0,2026-04-29,188573526,187,Kalika Securities Pvt. Ltd.,South Asian Bulls Pvt. Ltd.,2026-04-29 14:15:27.729401,Nepal Life Insurance Co. Ltd.
2026042903004807,NLIC,17,43,100,762.1,76210.0,2026-04-29,188573528,187,ABC Securities Private Limited,South Asian Bulls Pvt. Ltd.,2026-04-29 14:15:27.729429,Nepal Life Insurance Co. Ltd.
2026042903004808,NLIC,48,43,10,762.0,7620.0,2026-04-29,188573530,187,Trishakti Securities Public Limited,South Asian Bulls Pvt. Ltd.,2026-04-29 14:15:27.729455,Nepal Life Insurance Co. Ltd.
2026042903004809,NLIC,29,43,20,762.0,15240.0,2026-04-29,188573532,187,Trisul Securities & Invt. Ltd.,South Asian Bulls Pvt. Ltd.,2026-04-29 14:15:27.729482,Nepal Life Insurance Co. Ltd.
2026042903004810,NLIC,58,43,48,762.0,36576.0,2026-04-29,188573534,187,Naasa Securities Co. Ltd.,South Asian Bulls Pvt. Ltd.,2026-04-29 14:15:27.729504,Nepal Life Insurance Co. Ltd.
2026042903004811,NLIC,57,43,120,762.0,91440.0,2026-04-29,188573536,187,Aryatara Investment & Securities,South Asian Bulls Pvt. Ltd.,2026-04-29 14:15:27.729528,Nepal Life Insurance Co. Ltd.
2026042903004812,NLIC,74,43,34,762.0,25908.0,2026-04-29,188573538,187,KALASH STOCK MARKET PVT. LTD.,South Asian Bulls Pvt. Ltd.,2026-04-29 14:15:27.729553,Nepal Life Insurance Co. Ltd.
2026042903004813,NLIC,62,43,15,762.0,11430.0,2026-04-29,188573540,187,Capital Max Securities Ltd,South Asian Bulls Pvt. Ltd.,2026-04-29 14:15:27.729591,Nepal Life Insurance Co. Ltd.
2026042903004814,NLIC,16,43,20,762.0,15240.0,2026-04-29,188573542,187,Primo Securities (PVT) Ltd.,South Asian Bulls Pvt. Ltd.,2026-04-29 14:15:27.729613,Nepal Life Insurance Co. Ltd.
2026042903004815,NLIC,58,43,20,762.0,15240.0,2026-04-29,188573544,187,Naasa Securities Co. Ltd.,South Asian Bulls Pvt. Ltd.,2026-04-29 14:15:27.729652,Nepal Life Insurance Co. Ltd.
2026042903004816,NLIC,61,43,50,761.2,38060.0,2026-04-29,188573546,187,BHOLE GANESH SECURITIES LTD,South Asian Bulls Pvt. Ltd.,2026-04-29 14:15:27.729675,Nepal Life Insurance Co. Ltd.
2026042903004817,NLIC,14,43,48,761.2,36537.6,2026-04-29,188573547,187,Nepal Stock House (PVT) Ltd.,South Asian Bulls Pvt. Ltd.,2026-04-29 14:15:27.729701,Nepal Life Insurance Co. Ltd.
2026042903005005,NLIC,45,4,3,738.4,2215.2,2026-04-29,188576935,187,Imperial Securities Company Pvt. Ltd.,Opal Securities Investment (PVT) Ltd.,2026-04-29 14:20:51.114172,Nepal Life Insurance Co. Ltd.
2026042903005061,NLIC,14,81,10,764.9,7649.0,2026-04-29,188578074,187,Nepal Stock House (PVT) Ltd.,Aakashbhairab Securities Ltd.,2026-04-29 14:22:26.487557,Nepal Life Insurance Co. Ltd.
2026042903005094,NLIC,49,52,100,762.1,76210.0,2026-04-29,188578840,187,Online Securities Pvt. Ltd.,Sundhara Securities Limited,2026-04-29 14:23:26.632019,Nepal Life Insurance Co. Ltd.
2026042903005095,NLIC,42,52,50,762.0,38100.0,2026-04-29,188578841,187,Sani Securities Company Ltd.,Sundhara Securities Limited,2026-04-29 14:23:26.632186,Nepal Life Insurance Co. Ltd.
2026042903005108,NLIC,14,81,33,764.9,25241.7,2026-04-29,188579392,187,Nepal Stock House (PVT) Ltd.,Aakashbhairab Securities Ltd.,2026-04-29 14:24:14.117144,Nepal Life Insurance Co. Ltd.
2026042903005411,NLIC,21,41,10,763.5,7635.0,2026-04-29,188586410,187,Midas Stock Broking Company Private Limited,Linch Stock Market Ltd.,2026-04-29 14:31:03.984589,Nepal Life Insurance Co. Ltd.
2026042903005427,NLIC,14,41,200,763.5,152700.0,2026-04-29,188586708,187,Nepal Stock House (PVT) Ltd.,Linch Stock Market Ltd.,2026-04-29 14:31:31.463248,Nepal Life Insurance Co. Ltd.
2026042903005521,NLIC,25,42,23,763.0,17549.0,2026-04-29,188589035,187,Sweta Securities Private Limited,Sani Securities Company Ltd.,2026-04-29 14:33:43.073059,Nepal Life Insurance Co. Ltd.
2026042903005554,NLIC,25,65,27,763.0,20601.0,2026-04-29,188589958,187,Sweta Securities Private Limited,Sharepro Securities Private Limited,2026-04-29 14:34:44.209473,Nepal Life Insurance Co. Ltd.
2026042903005555,NLIC,41,65,25,763.0,19075.0,2026-04-29,188589960,187,Linch Stock Market Ltd.,Sharepro Securities Private Limited,2026-04-29 14:34:44.209750,Nepal Life Insurance Co. Ltd.
2026042903005625,NLIC,41,65,25,763.0,19075.0,2026-04-29,188591466,187,Linch Stock Market Ltd.,Sharepro Securities Private Limited,2026-04-29 14:36:35.435287,Nepal Life Insurance Co. Ltd.
2026042903005715,NLIC,34,48,30,762.5,22875.0,2026-04-29,188593319,187,Vision Securities Pvt. Ltd,Trishakti Securities Public Limited,2026-04-29 14:38:21.836498,Nepal Life Insurance Co. Ltd.
2026042903005800,NLIC,14,65,23,763.0,17549.0,2026-04-29,188595531,187,Nepal Stock House (PVT) Ltd.,Sharepro Securities Private Limited,2026-04-29 14:40:19.113848,Nepal Life Insurance Co. Ltd.
2026042903005801,NLIC,14,81,29,763.0,22127.0,2026-04-29,188595534,187,Nepal Stock House (PVT) Ltd.,Aakashbhairab Securities Ltd.,2026-04-29 14:40:19.113998,Nepal Life Insurance Co. Ltd.
2026042903005855,NLIC,45,58,20,763.0,15260.0,2026-04-29,188597106,187,Imperial Securities Company Pvt. Ltd.,Naasa Securities Co. Ltd.,2026-04-29 14:41:31.509492,Nepal Life Insurance Co. Ltd.
2026042903005939,NLIC,88,58,15,763.0,11445.0,2026-04-29,188598333,187,Blue Chip Securities Ltd,Naasa Securities Co. Ltd.,2026-04-29 14:42:50.069387,Nepal Life Insurance Co. Ltd.
2026042903005940,NLIC,88,57,36,763.0,27468.0,2026-04-29,188598335,187,Blue Chip Securities Ltd,Aryatara Investment & Securities,2026-04-29 14:42:50.069675,Nepal Life Insurance Co. Ltd.
2026042903006033,NLIC,88,81,28,763.0,21364.0,2026-04-29,188600487,187,Blue Chip Securities Ltd,Aakashbhairab Securities Ltd.,2026-04-29 14:44:58.000712,Nepal Life Insurance Co. Ltd.
2026042903006073,NLIC,88,50,100,763.0,76300.0,2026-04-29,188601297,187,Blue Chip Securities Ltd,Cristal Kanchanjanga Securites Pvt. Ltd.,2026-04-29 14:45:40.803954,Nepal Life Insurance Co. Ltd.
2026042903006087,NLIC,88,22,46,763.0,35098.0,2026-04-29,188601782,187,Blue Chip Securities Ltd,Siprabi Securities Pvt. Ltd.,2026-04-29 14:46:02.509076,Nepal Life Insurance Co. Ltd.
2026042903006099,NLIC,45,22,100,763.0,76300.0,2026-04-29,188601822,187,Imperial Securities Company Pvt. Ltd.,Siprabi Securities Pvt. Ltd.,2026-04-29 14:46:03.564815,Nepal Life Insurance Co. Ltd.
2026042903006218,NLIC,19,58,35,763.0,26705.0,2026-04-29,188604072,187,Nepal Investment And Securities Trading Private Limited,Naasa Securities Co. Ltd.,2026-04-29 14:47:57.514085,Nepal Life Insurance Co. Ltd.
2026042903006273,NLIC,96,45,200,762.6,152520.0,2026-04-29,188605290,187,Himalayan Securities Limited,Imperial Securities Company Pvt. Ltd.,2026-04-29 14:48:59.171305,Nepal Life Insurance Co. Ltd.
2026042903006274,NLIC,34,45,20,762.5,15250.0,2026-04-29,188605292,187,Vision Securities Pvt. Ltd,Imperial Securities Company Pvt. Ltd.,2026-04-29 14:48:59.171381,Nepal Life Insurance Co. Ltd.
2026042903006275,NLIC,4,45,10,762.5,7625.0,2026-04-29,188605294,187,Opal Securities Investment (PVT) Ltd.,Imperial Securities Company Pvt. Ltd.,2026-04-29 14:48:59.171412,Nepal Life Insurance Co. Ltd.
2026042903006276,NLIC,88,45,470,762.5,358375.0,2026-04-29,188605295,187,Blue Chip Securities Ltd,Imperial Securities Company Pvt. Ltd.,2026-04-29 14:48:59.171440,Nepal Life Insurance Co. Ltd.
2026042903006303,NLIC,88,45,30,762.5,22875.0,2026-04-29,188605844,187,Blue Chip Securities Ltd,Imperial Securities Company Pvt. Ltd.,2026-04-29 14:49:24.487243,Nepal Life Insurance Co. Ltd.
2026042903006304,NLIC,42,45,16,762.0,12192.0,2026-04-29,188605846,187,Sani Securities Company Ltd.,Imperial Securities Company Pvt. Ltd.,2026-04-29 14:49:24.487288,Nepal Life Insurance Co. Ltd.
2026042903006305,NLIC,25,45,40,762.0,30480.0,2026-04-29,188605848,187,Sweta Securities Private Limited,Imperial Securities Company Pvt. Ltd.,2026-04-29 14:49:24.487311,Nepal Life Insurance Co. Ltd.
2026042903006306,NLIC,57,45,60,761.7,45702.0,2026-04-29,188605850,187,Aryatara Investment & Securities,Imperial Securities Company Pvt. Ltd.,2026-04-29 14:49:24.487344,Nepal Life Insurance Co. Ltd.
2026042903006307,NLIC,34,45,22,761.6,16755.2,2026-04-29,188605852,187,Vision Securities Pvt. Ltd,Imperial Securities Company Pvt. Ltd.,2026-04-29 14:49:24.487366,Nepal Life Insurance Co. Ltd.
2026042903006308,NLIC,13,45,10,761.6,7616.0,2026-04-29,188605854,187,Thrive Brokerage House Pvt. Ltd,Imperial Securities Company Pvt. Ltd.,2026-04-29 14:49:24.487388,Nepal Life Insurance Co. Ltd.
2026042903006309,NLIC,8,45,155,761.6,118048.0,2026-04-29,188605856,187,Brilliant Securities Pvt. Ltd.,Imperial Securities Company Pvt. Ltd.,2026-04-29 14:49:24.487409,Nepal Life Insurance Co. Ltd.
2026042903006310,NLIC,57,45,100,761.5,76150.0,2026-04-29,188605858,187,Aryatara Investment & Securities,Imperial Securities Company Pvt. Ltd.,2026-04-29 14:49:24.487431,Nepal Life Insurance Co. Ltd.
2026042903006311,NLIC,17,45,100,761.5,76150.0,2026-04-29,188605860,187,ABC Securities Private Limited,Imperial Securities Company Pvt. Ltd.,2026-04-29 14:49:24.487453,Nepal Life Insurance Co. Ltd.
2026042903006312,NLIC,28,45,235,761.5,178952.5,2026-04-29,188605861,187,Shree Krishna Securities Ltd.,Imperial Securities Company Pvt. Ltd.,2026-04-29 14:49:24.487475,Nepal Life Insurance Co. Ltd.
2026042903006363,NLIC,28,59,765,761.5,582547.5,2026-04-29,188606868,187,Shree Krishna Securities Ltd.,Deevyaa Securities & Stock House Pvt. Ltd,2026-04-29 14:50:07.129424,Nepal Life Insurance Co. Ltd.
2026042903006364,NLIC,4,59,1000,761.4,761400.0,2026-04-29,188606870,187,Opal Securities Investment (PVT) Ltd.,Deevyaa Securities & Stock House Pvt. Ltd,2026-04-29 14:50:07.129718,Nepal Life Insurance Co. Ltd.
2026042903006365,NLIC,38,59,200,761.2,152240.0,2026-04-29,188606872,187,Dipshikha Dhitopatra Karobar Co. Pvt Ltd.,Deevyaa Securities & Stock House Pvt. Ltd,2026-04-29 14:50:07.129906,Nepal Life Insurance Co. Ltd.
2026042903006366,NLIC,10,59,1000,761.1,761100.0,2026-04-29,188606874,187,Pragyan Securities (PVT) Ltd.,Deevyaa Securities & Stock House Pvt. Ltd,2026-04-29 14:50:07.130108,Nepal Life Insurance Co. Ltd.
2026042903006367,NLIC,34,59,35,761.0,26635.0,2026-04-29,188606875,187,Vision Securities Pvt. Ltd,Deevyaa Securities & Stock House Pvt. Ltd,2026-04-29 14:50:07.130286,Nepal Life Insurance Co. Ltd.
2026042903006426,NLIC,8,43,10,762.0,7620.0,2026-04-29,188608226,187,Brilliant Securities Pvt. Ltd.,South Asian Bulls Pvt. Ltd.,2026-04-29 14:51:16.922960,Nepal Life Insurance Co. Ltd.
2026042903006562,NLIC,74,43,100,762.0,76200.0,2026-04-29,188610903,187,KALASH STOCK MARKET PVT. LTD.,South Asian Bulls Pvt. Ltd.,2026-04-29 14:53:11.399079,Nepal Life Insurance Co. Ltd.
2026042903006609,NLIC,61,59,20,761.2,15224.0,2026-04-29,188611934,187,BHOLE GANESH SECURITIES LTD,Deevyaa Securities & Stock House Pvt. Ltd,2026-04-29 14:53:55.362959,Nepal Life Insurance Co. Ltd.
2026042903006610,NLIC,35,59,50,761.2,38060.0,2026-04-29,188611936,187,Kohinoor Investment & Securities Pvt. Ltd.,Deevyaa Securities & Stock House Pvt. Ltd,2026-04-29 14:53:55.363264,Nepal Life Insurance Co. Ltd.
2026042903006611,NLIC,96,59,300,761.2,228360.0,2026-04-29,188611938,187,Himalayan Securities Limited,Deevyaa Securities & Stock House Pvt. Ltd,2026-04-29 14:53:55.363479,Nepal Life Insurance Co. Ltd.
2026042903006612,NLIC,45,59,500,761.1,380550.0,2026-04-29,188611940,187,Imperial Securities Company Pvt. Ltd.,Deevyaa Securities & Stock House Pvt. Ltd,2026-04-29 14:53:55.363666,Nepal Life Insurance Co. Ltd.
2026042903006613,NLIC,10,59,1000,761.1,761100.0,2026-04-29,188611942,187,Pragyan Securities (PVT) Ltd.,Deevyaa Securities & Stock House Pvt. Ltd,2026-04-29 14:53:55.363857,Nepal Life Insurance Co. Ltd.
2026042903006614,NLIC,34,59,65,761.0,49465.0,2026-04-29,188611944,187,Vision Securities Pvt. Ltd,Deevyaa Securities & Stock House Pvt. Ltd,2026-04-29 14:53:55.364081,Nepal Life Insurance Co. Ltd.
2026042903006615,NLIC,49,59,30,761.0,22830.0,2026-04-29,188611946,187,Online Securities Pvt. Ltd.,Deevyaa Securities & Stock House Pvt. Ltd,2026-04-29 14:53:55.364263,Nepal Life Insurance Co. Ltd.
2026042903006616,NLIC,57,59,10,761.0,7610.0,2026-04-29,188611948,187,Aryatara Investment & Securities,Deevyaa Securities & Stock House Pvt. Ltd,2026-04-29 14:53:55.364431,Nepal Life Insurance Co. Ltd.
2026042903006617,NLIC,48,59,20,761.0,15220.0,2026-04-29,188611950,187,Trishakti Securities Public Limited,Deevyaa Securities & Stock House Pvt. Ltd,2026-04-29 14:53:55.364617,Nepal Life Insurance Co. Ltd.
2026042903006641,NLIC,26,100,30,761.0,22830.0,2026-04-29,188612434,187,Asian Securities Private Ltd.,Sunrise Securities Limited,2026-04-29 14:54:13.531159,Nepal Life Insurance Co. Ltd.
2026042903006645,NLIC,88,41,20,762.5,15250.0,2026-04-29,188612486,187,Blue Chip Securities Ltd,Linch Stock Market Ltd.,2026-04-29 14:54:15.646378,Nepal Life Insurance Co. Ltd.
2026042903006714,NLIC,58,58,10,763.0,7630.0,2026-04-29,188614032,187,Naasa Securities Co. Ltd.,Naasa Securities Co. Ltd.,2026-04-29 14:55:13.339663,Nepal Life Insurance Co. Ltd.
2026042903006727,NLIC,88,29,10,761.3,7613.0,2026-04-29,188614235,187,Blue Chip Securities Ltd,Trisul Securities & Invt. Ltd.,2026-04-29 14:55:21.155592,Nepal Life Insurance Co. Ltd.
2026042903006787,NLIC,21,6,10,762.0,7620.0,2026-04-29,188615096,187,Midas Stock Broking Company Private Limited,Agrawal Securities (PVT) Ltd.,2026-04-29 14:55:55.280787,Nepal Life Insurance Co. Ltd.
2026042903006883,NLIC,58,6,90,762.0,68580.0,2026-04-29,188616738,187,Naasa Securities Co. Ltd.,Agrawal Securities (PVT) Ltd.,2026-04-29 14:56:54.247879,Nepal Life Insurance Co. Ltd.
2026042903006934,NLIC,58,100,6,750.1,4500.6,2026-04-29,188617709,187,Naasa Securities Co. Ltd.,Sunrise Securities Limited,2026-04-29 14:57:30.486884,Nepal Life Insurance Co. Ltd.
2026042903006983,NLIC,58,6,10,762.0,7620.0,2026-04-29,188619142,187,Naasa Securities Co. Ltd.,Agrawal Securities (PVT) Ltd.,2026-04-29 14:58:12.220922,Nepal Life Insurance Co. Ltd.
2026042903006984,NLIC,45,6,40,762.0,30480.0,2026-04-29,188619143,187,Imperial Securities Company Pvt. Ltd.,Agrawal Securities (PVT) Ltd.,2026-04-29 14:58:12.221224,Nepal Life Insurance Co. Ltd.
2026042903007026,NLIC,45,36,36,762.0,27432.0,2026-04-29,188620363,187,Imperial Securities Company Pvt. Ltd.,Secured Securities Ltd.,2026-04-29 14:58:46.653965,Nepal Life Insurance Co. Ltd.
2026042903007045,NLIC,45,58,124,762.0,94488.0,2026-04-29,188620940,187,Imperial Securities Company Pvt. Ltd.,Naasa Securities Co. Ltd.,2026-04-29 14:59:02.443379,Nepal Life Insurance Co. Ltd.
2026042903007046,NLIC,42,58,40,762.0,30480.0,2026-04-29,188620942,187,Sani Securities Company Ltd.,Naasa Securities Co. Ltd.,2026-04-29 14:59:02.443521,Nepal Life Insurance Co. Ltd.
2026042903007137,NLIC,58,59,5,760.0,3800.0,2026-04-29,188622681,187,Naasa Securities Co. Ltd.,Deevyaa Securities & Stock House Pvt. Ltd,2026-04-29 14:59:30.913325,Nepal Life Insurance Co. Ltd.
2026042903007189,NLIC,19,58,11,762.0,8382.0,2026-04-29,188623449,187,Nepal Investment And Securities Trading Private Limited,Naasa Securities Co. Ltd.,2026-04-29 14:59:42.715359,Nepal Life Insurance Co. Ltd.
2026042903007190,NLIC,19,34,89,762.0,67818.0,2026-04-29,188623452,187,Nepal Investment And Securities Trading Private Limited,Vision Securities Pvt. Ltd,2026-04-29 14:59:42.715635,Nepal Life Insurance Co. Ltd.
