contractId,stockSymbol,buyerMemberId,sellerMemberId,quantity,rate,amount,businessDate,tradeBookId,stockId,buyerBrokerName,sellerBrokerName,transaction_time,securityName
2026042901001708,PCBL,57,57,500,242.0,121000.0,2026-04-29,188421925,357,Aryatara Investment & Securities,Aryatara Investment & Securities,2026-04-29 11:03:46.467353,Prime Commercial Bank Ltd.
2026042901003408,PCBL,53,44,10,240.0,2400.0,2026-04-29,188425894,357,Investment Management Nepal Pvt. Ltd.,Dynamic Money Managers Securities Pvt. Ltd.,2026-04-29 11:07:02.470372,Prime Commercial Bank Ltd.
2026042901003490,PCBL,13,53,10,240.0,2400.0,2026-04-29,188426095,357,Thrive Brokerage House Pvt. Ltd,Investment Management Nepal Pvt. Ltd.,2026-04-29 11:07:10.536263,Prime Commercial Bank Ltd.
2026042901003552,PCBL,25,13,25,243.0,6075.0,2026-04-29,188426231,357,Sweta Securities Private Limited,Thrive Brokerage House Pvt. Ltd,2026-04-29 11:07:16.871103,Prime Commercial Bank Ltd.
2026042901003671,PCBL,25,34,35,243.0,8505.0,2026-04-29,188426484,357,Sweta Securities Private Limited,Vision Securities Pvt. Ltd,2026-04-29 11:07:22.698489,Prime Commercial Bank Ltd.
2026042901005602,PCBL,58,57,50,240.0,12000.0,2026-04-29,188431047,357,Naasa Securities Co. Ltd.,Aryatara Investment & Securities,2026-04-29 11:10:52.839930,Prime Commercial Bank Ltd.
2026042901006847,PCBL,43,29,50,238.1,11905.0,2026-04-29,188434038,357,South Asian Bulls Pvt. Ltd.,Trisul Securities & Invt. Ltd.,2026-04-29 11:12:53.986831,Prime Commercial Bank Ltd.
2026042901007333,PCBL,45,42,10,242.0,2420.0,2026-04-29,188435075,357,Imperial Securities Company Pvt. Ltd.,Sani Securities Company Ltd.,2026-04-29 11:13:37.597555,Prime Commercial Bank Ltd.
2026042901007360,PCBL,29,57,10,242.4,2424.0,2026-04-29,188435180,357,Trisul Securities & Invt. Ltd.,Aryatara Investment & Securities,2026-04-29 11:13:41.186067,Prime Commercial Bank Ltd.
2026042901007639,PCBL,45,57,40,242.4,9696.0,2026-04-29,188435833,357,Imperial Securities Company Pvt. Ltd.,Aryatara Investment & Securities,2026-04-29 11:14:10.465184,Prime Commercial Bank Ltd.
2026042901007640,PCBL,45,47,80,242.4,19392.0,2026-04-29,188435835,357,Imperial Securities Company Pvt. Ltd.,Neev Securities Pvt. Ltd.,2026-04-29 11:14:10.465348,Prime Commercial Bank Ltd.
2026042901007641,PCBL,45,32,30,242.4,7272.0,2026-04-29,188435837,357,Imperial Securities Company Pvt. Ltd.,Premier Securities Company Ltd.,2026-04-29 11:14:10.465468,Prime Commercial Bank Ltd.
2026042901007642,PCBL,45,34,850,242.5,206125.0,2026-04-29,188435840,357,Imperial Securities Company Pvt. Ltd.,Vision Securities Pvt. Ltd,2026-04-29 11:14:10.465590,Prime Commercial Bank Ltd.
2026042901008012,PCBL,45,48,210,242.0,50820.0,2026-04-29,188436714,357,Imperial Securities Company Pvt. Ltd.,Trishakti Securities Public Limited,2026-04-29 11:14:46.090232,Prime Commercial Bank Ltd.
2026042901008833,PCBL,21,34,11,242.5,2667.5,2026-04-29,188438636,357,Midas Stock Broking Company Private Limited,Vision Securities Pvt. Ltd,2026-04-29 11:15:55.858916,Prime Commercial Bank Ltd.
2026042901013686,PCBL,45,42,23,239.0,5497.0,2026-04-29,188450379,357,Imperial Securities Company Pvt. Ltd.,Sani Securities Company Ltd.,2026-04-29 11:24:25.142831,Prime Commercial Bank Ltd.
2026042901014054,PCBL,45,49,16,239.0,3824.0,2026-04-29,188451351,357,Imperial Securities Company Pvt. Ltd.,Online Securities Pvt. Ltd.,2026-04-29 11:25:08.472541,Prime Commercial Bank Ltd.
2026042901014935,PCBL,45,38,61,239.0,14579.0,2026-04-29,188453660,357,Imperial Securities Company Pvt. Ltd.,Dipshikha Dhitopatra Karobar Co. Pvt Ltd.,2026-04-29 11:27:10.004605,Prime Commercial Bank Ltd.
2026042901014936,PCBL,17,38,51,239.0,12189.0,2026-04-29,188453661,357,ABC Securities Private Limited,Dipshikha Dhitopatra Karobar Co. Pvt Ltd.,2026-04-29 11:27:10.004735,Prime Commercial Bank Ltd.
2026042901017524,PCBL,45,48,161,240.5,38720.5,2026-04-29,188460362,357,Imperial Securities Company Pvt. Ltd.,Trishakti Securities Public Limited,2026-04-29 11:33:40.006772,Prime Commercial Bank Ltd.
2026042901018323,PCBL,6,34,500,240.0,120000.0,2026-04-29,188462574,357,Agrawal Securities (PVT) Ltd.,Vision Securities Pvt. Ltd,2026-04-29 11:35:34.034535,Prime Commercial Bank Ltd.
2026042901018730,PCBL,58,39,300,239.5,71850.0,2026-04-29,188463695,357,Naasa Securities Co. Ltd.,Sumeru Securities Pvt. Ltd.,2026-04-29 11:36:35.322444,Prime Commercial Bank Ltd.
2026042901018991,PCBL,58,17,200,239.5,47900.0,2026-04-29,188464412,357,Naasa Securities Co. Ltd.,ABC Securities Private Limited,2026-04-29 11:37:30.925761,Prime Commercial Bank Ltd.
2026042901018992,PCBL,6,17,300,239.2,71760.0,2026-04-29,188464413,357,Agrawal Securities (PVT) Ltd.,ABC Securities Private Limited,2026-04-29 11:37:30.925900,Prime Commercial Bank Ltd.
2026042901019462,PCBL,6,40,60,239.2,14352.0,2026-04-29,188465727,357,Agrawal Securities (PVT) Ltd.,Creative Securities Pvt Ltd,2026-04-29 11:38:49.687093,Prime Commercial Bank Ltd.
2026042901021032,PCBL,49,34,192,240.0,46080.0,2026-04-29,188470067,357,Online Securities Pvt. Ltd.,Vision Securities Pvt. Ltd,2026-04-29 11:43:36.755492,Prime Commercial Bank Ltd.
2026042901021473,PCBL,49,14,208,241.0,50128.0,2026-04-29,188471290,357,Online Securities Pvt. Ltd.,Nepal Stock House (PVT) Ltd.,2026-04-29 11:45:08.425807,Prime Commercial Bank Ltd.
2026042901022971,PCBL,17,22,80,240.0,19200.0,2026-04-29,188475732,357,ABC Securities Private Limited,Siprabi Securities Pvt. Ltd.,2026-04-29 11:50:14.665132,Prime Commercial Bank Ltd.
2026042901023061,PCBL,6,1,100,239.2,23920.0,2026-04-29,188475961,357,Agrawal Securities (PVT) Ltd.,Kumari Securities Private Limited,2026-04-29 11:50:31.292513,Prime Commercial Bank Ltd.
2026042901023182,PCBL,17,35,10,240.0,2400.0,2026-04-29,188476309,357,ABC Securities Private Limited,Kohinoor Investment & Securities Pvt. Ltd.,2026-04-29 11:50:52.341569,Prime Commercial Bank Ltd.
2026042901023355,PCBL,17,14,23,240.0,5520.0,2026-04-29,188476762,357,ABC Securities Private Limited,Nepal Stock House (PVT) Ltd.,2026-04-29 11:51:09.366879,Prime Commercial Bank Ltd.
2026042901023471,PCBL,17,14,100,240.0,24000.0,2026-04-29,188477054,357,ABC Securities Private Limited,Nepal Stock House (PVT) Ltd.,2026-04-29 11:51:32.048863,Prime Commercial Bank Ltd.
2026042901023929,PCBL,6,74,40,239.2,9568.0,2026-04-29,188478446,357,Agrawal Securities (PVT) Ltd.,KALASH STOCK MARKET PVT. LTD.,2026-04-29 11:52:59.628381,Prime Commercial Bank Ltd.
2026042901023930,PCBL,17,74,77,239.2,18418.4,2026-04-29,188478447,357,ABC Securities Private Limited,KALASH STOCK MARKET PVT. LTD.,2026-04-29 11:52:59.628668,Prime Commercial Bank Ltd.
2026042901023974,PCBL,17,14,42,240.0,10080.0,2026-04-29,188478562,357,ABC Securities Private Limited,Nepal Stock House (PVT) Ltd.,2026-04-29 11:53:08.898045,Prime Commercial Bank Ltd.
2026042901024179,PCBL,17,22,90,239.7,21573.0,2026-04-29,188479188,357,ABC Securities Private Limited,Siprabi Securities Pvt. Ltd.,2026-04-29 11:53:41.369833,Prime Commercial Bank Ltd.
2026042901024434,PCBL,17,59,61,239.2,14591.2,2026-04-29,188479992,357,ABC Securities Private Limited,Deevyaa Securities & Stock House Pvt. Ltd,2026-04-29 11:54:29.731305,Prime Commercial Bank Ltd.
2026042901024435,PCBL,6,59,500,239.2,119600.0,2026-04-29,188479994,357,Agrawal Securities (PVT) Ltd.,Deevyaa Securities & Stock House Pvt. Ltd,2026-04-29 11:54:29.731568,Prime Commercial Bank Ltd.
2026042901024607,PCBL,16,59,100,239.1,23910.0,2026-04-29,188480456,357,Primo Securities (PVT) Ltd.,Deevyaa Securities & Stock House Pvt. Ltd,2026-04-29 11:55:04.935133,Prime Commercial Bank Ltd.
2026042901024608,PCBL,62,59,339,239.1,81054.9,2026-04-29,188480457,357,Capital Max Securities Ltd,Deevyaa Securities & Stock House Pvt. Ltd,2026-04-29 11:55:04.935244,Prime Commercial Bank Ltd.
2026042901025531,PCBL,62,14,61,239.1,14585.1,2026-04-29,188483450,357,Capital Max Securities Ltd,Nepal Stock House (PVT) Ltd.,2026-04-29 11:57:51.949229,Prime Commercial Bank Ltd.
2026042901025532,PCBL,62,14,30,239.1,7173.0,2026-04-29,188483452,357,Capital Max Securities Ltd,Nepal Stock House (PVT) Ltd.,2026-04-29 11:57:51.949385,Prime Commercial Bank Ltd.
2026042901025533,PCBL,17,14,49,239.0,11711.0,2026-04-29,188483454,357,ABC Securities Private Limited,Nepal Stock House (PVT) Ltd.,2026-04-29 11:57:51.949449,Prime Commercial Bank Ltd.
2026042901025534,PCBL,28,14,150,239.0,35850.0,2026-04-29,188483456,357,Shree Krishna Securities Ltd.,Nepal Stock House (PVT) Ltd.,2026-04-29 11:57:51.949514,Prime Commercial Bank Ltd.
2026042901025535,PCBL,49,14,62,239.0,14818.0,2026-04-29,188483458,357,Online Securities Pvt. Ltd.,Nepal Stock House (PVT) Ltd.,2026-04-29 11:57:51.949574,Prime Commercial Bank Ltd.
2026042901025536,PCBL,4,14,300,239.0,71700.0,2026-04-29,188483460,357,Opal Securities Investment (PVT) Ltd.,Nepal Stock House (PVT) Ltd.,2026-04-29 11:57:51.949634,Prime Commercial Bank Ltd.
2026042901025537,PCBL,17,14,50,239.0,11950.0,2026-04-29,188483462,357,ABC Securities Private Limited,Nepal Stock House (PVT) Ltd.,2026-04-29 11:57:51.949689,Prime Commercial Bank Ltd.
2026042901025538,PCBL,17,14,50,239.0,11950.0,2026-04-29,188483464,357,ABC Securities Private Limited,Nepal Stock House (PVT) Ltd.,2026-04-29 11:57:51.949743,Prime Commercial Bank Ltd.
2026042901025539,PCBL,17,14,142,239.0,33938.0,2026-04-29,188483466,357,ABC Securities Private Limited,Nepal Stock House (PVT) Ltd.,2026-04-29 11:57:51.949798,Prime Commercial Bank Ltd.
2026042901025540,PCBL,17,14,40,239.0,9560.0,2026-04-29,188483468,357,ABC Securities Private Limited,Nepal Stock House (PVT) Ltd.,2026-04-29 11:57:51.949851,Prime Commercial Bank Ltd.
2026042901025541,PCBL,14,14,20,239.0,4780.0,2026-04-29,188483470,357,Nepal Stock House (PVT) Ltd.,Nepal Stock House (PVT) Ltd.,2026-04-29 11:57:51.949907,Prime Commercial Bank Ltd.
2026042901025542,PCBL,17,14,38,239.0,9082.0,2026-04-29,188483472,357,ABC Securities Private Limited,Nepal Stock House (PVT) Ltd.,2026-04-29 11:57:51.949960,Prime Commercial Bank Ltd.
2026042901025684,PCBL,14,56,10,238.9,2389.0,2026-04-29,188483870,357,Nepal Stock House (PVT) Ltd.,Sri Hari Securities Pvt. Ltd.,2026-04-29 11:58:12.838727,Prime Commercial Bank Ltd.
2026042901025685,PCBL,21,56,30,238.5,7155.0,2026-04-29,188483872,357,Midas Stock Broking Company Private Limited,Sri Hari Securities Pvt. Ltd.,2026-04-29 11:58:12.838967,Prime Commercial Bank Ltd.
2026042901025686,PCBL,44,56,200,238.5,47700.0,2026-04-29,188483874,357,Dynamic Money Managers Securities Pvt. Ltd.,Sri Hari Securities Pvt. Ltd.,2026-04-29 11:58:12.839143,Prime Commercial Bank Ltd.
2026042901025687,PCBL,39,56,120,238.4,28608.0,2026-04-29,188483876,357,Sumeru Securities Pvt. Ltd.,Sri Hari Securities Pvt. Ltd.,2026-04-29 11:58:12.839349,Prime Commercial Bank Ltd.
2026042901025688,PCBL,34,56,500,238.4,119200.0,2026-04-29,188483878,357,Vision Securities Pvt. Ltd,Sri Hari Securities Pvt. Ltd.,2026-04-29 11:58:12.839492,Prime Commercial Bank Ltd.
2026042901025689,PCBL,5,56,230,238.3,54809.0,2026-04-29,188483880,357,Market Securities & Exchange (PVT) Ltd.,Sri Hari Securities Pvt. Ltd.,2026-04-29 11:58:12.839646,Prime Commercial Bank Ltd.
2026042901025690,PCBL,43,56,60,238.1,14286.0,2026-04-29,188483882,357,South Asian Bulls Pvt. Ltd.,Sri Hari Securities Pvt. Ltd.,2026-04-29 11:58:12.839816,Prime Commercial Bank Ltd.
2026042901025691,PCBL,50,56,150,238.1,35715.0,2026-04-29,188483884,357,Cristal Kanchanjanga Securites Pvt. Ltd.,Sri Hari Securities Pvt. Ltd.,2026-04-29 11:58:12.839970,Prime Commercial Bank Ltd.
2026042901025692,PCBL,50,56,208,238.0,49504.0,2026-04-29,188483886,357,Cristal Kanchanjanga Securites Pvt. Ltd.,Sri Hari Securities Pvt. Ltd.,2026-04-29 11:58:12.840132,Prime Commercial Bank Ltd.
2026042901025693,PCBL,25,56,100,238.0,23800.0,2026-04-29,188483888,357,Sweta Securities Private Limited,Sri Hari Securities Pvt. Ltd.,2026-04-29 11:58:12.840271,Prime Commercial Bank Ltd.
2026042901025694,PCBL,49,56,2000,238.0,476000.0,2026-04-29,188483890,357,Online Securities Pvt. Ltd.,Sri Hari Securities Pvt. Ltd.,2026-04-29 11:58:12.840415,Prime Commercial Bank Ltd.
2026042901025695,PCBL,35,56,65,238.0,15470.0,2026-04-29,188483892,357,Kohinoor Investment & Securities Pvt. Ltd.,Sri Hari Securities Pvt. Ltd.,2026-04-29 11:58:12.840557,Prime Commercial Bank Ltd.
2026042901025696,PCBL,11,56,300,238.0,71400.0,2026-04-29,188483894,357,Malla & Malla Stock Broking Company Pvt. Limited,Sri Hari Securities Pvt. Ltd.,2026-04-29 11:58:12.840700,Prime Commercial Bank Ltd.
2026042901025697,PCBL,53,56,10,238.0,2380.0,2026-04-29,188483896,357,Investment Management Nepal Pvt. Ltd.,Sri Hari Securities Pvt. Ltd.,2026-04-29 11:58:12.840837,Prime Commercial Bank Ltd.
2026042901025698,PCBL,48,56,420,238.0,99960.0,2026-04-29,188483898,357,Trishakti Securities Public Limited,Sri Hari Securities Pvt. Ltd.,2026-04-29 11:58:12.840976,Prime Commercial Bank Ltd.
2026042901025699,PCBL,88,56,111,238.0,26418.0,2026-04-29,188483900,357,Blue Chip Securities Ltd,Sri Hari Securities Pvt. Ltd.,2026-04-29 11:58:12.841117,Prime Commercial Bank Ltd.
2026042901025700,PCBL,25,56,350,238.0,83300.0,2026-04-29,188483902,357,Sweta Securities Private Limited,Sri Hari Securities Pvt. Ltd.,2026-04-29 11:58:12.841244,Prime Commercial Bank Ltd.
2026042901025701,PCBL,14,56,10,238.0,2380.0,2026-04-29,188483904,357,Nepal Stock House (PVT) Ltd.,Sri Hari Securities Pvt. Ltd.,2026-04-29 11:58:12.841376,Prime Commercial Bank Ltd.
2026042901025702,PCBL,62,56,600,238.0,142800.0,2026-04-29,188483906,357,Capital Max Securities Ltd,Sri Hari Securities Pvt. Ltd.,2026-04-29 11:58:12.841511,Prime Commercial Bank Ltd.
2026042901025703,PCBL,56,56,30,238.0,7140.0,2026-04-29,188483908,357,Sri Hari Securities Pvt. Ltd.,Sri Hari Securities Pvt. Ltd.,2026-04-29 11:58:12.841644,Prime Commercial Bank Ltd.
2026042901025704,PCBL,49,56,100,238.0,23800.0,2026-04-29,188483910,357,Online Securities Pvt. Ltd.,Sri Hari Securities Pvt. Ltd.,2026-04-29 11:58:12.841776,Prime Commercial Bank Ltd.
2026042901025705,PCBL,50,56,10,238.0,2380.0,2026-04-29,188483912,357,Cristal Kanchanjanga Securites Pvt. Ltd.,Sri Hari Securities Pvt. Ltd.,2026-04-29 11:58:12.841908,Prime Commercial Bank Ltd.
2026042901025729,PCBL,17,56,70,238.0,16660.0,2026-04-29,188483970,357,ABC Securities Private Limited,Sri Hari Securities Pvt. Ltd.,2026-04-29 11:58:14.988116,Prime Commercial Bank Ltd.
2026042901025867,PCBL,43,56,300,237.2,71160.0,2026-04-29,188484404,357,South Asian Bulls Pvt. Ltd.,Sri Hari Securities Pvt. Ltd.,2026-04-29 11:58:44.618417,Prime Commercial Bank Ltd.
2026042901025868,PCBL,17,56,30,237.0,7110.0,2026-04-29,188484406,357,ABC Securities Private Limited,Sri Hari Securities Pvt. Ltd.,2026-04-29 11:58:44.618594,Prime Commercial Bank Ltd.
2026042901025869,PCBL,65,56,75,237.0,17775.0,2026-04-29,188484408,357,Sharepro Securities Private Limited,Sri Hari Securities Pvt. Ltd.,2026-04-29 11:58:44.618782,Prime Commercial Bank Ltd.
2026042901025870,PCBL,36,56,300,237.0,71100.0,2026-04-29,188484410,357,Secured Securities Ltd.,Sri Hari Securities Pvt. Ltd.,2026-04-29 11:58:44.618918,Prime Commercial Bank Ltd.
2026042901025871,PCBL,40,56,60,237.0,14220.0,2026-04-29,188484412,357,Creative Securities Pvt Ltd,Sri Hari Securities Pvt. Ltd.,2026-04-29 11:58:44.619071,Prime Commercial Bank Ltd.
2026042901025872,PCBL,1,56,80,237.0,18960.0,2026-04-29,188484414,357,Kumari Securities Private Limited,Sri Hari Securities Pvt. Ltd.,2026-04-29 11:58:44.619206,Prime Commercial Bank Ltd.
2026042901025873,PCBL,51,56,4000,237.0,948000.0,2026-04-29,188484416,357,Oxford Securities Pvt. Ltd.,Sri Hari Securities Pvt. Ltd.,2026-04-29 11:58:44.619334,Prime Commercial Bank Ltd.
2026042901025874,PCBL,13,56,50,237.0,11850.0,2026-04-29,188484418,357,Thrive Brokerage House Pvt. Ltd,Sri Hari Securities Pvt. Ltd.,2026-04-29 11:58:44.619483,Prime Commercial Bank Ltd.
2026042901025886,PCBL,17,56,40,237.0,9480.0,2026-04-29,188484444,357,ABC Securities Private Limited,Sri Hari Securities Pvt. Ltd.,2026-04-29 11:58:46.854690,Prime Commercial Bank Ltd.
2026042901026630,PCBL,17,56,88,238.0,20944.0,2026-04-29,188486638,357,ABC Securities Private Limited,Sri Hari Securities Pvt. Ltd.,2026-04-29 12:01:10.492258,Prime Commercial Bank Ltd.
2026042901026861,PCBL,25,56,60,238.9,14334.0,2026-04-29,188487246,357,Sweta Securities Private Limited,Sri Hari Securities Pvt. Ltd.,2026-04-29 12:01:56.246402,Prime Commercial Bank Ltd.
2026042901028128,PCBL,58,56,27,238.9,6450.3,2026-04-29,188490808,357,Naasa Securities Co. Ltd.,Sri Hari Securities Pvt. Ltd.,2026-04-29 12:05:54.605892,Prime Commercial Bank Ltd.
2026042901028432,PCBL,82,56,100,238.9,23890.0,2026-04-29,188491594,357,N.M.B. SECURITIES LIMITED,Sri Hari Securities Pvt. Ltd.,2026-04-29 12:06:57.637249,Prime Commercial Bank Ltd.
2026042901028786,PCBL,51,56,50,238.1,11905.0,2026-04-29,188492520,357,Oxford Securities Pvt. Ltd.,Sri Hari Securities Pvt. Ltd.,2026-04-29 12:07:49.297975,Prime Commercial Bank Ltd.
2026042901028787,PCBL,17,56,70,238.0,16660.0,2026-04-29,188492522,357,ABC Securities Private Limited,Sri Hari Securities Pvt. Ltd.,2026-04-29 12:07:49.298126,Prime Commercial Bank Ltd.
2026042901028788,PCBL,58,56,38,238.0,9044.0,2026-04-29,188492524,357,Naasa Securities Co. Ltd.,Sri Hari Securities Pvt. Ltd.,2026-04-29 12:07:49.298183,Prime Commercial Bank Ltd.
2026042901028789,PCBL,17,56,138,238.0,32844.0,2026-04-29,188492526,357,ABC Securities Private Limited,Sri Hari Securities Pvt. Ltd.,2026-04-29 12:07:49.298239,Prime Commercial Bank Ltd.
2026042901028790,PCBL,17,56,38,238.0,9044.0,2026-04-29,188492528,357,ABC Securities Private Limited,Sri Hari Securities Pvt. Ltd.,2026-04-29 12:07:49.298296,Prime Commercial Bank Ltd.
2026042901028791,PCBL,17,56,77,238.0,18326.0,2026-04-29,188492530,357,ABC Securities Private Limited,Sri Hari Securities Pvt. Ltd.,2026-04-29 12:07:49.298350,Prime Commercial Bank Ltd.
2026042901028792,PCBL,17,56,38,238.0,9044.0,2026-04-29,188492532,357,ABC Securities Private Limited,Sri Hari Securities Pvt. Ltd.,2026-04-29 12:07:49.298403,Prime Commercial Bank Ltd.
2026042901028793,PCBL,17,56,38,238.0,9044.0,2026-04-29,188492534,357,ABC Securities Private Limited,Sri Hari Securities Pvt. Ltd.,2026-04-29 12:07:49.298458,Prime Commercial Bank Ltd.
2026042901028794,PCBL,17,56,70,238.0,16660.0,2026-04-29,188492536,357,ABC Securities Private Limited,Sri Hari Securities Pvt. Ltd.,2026-04-29 12:07:49.298528,Prime Commercial Bank Ltd.
2026042901029261,PCBL,17,26,78,238.0,18564.0,2026-04-29,188493940,357,ABC Securities Private Limited,Asian Securities Private Ltd.,2026-04-29 12:09:31.716717,Prime Commercial Bank Ltd.
2026042901029262,PCBL,17,26,70,238.0,16660.0,2026-04-29,188493941,357,ABC Securities Private Limited,Asian Securities Private Ltd.,2026-04-29 12:09:31.716820,Prime Commercial Bank Ltd.
2026042901029788,PCBL,42,4,260,238.0,61880.0,2026-04-29,188495417,357,Sani Securities Company Ltd.,Opal Securities Investment (PVT) Ltd.,2026-04-29 12:11:15.099567,Prime Commercial Bank Ltd.
2026042901030357,PCBL,82,56,300,238.9,71670.0,2026-04-29,188496864,357,N.M.B. SECURITIES LIMITED,Sri Hari Securities Pvt. Ltd.,2026-04-29 12:13:01.707732,Prime Commercial Bank Ltd.
2026042901030442,PCBL,58,56,27,238.9,6450.3,2026-04-29,188497128,357,Naasa Securities Co. Ltd.,Sri Hari Securities Pvt. Ltd.,2026-04-29 12:13:26.752176,Prime Commercial Bank Ltd.
2026042901030504,PCBL,42,56,82,238.0,19516.0,2026-04-29,188497345,357,Sani Securities Company Ltd.,Sri Hari Securities Pvt. Ltd.,2026-04-29 12:13:42.325036,Prime Commercial Bank Ltd.
2026042901030849,PCBL,42,26,658,238.0,156604.0,2026-04-29,188498302,357,Sani Securities Company Ltd.,Asian Securities Private Ltd.,2026-04-29 12:14:43.462454,Prime Commercial Bank Ltd.
2026042901030850,PCBL,17,26,105,238.0,24990.0,2026-04-29,188498304,357,ABC Securities Private Limited,Asian Securities Private Ltd.,2026-04-29 12:14:43.462712,Prime Commercial Bank Ltd.
2026042901030851,PCBL,25,26,500,238.0,119000.0,2026-04-29,188498305,357,Sweta Securities Private Limited,Asian Securities Private Ltd.,2026-04-29 12:14:43.462889,Prime Commercial Bank Ltd.
2026042901031656,PCBL,32,14,10,239.0,2390.0,2026-04-29,188500662,357,Premier Securities Company Ltd.,Nepal Stock House (PVT) Ltd.,2026-04-29 12:17:36.913754,Prime Commercial Bank Ltd.
2026042901031717,PCBL,6,62,500,238.0,119000.0,2026-04-29,188500842,357,Agrawal Securities (PVT) Ltd.,Capital Max Securities Ltd,2026-04-29 12:17:51.777793,Prime Commercial Bank Ltd.
2026042901031718,PCBL,22,62,500,237.4,118700.0,2026-04-29,188500843,357,Siprabi Securities Pvt. Ltd.,Capital Max Securities Ltd,2026-04-29 12:17:51.778006,Prime Commercial Bank Ltd.
2026042901031810,PCBL,42,5,15,237.8,3567.0,2026-04-29,188501085,357,Sani Securities Company Ltd.,Market Securities & Exchange (PVT) Ltd.,2026-04-29 12:18:10.805465,Prime Commercial Bank Ltd.
2026042901032338,PCBL,42,57,70,237.8,16646.0,2026-04-29,188502531,357,Sani Securities Company Ltd.,Aryatara Investment & Securities,2026-04-29 12:20:03.854253,Prime Commercial Bank Ltd.
2026042901033190,PCBL,4,14,40,237.5,9500.0,2026-04-29,188504864,357,Opal Securities Investment (PVT) Ltd.,Nepal Stock House (PVT) Ltd.,2026-04-29 12:22:48.162211,Prime Commercial Bank Ltd.
2026042901033191,PCBL,50,14,460,237.5,109250.0,2026-04-29,188504865,357,Cristal Kanchanjanga Securites Pvt. Ltd.,Nepal Stock House (PVT) Ltd.,2026-04-29 12:22:48.162474,Prime Commercial Bank Ltd.
2026042901034852,PCBL,89,14,10,239.0,2390.0,2026-04-29,188509270,357,Global IME Securities Limited,Nepal Stock House (PVT) Ltd.,2026-04-29 12:27:49.001249,Prime Commercial Bank Ltd.
2026042901037315,PCBL,41,49,36,238.5,8586.0,2026-04-29,188515754,357,Linch Stock Market Ltd.,Online Securities Pvt. Ltd.,2026-04-29 12:35:56.658662,Prime Commercial Bank Ltd.
2026042901037399,PCBL,68,22,12,238.0,2856.0,2026-04-29,188515971,357,Elite Stock House Limited,Siprabi Securities Pvt. Ltd.,2026-04-29 12:36:19.876591,Prime Commercial Bank Ltd.
2026042901037597,PCBL,22,22,500,238.0,119000.0,2026-04-29,188516576,357,Siprabi Securities Pvt. Ltd.,Siprabi Securities Pvt. Ltd.,2026-04-29 12:37:16.436165,Prime Commercial Bank Ltd.
2026042901037631,PCBL,49,22,15,238.0,3570.0,2026-04-29,188516656,357,Online Securities Pvt. Ltd.,Siprabi Securities Pvt. Ltd.,2026-04-29 12:37:22.245309,Prime Commercial Bank Ltd.
2026042901037769,PCBL,42,22,485,238.0,115430.0,2026-04-29,188517101,357,Sani Securities Company Ltd.,Siprabi Securities Pvt. Ltd.,2026-04-29 12:38:03.613992,Prime Commercial Bank Ltd.
2026042901038186,PCBL,42,58,4,233.0,932.0,2026-04-29,188518641,357,Sani Securities Company Ltd.,Naasa Securities Co. Ltd.,2026-04-29 12:40:12.421366,Prime Commercial Bank Ltd.
2026042901038694,PCBL,42,49,8,236.0,1888.0,2026-04-29,188520279,357,Sani Securities Company Ltd.,Online Securities Pvt. Ltd.,2026-04-29 12:42:54.088241,Prime Commercial Bank Ltd.
2026042901039523,PCBL,42,58,1,240.0,240.0,2026-04-29,188522775,357,Sani Securities Company Ltd.,Naasa Securities Co. Ltd.,2026-04-29 12:47:46.596316,Prime Commercial Bank Ltd.
2026042901039571,PCBL,42,44,4,240.0,960.0,2026-04-29,188522935,357,Sani Securities Company Ltd.,Dynamic Money Managers Securities Pvt. Ltd.,2026-04-29 12:48:10.775040,Prime Commercial Bank Ltd.
2026042901040132,PCBL,52,49,200,238.1,47620.0,2026-04-29,188525021,357,Sundhara Securities Limited,Online Securities Pvt. Ltd.,2026-04-29 12:51:36.804805,Prime Commercial Bank Ltd.
2026042901041150,PCBL,58,49,40,238.1,9524.0,2026-04-29,188528188,357,Naasa Securities Co. Ltd.,Online Securities Pvt. Ltd.,2026-04-29 12:57:21.844844,Prime Commercial Bank Ltd.
2026042901041151,PCBL,42,49,10,238.1,2381.0,2026-04-29,188528189,357,Sani Securities Company Ltd.,Online Securities Pvt. Ltd.,2026-04-29 12:57:21.845244,Prime Commercial Bank Ltd.
2026042901041290,PCBL,42,11,119,238.0,28322.0,2026-04-29,188528733,357,Sani Securities Company Ltd.,Malla & Malla Stock Broking Company Pvt. Limited,2026-04-29 12:58:14.241199,Prime Commercial Bank Ltd.
2026042901041955,PCBL,57,49,30,238.1,7143.0,2026-04-29,188530817,357,Aryatara Investment & Securities,Online Securities Pvt. Ltd.,2026-04-29 13:01:47.753450,Prime Commercial Bank Ltd.
2026042901042096,PCBL,42,36,229,238.0,54502.0,2026-04-29,188531333,357,Sani Securities Company Ltd.,Secured Securities Ltd.,2026-04-29 13:02:40.183318,Prime Commercial Bank Ltd.
2026042901042097,PCBL,42,6,92,238.0,21896.0,2026-04-29,188531336,357,Sani Securities Company Ltd.,Agrawal Securities (PVT) Ltd.,2026-04-29 13:02:40.341207,Prime Commercial Bank Ltd.
2026042901042098,PCBL,81,6,534,238.0,127092.0,2026-04-29,188531337,357,Aakashbhairab Securities Ltd.,Agrawal Securities (PVT) Ltd.,2026-04-29 13:02:40.341540,Prime Commercial Bank Ltd.
2026042901044133,PCBL,41,5,324,238.1,77144.4,2026-04-29,188537533,357,Linch Stock Market Ltd.,Market Securities & Exchange (PVT) Ltd.,2026-04-29 13:12:59.389402,Prime Commercial Bank Ltd.
2026042901044873,PCBL,5,34,131,238.2,31204.2,2026-04-29,188539891,357,Market Securities & Exchange (PVT) Ltd.,Vision Securities Pvt. Ltd,2026-04-29 13:16:57.704013,Prime Commercial Bank Ltd.
2026042901044920,PCBL,58,29,125,238.4,29800.0,2026-04-29,188540088,357,Naasa Securities Co. Ltd.,Trisul Securities & Invt. Ltd.,2026-04-29 13:17:23.690316,Prime Commercial Bank Ltd.
2026042901045142,PCBL,5,49,59,238.2,14053.8,2026-04-29,188540813,357,Market Securities & Exchange (PVT) Ltd.,Online Securities Pvt. Ltd.,2026-04-29 13:18:41.690522,Prime Commercial Bank Ltd.
2026042901045153,PCBL,5,49,200,238.2,47640.0,2026-04-29,188540845,357,Market Securities & Exchange (PVT) Ltd.,Online Securities Pvt. Ltd.,2026-04-29 13:18:46.170946,Prime Commercial Bank Ltd.
2026042901045253,PCBL,5,16,110,238.2,26202.0,2026-04-29,188541182,357,Market Securities & Exchange (PVT) Ltd.,Primo Securities (PVT) Ltd.,2026-04-29 13:19:28.954449,Prime Commercial Bank Ltd.
2026042901045254,PCBL,41,16,176,238.1,41905.6,2026-04-29,188541184,357,Linch Stock Market Ltd.,Primo Securities (PVT) Ltd.,2026-04-29 13:19:28.954841,Prime Commercial Bank Ltd.
2026042901045255,PCBL,53,16,30,238.1,7143.0,2026-04-29,188541186,357,Investment Management Nepal Pvt. Ltd.,Primo Securities (PVT) Ltd.,2026-04-29 13:19:28.955108,Prime Commercial Bank Ltd.
2026042901045256,PCBL,81,16,469,238.0,111622.0,2026-04-29,188541188,357,Aakashbhairab Securities Ltd.,Primo Securities (PVT) Ltd.,2026-04-29 13:19:28.955362,Prime Commercial Bank Ltd.
2026042901045257,PCBL,4,16,107,238.0,25466.0,2026-04-29,188541189,357,Opal Securities Investment (PVT) Ltd.,Primo Securities (PVT) Ltd.,2026-04-29 13:19:28.955598,Prime Commercial Bank Ltd.
2026042901046587,PCBL,47,49,20,238.4,4768.0,2026-04-29,188545505,357,Neev Securities Pvt. Ltd.,Online Securities Pvt. Ltd.,2026-04-29 13:26:25.649453,Prime Commercial Bank Ltd.
2026042901046588,PCBL,47,49,380,238.5,90630.0,2026-04-29,188545508,357,Neev Securities Pvt. Ltd.,Online Securities Pvt. Ltd.,2026-04-29 13:26:25.649852,Prime Commercial Bank Ltd.
2026042901047964,PCBL,5,13,500,238.1,119050.0,2026-04-29,188550120,357,Market Securities & Exchange (PVT) Ltd.,Thrive Brokerage House Pvt. Ltd,2026-04-29 13:34:12.820897,Prime Commercial Bank Ltd.
2026042901047965,PCBL,53,13,20,238.1,4762.0,2026-04-29,188550122,357,Investment Management Nepal Pvt. Ltd.,Thrive Brokerage House Pvt. Ltd,2026-04-29 13:34:12.821264,Prime Commercial Bank Ltd.
2026042901047966,PCBL,4,13,193,238.0,45934.0,2026-04-29,188550124,357,Opal Securities Investment (PVT) Ltd.,Thrive Brokerage House Pvt. Ltd,2026-04-29 13:34:12.821504,Prime Commercial Bank Ltd.
2026042901047967,PCBL,45,13,10,238.0,2380.0,2026-04-29,188550126,357,Imperial Securities Company Pvt. Ltd.,Thrive Brokerage House Pvt. Ltd,2026-04-29 13:34:12.821733,Prime Commercial Bank Ltd.
2026042901047968,PCBL,42,13,10,238.0,2380.0,2026-04-29,188550128,357,Sani Securities Company Ltd.,Thrive Brokerage House Pvt. Ltd,2026-04-29 13:34:12.821962,Prime Commercial Bank Ltd.
2026042901047969,PCBL,14,13,10,238.0,2380.0,2026-04-29,188550130,357,Nepal Stock House (PVT) Ltd.,Thrive Brokerage House Pvt. Ltd,2026-04-29 13:34:12.822202,Prime Commercial Bank Ltd.
2026042901047970,PCBL,6,13,100,238.0,23800.0,2026-04-29,188550132,357,Agrawal Securities (PVT) Ltd.,Thrive Brokerage House Pvt. Ltd,2026-04-29 13:34:12.822421,Prime Commercial Bank Ltd.
2026042901047971,PCBL,53,13,50,238.0,11900.0,2026-04-29,188550134,357,Investment Management Nepal Pvt. Ltd.,Thrive Brokerage House Pvt. Ltd,2026-04-29 13:34:12.822647,Prime Commercial Bank Ltd.
2026042901047972,PCBL,45,13,503,238.0,119714.0,2026-04-29,188550136,357,Imperial Securities Company Pvt. Ltd.,Thrive Brokerage House Pvt. Ltd,2026-04-29 13:34:12.822875,Prime Commercial Bank Ltd.
2026042901047973,PCBL,57,13,104,238.0,24752.0,2026-04-29,188550137,357,Aryatara Investment & Securities,Thrive Brokerage House Pvt. Ltd,2026-04-29 13:34:12.823108,Prime Commercial Bank Ltd.
2026042901048001,PCBL,57,13,896,238.0,213248.0,2026-04-29,188550222,357,Aryatara Investment & Securities,Thrive Brokerage House Pvt. Ltd,2026-04-29 13:34:21.898304,Prime Commercial Bank Ltd.
2026042901048485,PCBL,14,22,10,237.9,2379.0,2026-04-29,188551722,357,Nepal Stock House (PVT) Ltd.,Siprabi Securities Pvt. Ltd.,2026-04-29 13:37:22.396627,Prime Commercial Bank Ltd.
2026042901048486,PCBL,14,22,20,237.9,4758.0,2026-04-29,188551724,357,Nepal Stock House (PVT) Ltd.,Siprabi Securities Pvt. Ltd.,2026-04-29 13:37:22.396999,Prime Commercial Bank Ltd.
2026042901048487,PCBL,8,22,50,237.9,11895.0,2026-04-29,188551725,357,Brilliant Securities Pvt. Ltd.,Siprabi Securities Pvt. Ltd.,2026-04-29 13:37:22.397257,Prime Commercial Bank Ltd.
2026042901048612,PCBL,45,13,89,238.0,21182.0,2026-04-29,188552086,357,Imperial Securities Company Pvt. Ltd.,Thrive Brokerage House Pvt. Ltd,2026-04-29 13:38:16.492143,Prime Commercial Bank Ltd.
2026042901048885,PCBL,5,13,15,237.8,3567.0,2026-04-29,188552931,357,Market Securities & Exchange (PVT) Ltd.,Thrive Brokerage House Pvt. Ltd,2026-04-29 13:40:04.954254,Prime Commercial Bank Ltd.
2026042901048892,PCBL,5,22,485,237.8,115333.0,2026-04-29,188552950,357,Market Securities & Exchange (PVT) Ltd.,Siprabi Securities Pvt. Ltd.,2026-04-29 13:40:06.567350,Prime Commercial Bank Ltd.
2026042901048893,PCBL,33,22,200,237.7,47540.0,2026-04-29,188552952,357,Dakshinkali Investment & Securities Pvt. Ltd.,Siprabi Securities Pvt. Ltd.,2026-04-29 13:40:06.567508,Prime Commercial Bank Ltd.
2026042901048894,PCBL,53,22,50,237.7,11885.0,2026-04-29,188552954,357,Investment Management Nepal Pvt. Ltd.,Siprabi Securities Pvt. Ltd.,2026-04-29 13:40:06.567586,Prime Commercial Bank Ltd.
2026042901048895,PCBL,17,22,100,237.7,23770.0,2026-04-29,188552956,357,ABC Securities Private Limited,Siprabi Securities Pvt. Ltd.,2026-04-29 13:40:06.567665,Prime Commercial Bank Ltd.
2026042901048896,PCBL,6,22,33,237.6,7840.8,2026-04-29,188552957,357,Agrawal Securities (PVT) Ltd.,Siprabi Securities Pvt. Ltd.,2026-04-29 13:40:06.567745,Prime Commercial Bank Ltd.
2026042901049069,PCBL,46,49,100,238.0,23800.0,2026-04-29,188553446,357,Kalika Securities Pvt. Ltd.,Online Securities Pvt. Ltd.,2026-04-29 13:41:12.529035,Prime Commercial Bank Ltd.
2026042901049366,PCBL,6,54,50,237.6,11880.0,2026-04-29,188554385,357,Agrawal Securities (PVT) Ltd.,Sewa Securities Pvt. Ltd.,2026-04-29 13:42:42.662369,Prime Commercial Bank Ltd.
2026042901049657,PCBL,89,49,10,238.0,2380.0,2026-04-29,188555282,357,Global IME Securities Limited,Online Securities Pvt. Ltd.,2026-04-29 13:44:11.957653,Prime Commercial Bank Ltd.
2026042901049750,PCBL,59,49,10,238.0,2380.0,2026-04-29,188555516,357,Deevyaa Securities & Stock House Pvt. Ltd,Online Securities Pvt. Ltd.,2026-04-29 13:44:35.088190,Prime Commercial Bank Ltd.
2026042901050690,PCBL,99,49,80,238.0,19040.0,2026-04-29,188558549,357,Prabhu Stock Market Limited,Online Securities Pvt. Ltd.,2026-04-29 13:49:53.858309,Prime Commercial Bank Ltd.
2026042901050691,PCBL,99,49,65,238.0,15470.0,2026-04-29,188558552,357,Prabhu Stock Market Limited,Online Securities Pvt. Ltd.,2026-04-29 13:49:53.858680,Prime Commercial Bank Ltd.
2026042901052978,PCBL,62,49,89,238.5,21226.5,2026-04-29,188566769,357,Capital Max Securities Ltd,Online Securities Pvt. Ltd.,2026-04-29 14:03:31.840509,Prime Commercial Bank Ltd.
2026042901052979,PCBL,62,14,141,239.0,33699.0,2026-04-29,188566772,357,Capital Max Securities Ltd,Nepal Stock House (PVT) Ltd.,2026-04-29 14:03:31.840894,Prime Commercial Bank Ltd.
2026042901053116,PCBL,58,48,215,238.0,51170.0,2026-04-29,188567301,357,Naasa Securities Co. Ltd.,Trishakti Securities Public Limited,2026-04-29 14:04:24.457447,Prime Commercial Bank Ltd.
2026042901053774,PCBL,6,22,890,238.9,212621.0,2026-04-29,188569753,357,Agrawal Securities (PVT) Ltd.,Siprabi Securities Pvt. Ltd.,2026-04-29 14:08:56.215760,Prime Commercial Bank Ltd.
2026042901053775,PCBL,6,14,110,239.0,26290.0,2026-04-29,188569756,357,Agrawal Securities (PVT) Ltd.,Nepal Stock House (PVT) Ltd.,2026-04-29 14:08:56.215936,Prime Commercial Bank Ltd.
2026042901053808,PCBL,58,48,10,238.0,2380.0,2026-04-29,188569855,357,Naasa Securities Co. Ltd.,Trishakti Securities Public Limited,2026-04-29 14:09:06.372188,Prime Commercial Bank Ltd.
2026042901054250,PCBL,35,48,10,238.0,2380.0,2026-04-29,188571314,357,Kohinoor Investment & Securities Pvt. Ltd.,Trishakti Securities Public Limited,2026-04-29 14:12:04.327726,Prime Commercial Bank Ltd.
2026042901054382,PCBL,99,48,300,237.9,71370.0,2026-04-29,188571833,357,Prabhu Stock Market Limited,Trishakti Securities Public Limited,2026-04-29 14:12:49.074363,Prime Commercial Bank Ltd.
2026042901055204,PCBL,64,52,300,237.9,71370.0,2026-04-29,188574802,357,SUN SECURITIES PVT LTD,Sundhara Securities Limited,2026-04-29 14:17:41.358672,Prime Commercial Bank Ltd.
2026042901055256,PCBL,14,52,10,237.9,2379.0,2026-04-29,188574964,357,Nepal Stock House (PVT) Ltd.,Sundhara Securities Limited,2026-04-29 14:18:00.614877,Prime Commercial Bank Ltd.
2026042901055315,PCBL,5,52,230,237.8,54694.0,2026-04-29,188575117,357,Market Securities & Exchange (PVT) Ltd.,Sundhara Securities Limited,2026-04-29 14:18:19.802537,Prime Commercial Bank Ltd.
2026042901055340,PCBL,5,4,270,237.8,64206.0,2026-04-29,188575226,357,Market Securities & Exchange (PVT) Ltd.,Opal Securities Investment (PVT) Ltd.,2026-04-29 14:18:34.027344,Prime Commercial Bank Ltd.
2026042901055341,PCBL,35,4,500,237.8,118900.0,2026-04-29,188575228,357,Kohinoor Investment & Securities Pvt. Ltd.,Opal Securities Investment (PVT) Ltd.,2026-04-29 14:18:34.027750,Prime Commercial Bank Ltd.
2026042901055342,PCBL,58,4,20,237.8,4756.0,2026-04-29,188575230,357,Naasa Securities Co. Ltd.,Opal Securities Investment (PVT) Ltd.,2026-04-29 14:18:34.028003,Prime Commercial Bank Ltd.
2026042901055343,PCBL,34,4,100,237.8,23780.0,2026-04-29,188575232,357,Vision Securities Pvt. Ltd,Opal Securities Investment (PVT) Ltd.,2026-04-29 14:18:34.028283,Prime Commercial Bank Ltd.
2026042901055344,PCBL,6,4,417,237.6,99079.2,2026-04-29,188575234,357,Agrawal Securities (PVT) Ltd.,Opal Securities Investment (PVT) Ltd.,2026-04-29 14:18:34.028539,Prime Commercial Bank Ltd.
2026042901055345,PCBL,32,4,500,237.6,118800.0,2026-04-29,188575236,357,Premier Securities Company Ltd.,Opal Securities Investment (PVT) Ltd.,2026-04-29 14:18:34.028780,Prime Commercial Bank Ltd.
2026042901055346,PCBL,34,4,150,237.6,35640.0,2026-04-29,188575238,357,Vision Securities Pvt. Ltd,Opal Securities Investment (PVT) Ltd.,2026-04-29 14:18:34.029047,Prime Commercial Bank Ltd.
2026042901055347,PCBL,46,4,83,237.5,19712.5,2026-04-29,188575239,357,Kalika Securities Pvt. Ltd.,Opal Securities Investment (PVT) Ltd.,2026-04-29 14:18:34.029294,Prime Commercial Bank Ltd.
2026042901056187,PCBL,38,48,100,237.6,23760.0,2026-04-29,188578527,357,Dipshikha Dhitopatra Karobar Co. Pvt Ltd.,Trishakti Securities Public Limited,2026-04-29 14:23:04.737799,Prime Commercial Bank Ltd.
2026042901056219,PCBL,58,48,10,238.0,2380.0,2026-04-29,188578676,357,Naasa Securities Co. Ltd.,Trishakti Securities Public Limited,2026-04-29 14:23:11.145002,Prime Commercial Bank Ltd.
2026042901056597,PCBL,34,48,21,238.0,4998.0,2026-04-29,188580288,357,Vision Securities Pvt. Ltd,Trishakti Securities Public Limited,2026-04-29 14:25:08.477539,Prime Commercial Bank Ltd.
2026042901056763,PCBL,99,45,155,237.7,36843.5,2026-04-29,188580820,357,Prabhu Stock Market Limited,Imperial Securities Company Pvt. Ltd.,2026-04-29 14:25:51.958202,Prime Commercial Bank Ltd.
2026042901056764,PCBL,42,45,345,237.6,81972.0,2026-04-29,188580821,357,Sani Securities Company Ltd.,Imperial Securities Company Pvt. Ltd.,2026-04-29 14:25:51.958317,Prime Commercial Bank Ltd.
2026042901057060,PCBL,6,48,1000,237.8,237800.0,2026-04-29,188581792,357,Agrawal Securities (PVT) Ltd.,Trishakti Securities Public Limited,2026-04-29 14:27:00.394091,Prime Commercial Bank Ltd.
2026042901057326,PCBL,38,45,20,237.7,4754.0,2026-04-29,188582676,357,Dipshikha Dhitopatra Karobar Co. Pvt Ltd.,Imperial Securities Company Pvt. Ltd.,2026-04-29 14:27:47.233172,Prime Commercial Bank Ltd.
2026042901057327,PCBL,38,45,45,237.7,10696.5,2026-04-29,188582677,357,Dipshikha Dhitopatra Karobar Co. Pvt Ltd.,Imperial Securities Company Pvt. Ltd.,2026-04-29 14:27:47.233567,Prime Commercial Bank Ltd.
2026042901057584,PCBL,6,48,500,238.0,119000.0,2026-04-29,188584110,357,Agrawal Securities (PVT) Ltd.,Trishakti Securities Public Limited,2026-04-29 14:28:56.134822,Prime Commercial Bank Ltd.
2026042901058065,PCBL,38,57,95,237.9,22600.5,2026-04-29,188586386,357,Dipshikha Dhitopatra Karobar Co. Pvt Ltd.,Aryatara Investment & Securities,2026-04-29 14:31:01.857393,Prime Commercial Bank Ltd.
2026042901058094,PCBL,57,33,250,237.7,59425.0,2026-04-29,188586502,357,Aryatara Investment & Securities,Dakshinkali Investment & Securities Pvt. Ltd.,2026-04-29 14:31:13.434135,Prime Commercial Bank Ltd.
2026042901058095,PCBL,42,33,655,237.6,155628.0,2026-04-29,188586504,357,Sani Securities Company Ltd.,Dakshinkali Investment & Securities Pvt. Ltd.,2026-04-29 14:31:13.434337,Prime Commercial Bank Ltd.
2026042901058096,PCBL,46,33,917,237.5,217787.5,2026-04-29,188586506,357,Kalika Securities Pvt. Ltd.,Dakshinkali Investment & Securities Pvt. Ltd.,2026-04-29 14:31:13.434428,Prime Commercial Bank Ltd.
2026042901058097,PCBL,21,33,100,237.5,23750.0,2026-04-29,188586508,357,Midas Stock Broking Company Private Limited,Dakshinkali Investment & Securities Pvt. Ltd.,2026-04-29 14:31:13.434518,Prime Commercial Bank Ltd.
2026042901058098,PCBL,14,33,978,237.5,232275.0,2026-04-29,188586509,357,Nepal Stock House (PVT) Ltd.,Dakshinkali Investment & Securities Pvt. Ltd.,2026-04-29 14:31:13.434602,Prime Commercial Bank Ltd.
2026042901058241,PCBL,36,57,10,237.9,2379.0,2026-04-29,188587246,357,Secured Securities Ltd.,Aryatara Investment & Securities,2026-04-29 14:32:01.234233,Prime Commercial Bank Ltd.
2026042901058453,PCBL,14,57,22,237.5,5225.0,2026-04-29,188587976,357,Nepal Stock House (PVT) Ltd.,Aryatara Investment & Securities,2026-04-29 14:32:39.780382,Prime Commercial Bank Ltd.
2026042901059234,PCBL,50,48,250,238.0,59500.0,2026-04-29,188590574,357,Cristal Kanchanjanga Securites Pvt. Ltd.,Trishakti Securities Public Limited,2026-04-29 14:35:31.161947,Prime Commercial Bank Ltd.
2026042901059433,PCBL,50,48,250,238.0,59500.0,2026-04-29,188591308,357,Cristal Kanchanjanga Securites Pvt. Ltd.,Trishakti Securities Public Limited,2026-04-29 14:36:24.493250,Prime Commercial Bank Ltd.
2026042901059741,PCBL,45,57,5,237.0,1185.0,2026-04-29,188592517,357,Imperial Securities Company Pvt. Ltd.,Aryatara Investment & Securities,2026-04-29 14:37:43.221858,Prime Commercial Bank Ltd.
2026042901059897,PCBL,4,48,459,238.0,109242.0,2026-04-29,188593015,357,Opal Securities Investment (PVT) Ltd.,Trishakti Securities Public Limited,2026-04-29 14:38:04.207000,Prime Commercial Bank Ltd.
2026042901059898,PCBL,4,58,20,238.0,4760.0,2026-04-29,188593017,357,Opal Securities Investment (PVT) Ltd.,Naasa Securities Co. Ltd.,2026-04-29 14:38:04.207444,Prime Commercial Bank Ltd.
2026042901059899,PCBL,4,41,500,238.0,119000.0,2026-04-29,188593019,357,Opal Securities Investment (PVT) Ltd.,Linch Stock Market Ltd.,2026-04-29 14:38:04.207743,Prime Commercial Bank Ltd.
2026042901059900,PCBL,4,14,322,238.0,76636.0,2026-04-29,188593022,357,Opal Securities Investment (PVT) Ltd.,Nepal Stock House (PVT) Ltd.,2026-04-29 14:38:04.208002,Prime Commercial Bank Ltd.
2026042901059932,PCBL,4,32,1000,238.8,238800.0,2026-04-29,188593187,357,Opal Securities Investment (PVT) Ltd.,Premier Securities Company Ltd.,2026-04-29 14:38:13.398872,Prime Commercial Bank Ltd.
2026042901059933,PCBL,4,22,890,238.9,212621.0,2026-04-29,188593189,357,Opal Securities Investment (PVT) Ltd.,Siprabi Securities Pvt. Ltd.,2026-04-29 14:38:13.398912,Prime Commercial Bank Ltd.
2026042901059934,PCBL,4,57,1000,238.9,238900.0,2026-04-29,188593191,357,Opal Securities Investment (PVT) Ltd.,Aryatara Investment & Securities,2026-04-29 14:38:13.398943,Prime Commercial Bank Ltd.
2026042901059935,PCBL,4,14,2110,239.0,504290.0,2026-04-29,188593194,357,Opal Securities Investment (PVT) Ltd.,Nepal Stock House (PVT) Ltd.,2026-04-29 14:38:13.398973,Prime Commercial Bank Ltd.
2026042901059957,PCBL,4,14,1160,239.0,277240.0,2026-04-29,188593313,357,Opal Securities Investment (PVT) Ltd.,Nepal Stock House (PVT) Ltd.,2026-04-29 14:38:21.723502,Prime Commercial Bank Ltd.
2026042901059958,PCBL,4,16,100,239.0,23900.0,2026-04-29,188593315,357,Opal Securities Investment (PVT) Ltd.,Primo Securities (PVT) Ltd.,2026-04-29 14:38:21.723595,Prime Commercial Bank Ltd.
2026042901059959,PCBL,4,1,400,239.0,95600.0,2026-04-29,188593318,357,Opal Securities Investment (PVT) Ltd.,Kumari Securities Private Limited,2026-04-29 14:38:21.723670,Prime Commercial Bank Ltd.
2026042901060151,PCBL,44,48,25,237.6,5940.0,2026-04-29,188593963,357,Dynamic Money Managers Securities Pvt. Ltd.,Trishakti Securities Public Limited,2026-04-29 14:38:56.463776,Prime Commercial Bank Ltd.
2026042901061701,PCBL,11,13,100,239.0,23900.0,2026-04-29,188599716,357,Malla & Malla Stock Broking Company Pvt. Limited,Thrive Brokerage House Pvt. Ltd,2026-04-29 14:44:13.741074,Prime Commercial Bank Ltd.
2026042901062771,PCBL,54,16,30,238.5,7155.0,2026-04-29,188603906,357,Sewa Securities Pvt. Ltd.,Primo Securities (PVT) Ltd.,2026-04-29 14:47:52.184208,Prime Commercial Bank Ltd.
2026042901063262,PCBL,42,33,16,237.5,3800.0,2026-04-29,188606009,357,Sani Securities Company Ltd.,Dakshinkali Investment & Securities Pvt. Ltd.,2026-04-29 14:49:27.058200,Prime Commercial Bank Ltd.
2026042901064218,PCBL,58,48,50,238.0,11900.0,2026-04-29,188609611,357,Naasa Securities Co. Ltd.,Trishakti Securities Public Limited,2026-04-29 14:52:11.859465,Prime Commercial Bank Ltd.
2026042901064592,PCBL,58,49,50,238.0,11900.0,2026-04-29,188611159,357,Naasa Securities Co. Ltd.,Online Securities Pvt. Ltd.,2026-04-29 14:53:21.631577,Prime Commercial Bank Ltd.
2026042901064671,PCBL,49,39,33,238.0,7854.0,2026-04-29,188611425,357,Online Securities Pvt. Ltd.,Sumeru Securities Pvt. Ltd.,2026-04-29 14:53:30.229761,Prime Commercial Bank Ltd.
2026042901064672,PCBL,57,39,15,237.6,3564.0,2026-04-29,188611429,357,Aryatara Investment & Securities,Sumeru Securities Pvt. Ltd.,2026-04-29 14:53:30.229806,Prime Commercial Bank Ltd.
2026042901064673,PCBL,42,39,34,237.5,8075.0,2026-04-29,188611433,357,Sani Securities Company Ltd.,Sumeru Securities Pvt. Ltd.,2026-04-29 14:53:30.229838,Prime Commercial Bank Ltd.
2026042901064674,PCBL,89,39,58,237.5,13775.0,2026-04-29,188611435,357,Global IME Securities Limited,Sumeru Securities Pvt. Ltd.,2026-04-29 14:53:30.229878,Prime Commercial Bank Ltd.
2026042901064910,PCBL,17,16,470,238.5,112095.0,2026-04-29,188612551,357,ABC Securities Private Limited,Primo Securities (PVT) Ltd.,2026-04-29 14:54:19.257528,Prime Commercial Bank Ltd.
2026042901064984,PCBL,17,39,140,238.5,33390.0,2026-04-29,188612743,357,ABC Securities Private Limited,Sumeru Securities Pvt. Ltd.,2026-04-29 14:54:25.965883,Prime Commercial Bank Ltd.
2026042901066462,PCBL,74,32,10,238.8,2388.0,2026-04-29,188618603,357,KALASH STOCK MARKET PVT. LTD.,Premier Securities Company Ltd.,2026-04-29 14:57:56.492438,Prime Commercial Bank Ltd.
2026042901066463,PCBL,74,32,90,238.9,21501.0,2026-04-29,188618606,357,KALASH STOCK MARKET PVT. LTD.,Premier Securities Company Ltd.,2026-04-29 14:57:56.492885,Prime Commercial Bank Ltd.
2026042901066688,PCBL,58,11,20,238.5,4770.0,2026-04-29,188619518,357,Naasa Securities Co. Ltd.,Malla & Malla Stock Broking Company Pvt. Limited,2026-04-29 14:58:21.767869,Prime Commercial Bank Ltd.
2026042901066689,PCBL,54,11,60,238.2,14292.0,2026-04-29,188619519,357,Sewa Securities Pvt. Ltd.,Malla & Malla Stock Broking Company Pvt. Limited,2026-04-29 14:58:21.768091,Prime Commercial Bank Ltd.
2026042901066754,PCBL,74,32,100,238.9,23890.0,2026-04-29,188619864,357,KALASH STOCK MARKET PVT. LTD.,Premier Securities Company Ltd.,2026-04-29 14:58:33.431958,Prime Commercial Bank Ltd.
2026042901066873,PCBL,34,32,10,238.9,2389.0,2026-04-29,188620350,357,Vision Securities Pvt. Ltd,Premier Securities Company Ltd.,2026-04-29 14:58:46.095256,Prime Commercial Bank Ltd.
2026042901066889,PCBL,13,32,210,238.9,50169.0,2026-04-29,188620404,357,Thrive Brokerage House Pvt. Ltd,Premier Securities Company Ltd.,2026-04-29 14:58:47.657850,Prime Commercial Bank Ltd.
2026042901066909,PCBL,54,14,40,238.2,9528.0,2026-04-29,188620460,357,Sewa Securities Pvt. Ltd.,Nepal Stock House (PVT) Ltd.,2026-04-29 14:58:49.407588,Prime Commercial Bank Ltd.
2026042901066910,PCBL,51,14,10,238.1,2381.0,2026-04-29,188620462,357,Oxford Securities Pvt. Ltd.,Nepal Stock House (PVT) Ltd.,2026-04-29 14:58:49.407990,Prime Commercial Bank Ltd.
2026042901066911,PCBL,34,14,180,238.1,42858.0,2026-04-29,188620463,357,Vision Securities Pvt. Ltd,Nepal Stock House (PVT) Ltd.,2026-04-29 14:58:49.408309,Prime Commercial Bank Ltd.
2026042901067050,PCBL,47,32,40,238.9,9556.0,2026-04-29,188621140,357,Neev Securities Pvt. Ltd.,Premier Securities Company Ltd.,2026-04-29 14:59:06.099315,Prime Commercial Bank Ltd.
2026042901067107,PCBL,53,32,10,238.9,2389.0,2026-04-29,188621547,357,Investment Management Nepal Pvt. Ltd.,Premier Securities Company Ltd.,2026-04-29 14:59:11.876577,Prime Commercial Bank Ltd.
2026042901067134,PCBL,34,32,10,238.9,2389.0,2026-04-29,188621652,357,Vision Securities Pvt. Ltd,Premier Securities Company Ltd.,2026-04-29 14:59:14.396178,Prime Commercial Bank Ltd.
2026042901067545,PCBL,43,32,24,238.9,5733.6,2026-04-29,188623321,357,South Asian Bulls Pvt. Ltd.,Premier Securities Company Ltd.,2026-04-29 14:59:41.072363,Prime Commercial Bank Ltd.
