contractId,stockSymbol,buyerMemberId,sellerMemberId,quantity,rate,amount,businessDate,tradeBookId,stockId,buyerBrokerName,sellerBrokerName,transaction_time,securityName
2026042904000225,RADHI,48,50,70,775.0,54250.0,2026-04-29,188426187,2776,Trishakti Securities Public Limited,Cristal Kanchanjanga Securites Pvt. Ltd.,2026-04-29 11:07:14.720919,Radhi Bidyut Company Ltd
2026042904000471,RADHI,38,81,50,771.0,38550.0,2026-04-29,188434314,2776,Dipshikha Dhitopatra Karobar Co. Pvt Ltd.,Aakashbhairab Securities Ltd.,2026-04-29 11:13:06.438336,Radhi Bidyut Company Ltd
2026042904000472,RADHI,48,81,75,771.0,57825.0,2026-04-29,188434316,2776,Trishakti Securities Public Limited,Aakashbhairab Securities Ltd.,2026-04-29 11:13:06.438492,Radhi Bidyut Company Ltd
2026042904000507,RADHI,50,45,200,768.2,153640.0,2026-04-29,188436122,2776,Cristal Kanchanjanga Securites Pvt. Ltd.,Imperial Securities Company Pvt. Ltd.,2026-04-29 11:14:24.500179,Radhi Bidyut Company Ltd
2026042904000508,RADHI,57,45,100,768.1,76810.0,2026-04-29,188436124,2776,Aryatara Investment & Securities,Imperial Securities Company Pvt. Ltd.,2026-04-29 11:14:24.500251,Radhi Bidyut Company Ltd
2026042904000509,RADHI,58,45,100,768.0,76800.0,2026-04-29,188436126,2776,Naasa Securities Co. Ltd.,Imperial Securities Company Pvt. Ltd.,2026-04-29 11:14:24.500291,Radhi Bidyut Company Ltd
2026042904000526,RADHI,63,45,19,768.0,14592.0,2026-04-29,188436790,2776,Himalayan Brokerage Company Limited,Imperial Securities Company Pvt. Ltd.,2026-04-29 11:14:48.783803,Radhi Bidyut Company Ltd
2026042904000531,RADHI,20,7,18,767.5,13815.0,2026-04-29,188436979,2776,Sipla Securities Private Limited,J.F. Securites (PVT) Ltd.,2026-04-29 11:14:56.435134,Radhi Bidyut Company Ltd
2026042904000540,RADHI,17,45,10,768.0,7680.0,2026-04-29,188437284,2776,ABC Securities Private Limited,Imperial Securities Company Pvt. Ltd.,2026-04-29 11:15:11.285866,Radhi Bidyut Company Ltd
2026042904000567,RADHI,13,45,10,768.0,7680.0,2026-04-29,188438294,2776,Thrive Brokerage House Pvt. Ltd,Imperial Securities Company Pvt. Ltd.,2026-04-29 11:15:40.991805,Radhi Bidyut Company Ltd
2026042904000572,RADHI,38,45,50,768.0,38400.0,2026-04-29,188438448,2776,Dipshikha Dhitopatra Karobar Co. Pvt Ltd.,Imperial Securities Company Pvt. Ltd.,2026-04-29 11:15:48.032952,Radhi Bidyut Company Ltd
2026042904000588,RADHI,59,45,11,768.0,8448.0,2026-04-29,188438767,2776,Deevyaa Securities & Stock House Pvt. Ltd,Imperial Securities Company Pvt. Ltd.,2026-04-29 11:15:58.965895,Radhi Bidyut Company Ltd
2026042904000609,RADHI,44,81,10,771.0,7710.0,2026-04-29,188439326,2776,Dynamic Money Managers Securities Pvt. Ltd.,Aakashbhairab Securities Ltd.,2026-04-29 11:16:19.021034,Radhi Bidyut Company Ltd
2026042904000666,RADHI,57,81,26,771.0,20046.0,2026-04-29,188441284,2776,Aryatara Investment & Securities,Aakashbhairab Securities Ltd.,2026-04-29 11:17:47.631583,Radhi Bidyut Company Ltd
2026042904000675,RADHI,49,81,89,771.0,68619.0,2026-04-29,188441977,2776,Online Securities Pvt. Ltd.,Aakashbhairab Securities Ltd.,2026-04-29 11:18:10.997022,Radhi Bidyut Company Ltd
2026042904000676,RADHI,49,45,500,771.0,385500.0,2026-04-29,188441979,2776,Online Securities Pvt. Ltd.,Imperial Securities Company Pvt. Ltd.,2026-04-29 11:18:10.997107,Radhi Bidyut Company Ltd
2026042904000696,RADHI,44,4,10,775.0,7750.0,2026-04-29,188442696,2776,Dynamic Money Managers Securities Pvt. Ltd.,Opal Securities Investment (PVT) Ltd.,2026-04-29 11:18:36.607299,Radhi Bidyut Company Ltd
2026042904000768,RADHI,63,52,11,771.1,8482.1,2026-04-29,188445600,2776,Himalayan Brokerage Company Limited,Sundhara Securities Limited,2026-04-29 11:20:49.163991,Radhi Bidyut Company Ltd
2026042904000769,RADHI,49,52,59,771.0,45489.0,2026-04-29,188445601,2776,Online Securities Pvt. Ltd.,Sundhara Securities Limited,2026-04-29 11:20:49.164093,Radhi Bidyut Company Ltd
2026042904000802,RADHI,44,4,10,775.0,7750.0,2026-04-29,188446464,2776,Dynamic Money Managers Securities Pvt. Ltd.,Opal Securities Investment (PVT) Ltd.,2026-04-29 11:21:35.924380,Radhi Bidyut Company Ltd
2026042904000921,RADHI,49,81,52,771.0,40092.0,2026-04-29,188449754,2776,Online Securities Pvt. Ltd.,Aakashbhairab Securities Ltd.,2026-04-29 11:23:54.064786,Radhi Bidyut Company Ltd
2026042904000922,RADHI,21,81,10,771.0,7710.0,2026-04-29,188449756,2776,Midas Stock Broking Company Private Limited,Aakashbhairab Securities Ltd.,2026-04-29 11:23:54.065057,Radhi Bidyut Company Ltd
2026042904000923,RADHI,17,81,10,771.0,7710.0,2026-04-29,188449758,2776,ABC Securities Private Limited,Aakashbhairab Securities Ltd.,2026-04-29 11:23:54.065243,Radhi Bidyut Company Ltd
2026042904001017,RADHI,58,81,20,771.0,15420.0,2026-04-29,188451584,2776,Naasa Securities Co. Ltd.,Aakashbhairab Securities Ltd.,2026-04-29 11:25:18.523893,Radhi Bidyut Company Ltd
2026042904001046,RADHI,6,34,100,771.0,77100.0,2026-04-29,188452556,2776,Agrawal Securities (PVT) Ltd.,Vision Securities Pvt. Ltd,2026-04-29 11:26:08.839090,Radhi Bidyut Company Ltd
2026042904001092,RADHI,44,4,10,775.0,7750.0,2026-04-29,188453860,2776,Dynamic Money Managers Securities Pvt. Ltd.,Opal Securities Investment (PVT) Ltd.,2026-04-29 11:27:21.421372,Radhi Bidyut Company Ltd
2026042904001169,RADHI,64,4,100,775.0,77500.0,2026-04-29,188456816,2776,SUN SECURITIES PVT LTD,Opal Securities Investment (PVT) Ltd.,2026-04-29 11:30:13.747584,Radhi Bidyut Company Ltd
2026042904001173,RADHI,41,45,50,771.0,38550.0,2026-04-29,188456930,2776,Linch Stock Market Ltd.,Imperial Securities Company Pvt. Ltd.,2026-04-29 11:30:19.529660,Radhi Bidyut Company Ltd
2026042904001174,RADHI,6,45,150,769.2,115380.0,2026-04-29,188456932,2776,Agrawal Securities (PVT) Ltd.,Imperial Securities Company Pvt. Ltd.,2026-04-29 11:30:19.529868,Radhi Bidyut Company Ltd
2026042904001175,RADHI,58,45,200,769.0,153800.0,2026-04-29,188456934,2776,Naasa Securities Co. Ltd.,Imperial Securities Company Pvt. Ltd.,2026-04-29 11:30:19.530029,Radhi Bidyut Company Ltd
2026042904001248,RADHI,36,44,20,768.1,15362.0,2026-04-29,188458484,2776,Secured Securities Ltd.,Dynamic Money Managers Securities Pvt. Ltd.,2026-04-29 11:31:57.606487,Radhi Bidyut Company Ltd
2026042904001249,RADHI,6,44,23,768.1,17666.3,2026-04-29,188458485,2776,Agrawal Securities (PVT) Ltd.,Dynamic Money Managers Securities Pvt. Ltd.,2026-04-29 11:31:57.606713,Radhi Bidyut Company Ltd
2026042904001253,RADHI,46,45,400,769.0,307600.0,2026-04-29,188458638,2776,Kalika Securities Pvt. Ltd.,Imperial Securities Company Pvt. Ltd.,2026-04-29 11:32:07.784765,Radhi Bidyut Company Ltd
2026042904001275,RADHI,44,4,10,775.0,7750.0,2026-04-29,188459294,2776,Dynamic Money Managers Securities Pvt. Ltd.,Opal Securities Investment (PVT) Ltd.,2026-04-29 11:32:41.783149,Radhi Bidyut Company Ltd
2026042904001413,RADHI,6,58,15,770.0,11550.0,2026-04-29,188463287,2776,Agrawal Securities (PVT) Ltd.,Naasa Securities Co. Ltd.,2026-04-29 11:36:09.925950,Radhi Bidyut Company Ltd
2026042904001510,RADHI,44,59,10,773.0,7730.0,2026-04-29,188465206,2776,Dynamic Money Managers Securities Pvt. Ltd.,Deevyaa Securities & Stock House Pvt. Ltd,2026-04-29 11:38:16.532656,Radhi Bidyut Company Ltd
2026042904001771,RADHI,6,7,10,770.0,7700.0,2026-04-29,188469873,2776,Agrawal Securities (PVT) Ltd.,J.F. Securites (PVT) Ltd.,2026-04-29 11:43:21.904718,Radhi Bidyut Company Ltd
2026042904001811,RADHI,7,58,1,749.9,749.9,2026-04-29,188470569,2776,J.F. Securites (PVT) Ltd.,Naasa Securities Co. Ltd.,2026-04-29 11:44:15.531958,Radhi Bidyut Company Ltd
2026042904001883,RADHI,7,81,8,755.0,6040.0,2026-04-29,188471423,2776,J.F. Securites (PVT) Ltd.,Aakashbhairab Securities Ltd.,2026-04-29 11:45:16.835658,Radhi Bidyut Company Ltd
2026042904001973,RADHI,6,8,75,770.0,57750.0,2026-04-29,188473044,2776,Agrawal Securities (PVT) Ltd.,Brilliant Securities Pvt. Ltd.,2026-04-29 11:46:59.725100,Radhi Bidyut Company Ltd
2026042904002024,RADHI,51,8,425,770.0,327250.0,2026-04-29,188473493,2776,Oxford Securities Pvt. Ltd.,Brilliant Securities Pvt. Ltd.,2026-04-29 11:47:29.685559,Radhi Bidyut Company Ltd
2026042904002047,RADHI,51,36,175,770.0,134750.0,2026-04-29,188473871,2776,Oxford Securities Pvt. Ltd.,Secured Securities Ltd.,2026-04-29 11:47:53.104260,Radhi Bidyut Company Ltd
2026042904002073,RADHI,34,81,100,770.0,77000.0,2026-04-29,188474508,2776,Vision Securities Pvt. Ltd,Aakashbhairab Securities Ltd.,2026-04-29 11:48:49.623997,Radhi Bidyut Company Ltd
2026042904002179,RADHI,51,81,50,770.0,38500.0,2026-04-29,188475548,2776,Oxford Securities Pvt. Ltd.,Aakashbhairab Securities Ltd.,2026-04-29 11:49:59.223327,Radhi Bidyut Company Ltd
2026042904002191,RADHI,6,81,500,770.0,385000.0,2026-04-29,188475614,2776,Agrawal Securities (PVT) Ltd.,Aakashbhairab Securities Ltd.,2026-04-29 11:50:05.467568,Radhi Bidyut Company Ltd
2026042904002248,RADHI,6,81,350,770.0,269500.0,2026-04-29,188477010,2776,Agrawal Securities (PVT) Ltd.,Aakashbhairab Securities Ltd.,2026-04-29 11:51:26.281687,Radhi Bidyut Company Ltd
2026042904002275,RADHI,44,36,10,772.0,7720.0,2026-04-29,188477906,2776,Dynamic Money Managers Securities Pvt. Ltd.,Secured Securities Ltd.,2026-04-29 11:52:29.725086,Radhi Bidyut Company Ltd
2026042904002670,RADHI,32,18,500,768.6,384300.0,2026-04-29,188484017,2776,Premier Securities Company Ltd.,Sagarmatha Securities Private Limited,2026-04-29 11:58:19.212679,Radhi Bidyut Company Ltd
2026042904002702,RADHI,44,36,10,772.0,7720.0,2026-04-29,188484518,2776,Dynamic Money Managers Securities Pvt. Ltd.,Secured Securities Ltd.,2026-04-29 11:58:51.092795,Radhi Bidyut Company Ltd
2026042904003055,RADHI,64,42,387,770.0,297990.0,2026-04-29,188492193,2776,SUN SECURITIES PVT LTD,Sani Securities Company Ltd.,2026-04-29 12:07:29.242129,Radhi Bidyut Company Ltd
2026042904003094,RADHI,44,36,10,772.0,7720.0,2026-04-29,188492838,2776,Dynamic Money Managers Securities Pvt. Ltd.,Secured Securities Ltd.,2026-04-29 12:08:08.348396,Radhi Bidyut Company Ltd
2026042904003210,RADHI,64,81,113,770.0,87010.0,2026-04-29,188494438,2776,SUN SECURITIES PVT LTD,Aakashbhairab Securities Ltd.,2026-04-29 12:10:06.125595,Radhi Bidyut Company Ltd
2026042904003333,RADHI,56,81,20,770.0,15400.0,2026-04-29,188497222,2776,Sri Hari Securities Pvt. Ltd.,Aakashbhairab Securities Ltd.,2026-04-29 12:13:32.536516,Radhi Bidyut Company Ltd
2026042904003395,RADHI,34,81,50,770.0,38500.0,2026-04-29,188498386,2776,Vision Securities Pvt. Ltd,Aakashbhairab Securities Ltd.,2026-04-29 12:14:47.628504,Radhi Bidyut Company Ltd
2026042904003626,RADHI,66,81,100,770.0,77000.0,2026-04-29,188502462,2776,Miyo Securities Pvt Ltd,Aakashbhairab Securities Ltd.,2026-04-29 12:19:57.946570,Radhi Bidyut Company Ltd
2026042904003655,RADHI,64,81,100,770.0,77000.0,2026-04-29,188503128,2776,SUN SECURITIES PVT LTD,Aakashbhairab Securities Ltd.,2026-04-29 12:20:52.473674,Radhi Bidyut Company Ltd
2026042904003659,RADHI,63,81,17,770.0,13090.0,2026-04-29,188503390,2776,Himalayan Brokerage Company Limited,Aakashbhairab Securities Ltd.,2026-04-29 12:21:04.689689,Radhi Bidyut Company Ltd
2026042904003664,RADHI,49,57,100,768.8,76880.0,2026-04-29,188503490,2776,Online Securities Pvt. Ltd.,Aryatara Investment & Securities,2026-04-29 12:21:14.117878,Radhi Bidyut Company Ltd
2026042904003665,RADHI,34,57,340,768.6,261324.0,2026-04-29,188503491,2776,Vision Securities Pvt. Ltd,Aryatara Investment & Securities,2026-04-29 12:21:14.118203,Radhi Bidyut Company Ltd
2026042904003670,RADHI,42,57,50,768.5,38425.0,2026-04-29,188503718,2776,Sani Securities Company Ltd.,Aryatara Investment & Securities,2026-04-29 12:21:30.604543,Radhi Bidyut Company Ltd
2026042904003671,RADHI,6,57,200,768.5,153700.0,2026-04-29,188503720,2776,Agrawal Securities (PVT) Ltd.,Aryatara Investment & Securities,2026-04-29 12:21:30.604700,Radhi Bidyut Company Ltd
2026042904003672,RADHI,14,57,200,768.5,153700.0,2026-04-29,188503721,2776,Nepal Stock House (PVT) Ltd.,Aryatara Investment & Securities,2026-04-29 12:21:30.604762,Radhi Bidyut Company Ltd
2026042904003696,RADHI,6,57,110,768.1,84491.0,2026-04-29,188503913,2776,Agrawal Securities (PVT) Ltd.,Aryatara Investment & Securities,2026-04-29 12:21:46.217688,Radhi Bidyut Company Ltd
2026042904003706,RADHI,6,34,67,768.1,51462.7,2026-04-29,188504108,2776,Agrawal Securities (PVT) Ltd.,Vision Securities Pvt. Ltd,2026-04-29 12:21:59.512021,Radhi Bidyut Company Ltd
2026042904003707,RADHI,6,34,33,768.1,25347.3,2026-04-29,188504109,2776,Agrawal Securities (PVT) Ltd.,Vision Securities Pvt. Ltd,2026-04-29 12:21:59.512221,Radhi Bidyut Company Ltd
2026042904003734,RADHI,71,81,500,770.0,385000.0,2026-04-29,188504618,2776,SHUBHAKAMANA SECURITIES PVT. LTD,Aakashbhairab Securities Ltd.,2026-04-29 12:22:32.265973,Radhi Bidyut Company Ltd
2026042904003739,RADHI,44,81,10,770.0,7700.0,2026-04-29,188504756,2776,Dynamic Money Managers Securities Pvt. Ltd.,Aakashbhairab Securities Ltd.,2026-04-29 12:22:42.249396,Radhi Bidyut Company Ltd
2026042904003877,RADHI,6,38,50,768.7,38435.0,2026-04-29,188507548,2776,Agrawal Securities (PVT) Ltd.,Dipshikha Dhitopatra Karobar Co. Pvt Ltd.,2026-04-29 12:25:53.066205,Radhi Bidyut Company Ltd
2026042904003878,RADHI,88,38,108,768.6,83008.8,2026-04-29,188507549,2776,Blue Chip Securities Ltd,Dipshikha Dhitopatra Karobar Co. Pvt Ltd.,2026-04-29 12:25:53.066501,Radhi Bidyut Company Ltd
2026042904003925,RADHI,58,81,74,770.0,56980.0,2026-04-29,188508722,2776,Naasa Securities Co. Ltd.,Aakashbhairab Securities Ltd.,2026-04-29 12:26:59.689447,Radhi Bidyut Company Ltd
2026042904004012,RADHI,25,14,1000,769.0,769000.0,2026-04-29,188510355,2776,Sweta Securities Private Limited,Nepal Stock House (PVT) Ltd.,2026-04-29 12:29:14.421365,Radhi Bidyut Company Ltd
2026042904004040,RADHI,44,81,10,770.0,7700.0,2026-04-29,188510554,2776,Dynamic Money Managers Securities Pvt. Ltd.,Aakashbhairab Securities Ltd.,2026-04-29 12:29:32.724644,Radhi Bidyut Company Ltd
2026042904004077,RADHI,71,81,500,770.0,385000.0,2026-04-29,188511318,2776,SHUBHAKAMANA SECURITIES PVT. LTD,Aakashbhairab Securities Ltd.,2026-04-29 12:30:21.010590,Radhi Bidyut Company Ltd
2026042904004169,RADHI,25,35,1000,768.5,768500.0,2026-04-29,188513460,2776,Sweta Securities Private Limited,Kohinoor Investment & Securities Pvt. Ltd.,2026-04-29 12:33:11.936661,Radhi Bidyut Company Ltd
2026042904004170,RADHI,6,35,367,768.1,281892.7,2026-04-29,188513462,2776,Agrawal Securities (PVT) Ltd.,Kohinoor Investment & Securities Pvt. Ltd.,2026-04-29 12:33:11.936745,Radhi Bidyut Company Ltd
2026042904004171,RADHI,38,35,50,768.1,38405.0,2026-04-29,188513464,2776,Dipshikha Dhitopatra Karobar Co. Pvt Ltd.,Kohinoor Investment & Securities Pvt. Ltd.,2026-04-29 12:33:11.936777,Radhi Bidyut Company Ltd
2026042904004172,RADHI,32,35,300,768.0,230400.0,2026-04-29,188513466,2776,Premier Securities Company Ltd.,Kohinoor Investment & Securities Pvt. Ltd.,2026-04-29 12:33:11.936814,Radhi Bidyut Company Ltd
2026042904004173,RADHI,46,35,10,768.0,7680.0,2026-04-29,188513468,2776,Kalika Securities Pvt. Ltd.,Kohinoor Investment & Securities Pvt. Ltd.,2026-04-29 12:33:11.936841,Radhi Bidyut Company Ltd
2026042904004174,RADHI,20,35,182,767.5,139685.0,2026-04-29,188513470,2776,Sipla Securities Private Limited,Kohinoor Investment & Securities Pvt. Ltd.,2026-04-29 12:33:11.936867,Radhi Bidyut Company Ltd
2026042904004175,RADHI,11,35,30,767.5,23025.0,2026-04-29,188513472,2776,Malla & Malla Stock Broking Company Pvt. Limited,Kohinoor Investment & Securities Pvt. Ltd.,2026-04-29 12:33:11.936913,Radhi Bidyut Company Ltd
2026042904004176,RADHI,58,35,50,767.2,38360.0,2026-04-29,188513474,2776,Naasa Securities Co. Ltd.,Kohinoor Investment & Securities Pvt. Ltd.,2026-04-29 12:33:11.936941,Radhi Bidyut Company Ltd
2026042904004177,RADHI,18,35,11,767.0,8437.0,2026-04-29,188513475,2776,Sagarmatha Securities Private Limited,Kohinoor Investment & Securities Pvt. Ltd.,2026-04-29 12:33:11.936967,Radhi Bidyut Company Ltd
2026042904004181,RADHI,17,81,100,770.0,77000.0,2026-04-29,188513652,2776,ABC Securities Private Limited,Aakashbhairab Securities Ltd.,2026-04-29 12:33:17.069620,Radhi Bidyut Company Ltd
2026042904004396,RADHI,18,59,40,767.0,30680.0,2026-04-29,188518053,2776,Sagarmatha Securities Private Limited,Deevyaa Securities & Stock House Pvt. Ltd,2026-04-29 12:39:22.114917,Radhi Bidyut Company Ltd
2026042904004409,RADHI,44,81,10,770.0,7700.0,2026-04-29,188518352,2776,Dynamic Money Managers Securities Pvt. Ltd.,Aakashbhairab Securities Ltd.,2026-04-29 12:39:46.489342,Radhi Bidyut Company Ltd
2026042904004413,RADHI,53,32,1000,768.0,768000.0,2026-04-29,188518501,2776,Investment Management Nepal Pvt. Ltd.,Premier Securities Company Ltd.,2026-04-29 12:40:04.280464,Radhi Bidyut Company Ltd
2026042904004516,RADHI,44,81,10,770.0,7700.0,2026-04-29,188519676,2776,Dynamic Money Managers Securities Pvt. Ltd.,Aakashbhairab Securities Ltd.,2026-04-29 12:41:47.265872,Radhi Bidyut Company Ltd
2026042904004525,RADHI,18,33,399,767.0,306033.0,2026-04-29,188519915,2776,Sagarmatha Securities Private Limited,Dakshinkali Investment & Securities Pvt. Ltd.,2026-04-29 12:42:12.180415,Radhi Bidyut Company Ltd
2026042904004526,RADHI,49,33,17,767.0,13039.0,2026-04-29,188519918,2776,Online Securities Pvt. Ltd.,Dakshinkali Investment & Securities Pvt. Ltd.,2026-04-29 12:42:12.180583,Radhi Bidyut Company Ltd
2026042904004527,RADHI,64,33,50,766.0,38300.0,2026-04-29,188519920,2776,SUN SECURITIES PVT LTD,Dakshinkali Investment & Securities Pvt. Ltd.,2026-04-29 12:42:12.180645,Radhi Bidyut Company Ltd
2026042904004528,RADHI,39,33,200,766.0,153200.0,2026-04-29,188519922,2776,Sumeru Securities Pvt. Ltd.,Dakshinkali Investment & Securities Pvt. Ltd.,2026-04-29 12:42:12.180702,Radhi Bidyut Company Ltd
2026042904004529,RADHI,20,33,1000,765.5,765500.0,2026-04-29,188519924,2776,Sipla Securities Private Limited,Dakshinkali Investment & Securities Pvt. Ltd.,2026-04-29 12:42:12.180761,Radhi Bidyut Company Ltd
2026042904004530,RADHI,85,33,500,765.3,382650.0,2026-04-29,188519926,2776,Capital Hub P. Ltd,Dakshinkali Investment & Securities Pvt. Ltd.,2026-04-29 12:42:12.180817,Radhi Bidyut Company Ltd
2026042904004531,RADHI,65,33,2000,765.2,1530400.0,2026-04-29,188519928,2776,Sharepro Securities Private Limited,Dakshinkali Investment & Securities Pvt. Ltd.,2026-04-29 12:42:12.180873,Radhi Bidyut Company Ltd
2026042904004532,RADHI,5,33,100,765.0,76500.0,2026-04-29,188519930,2776,Market Securities & Exchange (PVT) Ltd.,Dakshinkali Investment & Securities Pvt. Ltd.,2026-04-29 12:42:12.180927,Radhi Bidyut Company Ltd
2026042904004533,RADHI,45,33,555,765.0,424575.0,2026-04-29,188519932,2776,Imperial Securities Company Pvt. Ltd.,Dakshinkali Investment & Securities Pvt. Ltd.,2026-04-29 12:42:12.180981,Radhi Bidyut Company Ltd
2026042904004534,RADHI,45,33,555,765.0,424575.0,2026-04-29,188519934,2776,Imperial Securities Company Pvt. Ltd.,Dakshinkali Investment & Securities Pvt. Ltd.,2026-04-29 12:42:12.181091,Radhi Bidyut Company Ltd
2026042904004535,RADHI,45,33,555,765.0,424575.0,2026-04-29,188519936,2776,Imperial Securities Company Pvt. Ltd.,Dakshinkali Investment & Securities Pvt. Ltd.,2026-04-29 12:42:12.181158,Radhi Bidyut Company Ltd
2026042904004536,RADHI,45,33,555,765.0,424575.0,2026-04-29,188519938,2776,Imperial Securities Company Pvt. Ltd.,Dakshinkali Investment & Securities Pvt. Ltd.,2026-04-29 12:42:12.181212,Radhi Bidyut Company Ltd
2026042904004537,RADHI,45,33,375,765.0,286875.0,2026-04-29,188519940,2776,Imperial Securities Company Pvt. Ltd.,Dakshinkali Investment & Securities Pvt. Ltd.,2026-04-29 12:42:12.181284,Radhi Bidyut Company Ltd
2026042904004538,RADHI,33,33,100,765.0,76500.0,2026-04-29,188519942,2776,Dakshinkali Investment & Securities Pvt. Ltd.,Dakshinkali Investment & Securities Pvt. Ltd.,2026-04-29 12:42:12.181339,Radhi Bidyut Company Ltd
2026042904004539,RADHI,40,33,39,765.0,29835.0,2026-04-29,188519943,2776,Creative Securities Pvt Ltd,Dakshinkali Investment & Securities Pvt. Ltd.,2026-04-29 12:42:12.181390,Radhi Bidyut Company Ltd
2026042904004546,RADHI,40,17,461,765.0,352665.0,2026-04-29,188520046,2776,Creative Securities Pvt Ltd,ABC Securities Private Limited,2026-04-29 12:42:25.303880,Radhi Bidyut Company Ltd
2026042904004547,RADHI,57,17,200,765.0,153000.0,2026-04-29,188520048,2776,Aryatara Investment & Securities,ABC Securities Private Limited,2026-04-29 12:42:25.304128,Radhi Bidyut Company Ltd
2026042904004548,RADHI,40,17,139,765.0,106335.0,2026-04-29,188520049,2776,Creative Securities Pvt Ltd,ABC Securities Private Limited,2026-04-29 12:42:25.304283,Radhi Bidyut Company Ltd
2026042904004562,RADHI,44,53,10,769.0,7690.0,2026-04-29,188520228,2776,Dynamic Money Managers Securities Pvt. Ltd.,Investment Management Nepal Pvt. Ltd.,2026-04-29 12:42:44.556498,Radhi Bidyut Company Ltd
2026042904004838,RADHI,58,14,20,765.1,15302.0,2026-04-29,188524532,2776,Naasa Securities Co. Ltd.,Nepal Stock House (PVT) Ltd.,2026-04-29 12:50:47.860035,Radhi Bidyut Company Ltd
2026042904004839,RADHI,63,14,53,765.1,40550.3,2026-04-29,188524534,2776,Himalayan Brokerage Company Limited,Nepal Stock House (PVT) Ltd.,2026-04-29 12:50:47.860227,Radhi Bidyut Company Ltd
2026042904004840,RADHI,40,14,11,765.0,8415.0,2026-04-29,188524536,2776,Creative Securities Pvt Ltd,Nepal Stock House (PVT) Ltd.,2026-04-29 12:50:47.860289,Radhi Bidyut Company Ltd
2026042904004841,RADHI,4,14,100,765.0,76500.0,2026-04-29,188524538,2776,Opal Securities Investment (PVT) Ltd.,Nepal Stock House (PVT) Ltd.,2026-04-29 12:50:47.860369,Radhi Bidyut Company Ltd
2026042904004842,RADHI,91,14,190,765.0,145350.0,2026-04-29,188524540,2776,Citizens Share Broker Limited,Nepal Stock House (PVT) Ltd.,2026-04-29 12:50:47.860416,Radhi Bidyut Company Ltd
2026042904004843,RADHI,94,14,200,765.0,153000.0,2026-04-29,188524542,2776,K.B.L. Securities Limited ,Nepal Stock House (PVT) Ltd.,2026-04-29 12:50:47.860462,Radhi Bidyut Company Ltd
2026042904004844,RADHI,35,14,100,765.0,76500.0,2026-04-29,188524544,2776,Kohinoor Investment & Securities Pvt. Ltd.,Nepal Stock House (PVT) Ltd.,2026-04-29 12:50:47.860513,Radhi Bidyut Company Ltd
2026042904004845,RADHI,66,14,90,765.0,68850.0,2026-04-29,188524546,2776,Miyo Securities Pvt Ltd,Nepal Stock House (PVT) Ltd.,2026-04-29 12:50:47.860562,Radhi Bidyut Company Ltd
2026042904004846,RADHI,66,14,80,765.0,61200.0,2026-04-29,188524548,2776,Miyo Securities Pvt Ltd,Nepal Stock House (PVT) Ltd.,2026-04-29 12:50:47.860610,Radhi Bidyut Company Ltd
2026042904004847,RADHI,46,14,300,765.0,229500.0,2026-04-29,188524550,2776,Kalika Securities Pvt. Ltd.,Nepal Stock House (PVT) Ltd.,2026-04-29 12:50:47.860655,Radhi Bidyut Company Ltd
2026042904004848,RADHI,20,14,1000,764.5,764500.0,2026-04-29,188524552,2776,Sipla Securities Private Limited,Nepal Stock House (PVT) Ltd.,2026-04-29 12:50:47.860706,Radhi Bidyut Company Ltd
2026042904004849,RADHI,34,14,100,763.0,76300.0,2026-04-29,188524554,2776,Vision Securities Pvt. Ltd,Nepal Stock House (PVT) Ltd.,2026-04-29 12:50:47.860757,Radhi Bidyut Company Ltd
2026042904004850,RADHI,20,14,1000,763.0,763000.0,2026-04-29,188524556,2776,Sipla Securities Private Limited,Nepal Stock House (PVT) Ltd.,2026-04-29 12:50:47.860806,Radhi Bidyut Company Ltd
2026042904004851,RADHI,20,14,1756,762.0,1338072.0,2026-04-29,188524557,2776,Sipla Securities Private Limited,Nepal Stock House (PVT) Ltd.,2026-04-29 12:50:47.860854,Radhi Bidyut Company Ltd
2026042904004903,RADHI,44,53,10,767.0,7670.0,2026-04-29,188525026,2776,Dynamic Money Managers Securities Pvt. Ltd.,Investment Management Nepal Pvt. Ltd.,2026-04-29 12:51:37.046880,Radhi Bidyut Company Ltd
2026042904005124,RADHI,58,32,20,762.1,15242.0,2026-04-29,188527890,2776,Naasa Securities Co. Ltd.,Premier Securities Company Ltd.,2026-04-29 12:56:42.097081,Radhi Bidyut Company Ltd
2026042904005125,RADHI,20,32,244,762.0,185928.0,2026-04-29,188527892,2776,Sipla Securities Private Limited,Premier Securities Company Ltd.,2026-04-29 12:56:42.097328,Radhi Bidyut Company Ltd
2026042904005126,RADHI,95,32,500,761.0,380500.0,2026-04-29,188527894,2776,Magnet Securities and Investment Company Private Limited,Premier Securities Company Ltd.,2026-04-29 12:56:42.097484,Radhi Bidyut Company Ltd
2026042904005127,RADHI,94,32,136,760.3,103400.8,2026-04-29,188527895,2776,K.B.L. Securities Limited ,Premier Securities Company Ltd.,2026-04-29 12:56:42.097677,Radhi Bidyut Company Ltd
2026042904005152,RADHI,44,53,10,767.0,7670.0,2026-04-29,188528262,2776,Dynamic Money Managers Securities Pvt. Ltd.,Investment Management Nepal Pvt. Ltd.,2026-04-29 12:57:27.671637,Radhi Bidyut Company Ltd
2026042904005199,RADHI,64,32,100,761.0,76100.0,2026-04-29,188528619,2776,SUN SECURITIES PVT LTD,Premier Securities Company Ltd.,2026-04-29 12:57:59.993480,Radhi Bidyut Company Ltd
2026042904005229,RADHI,64,53,400,761.0,304400.0,2026-04-29,188528961,2776,SUN SECURITIES PVT LTD,Investment Management Nepal Pvt. Ltd.,2026-04-29 12:58:40.220892,Radhi Bidyut Company Ltd
2026042904005246,RADHI,94,14,164,760.3,124689.2,2026-04-29,188529214,2776,K.B.L. Securities Limited ,Nepal Stock House (PVT) Ltd.,2026-04-29 12:59:00.360446,Radhi Bidyut Company Ltd
2026042904005247,RADHI,13,14,100,760.0,76000.0,2026-04-29,188529216,2776,Thrive Brokerage House Pvt. Ltd,Nepal Stock House (PVT) Ltd.,2026-04-29 12:59:00.360571,Radhi Bidyut Company Ltd
2026042904005248,RADHI,14,14,100,760.0,76000.0,2026-04-29,188529218,2776,Nepal Stock House (PVT) Ltd.,Nepal Stock House (PVT) Ltd.,2026-04-29 12:59:00.360644,Radhi Bidyut Company Ltd
2026042904005249,RADHI,50,14,500,760.0,380000.0,2026-04-29,188529220,2776,Cristal Kanchanjanga Securites Pvt. Ltd.,Nepal Stock House (PVT) Ltd.,2026-04-29 12:59:00.360695,Radhi Bidyut Company Ltd
2026042904005250,RADHI,50,14,500,760.0,380000.0,2026-04-29,188529222,2776,Cristal Kanchanjanga Securites Pvt. Ltd.,Nepal Stock House (PVT) Ltd.,2026-04-29 12:59:00.360744,Radhi Bidyut Company Ltd
2026042904005251,RADHI,49,14,136,760.0,103360.0,2026-04-29,188529223,2776,Online Securities Pvt. Ltd.,Nepal Stock House (PVT) Ltd.,2026-04-29 12:59:00.360791,Radhi Bidyut Company Ltd
2026042904005328,RADHI,49,10,36,760.0,27360.0,2026-04-29,188529893,2776,Online Securities Pvt. Ltd.,Pragyan Securities (PVT) Ltd.,2026-04-29 13:00:12.357172,Radhi Bidyut Company Ltd
2026042904005376,RADHI,44,53,10,767.0,7670.0,2026-04-29,188530652,2776,Dynamic Money Managers Securities Pvt. Ltd.,Investment Management Nepal Pvt. Ltd.,2026-04-29 13:01:39.936272,Radhi Bidyut Company Ltd
2026042904005593,RADHI,60,34,532,765.0,406980.0,2026-04-29,188534339,2776,Nagarik Stock Dealer ,Vision Securities Pvt. Ltd,2026-04-29 13:07:53.452889,Radhi Bidyut Company Ltd
2026042904005594,RADHI,60,53,970,767.0,743990.0,2026-04-29,188534341,2776,Nagarik Stock Dealer ,Investment Management Nepal Pvt. Ltd.,2026-04-29 13:07:53.453150,Radhi Bidyut Company Ltd
2026042904005595,RADHI,60,57,1498,767.0,1148966.0,2026-04-29,188534344,2776,Nagarik Stock Dealer ,Aryatara Investment & Securities,2026-04-29 13:07:53.453310,Radhi Bidyut Company Ltd
2026042904006205,RADHI,49,14,30,765.1,22953.0,2026-04-29,188545038,2776,Online Securities Pvt. Ltd.,Nepal Stock House (PVT) Ltd.,2026-04-29 13:25:38.622634,Radhi Bidyut Company Ltd
2026042904006206,RADHI,34,14,50,765.0,38250.0,2026-04-29,188545040,2776,Vision Securities Pvt. Ltd,Nepal Stock House (PVT) Ltd.,2026-04-29 13:25:38.622917,Radhi Bidyut Company Ltd
2026042904006207,RADHI,65,14,100,765.0,76500.0,2026-04-29,188545042,2776,Sharepro Securities Private Limited,Nepal Stock House (PVT) Ltd.,2026-04-29 13:25:38.623073,Radhi Bidyut Company Ltd
2026042904006208,RADHI,58,14,200,765.0,153000.0,2026-04-29,188545044,2776,Naasa Securities Co. Ltd.,Nepal Stock House (PVT) Ltd.,2026-04-29 13:25:38.623239,Radhi Bidyut Company Ltd
2026042904006236,RADHI,42,65,50,763.0,38150.0,2026-04-29,188545630,2776,Sani Securities Company Ltd.,Sharepro Securities Private Limited,2026-04-29 13:26:40.383342,Radhi Bidyut Company Ltd
2026042904006237,RADHI,57,65,1000,763.0,763000.0,2026-04-29,188545631,2776,Aryatara Investment & Securities,Sharepro Securities Private Limited,2026-04-29 13:26:40.383652,Radhi Bidyut Company Ltd
2026042904006310,RADHI,42,25,50,762.0,38100.0,2026-04-29,188546508,2776,Sani Securities Company Ltd.,Sweta Securities Private Limited,2026-04-29 13:28:15.039094,Radhi Bidyut Company Ltd
2026042904006311,RADHI,43,25,100,762.0,76200.0,2026-04-29,188546510,2776,South Asian Bulls Pvt. Ltd.,Sweta Securities Private Limited,2026-04-29 13:28:15.039385,Radhi Bidyut Company Ltd
2026042904006350,RADHI,63,25,20,762.0,15240.0,2026-04-29,188546793,2776,Himalayan Brokerage Company Limited,Sweta Securities Private Limited,2026-04-29 13:28:49.304242,Radhi Bidyut Company Ltd
2026042904006360,RADHI,63,53,12,762.0,9144.0,2026-04-29,188546874,2776,Himalayan Brokerage Company Limited,Investment Management Nepal Pvt. Ltd.,2026-04-29 13:29:02.156216,Radhi Bidyut Company Ltd
2026042904006361,RADHI,64,53,488,761.6,371660.8,2026-04-29,188546875,2776,SUN SECURITIES PVT LTD,Investment Management Nepal Pvt. Ltd.,2026-04-29 13:29:02.156439,Radhi Bidyut Company Ltd
2026042904006417,RADHI,44,14,10,765.0,7650.0,2026-04-29,188547754,2776,Dynamic Money Managers Securities Pvt. Ltd.,Nepal Stock House (PVT) Ltd.,2026-04-29 13:30:22.754964,Radhi Bidyut Company Ltd
2026042904006707,RADHI,26,48,50,762.1,38105.0,2026-04-29,188552508,2776,Asian Securities Private Ltd.,Trishakti Securities Public Limited,2026-04-29 13:39:13.258290,Radhi Bidyut Company Ltd
2026042904006723,RADHI,63,48,44,762.0,33528.0,2026-04-29,188552716,2776,Himalayan Brokerage Company Limited,Trishakti Securities Public Limited,2026-04-29 13:39:39.986641,Radhi Bidyut Company Ltd
2026042904006743,RADHI,44,14,10,765.0,7650.0,2026-04-29,188553180,2776,Dynamic Money Managers Securities Pvt. Ltd.,Nepal Stock House (PVT) Ltd.,2026-04-29 13:40:32.921088,Radhi Bidyut Company Ltd
2026042904006909,RADHI,66,14,100,765.0,76500.0,2026-04-29,188556764,2776,Miyo Securities Pvt Ltd,Nepal Stock House (PVT) Ltd.,2026-04-29 13:46:41.529078,Radhi Bidyut Company Ltd
2026042904007443,RADHI,32,14,200,765.0,153000.0,2026-04-29,188563205,2776,Premier Securities Company Ltd.,Nepal Stock House (PVT) Ltd.,2026-04-29 13:57:49.768081,Radhi Bidyut Company Ltd
2026042904007444,RADHI,32,58,28,765.0,21420.0,2026-04-29,188563207,2776,Premier Securities Company Ltd.,Naasa Securities Co. Ltd.,2026-04-29 13:57:49.768268,Radhi Bidyut Company Ltd
2026042904007445,RADHI,32,53,500,765.0,382500.0,2026-04-29,188563209,2776,Premier Securities Company Ltd.,Investment Management Nepal Pvt. Ltd.,2026-04-29 13:57:49.768335,Radhi Bidyut Company Ltd
2026042904007446,RADHI,32,57,502,767.0,385034.0,2026-04-29,188563211,2776,Premier Securities Company Ltd.,Aryatara Investment & Securities,2026-04-29 13:57:49.768396,Radhi Bidyut Company Ltd
2026042904007447,RADHI,32,32,100,767.0,76700.0,2026-04-29,188563213,2776,Premier Securities Company Ltd.,Premier Securities Company Ltd.,2026-04-29 13:57:49.768458,Radhi Bidyut Company Ltd
2026042904007448,RADHI,32,34,24,767.0,18408.0,2026-04-29,188563215,2776,Premier Securities Company Ltd.,Vision Securities Pvt. Ltd,2026-04-29 13:57:49.768513,Radhi Bidyut Company Ltd
2026042904007449,RADHI,32,32,10,767.0,7670.0,2026-04-29,188563217,2776,Premier Securities Company Ltd.,Premier Securities Company Ltd.,2026-04-29 13:57:49.768568,Radhi Bidyut Company Ltd
2026042904007450,RADHI,32,53,500,767.0,383500.0,2026-04-29,188563219,2776,Premier Securities Company Ltd.,Investment Management Nepal Pvt. Ltd.,2026-04-29 13:57:49.768629,Radhi Bidyut Company Ltd
2026042904007829,RADHI,33,36,14,763.0,10682.0,2026-04-29,188566555,2776,Dakshinkali Investment & Securities Pvt. Ltd.,Secured Securities Ltd.,2026-04-29 14:03:09.971944,Radhi Bidyut Company Ltd
2026042904008046,RADHI,44,65,10,767.0,7670.0,2026-04-29,188568140,2776,Dynamic Money Managers Securities Pvt. Ltd.,Sharepro Securities Private Limited,2026-04-29 14:05:45.208573,Radhi Bidyut Company Ltd
2026042904008087,RADHI,64,65,10,767.0,7670.0,2026-04-29,188568484,2776,SUN SECURITIES PVT LTD,Sharepro Securities Private Limited,2026-04-29 14:06:28.252383,Radhi Bidyut Company Ltd
2026042904008548,RADHI,34,58,10,764.0,7640.0,2026-04-29,188574816,2776,Vision Securities Pvt. Ltd,Naasa Securities Co. Ltd.,2026-04-29 14:17:42.085703,Radhi Bidyut Company Ltd
2026042904008549,RADHI,36,58,50,763.5,38175.0,2026-04-29,188574818,2776,Secured Securities Ltd.,Naasa Securities Co. Ltd.,2026-04-29 14:17:42.085809,Radhi Bidyut Company Ltd
2026042904008550,RADHI,66,58,940,763.5,717690.0,2026-04-29,188574819,2776,Miyo Securities Pvt Ltd,Naasa Securities Co. Ltd.,2026-04-29 14:17:42.085886,Radhi Bidyut Company Ltd
2026042904008579,RADHI,44,65,10,767.0,7670.0,2026-04-29,188575316,2776,Dynamic Money Managers Securities Pvt. Ltd.,Sharepro Securities Private Limited,2026-04-29 14:18:42.487086,Radhi Bidyut Company Ltd
2026042904008757,RADHI,66,43,60,763.5,45810.0,2026-04-29,188576684,2776,Miyo Securities Pvt Ltd,South Asian Bulls Pvt. Ltd.,2026-04-29 14:20:30.234737,Radhi Bidyut Company Ltd
2026042904008758,RADHI,58,43,30,763.1,22893.0,2026-04-29,188576686,2776,Naasa Securities Co. Ltd.,South Asian Bulls Pvt. Ltd.,2026-04-29 14:20:30.235056,Radhi Bidyut Company Ltd
2026042904008759,RADHI,20,43,210,763.1,160251.0,2026-04-29,188576687,2776,Sipla Securities Private Limited,South Asian Bulls Pvt. Ltd.,2026-04-29 14:20:30.235259,Radhi Bidyut Company Ltd
2026042904008849,RADHI,44,65,10,767.0,7670.0,2026-04-29,188577819,2776,Dynamic Money Managers Securities Pvt. Ltd.,Sharepro Securities Private Limited,2026-04-29 14:22:12.359861,Radhi Bidyut Company Ltd
2026042904009033,RADHI,45,58,500,766.0,383000.0,2026-04-29,188579522,2776,Imperial Securities Company Pvt. Ltd.,Naasa Securities Co. Ltd.,2026-04-29 14:24:22.214202,Radhi Bidyut Company Ltd
2026042904009143,RADHI,46,58,55,765.0,42075.0,2026-04-29,188580298,2776,Kalika Securities Pvt. Ltd.,Naasa Securities Co. Ltd.,2026-04-29 14:25:09.673768,Radhi Bidyut Company Ltd
2026042904009144,RADHI,6,58,95,765.0,72675.0,2026-04-29,188580299,2776,Agrawal Securities (PVT) Ltd.,Naasa Securities Co. Ltd.,2026-04-29 14:25:09.674081,Radhi Bidyut Company Ltd
2026042904009159,RADHI,6,53,150,765.0,114750.0,2026-04-29,188580425,2776,Agrawal Securities (PVT) Ltd.,Investment Management Nepal Pvt. Ltd.,2026-04-29 14:25:20.025555,Radhi Bidyut Company Ltd
2026042904009242,RADHI,36,88,20,763.2,15264.0,2026-04-29,188581478,2776,Secured Securities Ltd.,Blue Chip Securities Ltd,2026-04-29 14:26:40.401890,Radhi Bidyut Company Ltd
2026042904009243,RADHI,32,88,636,763.2,485395.2,2026-04-29,188581480,2776,Premier Securities Company Ltd.,Blue Chip Securities Ltd,2026-04-29 14:26:40.402186,Radhi Bidyut Company Ltd
2026042904009244,RADHI,20,88,44,763.1,33576.4,2026-04-29,188581481,2776,Sipla Securities Private Limited,Blue Chip Securities Ltd,2026-04-29 14:26:40.402395,Radhi Bidyut Company Ltd
2026042904009264,RADHI,20,53,1500,763.1,1144650.0,2026-04-29,188581779,2776,Sipla Securities Private Limited,Investment Management Nepal Pvt. Ltd.,2026-04-29 14:26:58.633296,Radhi Bidyut Company Ltd
2026042904009268,RADHI,44,58,10,766.0,7660.0,2026-04-29,188581926,2776,Dynamic Money Managers Securities Pvt. Ltd.,Naasa Securities Co. Ltd.,2026-04-29 14:27:08.232764,Radhi Bidyut Company Ltd
2026042904009729,RADHI,4,58,50,765.9,38295.0,2026-04-29,188585709,2776,Opal Securities Investment (PVT) Ltd.,Naasa Securities Co. Ltd.,2026-04-29 14:30:10.742787,Radhi Bidyut Company Ltd
2026042904009783,RADHI,4,58,15,765.0,11475.0,2026-04-29,188586215,2776,Opal Securities Investment (PVT) Ltd.,Naasa Securities Co. Ltd.,2026-04-29 14:30:52.440137,Radhi Bidyut Company Ltd
2026042904010129,RADHI,34,45,66,763.5,50391.0,2026-04-29,188589133,2776,Vision Securities Pvt. Ltd,Imperial Securities Company Pvt. Ltd.,2026-04-29 14:33:53.296626,Radhi Bidyut Company Ltd
2026042904010193,RADHI,44,58,10,765.0,7650.0,2026-04-29,188589710,2776,Dynamic Money Managers Securities Pvt. Ltd.,Naasa Securities Co. Ltd.,2026-04-29 14:34:24.647598,Radhi Bidyut Company Ltd
2026042904010497,RADHI,49,57,70,764.1,53487.0,2026-04-29,188592870,2776,Online Securities Pvt. Ltd.,Aryatara Investment & Securities,2026-04-29 14:37:57.642248,Radhi Bidyut Company Ltd
2026042904010652,RADHI,34,13,43,763.5,32830.5,2026-04-29,188594329,2776,Vision Securities Pvt. Ltd,Thrive Brokerage House Pvt. Ltd,2026-04-29 14:39:14.541713,Radhi Bidyut Company Ltd
2026042904010686,RADHI,34,53,91,763.5,69478.5,2026-04-29,188594764,2776,Vision Securities Pvt. Ltd,Investment Management Nepal Pvt. Ltd.,2026-04-29 14:39:36.925702,Radhi Bidyut Company Ltd
2026042904010687,RADHI,34,53,259,763.5,197746.5,2026-04-29,188594765,2776,Vision Securities Pvt. Ltd,Investment Management Nepal Pvt. Ltd.,2026-04-29 14:39:36.925900,Radhi Bidyut Company Ltd
2026042904010688,RADHI,46,57,40,764.0,30560.0,2026-04-29,188594797,2776,Kalika Securities Pvt. Ltd.,Aryatara Investment & Securities,2026-04-29 14:39:38.853620,Radhi Bidyut Company Ltd
2026042904010799,RADHI,46,16,30,764.0,22920.0,2026-04-29,188595596,2776,Kalika Securities Pvt. Ltd.,Primo Securities (PVT) Ltd.,2026-04-29 14:40:24.113086,Radhi Bidyut Company Ltd
2026042904010800,RADHI,34,16,41,763.5,31303.5,2026-04-29,188595598,2776,Vision Securities Pvt. Ltd,Primo Securities (PVT) Ltd.,2026-04-29 14:40:24.113267,Radhi Bidyut Company Ltd
2026042904010801,RADHI,20,16,46,763.1,35102.6,2026-04-29,188595600,2776,Sipla Securities Private Limited,Primo Securities (PVT) Ltd.,2026-04-29 14:40:24.113344,Radhi Bidyut Company Ltd
2026042904010802,RADHI,33,16,383,763.0,292229.0,2026-04-29,188595601,2776,Dakshinkali Investment & Securities Pvt. Ltd.,Primo Securities (PVT) Ltd.,2026-04-29 14:40:24.113411,Radhi Bidyut Company Ltd
2026042904010894,RADHI,32,63,50,763.0,38150.0,2026-04-29,188596694,2776,Premier Securities Company Ltd.,Himalayan Brokerage Company Limited,2026-04-29 14:41:20.430274,Radhi Bidyut Company Ltd
2026042904010895,RADHI,34,63,200,763.0,152600.0,2026-04-29,188596696,2776,Vision Securities Pvt. Ltd,Himalayan Brokerage Company Limited,2026-04-29 14:41:20.430483,Radhi Bidyut Company Ltd
2026042904010896,RADHI,26,63,50,762.1,38105.0,2026-04-29,188596697,2776,Asian Securities Private Ltd.,Himalayan Brokerage Company Limited,2026-04-29 14:41:20.430553,Radhi Bidyut Company Ltd
2026042904010995,RADHI,38,53,200,762.2,152440.0,2026-04-29,188597512,2776,Dipshikha Dhitopatra Karobar Co. Pvt Ltd.,Investment Management Nepal Pvt. Ltd.,2026-04-29 14:41:57.355841,Radhi Bidyut Company Ltd
2026042904010996,RADHI,32,53,300,762.2,228660.0,2026-04-29,188597513,2776,Premier Securities Company Ltd.,Investment Management Nepal Pvt. Ltd.,2026-04-29 14:41:57.399044,Radhi Bidyut Company Ltd
2026042904011002,RADHI,32,75,200,762.2,152440.0,2026-04-29,188597582,2776,Premier Securities Company Ltd.,N.I.M.B. Stock Markets Limited,2026-04-29 14:42:02.827734,Radhi Bidyut Company Ltd
2026042904011003,RADHI,17,75,100,762.0,76200.0,2026-04-29,188597584,2776,ABC Securities Private Limited,N.I.M.B. Stock Markets Limited,2026-04-29 14:42:02.827942,Radhi Bidyut Company Ltd
2026042904011063,RADHI,57,75,20,762.0,15240.0,2026-04-29,188598186,2776,Aryatara Investment & Securities,N.I.M.B. Stock Markets Limited,2026-04-29 14:42:41.477939,Radhi Bidyut Company Ltd
2026042904011067,RADHI,42,75,100,762.0,76200.0,2026-04-29,188598202,2776,Sani Securities Company Ltd.,N.I.M.B. Stock Markets Limited,2026-04-29 14:42:42.270020,Radhi Bidyut Company Ltd
2026042904011290,RADHI,34,75,10,762.0,7620.0,2026-04-29,188600112,2776,Vision Securities Pvt. Ltd,N.I.M.B. Stock Markets Limited,2026-04-29 14:44:39.349831,Radhi Bidyut Company Ltd
2026042904011398,RADHI,64,60,12,761.6,9139.2,2026-04-29,188600814,2776,SUN SECURITIES PVT LTD,Nagarik Stock Dealer ,2026-04-29 14:45:16.393734,Radhi Bidyut Company Ltd
2026042904011399,RADHI,65,60,100,761.6,76160.0,2026-04-29,188600816,2776,Sharepro Securities Private Limited,Nagarik Stock Dealer ,2026-04-29 14:45:16.393877,Radhi Bidyut Company Ltd
2026042904011400,RADHI,34,60,300,761.6,228480.0,2026-04-29,188600818,2776,Vision Securities Pvt. Ltd,Nagarik Stock Dealer ,2026-04-29 14:45:16.393953,Radhi Bidyut Company Ltd
2026042904011401,RADHI,20,60,1000,761.5,761500.0,2026-04-29,188600820,2776,Sipla Securities Private Limited,Nagarik Stock Dealer ,2026-04-29 14:45:16.394017,Radhi Bidyut Company Ltd
2026042904011484,RADHI,6,60,218,761.3,165963.4,2026-04-29,188601703,2776,Agrawal Securities (PVT) Ltd.,Nagarik Stock Dealer ,2026-04-29 14:45:58.278971,Radhi Bidyut Company Ltd
2026042904011655,RADHI,6,13,32,761.3,24361.6,2026-04-29,188603452,2776,Agrawal Securities (PVT) Ltd.,Thrive Brokerage House Pvt. Ltd,2026-04-29 14:47:27.871713,Radhi Bidyut Company Ltd
2026042904011656,RADHI,6,13,20,761.1,15222.0,2026-04-29,188603454,2776,Agrawal Securities (PVT) Ltd.,Thrive Brokerage House Pvt. Ltd,2026-04-29 14:47:27.872018,Radhi Bidyut Company Ltd
2026042904011657,RADHI,33,13,50,761.1,38055.0,2026-04-29,188603456,2776,Dakshinkali Investment & Securities Pvt. Ltd.,Thrive Brokerage House Pvt. Ltd,2026-04-29 14:47:27.872188,Radhi Bidyut Company Ltd
2026042904011658,RADHI,99,13,100,761.1,76110.0,2026-04-29,188603458,2776,Prabhu Stock Market Limited,Thrive Brokerage House Pvt. Ltd,2026-04-29 14:47:27.872393,Radhi Bidyut Company Ltd
2026042904011659,RADHI,63,13,98,761.0,74578.0,2026-04-29,188603459,2776,Himalayan Brokerage Company Limited,Thrive Brokerage House Pvt. Ltd,2026-04-29 14:47:27.872568,Radhi Bidyut Company Ltd
2026042904011684,RADHI,42,44,10,761.0,7610.0,2026-04-29,188603677,2776,Sani Securities Company Ltd.,Dynamic Money Managers Securities Pvt. Ltd.,2026-04-29 14:47:38.477410,Radhi Bidyut Company Ltd
2026042904011800,RADHI,43,25,10,761.0,7610.0,2026-04-29,188604578,2776,South Asian Bulls Pvt. Ltd.,Sweta Securities Private Limited,2026-04-29 14:48:19.302530,Radhi Bidyut Company Ltd
2026042904011801,RADHI,34,25,190,761.0,144590.0,2026-04-29,188604579,2776,Vision Securities Pvt. Ltd,Sweta Securities Private Limited,2026-04-29 14:48:19.302841,Radhi Bidyut Company Ltd
2026042904011858,RADHI,34,81,10,761.0,7610.0,2026-04-29,188605016,2776,Vision Securities Pvt. Ltd,Aakashbhairab Securities Ltd.,2026-04-29 14:48:43.551764,Radhi Bidyut Company Ltd
2026042904011859,RADHI,8,81,1490,760.1,1132549.0,2026-04-29,188605017,2776,Brilliant Securities Pvt. Ltd.,Aakashbhairab Securities Ltd.,2026-04-29 14:48:43.551938,Radhi Bidyut Company Ltd
2026042904011875,RADHI,8,58,510,760.1,387651.0,2026-04-29,188605348,2776,Brilliant Securities Pvt. Ltd.,Naasa Securities Co. Ltd.,2026-04-29 14:49:03.490878,Radhi Bidyut Company Ltd
2026042904011876,RADHI,49,58,28,760.0,21280.0,2026-04-29,188605350,2776,Online Securities Pvt. Ltd.,Naasa Securities Co. Ltd.,2026-04-29 14:49:03.490920,Radhi Bidyut Company Ltd
2026042904011877,RADHI,38,58,30,760.0,22800.0,2026-04-29,188605352,2776,Dipshikha Dhitopatra Karobar Co. Pvt Ltd.,Naasa Securities Co. Ltd.,2026-04-29 14:49:03.490969,Radhi Bidyut Company Ltd
2026042904011878,RADHI,66,58,100,760.0,76000.0,2026-04-29,188605354,2776,Miyo Securities Pvt Ltd,Naasa Securities Co. Ltd.,2026-04-29 14:49:03.490993,Radhi Bidyut Company Ltd
2026042904011879,RADHI,101,58,50,760.0,38000.0,2026-04-29,188605356,2776,APPLE SECURITIES PRIVATE LIMITED,Naasa Securities Co. Ltd.,2026-04-29 14:49:03.491019,Radhi Bidyut Company Ltd
2026042904011880,RADHI,39,58,500,760.0,380000.0,2026-04-29,188605358,2776,Sumeru Securities Pvt. Ltd.,Naasa Securities Co. Ltd.,2026-04-29 14:49:03.491051,Radhi Bidyut Company Ltd
2026042904011881,RADHI,74,58,50,760.0,38000.0,2026-04-29,188605360,2776,KALASH STOCK MARKET PVT. LTD.,Naasa Securities Co. Ltd.,2026-04-29 14:49:03.491074,Radhi Bidyut Company Ltd
2026042904011882,RADHI,66,58,2000,760.0,1520000.0,2026-04-29,188605362,2776,Miyo Securities Pvt Ltd,Naasa Securities Co. Ltd.,2026-04-29 14:49:03.491094,Radhi Bidyut Company Ltd
2026042904011883,RADHI,6,58,50,760.0,38000.0,2026-04-29,188605364,2776,Agrawal Securities (PVT) Ltd.,Naasa Securities Co. Ltd.,2026-04-29 14:49:03.491117,Radhi Bidyut Company Ltd
2026042904011884,RADHI,34,58,50,760.0,38000.0,2026-04-29,188605366,2776,Vision Securities Pvt. Ltd,Naasa Securities Co. Ltd.,2026-04-29 14:49:03.491139,Radhi Bidyut Company Ltd
2026042904011885,RADHI,36,58,700,760.0,532000.0,2026-04-29,188605368,2776,Secured Securities Ltd.,Naasa Securities Co. Ltd.,2026-04-29 14:49:03.491162,Radhi Bidyut Company Ltd
2026042904011886,RADHI,35,58,100,760.0,76000.0,2026-04-29,188605370,2776,Kohinoor Investment & Securities Pvt. Ltd.,Naasa Securities Co. Ltd.,2026-04-29 14:49:03.491189,Radhi Bidyut Company Ltd
2026042904011887,RADHI,32,58,500,760.0,380000.0,2026-04-29,188605372,2776,Premier Securities Company Ltd.,Naasa Securities Co. Ltd.,2026-04-29 14:49:03.491211,Radhi Bidyut Company Ltd
2026042904011888,RADHI,58,58,225,760.0,171000.0,2026-04-29,188605374,2776,Naasa Securities Co. Ltd.,Naasa Securities Co. Ltd.,2026-04-29 14:49:03.491234,Radhi Bidyut Company Ltd
2026042904011889,RADHI,90,58,50,760.0,38000.0,2026-04-29,188605376,2776,Sajilo Broker Limited,Naasa Securities Co. Ltd.,2026-04-29 14:49:03.491255,Radhi Bidyut Company Ltd
2026042904011890,RADHI,58,58,57,760.0,43320.0,2026-04-29,188605377,2776,Naasa Securities Co. Ltd.,Naasa Securities Co. Ltd.,2026-04-29 14:49:03.491279,Radhi Bidyut Company Ltd
2026042904011919,RADHI,58,25,200,760.0,152000.0,2026-04-29,188605589,2776,Naasa Securities Co. Ltd.,Sweta Securities Private Limited,2026-04-29 14:49:13.108646,Radhi Bidyut Company Ltd
2026042904012078,RADHI,34,34,300,760.1,228030.0,2026-04-29,188607064,2776,Vision Securities Pvt. Ltd,Vision Securities Pvt. Ltd,2026-04-29 14:50:16.723083,Radhi Bidyut Company Ltd
2026042904012079,RADHI,58,34,43,760.0,32680.0,2026-04-29,188607066,2776,Naasa Securities Co. Ltd.,Vision Securities Pvt. Ltd,2026-04-29 14:50:16.723385,Radhi Bidyut Company Ltd
2026042904012080,RADHI,17,34,125,760.0,95000.0,2026-04-29,188607068,2776,ABC Securities Private Limited,Vision Securities Pvt. Ltd,2026-04-29 14:50:16.723556,Radhi Bidyut Company Ltd
2026042904012081,RADHI,38,34,20,760.0,15200.0,2026-04-29,188607070,2776,Dipshikha Dhitopatra Karobar Co. Pvt Ltd.,Vision Securities Pvt. Ltd,2026-04-29 14:50:16.723741,Radhi Bidyut Company Ltd
2026042904012082,RADHI,80,34,37,759.9,28116.3,2026-04-29,188607072,2776,Indira securities pvt. ltd,Vision Securities Pvt. Ltd,2026-04-29 14:50:16.723903,Radhi Bidyut Company Ltd
2026042904012083,RADHI,33,34,50,759.0,37950.0,2026-04-29,188607074,2776,Dakshinkali Investment & Securities Pvt. Ltd.,Vision Securities Pvt. Ltd,2026-04-29 14:50:16.724080,Radhi Bidyut Company Ltd
2026042904012084,RADHI,45,34,245,758.0,185710.0,2026-04-29,188607076,2776,Imperial Securities Company Pvt. Ltd.,Vision Securities Pvt. Ltd,2026-04-29 14:50:16.724230,Radhi Bidyut Company Ltd
2026042904012085,RADHI,66,34,100,757.0,75700.0,2026-04-29,188607078,2776,Miyo Securities Pvt Ltd,Vision Securities Pvt. Ltd,2026-04-29 14:50:16.724403,Radhi Bidyut Company Ltd
2026042904012086,RADHI,58,34,100,756.6,75660.0,2026-04-29,188607080,2776,Naasa Securities Co. Ltd.,Vision Securities Pvt. Ltd,2026-04-29 14:50:16.724551,Radhi Bidyut Company Ltd
2026042904012087,RADHI,8,34,2000,756.5,1513000.0,2026-04-29,188607082,2776,Brilliant Securities Pvt. Ltd.,Vision Securities Pvt. Ltd,2026-04-29 14:50:16.724696,Radhi Bidyut Company Ltd
2026042904012088,RADHI,18,34,500,756.0,378000.0,2026-04-29,188607084,2776,Sagarmatha Securities Private Limited,Vision Securities Pvt. Ltd,2026-04-29 14:50:16.724858,Radhi Bidyut Company Ltd
2026042904012089,RADHI,43,34,500,755.0,377500.0,2026-04-29,188607086,2776,South Asian Bulls Pvt. Ltd.,Vision Securities Pvt. Ltd,2026-04-29 14:50:16.725003,Radhi Bidyut Company Ltd
2026042904012090,RADHI,74,34,100,755.0,75500.0,2026-04-29,188607088,2776,KALASH STOCK MARKET PVT. LTD.,Vision Securities Pvt. Ltd,2026-04-29 14:50:16.725176,Radhi Bidyut Company Ltd
2026042904012091,RADHI,21,34,500,755.0,377500.0,2026-04-29,188607090,2776,Midas Stock Broking Company Private Limited,Vision Securities Pvt. Ltd,2026-04-29 14:50:16.725343,Radhi Bidyut Company Ltd
2026042904012092,RADHI,43,34,200,755.0,151000.0,2026-04-29,188607092,2776,South Asian Bulls Pvt. Ltd.,Vision Securities Pvt. Ltd,2026-04-29 14:50:16.725497,Radhi Bidyut Company Ltd
2026042904012093,RADHI,81,34,180,755.0,135900.0,2026-04-29,188607093,2776,Aakashbhairab Securities Ltd.,Vision Securities Pvt. Ltd,2026-04-29 14:50:16.725652,Radhi Bidyut Company Ltd
2026042904012250,RADHI,33,75,10,762.0,7620.0,2026-04-29,188608330,2776,Dakshinkali Investment & Securities Pvt. Ltd.,N.I.M.B. Stock Markets Limited,2026-04-29 14:51:19.898939,Radhi Bidyut Company Ltd
2026042904012267,RADHI,21,50,100,760.2,76020.0,2026-04-29,188608404,2776,Midas Stock Broking Company Private Limited,Cristal Kanchanjanga Securites Pvt. Ltd.,2026-04-29 14:51:23.546847,Radhi Bidyut Company Ltd
2026042904012268,RADHI,71,50,100,760.1,76010.0,2026-04-29,188608406,2776,SHUBHAKAMANA SECURITIES PVT. LTD,Cristal Kanchanjanga Securites Pvt. Ltd.,2026-04-29 14:51:23.547094,Radhi Bidyut Company Ltd
2026042904012269,RADHI,50,50,300,760.0,228000.0,2026-04-29,188608407,2776,Cristal Kanchanjanga Securites Pvt. Ltd.,Cristal Kanchanjanga Securites Pvt. Ltd.,2026-04-29 14:51:23.547269,Radhi Bidyut Company Ltd
2026042904012302,RADHI,36,75,20,762.0,15240.0,2026-04-29,188609114,2776,Secured Securities Ltd.,N.I.M.B. Stock Markets Limited,2026-04-29 14:51:49.485498,Radhi Bidyut Company Ltd
2026042904012307,RADHI,33,75,10,762.0,7620.0,2026-04-29,188609276,2776,Dakshinkali Investment & Securities Pvt. Ltd.,N.I.M.B. Stock Markets Limited,2026-04-29 14:51:57.198809,Radhi Bidyut Company Ltd
2026042904012901,RADHI,59,75,30,762.0,22860.0,2026-04-29,188614467,2776,Deevyaa Securities & Stock House Pvt. Ltd,N.I.M.B. Stock Markets Limited,2026-04-29 14:55:28.441078,Radhi Bidyut Company Ltd
2026042904012902,RADHI,59,81,20,762.0,15240.0,2026-04-29,188614470,2776,Deevyaa Securities & Stock House Pvt. Ltd,Aakashbhairab Securities Ltd.,2026-04-29 14:55:28.441280,Radhi Bidyut Company Ltd
2026042904012903,RADHI,17,81,10,762.0,7620.0,2026-04-29,188614472,2776,ABC Securities Private Limited,Aakashbhairab Securities Ltd.,2026-04-29 14:55:28.486979,Radhi Bidyut Company Ltd
2026042904012973,RADHI,59,81,100,762.0,76200.0,2026-04-29,188615248,2776,Deevyaa Securities & Stock House Pvt. Ltd,Aakashbhairab Securities Ltd.,2026-04-29 14:56:01.642798,Radhi Bidyut Company Ltd
2026042904013032,RADHI,34,81,50,762.0,38100.0,2026-04-29,188615564,2776,Vision Securities Pvt. Ltd,Aakashbhairab Securities Ltd.,2026-04-29 14:56:11.370216,Radhi Bidyut Company Ltd
2026042904013058,RADHI,5,25,4,760.0,3040.0,2026-04-29,188615803,2776,Market Securities & Exchange (PVT) Ltd.,Sweta Securities Private Limited,2026-04-29 14:56:20.720549,Radhi Bidyut Company Ltd
2026042904013110,RADHI,33,25,3,763.0,2289.0,2026-04-29,188616293,2776,Dakshinkali Investment & Securities Pvt. Ltd.,Sweta Securities Private Limited,2026-04-29 14:56:43.342329,Radhi Bidyut Company Ltd
2026042904013112,RADHI,11,81,20,762.0,15240.0,2026-04-29,188616317,2776,Malla & Malla Stock Broking Company Pvt. Limited,Aakashbhairab Securities Ltd.,2026-04-29 14:56:45.362234,Radhi Bidyut Company Ltd
2026042904013135,RADHI,33,16,10,763.0,7630.0,2026-04-29,188616598,2776,Dakshinkali Investment & Securities Pvt. Ltd.,Primo Securities (PVT) Ltd.,2026-04-29 14:56:53.901261,Radhi Bidyut Company Ltd
2026042904013381,RADHI,36,16,240,763.0,183120.0,2026-04-29,188619159,2776,Secured Securities Ltd.,Primo Securities (PVT) Ltd.,2026-04-29 14:58:12.708487,Radhi Bidyut Company Ltd
2026042904013382,RADHI,36,16,250,763.0,190750.0,2026-04-29,188619161,2776,Secured Securities Ltd.,Primo Securities (PVT) Ltd.,2026-04-29 14:58:12.708665,Radhi Bidyut Company Ltd
2026042904013476,RADHI,33,53,10,764.0,7640.0,2026-04-29,188619718,2776,Dakshinkali Investment & Securities Pvt. Ltd.,Investment Management Nepal Pvt. Ltd.,2026-04-29 14:58:28.490954,Radhi Bidyut Company Ltd
2026042904013774,RADHI,81,53,490,764.0,374360.0,2026-04-29,188622421,2776,Aakashbhairab Securities Ltd.,Investment Management Nepal Pvt. Ltd.,2026-04-29 14:59:26.814639,Radhi Bidyut Company Ltd
2026042904013775,RADHI,81,29,10,764.0,7640.0,2026-04-29,188622424,2776,Aakashbhairab Securities Ltd.,Trisul Securities & Invt. Ltd.,2026-04-29 14:59:26.814782,Radhi Bidyut Company Ltd
2026042904013868,RADHI,58,29,50,764.0,38200.0,2026-04-29,188623459,2776,Naasa Securities Co. Ltd.,Trisul Securities & Invt. Ltd.,2026-04-29 14:59:42.857989,Radhi Bidyut Company Ltd
2026042904013930,RADHI,33,26,10,764.8,7648.0,2026-04-29,188623988,2776,Dakshinkali Investment & Securities Pvt. Ltd.,Asian Securities Private Ltd.,2026-04-29 14:59:51.103643,Radhi Bidyut Company Ltd
