contract_id,symbol,buyer_member_id,seller_member_id,volume,price,amount,buyer_broker,seller_broker,transaction_time
2026042905000093,SAHAS,57,58,100,615.0,61500.0,Aryatara Investment & Securities,Naasa Securities Co. Ltd.,2026-04-29 11:03:30.402714
2026042905000142,SAHAS,58,58,28,614.2,17197.6,Naasa Securities Co. Ltd.,Naasa Securities Co. Ltd.,2026-04-29 11:05:08.373027
2026042905000143,SAHAS,96,58,10,614.1,6141.0,Himalayan Securities Limited,Naasa Securities Co. Ltd.,2026-04-29 11:05:08.373241
2026042905000153,SAHAS,47,58,50,614.0,30700.0,Neev Securities Pvt. Ltd.,Naasa Securities Co. Ltd.,2026-04-29 11:05:36.403600
2026042905000162,SAHAS,34,58,612,614.0,375768.0,Vision Securities Pvt. Ltd,Naasa Securities Co. Ltd.,2026-04-29 11:05:43.367396
2026042905000178,SAHAS,34,58,50,614.0,30700.0,Vision Securities Pvt. Ltd,Naasa Securities Co. Ltd.,2026-04-29 11:06:21.305572
2026042905000179,SAHAS,29,58,662,614.0,406468.0,Trisul Securities & Invt. Ltd.,Naasa Securities Co. Ltd.,2026-04-29 11:06:21.305776
2026042905000186,SAHAS,7,58,20,614.0,12280.0,J.F. Securites (PVT) Ltd.,Naasa Securities Co. Ltd.,2026-04-29 11:06:30.775715
2026042905000191,SAHAS,4,58,20,614.0,12280.0,Opal Securities Investment (PVT) Ltd.,Naasa Securities Co. Ltd.,2026-04-29 11:06:36.158923
2026042905000242,SAHAS,42,57,13,612.0,7956.0,Sani Securities Company Ltd.,Aryatara Investment & Securities,2026-04-29 11:07:54.695268
2026042905000287,SAHAS,45,58,48,614.0,29472.0,Imperial Securities Company Pvt. Ltd.,Naasa Securities Co. Ltd.,2026-04-29 11:09:21.053830
2026042905000288,SAHAS,45,58,13,614.0,7982.0,Imperial Securities Company Pvt. Ltd.,Naasa Securities Co. Ltd.,2026-04-29 11:09:21.054074
2026042905000289,SAHAS,45,58,13,614.0,7982.0,Imperial Securities Company Pvt. Ltd.,Naasa Securities Co. Ltd.,2026-04-29 11:09:21.054138
2026042905000295,SAHAS,96,62,10,614.0,6140.0,Himalayan Securities Limited,Capital Max Securities Ltd,2026-04-29 11:09:33.516114
2026042905000381,SAHAS,29,58,13,613.0,7969.0,Trisul Securities & Invt. Ltd.,Naasa Securities Co. Ltd.,2026-04-29 11:11:22.643698
2026042905000424,SAHAS,96,58,10,612.0,6120.0,Himalayan Securities Limited,Naasa Securities Co. Ltd.,2026-04-29 11:12:06.018882
2026042905000436,SAHAS,38,58,13,612.0,7956.0,Dipshikha Dhitopatra Karobar Co. Pvt Ltd.,Naasa Securities Co. Ltd.,2026-04-29 11:12:30.842850
2026042905000439,SAHAS,58,58,22,612.0,13464.0,Naasa Securities Co. Ltd.,Naasa Securities Co. Ltd.,2026-04-29 11:12:34.554133
2026042905000466,SAHAS,42,58,10,612.0,6120.0,Sani Securities Company Ltd.,Naasa Securities Co. Ltd.,2026-04-29 11:12:55.110593
2026042905000501,SAHAS,13,51,13,611.9,7954.7,Thrive Brokerage House Pvt. Ltd,Oxford Securities Pvt. Ltd.,2026-04-29 11:13:33.140669
2026042905000502,SAHAS,13,58,87,612.0,53244.0,Thrive Brokerage House Pvt. Ltd,Naasa Securities Co. Ltd.,2026-04-29 11:13:33.140970
2026042905000521,SAHAS,45,22,13,611.5,7949.5,Imperial Securities Company Pvt. Ltd.,Siprabi Securities Pvt. Ltd.,2026-04-29 11:13:50.261601
2026042905000528,SAHAS,58,58,100,612.0,61200.0,Naasa Securities Co. Ltd.,Naasa Securities Co. Ltd.,2026-04-29 11:13:57.240797
2026042905000545,SAHAS,45,19,13,611.5,7949.5,Imperial Securities Company Pvt. Ltd.,Nepal Investment And Securities Trading Private Limited,2026-04-29 11:14:28.607524
2026042905000553,SAHAS,45,14,13,611.5,7949.5,Imperial Securities Company Pvt. Ltd.,Nepal Stock House (PVT) Ltd.,2026-04-29 11:14:38.375505
2026042905000560,SAHAS,91,58,50,612.0,30600.0,Citizens Share Broker Limited,Naasa Securities Co. Ltd.,2026-04-29 11:14:47.081074
2026042905000564,SAHAS,57,58,75,612.0,45900.0,Aryatara Investment & Securities,Naasa Securities Co. Ltd.,2026-04-29 11:14:53.434213
2026042905000611,SAHAS,21,58,17,612.0,10404.0,Midas Stock Broking Company Private Limited,Naasa Securities Co. Ltd.,2026-04-29 11:15:35.891257
2026042905000623,SAHAS,35,58,16,612.0,9792.0,Kohinoor Investment & Securities Pvt. Ltd.,Naasa Securities Co. Ltd.,2026-04-29 11:15:57.948835
2026042905000626,SAHAS,72,58,15,612.0,9180.0,Hatemalo Financial Services Private Limited,Naasa Securities Co. Ltd.,2026-04-29 11:16:00.560706
2026042905000634,SAHAS,45,58,23,612.0,14076.0,Imperial Securities Company Pvt. Ltd.,Naasa Securities Co. Ltd.,2026-04-29 11:16:05.568852
2026042905000635,SAHAS,75,58,200,612.0,122400.0,N.I.M.B. Stock Markets Limited,Naasa Securities Co. Ltd.,2026-04-29 11:16:06.024392
2026042905000643,SAHAS,45,58,10,612.0,6120.0,Imperial Securities Company Pvt. Ltd.,Naasa Securities Co. Ltd.,2026-04-29 11:16:12.694334
2026042905000650,SAHAS,35,58,50,612.0,30600.0,Kohinoor Investment & Securities Pvt. Ltd.,Naasa Securities Co. Ltd.,2026-04-29 11:16:22.991179
2026042905000652,SAHAS,75,58,100,612.0,61200.0,N.I.M.B. Stock Markets Limited,Naasa Securities Co. Ltd.,2026-04-29 11:16:25.375168
2026042905000694,SAHAS,56,50,13,612.0,7956.0,Sri Hari Securities Pvt. Ltd.,Cristal Kanchanjanga Securites Pvt. Ltd.,2026-04-29 11:16:45.272590
2026042905000698,SAHAS,14,58,13,612.2,7958.6,Nepal Stock House (PVT) Ltd.,Naasa Securities Co. Ltd.,2026-04-29 11:16:53.186565
2026042905000699,SAHAS,14,45,13,612.6,7963.8,Nepal Stock House (PVT) Ltd.,Imperial Securities Company Pvt. Ltd.,2026-04-29 11:16:53.432167
2026042905000700,SAHAS,14,32,13,612.6,7963.8,Nepal Stock House (PVT) Ltd.,Premier Securities Company Ltd.,2026-04-29 11:16:53.532210
2026042905000703,SAHAS,14,34,61,612.6,37368.6,Nepal Stock House (PVT) Ltd.,Vision Securities Pvt. Ltd,2026-04-29 11:16:56.282544
2026042905000709,SAHAS,5,34,99,612.0,60588.0,Market Securities & Exchange (PVT) Ltd.,Vision Securities Pvt. Ltd,2026-04-29 11:17:09.925515
2026042905000716,SAHAS,13,58,13,611.5,7949.5,Thrive Brokerage House Pvt. Ltd,Naasa Securities Co. Ltd.,2026-04-29 11:17:13.664652
2026042905000717,SAHAS,58,39,13,613.0,7969.0,Naasa Securities Co. Ltd.,Sumeru Securities Pvt. Ltd.,2026-04-29 11:17:13.712831
2026042905000721,SAHAS,13,13,13,611.5,7949.5,Thrive Brokerage House Pvt. Ltd,Thrive Brokerage House Pvt. Ltd,2026-04-29 11:17:18.406173
2026042905000793,SAHAS,35,58,13,614.0,7982.0,Kohinoor Investment & Securities Pvt. Ltd.,Naasa Securities Co. Ltd.,2026-04-29 11:17:52.086565
2026042905000847,SAHAS,17,58,30,612.0,18360.0,ABC Securities Private Limited,Naasa Securities Co. Ltd.,2026-04-29 11:18:40.396690
2026042905000848,SAHAS,58,58,15,612.0,9180.0,Naasa Securities Co. Ltd.,Naasa Securities Co. Ltd.,2026-04-29 11:18:40.396858
2026042905000852,SAHAS,42,58,30,612.0,18360.0,Sani Securities Company Ltd.,Naasa Securities Co. Ltd.,2026-04-29 11:18:51.191513
2026042905000861,SAHAS,58,22,13,611.6,7950.8,Naasa Securities Co. Ltd.,Siprabi Securities Pvt. Ltd.,2026-04-29 11:19:02.871534
2026042905000862,SAHAS,57,58,100,612.0,61200.0,Aryatara Investment & Securities,Naasa Securities Co. Ltd.,2026-04-29 11:19:07.202494
2026042905000870,SAHAS,21,58,50,612.0,30600.0,Midas Stock Broking Company Private Limited,Naasa Securities Co. Ltd.,2026-04-29 11:19:22.144199
2026042905000881,SAHAS,29,58,195,612.0,119340.0,Trisul Securities & Invt. Ltd.,Naasa Securities Co. Ltd.,2026-04-29 11:19:37.352993
2026042905000998,SAHAS,22,1,10,617.8,6178.0,Siprabi Securities Pvt. Ltd.,Kumari Securities Private Limited,2026-04-29 11:22:25.931835
2026042905001047,SAHAS,14,89,100,612.1,61210.0,Nepal Stock House (PVT) Ltd.,Global IME Securities Limited,2026-04-29 11:23:23.761083
2026042905001048,SAHAS,5,89,100,612.0,61200.0,Market Securities & Exchange (PVT) Ltd.,Global IME Securities Limited,2026-04-29 11:23:23.761324
2026042905001049,SAHAS,36,89,10,612.0,6120.0,Secured Securities Ltd.,Global IME Securities Limited,2026-04-29 11:23:23.761419
2026042905001050,SAHAS,21,89,50,612.0,30600.0,Midas Stock Broking Company Private Limited,Global IME Securities Limited,2026-04-29 11:23:23.761506
2026042905001051,SAHAS,5,89,1,612.0,612.0,Market Securities & Exchange (PVT) Ltd.,Global IME Securities Limited,2026-04-29 11:23:23.761640
2026042905001089,SAHAS,22,1,20,615.0,12300.0,Siprabi Securities Pvt. Ltd.,Kumari Securities Private Limited,2026-04-29 11:24:13.182474
2026042905001098,SAHAS,44,58,50,613.0,30650.0,Dynamic Money Managers Securities Pvt. Ltd.,Naasa Securities Co. Ltd.,2026-04-29 11:24:15.637626
2026042905001239,SAHAS,71,21,13,615.0,7995.0,SHUBHAKAMANA SECURITIES PVT. LTD,Midas Stock Broking Company Private Limited,2026-04-29 11:26:50.631283
2026042905001240,SAHAS,71,14,13,615.0,7995.0,SHUBHAKAMANA SECURITIES PVT. LTD,Nepal Stock House (PVT) Ltd.,2026-04-29 11:26:50.631401
2026042905001241,SAHAS,71,7,13,618.0,8034.0,SHUBHAKAMANA SECURITIES PVT. LTD,J.F. Securites (PVT) Ltd.,2026-04-29 11:26:50.631462
2026042905001242,SAHAS,71,48,100,618.5,61850.0,SHUBHAKAMANA SECURITIES PVT. LTD,Trishakti Securities Public Limited,2026-04-29 11:26:50.631534
2026042905001243,SAHAS,71,44,61,619.8,37807.8,SHUBHAKAMANA SECURITIES PVT. LTD,Dynamic Money Managers Securities Pvt. Ltd.,2026-04-29 11:26:50.631603
2026042905001479,SAHAS,14,26,10,616.0,6160.0,Nepal Stock House (PVT) Ltd.,Asian Securities Private Ltd.,2026-04-29 11:30:23.073413
2026042905001490,SAHAS,4,32,50,616.0,30800.0,Opal Securities Investment (PVT) Ltd.,Premier Securities Company Ltd.,2026-04-29 11:30:31.188142
2026042905001491,SAHAS,21,32,50,615.0,30750.0,Midas Stock Broking Company Private Limited,Premier Securities Company Ltd.,2026-04-29 11:30:31.188372
2026042905001507,SAHAS,21,26,13,615.0,7995.0,Midas Stock Broking Company Private Limited,Asian Securities Private Ltd.,2026-04-29 11:31:00.564035
2026042905001515,SAHAS,34,58,3,605.0,1815.0,Vision Securities Pvt. Ltd,Naasa Securities Co. Ltd.,2026-04-29 11:31:06.218515
2026042905001583,SAHAS,21,7,117,615.0,71955.0,Midas Stock Broking Company Private Limited,J.F. Securites (PVT) Ltd.,2026-04-29 11:32:30.320141
2026042905001584,SAHAS,32,7,83,615.0,51045.0,Premier Securities Company Ltd.,J.F. Securites (PVT) Ltd.,2026-04-29 11:32:30.320641
2026042905001607,SAHAS,32,58,13,615.0,7995.0,Premier Securities Company Ltd.,Naasa Securities Co. Ltd.,2026-04-29 11:32:54.375648
2026042905001621,SAHAS,32,58,13,615.0,7995.0,Premier Securities Company Ltd.,Naasa Securities Co. Ltd.,2026-04-29 11:33:02.922934
2026042905001662,SAHAS,34,1,13,616.0,8008.0,Vision Securities Pvt. Ltd,Kumari Securities Private Limited,2026-04-29 11:33:47.635834
2026042905001676,SAHAS,92,42,254,618.0,156972.0,Roadshow securities limited,Sani Securities Company Ltd.,2026-04-29 11:33:56.254192
2026042905001677,SAHAS,92,50,246,618.0,152028.0,Roadshow securities limited,Cristal Kanchanjanga Securites Pvt. Ltd.,2026-04-29 11:33:56.254698
2026042905001975,SAHAS,34,58,13,616.0,8008.0,Vision Securities Pvt. Ltd,Naasa Securities Co. Ltd.,2026-04-29 11:38:08.803780
2026042905002013,SAHAS,17,10,100,616.0,61600.0,ABC Securities Private Limited,Pragyan Securities (PVT) Ltd.,2026-04-29 11:38:31.313874
2026042905002014,SAHAS,17,10,60,616.0,36960.0,ABC Securities Private Limited,Pragyan Securities (PVT) Ltd.,2026-04-29 11:38:31.314484
2026042905002031,SAHAS,14,13,20,617.9,12358.0,Nepal Stock House (PVT) Ltd.,Thrive Brokerage House Pvt. Ltd,2026-04-29 11:38:58.858085
2026042905002057,SAHAS,34,62,3,612.0,1836.0,Vision Securities Pvt. Ltd,Capital Max Securities Ltd,2026-04-29 11:39:40.402044
2026042905002065,SAHAS,32,42,13,615.0,7995.0,Premier Securities Company Ltd.,Sani Securities Company Ltd.,2026-04-29 11:39:54.660973
2026042905002120,SAHAS,32,34,13,615.0,7995.0,Premier Securities Company Ltd.,Vision Securities Pvt. Ltd,2026-04-29 11:40:51.971274
2026042905002267,SAHAS,44,65,145,617.0,89465.0,Dynamic Money Managers Securities Pvt. Ltd.,Sharepro Securities Private Limited,2026-04-29 11:43:17.097582
2026042905002269,SAHAS,46,13,10,617.9,6179.0,Kalika Securities Pvt. Ltd.,Thrive Brokerage House Pvt. Ltd,2026-04-29 11:43:19.861752
2026042905002295,SAHAS,34,65,20,617.8,12356.0,Vision Securities Pvt. Ltd,Sharepro Securities Private Limited,2026-04-29 11:43:47.282980
2026042905002296,SAHAS,34,13,30,617.9,18537.0,Vision Securities Pvt. Ltd,Thrive Brokerage House Pvt. Ltd,2026-04-29 11:43:47.283285
2026042905002333,SAHAS,89,19,13,615.2,7997.6,Global IME Securities Limited,Nepal Investment And Securities Trading Private Limited,2026-04-29 11:44:42.856773
2026042905002509,SAHAS,34,10,50,615.5,30775.0,Vision Securities Pvt. Ltd,Pragyan Securities (PVT) Ltd.,2026-04-29 11:48:11.383647
2026042905002510,SAHAS,42,10,20,615.3,12306.0,Sani Securities Company Ltd.,Pragyan Securities (PVT) Ltd.,2026-04-29 11:48:11.383734
2026042905002511,SAHAS,89,10,27,615.2,16610.4,Global IME Securities Limited,Pragyan Securities (PVT) Ltd.,2026-04-29 11:48:11.383812
2026042905002512,SAHAS,13,10,93,615.2,57213.6,Thrive Brokerage House Pvt. Ltd,Pragyan Securities (PVT) Ltd.,2026-04-29 11:48:11.383869
2026042905002520,SAHAS,44,14,145,616.0,89320.0,Dynamic Money Managers Securities Pvt. Ltd.,Nepal Stock House (PVT) Ltd.,2026-04-29 11:48:30.403420
2026042905002553,SAHAS,43,94,50,615.1,30755.0,South Asian Bulls Pvt. Ltd.,K.B.L. Securities Limited ,2026-04-29 11:48:58.349484
2026042905002554,SAHAS,92,94,350,615.1,215285.0,Roadshow securities limited,K.B.L. Securities Limited ,2026-04-29 11:48:58.349762
2026042905002555,SAHAS,37,14,205,616.0,126280.0,Swarna Laxmi Securities Pvt. Ltd.,Nepal Stock House (PVT) Ltd.,2026-04-29 11:48:58.758756
2026042905002632,SAHAS,59,14,10,617.0,6170.0,Deevyaa Securities & Stock House Pvt. Ltd,Nepal Stock House (PVT) Ltd.,2026-04-29 11:50:16.689087
2026042905002639,SAHAS,37,14,15,616.0,9240.0,Swarna Laxmi Securities Pvt. Ltd.,Nepal Stock House (PVT) Ltd.,2026-04-29 11:50:33.006274
2026042905002680,SAHAS,37,14,20,616.0,12320.0,Swarna Laxmi Securities Pvt. Ltd.,Nepal Stock House (PVT) Ltd.,2026-04-29 11:50:56.966822
2026042905002718,SAHAS,37,34,13,616.0,8008.0,Swarna Laxmi Securities Pvt. Ltd.,Vision Securities Pvt. Ltd,2026-04-29 11:51:35.243364
2026042905002761,SAHAS,37,52,13,616.0,8008.0,Swarna Laxmi Securities Pvt. Ltd.,Sundhara Securities Limited,2026-04-29 11:51:48.506297
2026042905002790,SAHAS,13,32,10,617.0,6170.0,Thrive Brokerage House Pvt. Ltd,Premier Securities Company Ltd.,2026-04-29 11:52:22.004046
2026042905002817,SAHAS,13,49,17,617.0,10489.0,Thrive Brokerage House Pvt. Ltd,Online Securities Pvt. Ltd.,2026-04-29 11:52:49.051804
2026042905002851,SAHAS,53,49,20,617.0,12340.0,Investment Management Nepal Pvt. Ltd.,Online Securities Pvt. Ltd.,2026-04-29 11:53:12.255856
2026042905002929,SAHAS,37,49,63,617.0,38871.0,Swarna Laxmi Securities Pvt. Ltd.,Online Securities Pvt. Ltd.,2026-04-29 11:54:00.619708
2026042905002936,SAHAS,37,3,42,616.0,25872.0,Swarna Laxmi Securities Pvt. Ltd.,Arun Securities (PVT) Ltd.,2026-04-29 11:54:07.866018
2026042905002959,SAHAS,38,7,10,617.0,6170.0,Dipshikha Dhitopatra Karobar Co. Pvt Ltd.,J.F. Securites (PVT) Ltd.,2026-04-29 11:54:31.079874
2026042905003094,SAHAS,58,62,3,600.0,1800.0,Naasa Securities Co. Ltd.,Capital Max Securities Ltd,2026-04-29 11:56:19.185822
2026042905003148,SAHAS,58,14,10,616.5,6165.0,Naasa Securities Co. Ltd.,Nepal Stock House (PVT) Ltd.,2026-04-29 11:57:00.634816
2026042905003150,SAHAS,37,22,10,617.0,6170.0,Swarna Laxmi Securities Pvt. Ltd.,Siprabi Securities Pvt. Ltd.,2026-04-29 11:57:01.096954
2026042905003257,SAHAS,34,52,3,599.8,1799.4,Vision Securities Pvt. Ltd,Sundhara Securities Limited,2026-04-29 11:58:11.858292
2026042905003361,SAHAS,44,14,13,617.0,8021.0,Dynamic Money Managers Securities Pvt. Ltd.,Nepal Stock House (PVT) Ltd.,2026-04-29 11:59:41.596552
2026042905003388,SAHAS,44,50,172,617.0,106124.0,Dynamic Money Managers Securities Pvt. Ltd.,Cristal Kanchanjanga Securites Pvt. Ltd.,2026-04-29 12:00:04.121143
2026042905003389,SAHAS,32,50,210,617.0,129570.0,Premier Securities Company Ltd.,Cristal Kanchanjanga Securites Pvt. Ltd.,2026-04-29 12:00:04.121431
2026042905003390,SAHAS,45,50,118,617.0,72806.0,Imperial Securities Company Pvt. Ltd.,Cristal Kanchanjanga Securites Pvt. Ltd.,2026-04-29 12:00:04.742279
2026042905003407,SAHAS,45,14,15,617.0,9255.0,Imperial Securities Company Pvt. Ltd.,Nepal Stock House (PVT) Ltd.,2026-04-29 12:00:34.515836
2026042905003412,SAHAS,45,14,13,617.0,8021.0,Imperial Securities Company Pvt. Ltd.,Nepal Stock House (PVT) Ltd.,2026-04-29 12:00:43.495791
2026042905003421,SAHAS,45,39,54,617.0,33318.0,Imperial Securities Company Pvt. Ltd.,Sumeru Securities Pvt. Ltd.,2026-04-29 12:00:51.100114
2026042905003467,SAHAS,42,65,200,616.1,123220.0,Sani Securities Company Ltd.,Sharepro Securities Private Limited,2026-04-29 12:02:06.636558
2026042905003495,SAHAS,37,60,197,616.0,121352.0,Swarna Laxmi Securities Pvt. Ltd.,Nagarik Stock Dealer ,2026-04-29 12:02:42.763773
2026042905003496,SAHAS,34,60,74,616.0,45584.0,Vision Securities Pvt. Ltd,Nagarik Stock Dealer ,2026-04-29 12:02:42.764122
2026042905003558,SAHAS,34,4,60,616.0,36960.0,Vision Securities Pvt. Ltd,Opal Securities Investment (PVT) Ltd.,2026-04-29 12:03:23.366983
2026042905003589,SAHAS,34,1,65,616.0,40040.0,Vision Securities Pvt. Ltd,Kumari Securities Private Limited,2026-04-29 12:03:39.231737
2026042905003601,SAHAS,34,57,13,616.0,8008.0,Vision Securities Pvt. Ltd,Aryatara Investment & Securities,2026-04-29 12:03:47.725734
2026042905003625,SAHAS,34,58,10,616.0,6160.0,Vision Securities Pvt. Ltd,Naasa Securities Co. Ltd.,2026-04-29 12:04:05.750146
2026042905003713,SAHAS,34,34,40,616.0,24640.0,Vision Securities Pvt. Ltd,Vision Securities Pvt. Ltd,2026-04-29 12:05:41.520387
2026042905003729,SAHAS,34,58,3,612.5,1837.5,Vision Securities Pvt. Ltd,Naasa Securities Co. Ltd.,2026-04-29 12:06:01.901856
2026042905003747,SAHAS,34,26,30,616.0,18480.0,Vision Securities Pvt. Ltd,Asian Securities Private Ltd.,2026-04-29 12:06:37.223125
2026042905003759,SAHAS,34,18,13,616.0,8008.0,Vision Securities Pvt. Ltd,Sagarmatha Securities Private Limited,2026-04-29 12:07:03.940530
2026042905003808,SAHAS,34,22,10,616.0,6160.0,Vision Securities Pvt. Ltd,Siprabi Securities Pvt. Ltd.,2026-04-29 12:07:55.378046
2026042905003815,SAHAS,34,49,150,616.0,92400.0,Vision Securities Pvt. Ltd,Online Securities Pvt. Ltd.,2026-04-29 12:08:10.469759
2026042905003836,SAHAS,34,49,13,616.0,8008.0,Vision Securities Pvt. Ltd,Online Securities Pvt. Ltd.,2026-04-29 12:08:36.963214
2026042905003898,SAHAS,58,65,50,616.9,30845.0,Naasa Securities Co. Ltd.,Sharepro Securities Private Limited,2026-04-29 12:10:04.943407
2026042905004012,SAHAS,34,52,13,616.0,8008.0,Vision Securities Pvt. Ltd,Sundhara Securities Limited,2026-04-29 12:12:37.401116
2026042905004017,SAHAS,14,65,15,616.9,9253.5,Nepal Stock House (PVT) Ltd.,Sharepro Securities Private Limited,2026-04-29 12:12:51.716943
2026042905004025,SAHAS,34,36,13,616.0,8008.0,Vision Securities Pvt. Ltd,Secured Securities Ltd.,2026-04-29 12:12:52.787149
2026042905004050,SAHAS,35,49,15,616.1,9241.5,Kohinoor Investment & Securities Pvt. Ltd.,Online Securities Pvt. Ltd.,2026-04-29 12:13:30.996631
2026042905004051,SAHAS,34,49,15,616.0,9240.0,Vision Securities Pvt. Ltd,Online Securities Pvt. Ltd.,2026-04-29 12:13:30.996958
2026042905004177,SAHAS,92,58,13,616.4,8013.2,Roadshow securities limited,Naasa Securities Co. Ltd.,2026-04-29 12:15:36.880767
2026042905004178,SAHAS,92,65,35,616.9,21591.5,Roadshow securities limited,Sharepro Securities Private Limited,2026-04-29 12:15:36.881209
2026042905004179,SAHAS,92,39,246,617.0,151782.0,Roadshow securities limited,Sumeru Securities Pvt. Ltd.,2026-04-29 12:15:36.881366
2026042905004180,SAHAS,92,38,6,617.0,3702.0,Roadshow securities limited,Dipshikha Dhitopatra Karobar Co. Pvt Ltd.,2026-04-29 12:15:36.881464
2026042905004194,SAHAS,34,19,13,616.0,8008.0,Vision Securities Pvt. Ltd,Nepal Investment And Securities Trading Private Limited,2026-04-29 12:15:54.960702
2026042905004280,SAHAS,58,58,13,617.0,8021.0,Naasa Securities Co. Ltd.,Naasa Securities Co. Ltd.,2026-04-29 12:17:10.515853
2026042905004281,SAHAS,58,22,10,617.0,6170.0,Naasa Securities Co. Ltd.,Siprabi Securities Pvt. Ltd.,2026-04-29 12:17:10.516226
2026042905004360,SAHAS,57,14,13,617.5,8027.5,Aryatara Investment & Securities,Nepal Stock House (PVT) Ltd.,2026-04-29 12:18:36.090282
2026042905004361,SAHAS,57,65,10,617.6,6176.0,Aryatara Investment & Securities,Sharepro Securities Private Limited,2026-04-29 12:18:36.090672
2026042905004362,SAHAS,57,42,100,617.7,61770.0,Aryatara Investment & Securities,Sani Securities Company Ltd.,2026-04-29 12:18:36.090820
2026042905004363,SAHAS,57,65,20,617.8,12356.0,Aryatara Investment & Securities,Sharepro Securities Private Limited,2026-04-29 12:18:36.090963
2026042905004364,SAHAS,57,17,13,617.8,8031.4,Aryatara Investment & Securities,ABC Securities Private Limited,2026-04-29 12:18:36.091101
2026042905004365,SAHAS,57,8,100,617.8,61780.0,Aryatara Investment & Securities,Brilliant Securities Pvt. Ltd.,2026-04-29 12:18:36.091239
2026042905004366,SAHAS,57,42,13,617.8,8031.4,Aryatara Investment & Securities,Sani Securities Company Ltd.,2026-04-29 12:18:36.091387
2026042905004367,SAHAS,57,13,80,617.9,49432.0,Aryatara Investment & Securities,Thrive Brokerage House Pvt. Ltd,2026-04-29 12:18:36.091528
2026042905004368,SAHAS,57,8,100,617.9,61790.0,Aryatara Investment & Securities,Brilliant Securities Pvt. Ltd.,2026-04-29 12:18:36.091668
2026042905004397,SAHAS,32,14,400,616.5,246600.0,Premier Securities Company Ltd.,Nepal Stock House (PVT) Ltd.,2026-04-29 12:19:29.160275
2026042905004492,SAHAS,37,36,53,616.7,32685.1,Swarna Laxmi Securities Pvt. Ltd.,Secured Securities Ltd.,2026-04-29 12:21:24.372673
2026042905004512,SAHAS,63,11,25,617.0,15425.0,Himalayan Brokerage Company Limited,Malla & Malla Stock Broking Company Pvt. Limited,2026-04-29 12:21:53.181700
2026042905004519,SAHAS,57,11,75,617.0,46275.0,Aryatara Investment & Securities,Malla & Malla Stock Broking Company Pvt. Limited,2026-04-29 12:21:59.071467
2026042905004570,SAHAS,37,74,100,617.9,61790.0,Swarna Laxmi Securities Pvt. Ltd.,KALASH STOCK MARKET PVT. LTD.,2026-04-29 12:23:07.169330
2026042905004580,SAHAS,57,56,10,617.0,6170.0,Aryatara Investment & Securities,Sri Hari Securities Pvt. Ltd.,2026-04-29 12:23:18.476221
2026042905004614,SAHAS,57,47,13,617.0,8021.0,Aryatara Investment & Securities,Neev Securities Pvt. Ltd.,2026-04-29 12:23:54.740181
2026042905004687,SAHAS,58,48,10,617.0,6170.0,Naasa Securities Co. Ltd.,Trishakti Securities Public Limited,2026-04-29 12:25:17.469409
2026042905004688,SAHAS,4,48,100,617.0,61700.0,Opal Securities Investment (PVT) Ltd.,Trishakti Securities Public Limited,2026-04-29 12:25:17.469784
2026042905004689,SAHAS,57,48,40,617.0,24680.0,Aryatara Investment & Securities,Trishakti Securities Public Limited,2026-04-29 12:25:17.469929
2026042905004690,SAHAS,37,48,100,616.7,61670.0,Swarna Laxmi Securities Pvt. Ltd.,Trishakti Securities Public Limited,2026-04-29 12:25:17.470076
2026042905004711,SAHAS,17,48,100,617.0,61700.0,ABC Securities Private Limited,Trishakti Securities Public Limited,2026-04-29 12:25:41.301825
2026042905004785,SAHAS,17,50,54,618.0,33372.0,ABC Securities Private Limited,Cristal Kanchanjanga Securites Pvt. Ltd.,2026-04-29 12:27:22.792879
2026042905004786,SAHAS,17,50,200,618.0,123600.0,ABC Securities Private Limited,Cristal Kanchanjanga Securites Pvt. Ltd.,2026-04-29 12:27:22.793208
2026042905004787,SAHAS,17,42,100,618.0,61800.0,ABC Securities Private Limited,Sani Securities Company Ltd.,2026-04-29 12:27:22.793365
2026042905004788,SAHAS,17,68,30,618.0,18540.0,ABC Securities Private Limited,Elite Stock House Limited,2026-04-29 12:27:22.793509
2026042905004789,SAHAS,17,58,13,618.0,8034.0,ABC Securities Private Limited,Naasa Securities Co. Ltd.,2026-04-29 12:27:22.793648
2026042905004790,SAHAS,17,58,3,618.0,1854.0,ABC Securities Private Limited,Naasa Securities Co. Ltd.,2026-04-29 12:27:22.793734
2026042905004795,SAHAS,37,54,160,618.0,98880.0,Swarna Laxmi Securities Pvt. Ltd.,Sewa Securities Pvt. Ltd.,2026-04-29 12:27:34.039307
2026042905004796,SAHAS,37,45,50,618.0,30900.0,Swarna Laxmi Securities Pvt. Ltd.,Imperial Securities Company Pvt. Ltd.,2026-04-29 12:27:34.039954
2026042905004797,SAHAS,37,13,13,618.0,8034.0,Swarna Laxmi Securities Pvt. Ltd.,Thrive Brokerage House Pvt. Ltd,2026-04-29 12:27:34.040404
2026042905004798,SAHAS,37,48,77,618.0,47586.0,Swarna Laxmi Securities Pvt. Ltd.,Trishakti Securities Public Limited,2026-04-29 12:27:34.040826
2026042905004807,SAHAS,6,48,20,618.0,12360.0,Agrawal Securities (PVT) Ltd.,Trishakti Securities Public Limited,2026-04-29 12:27:52.909271
2026042905004835,SAHAS,58,57,13,618.0,8034.0,Naasa Securities Co. Ltd.,Aryatara Investment & Securities,2026-04-29 12:28:15.829006
2026042905004855,SAHAS,58,58,13,618.0,8034.0,Naasa Securities Co. Ltd.,Naasa Securities Co. Ltd.,2026-04-29 12:28:44.193988
2026042905004868,SAHAS,57,1,100,618.6,61860.0,Aryatara Investment & Securities,Kumari Securities Private Limited,2026-04-29 12:28:53.287648
2026042905004894,SAHAS,62,87,3,614.0,1842.0,Capital Max Securities Ltd,S.P.S.A. Securities Limited,2026-04-29 12:29:15.529392
2026042905004895,SAHAS,62,21,3,615.0,1845.0,Capital Max Securities Ltd,Midas Stock Broking Company Private Limited,2026-04-29 12:29:25.596792
2026042905004897,SAHAS,62,89,2,615.0,1230.0,Capital Max Securities Ltd,Global IME Securities Limited,2026-04-29 12:29:36.332986
2026042905004903,SAHAS,62,5,1,615.0,615.0,Capital Max Securities Ltd,Market Securities & Exchange (PVT) Ltd.,2026-04-29 12:29:46.202802
2026042905004911,SAHAS,58,28,10,618.0,6180.0,Naasa Securities Co. Ltd.,Shree Krishna Securities Ltd.,2026-04-29 12:29:53.593059
2026042905004918,SAHAS,59,48,50,618.8,30940.0,Deevyaa Securities & Stock House Pvt. Ltd,Trishakti Securities Public Limited,2026-04-29 12:30:00.580360
2026042905004919,SAHAS,59,70,78,618.9,48274.2,Deevyaa Securities & Stock House Pvt. Ltd,Infinity Securities Limited,2026-04-29 12:30:00.581006
2026042905004920,SAHAS,59,50,22,619.0,13618.0,Deevyaa Securities & Stock House Pvt. Ltd,Cristal Kanchanjanga Securites Pvt. Ltd.,2026-04-29 12:30:00.581464
2026042905004921,SAHAS,58,58,10,618.0,6180.0,Naasa Securities Co. Ltd.,Naasa Securities Co. Ltd.,2026-04-29 12:30:04.720886
2026042905004937,SAHAS,57,50,100,619.0,61900.0,Aryatara Investment & Securities,Cristal Kanchanjanga Securites Pvt. Ltd.,2026-04-29 12:30:36.908367
2026042905004942,SAHAS,58,29,13,618.0,8034.0,Naasa Securities Co. Ltd.,Trisul Securities & Invt. Ltd.,2026-04-29 12:30:47.867095
2026042905004943,SAHAS,34,29,87,618.0,53766.0,Vision Securities Pvt. Ltd,Trisul Securities & Invt. Ltd.,2026-04-29 12:30:47.867449
2026042905004944,SAHAS,34,48,3,618.0,1854.0,Vision Securities Pvt. Ltd,Trishakti Securities Public Limited,2026-04-29 12:30:47.867529
2026042905004999,SAHAS,45,45,13,616.8,8018.4,Imperial Securities Company Pvt. Ltd.,Imperial Securities Company Pvt. Ltd.,2026-04-29 12:32:19.513728
2026042905005019,SAHAS,18,50,20,619.0,12380.0,Sagarmatha Securities Private Limited,Cristal Kanchanjanga Securites Pvt. Ltd.,2026-04-29 12:32:56.626082
2026042905005163,SAHAS,16,42,10,618.0,6180.0,Primo Securities (PVT) Ltd.,Sani Securities Company Ltd.,2026-04-29 12:37:00.981082
2026042905005186,SAHAS,16,36,13,618.0,8034.0,Primo Securities (PVT) Ltd.,Secured Securities Ltd.,2026-04-29 12:37:29.730067
2026042905005219,SAHAS,16,17,155,618.0,95790.0,Primo Securities (PVT) Ltd.,ABC Securities Private Limited,2026-04-29 12:38:01.752193
2026042905005247,SAHAS,34,50,40,618.9,24756.0,Vision Securities Pvt. Ltd,Cristal Kanchanjanga Securites Pvt. Ltd.,2026-04-29 12:38:50.528900
2026042905005248,SAHAS,34,50,58,619.0,35902.0,Vision Securities Pvt. Ltd,Cristal Kanchanjanga Securites Pvt. Ltd.,2026-04-29 12:38:50.529581
2026042905005249,SAHAS,34,36,7000,619.0,4333000.0,Vision Securities Pvt. Ltd,Secured Securities Ltd.,2026-04-29 12:38:50.530042
2026042905005250,SAHAS,34,58,130,619.0,80470.0,Vision Securities Pvt. Ltd,Naasa Securities Co. Ltd.,2026-04-29 12:38:50.530513
2026042905005251,SAHAS,34,58,10,619.0,6190.0,Vision Securities Pvt. Ltd,Naasa Securities Co. Ltd.,2026-04-29 12:38:50.530964
2026042905005252,SAHAS,34,67,160,619.0,99040.0,Vision Securities Pvt. Ltd,Property Wiard Limited,2026-04-29 12:38:50.531425
2026042905005254,SAHAS,16,28,13,618.0,8034.0,Primo Securities (PVT) Ltd.,Shree Krishna Securities Ltd.,2026-04-29 12:38:53.676616
2026042905005321,SAHAS,26,58,3,601.0,1803.0,Asian Securities Private Ltd.,Naasa Securities Co. Ltd.,2026-04-29 12:39:50.873056
2026042905005333,SAHAS,37,67,40,619.0,24760.0,Swarna Laxmi Securities Pvt. Ltd.,Property Wiard Limited,2026-04-29 12:40:04.211284
2026042905005370,SAHAS,16,65,13,618.0,8034.0,Primo Securities (PVT) Ltd.,Sharepro Securities Private Limited,2026-04-29 12:40:34.086237
2026042905005387,SAHAS,16,39,31,618.0,19158.0,Primo Securities (PVT) Ltd.,Sumeru Securities Pvt. Ltd.,2026-04-29 12:41:02.531043
2026042905005420,SAHAS,45,32,10,616.8,6168.0,Imperial Securities Company Pvt. Ltd.,Premier Securities Company Ltd.,2026-04-29 12:41:49.883299
2026042905005421,SAHAS,49,32,100,616.8,61680.0,Online Securities Pvt. Ltd.,Premier Securities Company Ltd.,2026-04-29 12:41:49.883676
2026042905005541,SAHAS,6,41,13,617.1,8022.3,Agrawal Securities (PVT) Ltd.,Linch Stock Market Ltd.,2026-04-29 12:44:19.876033
2026042905005624,SAHAS,6,66,10,617.1,6171.0,Agrawal Securities (PVT) Ltd.,Miyo Securities Pvt Ltd,2026-04-29 12:46:10.849090
2026042905005625,SAHAS,6,84,177,617.1,109226.7,Agrawal Securities (PVT) Ltd.,MILKY WAY SHARE BROKER COMPANY LTD ,2026-04-29 12:46:12.627190
2026042905005626,SAHAS,59,84,637,617.0,393029.0,Deevyaa Securities & Stock House Pvt. Ltd,MILKY WAY SHARE BROKER COMPANY LTD ,2026-04-29 12:46:12.627556
2026042905005640,SAHAS,59,14,500,617.0,308500.0,Deevyaa Securities & Stock House Pvt. Ltd,Nepal Stock House (PVT) Ltd.,2026-04-29 12:47:02.198857
2026042905005667,SAHAS,59,34,13,617.0,8021.0,Deevyaa Securities & Stock House Pvt. Ltd,Vision Securities Pvt. Ltd,2026-04-29 12:47:47.068464
2026042905005727,SAHAS,59,58,50,617.0,30850.0,Deevyaa Securities & Stock House Pvt. Ltd,Naasa Securities Co. Ltd.,2026-04-29 12:49:29.681677
2026042905005741,SAHAS,59,75,25,617.0,15425.0,Deevyaa Securities & Stock House Pvt. Ltd,N.I.M.B. Stock Markets Limited,2026-04-29 12:49:41.022896
2026042905005773,SAHAS,59,6,13,617.0,8021.0,Deevyaa Securities & Stock House Pvt. Ltd,Agrawal Securities (PVT) Ltd.,2026-04-29 12:49:58.048897
2026042905005952,SAHAS,34,41,13,617.1,8022.3,Vision Securities Pvt. Ltd,Linch Stock Market Ltd.,2026-04-29 12:53:51.467491
2026042905005953,SAHAS,74,43,10,618.0,6180.0,KALASH STOCK MARKET PVT. LTD.,South Asian Bulls Pvt. Ltd.,2026-04-29 12:53:55.655182
2026042905005955,SAHAS,34,44,15,617.1,9256.5,Vision Securities Pvt. Ltd,Dynamic Money Managers Securities Pvt. Ltd.,2026-04-29 12:53:59.951747
2026042905005956,SAHAS,58,44,20,617.1,12342.0,Naasa Securities Co. Ltd.,Dynamic Money Managers Securities Pvt. Ltd.,2026-04-29 12:53:59.952125
2026042905005957,SAHAS,59,44,565,617.0,348605.0,Deevyaa Securities & Stock House Pvt. Ltd,Dynamic Money Managers Securities Pvt. Ltd.,2026-04-29 12:53:59.952293
2026042905005969,SAHAS,59,39,10,617.0,6170.0,Deevyaa Securities & Stock House Pvt. Ltd,Sumeru Securities Pvt. Ltd.,2026-04-29 12:54:15.654772
2026042905005972,SAHAS,59,25,150,617.0,92550.0,Deevyaa Securities & Stock House Pvt. Ltd,Sweta Securities Private Limited,2026-04-29 12:54:21.711615
2026042905006114,SAHAS,59,44,13,617.0,8021.0,Deevyaa Securities & Stock House Pvt. Ltd,Dynamic Money Managers Securities Pvt. Ltd.,2026-04-29 12:57:13.816294
2026042905006119,SAHAS,59,58,13,617.0,8021.0,Deevyaa Securities & Stock House Pvt. Ltd,Naasa Securities Co. Ltd.,2026-04-29 12:57:21.155156
2026042905006197,SAHAS,59,58,11,617.0,6787.0,Deevyaa Securities & Stock House Pvt. Ltd,Naasa Securities Co. Ltd.,2026-04-29 12:58:48.148103
2026042905006199,SAHAS,43,59,77,617.0,47509.0,South Asian Bulls Pvt. Ltd.,Deevyaa Securities & Stock House Pvt. Ltd,2026-04-29 12:58:51.799574
2026042905006209,SAHAS,58,58,10,617.0,6170.0,Naasa Securities Co. Ltd.,Naasa Securities Co. Ltd.,2026-04-29 12:58:59.657000
2026042905006210,SAHAS,58,58,15,617.0,9255.0,Naasa Securities Co. Ltd.,Naasa Securities Co. Ltd.,2026-04-29 12:58:59.657714
2026042905006239,SAHAS,38,26,13,617.0,8021.0,Dipshikha Dhitopatra Karobar Co. Pvt Ltd.,Asian Securities Private Ltd.,2026-04-29 12:59:55.286024
2026042905006402,SAHAS,38,3,13,617.0,8021.0,Dipshikha Dhitopatra Karobar Co. Pvt Ltd.,Arun Securities (PVT) Ltd.,2026-04-29 13:03:27.561225
2026042905006493,SAHAS,34,8,100,617.0,61700.0,Vision Securities Pvt. Ltd,Brilliant Securities Pvt. Ltd.,2026-04-29 13:04:29.203705
2026042905006494,SAHAS,58,8,20,617.0,12340.0,Naasa Securities Co. Ltd.,Brilliant Securities Pvt. Ltd.,2026-04-29 13:04:29.204102
2026042905006495,SAHAS,40,8,200,617.0,123400.0,Creative Securities Pvt Ltd,Brilliant Securities Pvt. Ltd.,2026-04-29 13:04:29.204271
2026042905006496,SAHAS,40,8,680,617.0,419560.0,Creative Securities Pvt Ltd,Brilliant Securities Pvt. Ltd.,2026-04-29 13:04:29.204442
2026042905006537,SAHAS,40,54,120,617.0,74040.0,Creative Securities Pvt Ltd,Sewa Securities Pvt. Ltd.,2026-04-29 13:05:31.915621
2026042905006549,SAHAS,44,35,10,617.0,6170.0,Dynamic Money Managers Securities Pvt. Ltd.,Kohinoor Investment & Securities Pvt. Ltd.,2026-04-29 13:05:52.331474
2026042905006609,SAHAS,45,43,80,618.0,49440.0,Imperial Securities Company Pvt. Ltd.,South Asian Bulls Pvt. Ltd.,2026-04-29 13:06:49.966976
2026042905006610,SAHAS,45,6,220,618.0,135960.0,Imperial Securities Company Pvt. Ltd.,Agrawal Securities (PVT) Ltd.,2026-04-29 13:06:49.967745
2026042905006651,SAHAS,44,4,13,617.0,8021.0,Dynamic Money Managers Securities Pvt. Ltd.,Opal Securities Investment (PVT) Ltd.,2026-04-29 13:07:31.939659
2026042905006660,SAHAS,88,6,12,618.0,7416.0,Blue Chip Securities Ltd,Agrawal Securities (PVT) Ltd.,2026-04-29 13:07:44.642471
2026042905006666,SAHAS,44,35,10,617.0,6170.0,Dynamic Money Managers Securities Pvt. Ltd.,Kohinoor Investment & Securities Pvt. Ltd.,2026-04-29 13:07:56.248433
2026042905006714,SAHAS,44,25,12,617.0,7404.0,Dynamic Money Managers Securities Pvt. Ltd.,Sweta Securities Private Limited,2026-04-29 13:08:27.692223
2026042905006781,SAHAS,58,6,13,616.9,8019.7,Naasa Securities Co. Ltd.,Agrawal Securities (PVT) Ltd.,2026-04-29 13:10:36.674686
2026042905006784,SAHAS,37,22,10,616.7,6167.0,Swarna Laxmi Securities Pvt. Ltd.,Siprabi Securities Pvt. Ltd.,2026-04-29 13:10:43.827525
2026042905006900,SAHAS,37,38,10,616.7,6167.0,Swarna Laxmi Securities Pvt. Ltd.,Dipshikha Dhitopatra Karobar Co. Pvt Ltd.,2026-04-29 13:12:59.616584
2026042905006901,SAHAS,37,45,13,616.7,8017.1,Swarna Laxmi Securities Pvt. Ltd.,Imperial Securities Company Pvt. Ltd.,2026-04-29 13:13:02.943405
2026042905006915,SAHAS,48,58,100,617.0,61700.0,Trishakti Securities Public Limited,Naasa Securities Co. Ltd.,2026-04-29 13:13:31.486727
2026042905006916,SAHAS,48,25,13,617.0,8021.0,Trishakti Securities Public Limited,Sweta Securities Private Limited,2026-04-29 13:13:31.487498
2026042905007068,SAHAS,58,6,13,617.2,8023.6,Naasa Securities Co. Ltd.,Agrawal Securities (PVT) Ltd.,2026-04-29 13:17:04.393081
2026042905007220,SAHAS,57,45,25,617.3,15432.5,Aryatara Investment & Securities,Imperial Securities Company Pvt. Ltd.,2026-04-29 13:20:31.723549
2026042905007221,SAHAS,58,45,85,617.3,52470.5,Naasa Securities Co. Ltd.,Imperial Securities Company Pvt. Ltd.,2026-04-29 13:20:31.724410
2026042905007225,SAHAS,49,6,110,618.0,67980.0,Online Securities Pvt. Ltd.,Agrawal Securities (PVT) Ltd.,2026-04-29 13:20:34.397596
2026042905007241,SAHAS,4,6,15,618.0,9270.0,Opal Securities Investment (PVT) Ltd.,Agrawal Securities (PVT) Ltd.,2026-04-29 13:20:54.524474
2026042905007242,SAHAS,34,6,20,618.0,12360.0,Vision Securities Pvt. Ltd,Agrawal Securities (PVT) Ltd.,2026-04-29 13:20:55.638382
2026042905007259,SAHAS,56,59,99,617.5,61132.5,Sri Hari Securities Pvt. Ltd.,Deevyaa Securities & Stock House Pvt. Ltd,2026-04-29 13:21:19.508837
2026042905007263,SAHAS,58,54,13,617.3,8024.9,Naasa Securities Co. Ltd.,Sewa Securities Pvt. Ltd.,2026-04-29 13:21:30.694085
2026042905007312,SAHAS,58,6,13,617.2,8023.6,Naasa Securities Co. Ltd.,Agrawal Securities (PVT) Ltd.,2026-04-29 13:22:40.753214
2026042905007382,SAHAS,58,64,13,617.2,8023.6,Naasa Securities Co. Ltd.,SUN SECURITIES PVT LTD,2026-04-29 13:24:04.898248
2026042905007446,SAHAS,58,59,261,617.2,161089.2,Naasa Securities Co. Ltd.,Deevyaa Securities & Stock House Pvt. Ltd,2026-04-29 13:25:36.368146
2026042905007447,SAHAS,48,59,87,617.0,53679.0,Trishakti Securities Public Limited,Deevyaa Securities & Stock House Pvt. Ltd,2026-04-29 13:25:36.368895
2026042905007448,SAHAS,34,59,553,617.0,341201.0,Vision Securities Pvt. Ltd,Deevyaa Securities & Stock House Pvt. Ltd,2026-04-29 13:25:36.369468
2026042905007487,SAHAS,34,57,284,617.0,175228.0,Vision Securities Pvt. Ltd,Aryatara Investment & Securities,2026-04-29 13:26:17.845677
2026042905007490,SAHAS,34,86,20,617.0,12340.0,Vision Securities Pvt. Ltd,Stoxkarts Securities Limited,2026-04-29 13:26:19.024147
2026042905007507,SAHAS,59,6,623,618.0,385014.0,Deevyaa Securities & Stock House Pvt. Ltd,Agrawal Securities (PVT) Ltd.,2026-04-29 13:26:32.397119
2026042905007508,SAHAS,59,50,274,618.0,169332.0,Deevyaa Securities & Stock House Pvt. Ltd,Cristal Kanchanjanga Securites Pvt. Ltd.,2026-04-29 13:26:32.397518
2026042905007509,SAHAS,59,50,1200,618.0,741600.0,Deevyaa Securities & Stock House Pvt. Ltd,Cristal Kanchanjanga Securites Pvt. Ltd.,2026-04-29 13:26:32.397697
2026042905007604,SAHAS,59,19,100,618.0,61800.0,Deevyaa Securities & Stock House Pvt. Ltd,Nepal Investment And Securities Trading Private Limited,2026-04-29 13:28:47.383649
2026042905007651,SAHAS,59,34,75,618.0,46350.0,Deevyaa Securities & Stock House Pvt. Ltd,Vision Securities Pvt. Ltd,2026-04-29 13:29:45.991762
2026042905007677,SAHAS,57,42,100,618.6,61860.0,Aryatara Investment & Securities,Sani Securities Company Ltd.,2026-04-29 13:30:58.301659
2026042905007678,SAHAS,57,8,300,618.6,185580.0,Aryatara Investment & Securities,Brilliant Securities Pvt. Ltd.,2026-04-29 13:30:58.302472
2026042905007679,SAHAS,57,8,100,618.7,61870.0,Aryatara Investment & Securities,Brilliant Securities Pvt. Ltd.,2026-04-29 13:30:58.302988
2026042905007696,SAHAS,57,8,500,618.7,309350.0,Aryatara Investment & Securities,Brilliant Securities Pvt. Ltd.,2026-04-29 13:31:07.402396
2026042905007700,SAHAS,57,8,400,618.7,247480.0,Aryatara Investment & Securities,Brilliant Securities Pvt. Ltd.,2026-04-29 13:31:21.273285
2026042905007701,SAHAS,57,26,51,618.8,31558.8,Aryatara Investment & Securities,Asian Securities Private Ltd.,2026-04-29 13:31:21.273736
2026042905007749,SAHAS,57,26,50,618.8,30940.0,Aryatara Investment & Securities,Asian Securities Private Ltd.,2026-04-29 13:31:57.168350
2026042905007750,SAHAS,59,26,899,618.8,556301.2,Deevyaa Securities & Stock House Pvt. Ltd,Asian Securities Private Ltd.,2026-04-29 13:31:57.822401
2026042905007751,SAHAS,59,4,13,618.9,8045.7,Deevyaa Securities & Stock House Pvt. Ltd,Opal Securities Investment (PVT) Ltd.,2026-04-29 13:31:57.823169
2026042905007752,SAHAS,59,42,13,619.0,8047.0,Deevyaa Securities & Stock House Pvt. Ltd,Sani Securities Company Ltd.,2026-04-29 13:31:57.823710
2026042905007753,SAHAS,59,19,50,619.0,30950.0,Deevyaa Securities & Stock House Pvt. Ltd,Nepal Investment And Securities Trading Private Limited,2026-04-29 13:31:57.824212
2026042905007754,SAHAS,59,44,200,619.0,123800.0,Deevyaa Securities & Stock House Pvt. Ltd,Dynamic Money Managers Securities Pvt. Ltd.,2026-04-29 13:31:57.824740
2026042905007755,SAHAS,59,8,1000,619.0,619000.0,Deevyaa Securities & Stock House Pvt. Ltd,Brilliant Securities Pvt. Ltd.,2026-04-29 13:31:57.825263
2026042905007756,SAHAS,59,58,10,619.0,6190.0,Deevyaa Securities & Stock House Pvt. Ltd,Naasa Securities Co. Ltd.,2026-04-29 13:31:57.825788
2026042905007757,SAHAS,59,52,30,619.0,18570.0,Deevyaa Securities & Stock House Pvt. Ltd,Sundhara Securities Limited,2026-04-29 13:31:57.826284
2026042905007758,SAHAS,59,29,606,619.0,375114.0,Deevyaa Securities & Stock House Pvt. Ltd,Trisul Securities & Invt. Ltd.,2026-04-29 13:31:57.826805
2026042905007795,SAHAS,59,34,100,619.0,61900.0,Deevyaa Securities & Stock House Pvt. Ltd,Vision Securities Pvt. Ltd,2026-04-29 13:32:56.771041
2026042905007819,SAHAS,59,17,79,619.0,48901.0,Deevyaa Securities & Stock House Pvt. Ltd,ABC Securities Private Limited,2026-04-29 13:33:24.426379
2026042905007820,SAHAS,4,17,21,619.0,12999.0,Opal Securities Investment (PVT) Ltd.,ABC Securities Private Limited,2026-04-29 13:33:24.426846
2026042905007835,SAHAS,48,16,500,618.5,309250.0,Trishakti Securities Public Limited,Primo Securities (PVT) Ltd.,2026-04-29 13:33:57.983834
2026042905007836,SAHAS,59,16,160,618.0,98880.0,Deevyaa Securities & Stock House Pvt. Ltd,Primo Securities (PVT) Ltd.,2026-04-29 13:33:57.983940
2026042905007853,SAHAS,59,46,1069,618.0,660642.0,Deevyaa Securities & Stock House Pvt. Ltd,Kalika Securities Pvt. Ltd.,2026-04-29 13:34:30.806159
2026042905007854,SAHAS,59,34,73,618.0,45114.0,Deevyaa Securities & Stock House Pvt. Ltd,Vision Securities Pvt. Ltd,2026-04-29 13:34:32.310703
2026042905007888,SAHAS,43,48,13,618.1,8035.3,South Asian Bulls Pvt. Ltd.,Trishakti Securities Public Limited,2026-04-29 13:35:31.477390
2026042905007896,SAHAS,50,51,10,619.0,6190.0,Cristal Kanchanjanga Securites Pvt. Ltd.,Oxford Securities Pvt. Ltd.,2026-04-29 13:35:46.167410
2026042905007897,SAHAS,50,74,50,619.0,30950.0,Cristal Kanchanjanga Securites Pvt. Ltd.,KALASH STOCK MARKET PVT. LTD.,2026-04-29 13:35:46.168196
2026042905007913,SAHAS,50,51,13,619.0,8047.0,Cristal Kanchanjanga Securites Pvt. Ltd.,Oxford Securities Pvt. Ltd.,2026-04-29 13:36:04.882025
2026042905007941,SAHAS,50,42,77,619.1,47670.7,Cristal Kanchanjanga Securites Pvt. Ltd.,Sani Securities Company Ltd.,2026-04-29 13:37:05.600615
2026042905007953,SAHAS,57,42,100,619.1,61910.0,Aryatara Investment & Securities,Sani Securities Company Ltd.,2026-04-29 13:37:30.461934
2026042905007965,SAHAS,4,11,14,618.2,8654.8,Opal Securities Investment (PVT) Ltd.,Malla & Malla Stock Broking Company Pvt. Limited,2026-04-29 13:37:45.183651
2026042905007966,SAHAS,43,11,70,618.1,43267.0,South Asian Bulls Pvt. Ltd.,Malla & Malla Stock Broking Company Pvt. Limited,2026-04-29 13:37:45.184444
2026042905008032,SAHAS,43,25,13,618.1,8035.3,South Asian Bulls Pvt. Ltd.,Sweta Securities Private Limited,2026-04-29 13:39:40.323178
2026042905008061,SAHAS,59,1,13,618.0,8034.0,Deevyaa Securities & Stock House Pvt. Ltd,Kumari Securities Private Limited,2026-04-29 13:40:38.702792
2026042905008095,SAHAS,59,50,1413,618.0,873234.0,Deevyaa Securities & Stock House Pvt. Ltd,Cristal Kanchanjanga Securites Pvt. Ltd.,2026-04-29 13:41:43.527530
2026042905008096,SAHAS,49,50,160,618.0,98880.0,Online Securities Pvt. Ltd.,Cristal Kanchanjanga Securites Pvt. Ltd.,2026-04-29 13:41:43.528386
2026042905008097,SAHAS,34,50,27,618.0,16686.0,Vision Securities Pvt. Ltd,Cristal Kanchanjanga Securites Pvt. Ltd.,2026-04-29 13:41:43.528919
2026042905008136,SAHAS,49,34,20,619.0,12380.0,Online Securities Pvt. Ltd.,Vision Securities Pvt. Ltd,2026-04-29 13:42:14.376286
2026042905008137,SAHAS,49,35,20,619.0,12380.0,Online Securities Pvt. Ltd.,Kohinoor Investment & Securities Pvt. Ltd.,2026-04-29 13:42:14.376743
2026042905008171,SAHAS,32,42,16,618.0,9888.0,Premier Securities Company Ltd.,Sani Securities Company Ltd.,2026-04-29 13:43:02.547546
2026042905008188,SAHAS,34,63,13,617.0,8021.0,Vision Securities Pvt. Ltd,Himalayan Brokerage Company Limited,2026-04-29 13:43:21.149968
2026042905008228,SAHAS,34,58,13,617.0,8021.0,Vision Securities Pvt. Ltd,Naasa Securities Co. Ltd.,2026-04-29 13:44:20.764017
2026042905008254,SAHAS,34,49,59,617.0,36403.0,Vision Securities Pvt. Ltd,Online Securities Pvt. Ltd.,2026-04-29 13:45:09.924220
2026042905008297,SAHAS,67,4,11,617.1,6788.1,Property Wiard Limited,Opal Securities Investment (PVT) Ltd.,2026-04-29 13:46:05.164426
2026042905008347,SAHAS,67,34,48,617.1,29620.8,Property Wiard Limited,Vision Securities Pvt. Ltd,2026-04-29 13:46:56.379388
2026042905008361,SAHAS,67,35,10,617.1,6171.0,Property Wiard Limited,Kohinoor Investment & Securities Pvt. Ltd.,2026-04-29 13:47:01.740478
2026042905008490,SAHAS,20,65,100,617.9,61790.0,Sipla Securities Private Limited,Sharepro Securities Private Limited,2026-04-29 13:50:10.236368
2026042905008491,SAHAS,20,41,241,618.0,148938.0,Sipla Securities Private Limited,Linch Stock Market Ltd.,2026-04-29 13:50:10.237142
2026042905008492,SAHAS,20,8,700,618.0,432600.0,Sipla Securities Private Limited,Brilliant Securities Pvt. Ltd.,2026-04-29 13:50:10.237815
2026042905008493,SAHAS,20,8,700,618.0,432600.0,Sipla Securities Private Limited,Brilliant Securities Pvt. Ltd.,2026-04-29 13:50:10.238447
2026042905008494,SAHAS,20,8,259,618.0,160062.0,Sipla Securities Private Limited,Brilliant Securities Pvt. Ltd.,2026-04-29 13:50:10.239103
2026042905008500,SAHAS,96,34,10,617.2,6172.0,Himalayan Securities Limited,Vision Securities Pvt. Ltd,2026-04-29 13:50:15.701742
2026042905008524,SAHAS,96,34,90,617.2,55548.0,Himalayan Securities Limited,Vision Securities Pvt. Ltd,2026-04-29 13:50:54.066241
2026042905008569,SAHAS,67,42,31,617.1,19130.1,Property Wiard Limited,Sani Securities Company Ltd.,2026-04-29 13:51:43.299017
2026042905008570,SAHAS,59,42,292,617.1,180193.2,Deevyaa Securities & Stock House Pvt. Ltd,Sani Securities Company Ltd.,2026-04-29 13:51:43.299596
2026042905008624,SAHAS,59,7,13,617.1,8022.3,Deevyaa Securities & Stock House Pvt. Ltd,J.F. Securites (PVT) Ltd.,2026-04-29 13:52:50.781111
2026042905008724,SAHAS,7,77,3,610.0,1830.0,J.F. Securites (PVT) Ltd.,Nabil Stock Dealer Ltd.,2026-04-29 13:54:53.784861
2026042905008780,SAHAS,44,56,13,617.2,8023.6,Dynamic Money Managers Securities Pvt. Ltd.,Sri Hari Securities Pvt. Ltd.,2026-04-29 13:56:16.338034
2026042905008879,SAHAS,57,4,13,617.3,8024.9,Aryatara Investment & Securities,Opal Securities Investment (PVT) Ltd.,2026-04-29 13:58:25.182989
2026042905008948,SAHAS,57,44,13,617.3,8024.9,Aryatara Investment & Securities,Dynamic Money Managers Securities Pvt. Ltd.,2026-04-29 14:00:14.142515
2026042905008949,SAHAS,11,8,20,618.0,12360.0,Malla & Malla Stock Broking Company Pvt. Limited,Brilliant Securities Pvt. Ltd.,2026-04-29 14:00:15.424257
2026042905009030,SAHAS,57,44,13,617.3,8024.9,Aryatara Investment & Securities,Dynamic Money Managers Securities Pvt. Ltd.,2026-04-29 14:02:26.796628
2026042905009111,SAHAS,7,21,3,610.0,1830.0,J.F. Securites (PVT) Ltd.,Midas Stock Broking Company Private Limited,2026-04-29 14:04:51.371508
2026042905009223,SAHAS,34,29,3,618.0,1854.0,Vision Securities Pvt. Ltd,Trisul Securities & Invt. Ltd.,2026-04-29 14:07:27.432657
2026042905009238,SAHAS,58,8,421,618.0,260178.0,Naasa Securities Co. Ltd.,Brilliant Securities Pvt. Ltd.,2026-04-29 14:07:58.678402
2026042905009239,SAHAS,58,35,80,618.0,49440.0,Naasa Securities Co. Ltd.,Kohinoor Investment & Securities Pvt. Ltd.,2026-04-29 14:07:58.679204
2026042905009240,SAHAS,58,8,200,618.0,123600.0,Naasa Securities Co. Ltd.,Brilliant Securities Pvt. Ltd.,2026-04-29 14:07:58.679782
2026042905009241,SAHAS,58,26,100,618.0,61800.0,Naasa Securities Co. Ltd.,Asian Securities Private Ltd.,2026-04-29 14:07:58.680329
2026042905009277,SAHAS,58,44,13,618.0,8034.0,Naasa Securities Co. Ltd.,Dynamic Money Managers Securities Pvt. Ltd.,2026-04-29 14:09:07.872346
2026042905009315,SAHAS,58,57,13,618.0,8034.0,Naasa Securities Co. Ltd.,Aryatara Investment & Securities,2026-04-29 14:10:10.897337
2026042905009412,SAHAS,58,87,13,618.0,8034.0,Naasa Securities Co. Ltd.,S.P.S.A. Securities Limited,2026-04-29 14:12:01.091970
2026042905009417,SAHAS,59,65,100,618.9,61890.0,Deevyaa Securities & Stock House Pvt. Ltd,Sharepro Securities Private Limited,2026-04-29 14:12:08.682535
2026042905009418,SAHAS,59,91,100,619.0,61900.0,Deevyaa Securities & Stock House Pvt. Ltd,Citizens Share Broker Limited,2026-04-29 14:12:08.683328
2026042905009419,SAHAS,59,45,13,619.0,8047.0,Deevyaa Securities & Stock House Pvt. Ltd,Imperial Securities Company Pvt. Ltd.,2026-04-29 14:12:08.683873
2026042905009420,SAHAS,59,50,787,619.0,487153.0,Deevyaa Securities & Stock House Pvt. Ltd,Cristal Kanchanjanga Securites Pvt. Ltd.,2026-04-29 14:12:08.684388
2026042905009531,SAHAS,58,74,13,618.0,8034.0,Naasa Securities Co. Ltd.,KALASH STOCK MARKET PVT. LTD.,2026-04-29 14:13:39.967956
2026042905009552,SAHAS,58,58,13,618.0,8034.0,Naasa Securities Co. Ltd.,Naasa Securities Co. Ltd.,2026-04-29 14:13:53.577757
2026042905009615,SAHAS,58,38,130,618.0,80340.0,Naasa Securities Co. Ltd.,Dipshikha Dhitopatra Karobar Co. Pvt Ltd.,2026-04-29 14:14:25.707278
2026042905009727,SAHAS,42,48,30,618.0,18540.0,Sani Securities Company Ltd.,Trishakti Securities Public Limited,2026-04-29 14:15:50.104911
2026042905009796,SAHAS,42,63,200,618.0,123600.0,Sani Securities Company Ltd.,Himalayan Brokerage Company Limited,2026-04-29 14:17:12.883686
2026042905009799,SAHAS,42,14,20,618.0,12360.0,Sani Securities Company Ltd.,Nepal Stock House (PVT) Ltd.,2026-04-29 14:17:18.054590
2026042905009800,SAHAS,58,14,10,618.0,6180.0,Naasa Securities Co. Ltd.,Nepal Stock House (PVT) Ltd.,2026-04-29 14:17:18.054992
2026042905009821,SAHAS,95,74,10,617.5,6175.0,Magnet Securities and Investment Company Private Limited,KALASH STOCK MARKET PVT. LTD.,2026-04-29 14:18:14.875990
2026042905009840,SAHAS,95,14,100,617.5,61750.0,Magnet Securities and Investment Company Private Limited,Nepal Stock House (PVT) Ltd.,2026-04-29 14:18:34.304708
2026042905009891,SAHAS,75,48,871,618.0,538278.0,N.I.M.B. Stock Markets Limited,Trishakti Securities Public Limited,2026-04-29 14:19:56.080596
2026042905010082,SAHAS,58,58,13,617.9,8032.7,Naasa Securities Co. Ltd.,Naasa Securities Co. Ltd.,2026-04-29 14:22:57.052121
2026042905010107,SAHAS,45,38,10,617.4,6174.0,Imperial Securities Company Pvt. Ltd.,Dipshikha Dhitopatra Karobar Co. Pvt Ltd.,2026-04-29 14:23:11.624261
2026042905010165,SAHAS,45,42,100,617.4,61740.0,Imperial Securities Company Pvt. Ltd.,Sani Securities Company Ltd.,2026-04-29 14:24:02.899929
2026042905010368,SAHAS,44,11,200,618.5,123700.0,Dynamic Money Managers Securities Pvt. Ltd.,Malla & Malla Stock Broking Company Pvt. Limited,2026-04-29 14:26:31.303664
2026042905010497,SAHAS,100,11,50,618.5,30925.0,Sunrise Securities Limited,Malla & Malla Stock Broking Company Pvt. Limited,2026-04-29 14:28:16.043284
2026042905010498,SAHAS,100,8,200,618.5,123700.0,Sunrise Securities Limited,Brilliant Securities Pvt. Ltd.,2026-04-29 14:28:16.044238
2026042905010499,SAHAS,100,42,200,618.9,123780.0,Sunrise Securities Limited,Sani Securities Company Ltd.,2026-04-29 14:28:16.044819
2026042905010500,SAHAS,100,51,200,618.9,123780.0,Sunrise Securities Limited,Oxford Securities Pvt. Ltd.,2026-04-29 14:28:16.045044
2026042905010501,SAHAS,100,50,50,619.0,30950.0,Sunrise Securities Limited,Cristal Kanchanjanga Securites Pvt. Ltd.,2026-04-29 14:28:16.045269
2026042905010520,SAHAS,53,42,13,617.5,8027.5,Investment Management Nepal Pvt. Ltd.,Sani Securities Company Ltd.,2026-04-29 14:28:17.379290
2026042905010572,SAHAS,53,44,67,617.5,41372.5,Investment Management Nepal Pvt. Ltd.,Dynamic Money Managers Securities Pvt. Ltd.,2026-04-29 14:28:34.944125
2026042905010573,SAHAS,32,44,172,617.5,106210.0,Premier Securities Company Ltd.,Dynamic Money Managers Securities Pvt. Ltd.,2026-04-29 14:28:34.944949
2026042905010659,SAHAS,44,52,30,618.0,18540.0,Dynamic Money Managers Securities Pvt. Ltd.,Sundhara Securities Limited,2026-04-29 14:28:55.795948
2026042905010660,SAHAS,4,52,115,618.0,71070.0,Opal Securities Investment (PVT) Ltd.,Sundhara Securities Limited,2026-04-29 14:28:57.867519
2026042905010832,SAHAS,26,52,150,618.0,92700.0,Asian Securities Private Ltd.,Sundhara Securities Limited,2026-04-29 14:30:00.471888
2026042905011118,SAHAS,32,52,465,618.0,287370.0,Premier Securities Company Ltd.,Sundhara Securities Limited,2026-04-29 14:33:10.467706
2026042905011142,SAHAS,22,17,300,617.6,185280.0,Siprabi Securities Pvt. Ltd.,ABC Securities Private Limited,2026-04-29 14:33:36.023906
2026042905011191,SAHAS,32,58,13,617.5,8027.5,Premier Securities Company Ltd.,Naasa Securities Co. Ltd.,2026-04-29 14:34:46.637588
2026042905011237,SAHAS,45,52,200,618.0,123600.0,Imperial Securities Company Pvt. Ltd.,Sundhara Securities Limited,2026-04-29 14:35:39.675210
2026042905011377,SAHAS,8,58,10,617.7,6177.0,Brilliant Securities Pvt. Ltd.,Naasa Securities Co. Ltd.,2026-04-29 14:37:39.018909
2026042905011508,SAHAS,32,49,13,617.5,8027.5,Premier Securities Company Ltd.,Online Securities Pvt. Ltd.,2026-04-29 14:38:54.731592
2026042905011569,SAHAS,56,68,17,617.5,10497.5,Sri Hari Securities Pvt. Ltd.,Elite Stock House Limited,2026-04-29 14:39:28.703795
2026042905011570,SAHAS,49,68,13,617.5,8027.5,Online Securities Pvt. Ltd.,Elite Stock House Limited,2026-04-29 14:39:28.704655
2026042905011590,SAHAS,49,17,37,617.5,22847.5,Online Securities Pvt. Ltd.,ABC Securities Private Limited,2026-04-29 14:39:41.851609
2026042905011591,SAHAS,42,17,100,617.5,61750.0,Sani Securities Company Ltd.,ABC Securities Private Limited,2026-04-29 14:39:41.851983
2026042905011592,SAHAS,6,17,63,617.5,38902.5,Agrawal Securities (PVT) Ltd.,ABC Securities Private Limited,2026-04-29 14:39:41.852203
2026042905011632,SAHAS,6,25,13,617.5,8027.5,Agrawal Securities (PVT) Ltd.,Sweta Securities Private Limited,2026-04-29 14:40:14.255905
2026042905011641,SAHAS,49,52,16,618.0,9888.0,Online Securities Pvt. Ltd.,Sundhara Securities Limited,2026-04-29 14:40:18.896332
2026042905011689,SAHAS,6,68,20,617.5,12350.0,Agrawal Securities (PVT) Ltd.,Elite Stock House Limited,2026-04-29 14:40:59.804133
2026042905011772,SAHAS,59,50,100,617.6,61760.0,Deevyaa Securities & Stock House Pvt. Ltd,Cristal Kanchanjanga Securites Pvt. Ltd.,2026-04-29 14:41:43.030586
2026042905011792,SAHAS,59,78,50,617.6,30880.0,Deevyaa Securities & Stock House Pvt. Ltd,Garima Securities Limited,2026-04-29 14:41:55.019990
2026042905011800,SAHAS,58,52,14,618.0,8652.0,Naasa Securities Co. Ltd.,Sundhara Securities Limited,2026-04-29 14:42:03.273117
2026042905011967,SAHAS,42,41,100,617.9,61790.0,Sani Securities Company Ltd.,Linch Stock Market Ltd.,2026-04-29 14:44:30.933086
2026042905011971,SAHAS,13,46,103,617.7,63623.1,Thrive Brokerage House Pvt. Ltd,Kalika Securities Pvt. Ltd.,2026-04-29 14:44:33.844389
2026042905011973,SAHAS,13,22,280,617.7,172956.0,Thrive Brokerage House Pvt. Ltd,Siprabi Securities Pvt. Ltd.,2026-04-29 14:44:36.303095
2026042905012070,SAHAS,13,22,317,617.7,195810.9,Thrive Brokerage House Pvt. Ltd,Siprabi Securities Pvt. Ltd.,2026-04-29 14:45:39.393391
2026042905012071,SAHAS,45,22,122,617.7,75359.4,Imperial Securities Company Pvt. Ltd.,Siprabi Securities Pvt. Ltd.,2026-04-29 14:45:39.394255
2026042905012072,SAHAS,45,22,41,617.7,25325.7,Imperial Securities Company Pvt. Ltd.,Siprabi Securities Pvt. Ltd.,2026-04-29 14:45:39.394871
2026042905012096,SAHAS,45,19,459,617.7,283524.3,Imperial Securities Company Pvt. Ltd.,Nepal Investment And Securities Trading Private Limited,2026-04-29 14:46:02.708161
2026042905012238,SAHAS,59,38,300,617.6,185280.0,Deevyaa Securities & Stock House Pvt. Ltd,Dipshikha Dhitopatra Karobar Co. Pvt Ltd.,2026-04-29 14:47:29.112405
2026042905012245,SAHAS,59,49,13,617.6,8028.8,Deevyaa Securities & Stock House Pvt. Ltd,Online Securities Pvt. Ltd.,2026-04-29 14:47:32.830671
2026042905012267,SAHAS,59,68,228,617.6,140812.8,Deevyaa Securities & Stock House Pvt. Ltd,Elite Stock House Limited,2026-04-29 14:47:47.301420
2026042905012275,SAHAS,42,19,41,617.7,25325.7,Sani Securities Company Ltd.,Nepal Investment And Securities Trading Private Limited,2026-04-29 14:47:51.710358
2026042905012281,SAHAS,16,41,100,617.9,61790.0,Primo Securities (PVT) Ltd.,Linch Stock Market Ltd.,2026-04-29 14:47:58.330787
2026042905012289,SAHAS,42,57,35,617.7,21619.5,Sani Securities Company Ltd.,Aryatara Investment & Securities,2026-04-29 14:48:02.155686
2026042905012290,SAHAS,59,57,32,617.7,19766.4,Deevyaa Securities & Stock House Pvt. Ltd,Aryatara Investment & Securities,2026-04-29 14:48:02.156108
2026042905012291,SAHAS,59,57,83,617.6,51260.8,Deevyaa Securities & Stock House Pvt. Ltd,Aryatara Investment & Securities,2026-04-29 14:48:02.156302
2026042905012480,SAHAS,57,95,200,617.7,123540.0,Aryatara Investment & Securities,Magnet Securities and Investment Company Private Limited,2026-04-29 14:49:25.523902
2026042905012561,SAHAS,57,45,13,617.7,8030.1,Aryatara Investment & Securities,Imperial Securities Company Pvt. Ltd.,2026-04-29 14:50:03.404013
2026042905012598,SAHAS,57,28,287,617.7,177279.9,Aryatara Investment & Securities,Shree Krishna Securities Ltd.,2026-04-29 14:50:23.283580
2026042905012635,SAHAS,19,28,15,617.7,9265.5,Nepal Investment And Securities Trading Private Limited,Shree Krishna Securities Ltd.,2026-04-29 14:50:42.579024
2026042905012636,SAHAS,19,19,15,617.9,9268.5,Nepal Investment And Securities Trading Private Limited,Nepal Investment And Securities Trading Private Limited,2026-04-29 14:50:42.579901
2026042905012696,SAHAS,59,60,650,617.6,401440.0,Deevyaa Securities & Stock House Pvt. Ltd,Nagarik Stock Dealer ,2026-04-29 14:51:19.260303
2026042905012776,SAHAS,59,48,50,617.6,30880.0,Deevyaa Securities & Stock House Pvt. Ltd,Trishakti Securities Public Limited,2026-04-29 14:52:18.559111
2026042905012777,SAHAS,58,19,50,617.9,30895.0,Naasa Securities Co. Ltd.,Nepal Investment And Securities Trading Private Limited,2026-04-29 14:52:19.749895
2026042905012945,SAHAS,94,49,30,617.7,18531.0,K.B.L. Securities Limited ,Online Securities Pvt. Ltd.,2026-04-29 14:53:58.217378
2026042905012946,SAHAS,59,49,20,617.6,12352.0,Deevyaa Securities & Stock House Pvt. Ltd,Online Securities Pvt. Ltd.,2026-04-29 14:53:58.217844
2026042905013004,SAHAS,59,56,200,617.6,123520.0,Deevyaa Securities & Stock House Pvt. Ltd,Sri Hari Securities Pvt. Ltd.,2026-04-29 14:54:10.944697
2026042905013017,SAHAS,26,19,35,617.9,21626.5,Asian Securities Private Ltd.,Nepal Investment And Securities Trading Private Limited,2026-04-29 14:54:18.335334
2026042905013018,SAHAS,26,34,265,617.9,163743.5,Asian Securities Private Ltd.,Vision Securities Pvt. Ltd,2026-04-29 14:54:18.335788
2026042905013104,SAHAS,59,16,13,617.6,8028.8,Deevyaa Securities & Stock House Pvt. Ltd,Primo Securities (PVT) Ltd.,2026-04-29 14:54:45.779264
2026042905013165,SAHAS,59,46,13,617.6,8028.8,Deevyaa Securities & Stock House Pvt. Ltd,Kalika Securities Pvt. Ltd.,2026-04-29 14:55:04.099064
2026042905013191,SAHAS,59,74,1000,617.6,617600.0,Deevyaa Securities & Stock House Pvt. Ltd,KALASH STOCK MARKET PVT. LTD.,2026-04-29 14:55:16.963482
2026042905013220,SAHAS,59,58,15,617.6,9264.0,Deevyaa Securities & Stock House Pvt. Ltd,Naasa Securities Co. Ltd.,2026-04-29 14:55:31.986761
2026042905013229,SAHAS,59,49,200,617.6,123520.0,Deevyaa Securities & Stock House Pvt. Ltd,Online Securities Pvt. Ltd.,2026-04-29 14:55:34.195546
2026042905013290,SAHAS,59,57,13,617.6,8028.8,Deevyaa Securities & Stock House Pvt. Ltd,Aryatara Investment & Securities,2026-04-29 14:56:03.816374
2026042905013317,SAHAS,59,50,52,617.6,32115.2,Deevyaa Securities & Stock House Pvt. Ltd,Cristal Kanchanjanga Securites Pvt. Ltd.,2026-04-29 14:56:22.830521
2026042905013318,SAHAS,49,50,48,617.6,29644.8,Online Securities Pvt. Ltd.,Cristal Kanchanjanga Securites Pvt. Ltd.,2026-04-29 14:56:22.831044
2026042905013331,SAHAS,65,34,100,617.9,61790.0,Sharepro Securities Private Limited,Vision Securities Pvt. Ltd,2026-04-29 14:56:29.653365
2026042905013462,SAHAS,45,34,20,617.9,12358.0,Imperial Securities Company Pvt. Ltd.,Vision Securities Pvt. Ltd,2026-04-29 14:57:13.252504
2026042905013533,SAHAS,42,58,19,617.8,11738.2,Sani Securities Company Ltd.,Naasa Securities Co. Ltd.,2026-04-29 14:57:37.897968
2026042905013582,SAHAS,47,34,10,617.9,6179.0,Neev Securities Pvt. Ltd.,Vision Securities Pvt. Ltd,2026-04-29 14:57:58.442020
2026042905013604,SAHAS,13,34,100,617.9,61790.0,Thrive Brokerage House Pvt. Ltd,Vision Securities Pvt. Ltd,2026-04-29 14:58:09.288509
2026042905013668,SAHAS,34,58,13,617.9,8032.7,Vision Securities Pvt. Ltd,Naasa Securities Co. Ltd.,2026-04-29 14:58:25.755713
2026042905013680,SAHAS,74,52,10,618.0,6180.0,KALASH STOCK MARKET PVT. LTD.,Sundhara Securities Limited,2026-04-29 14:58:28.787542
2026042905013681,SAHAS,74,46,13,618.0,8034.0,KALASH STOCK MARKET PVT. LTD.,Kalika Securities Pvt. Ltd.,2026-04-29 14:58:28.788384
2026042905013682,SAHAS,74,54,13,618.0,8034.0,KALASH STOCK MARKET PVT. LTD.,Sewa Securities Pvt. Ltd.,2026-04-29 14:58:28.788988
2026042905013683,SAHAS,74,96,100,618.0,61800.0,KALASH STOCK MARKET PVT. LTD.,Himalayan Securities Limited,2026-04-29 14:58:28.789582
2026042905013684,SAHAS,74,38,25,618.0,15450.0,KALASH STOCK MARKET PVT. LTD.,Dipshikha Dhitopatra Karobar Co. Pvt Ltd.,2026-04-29 14:58:28.790204
2026042905013685,SAHAS,74,34,139,618.0,85902.0,KALASH STOCK MARKET PVT. LTD.,Vision Securities Pvt. Ltd,2026-04-29 14:58:28.790816
2026042905013803,SAHAS,34,34,32,618.0,19776.0,Vision Securities Pvt. Ltd,Vision Securities Pvt. Ltd,2026-04-29 14:58:57.113513
2026042905013822,SAHAS,45,34,329,618.0,203322.0,Imperial Securities Company Pvt. Ltd.,Vision Securities Pvt. Ltd,2026-04-29 14:59:01.876925
2026042905013823,SAHAS,45,52,1000,618.0,618000.0,Imperial Securities Company Pvt. Ltd.,Sundhara Securities Limited,2026-04-29 14:59:01.877421
2026042905013824,SAHAS,45,38,605,618.0,373890.0,Imperial Securities Company Pvt. Ltd.,Dipshikha Dhitopatra Karobar Co. Pvt Ltd.,2026-04-29 14:59:01.877795
2026042905013825,SAHAS,45,35,66,618.0,40788.0,Imperial Securities Company Pvt. Ltd.,Kohinoor Investment & Securities Pvt. Ltd.,2026-04-29 14:59:01.878066
2026042905013936,SAHAS,22,35,50,618.0,30900.0,Siprabi Securities Pvt. Ltd.,Kohinoor Investment & Securities Pvt. Ltd.,2026-04-29 14:59:15.222942
2026042905013953,SAHAS,36,60,32,617.9,19772.8,Secured Securities Ltd.,Nagarik Stock Dealer ,2026-04-29 14:59:17.598093
2026042905013969,SAHAS,42,35,190,618.0,117420.0,Sani Securities Company Ltd.,Kohinoor Investment & Securities Pvt. Ltd.,2026-04-29 14:59:19.606333
2026042905014117,SAHAS,36,38,13,617.9,8032.7,Secured Securities Ltd.,Dipshikha Dhitopatra Karobar Co. Pvt Ltd.,2026-04-29 14:59:42.907066
