contractId,stockSymbol,buyerMemberId,sellerMemberId,quantity,rate,amount,businessDate,tradeBookId,stockId,buyerBrokerName,sellerBrokerName,transaction_time,securityName
2026042903000105,SINDU,11,28,10,745.0,7450.0,2026-04-29,188421743,561,Malla & Malla Stock Broking Company Pvt. Limited,Shree Krishna Securities Ltd.,2026-04-29 11:03:38.626382,Sindhu Bikash Bank Ltd
2026042903000313,SINDU,58,36,50,750.6,37530.0,2026-04-29,188439704,561,Naasa Securities Co. Ltd.,Secured Securities Ltd.,2026-04-29 11:16:30.020702,Sindhu Bikash Bank Ltd
2026042903000314,SINDU,11,36,50,750.6,37530.0,2026-04-29,188439772,561,Malla & Malla Stock Broking Company Pvt. Limited,Secured Securities Ltd.,2026-04-29 11:16:33.753409,Sindhu Bikash Bank Ltd
2026042903000320,SINDU,45,36,99,750.6,74309.4,2026-04-29,188440080,561,Imperial Securities Company Pvt. Ltd.,Secured Securities Ltd.,2026-04-29 11:16:52.562756,Sindhu Bikash Bank Ltd
2026042903000378,SINDU,87,42,10,764.0,7640.0,2026-04-29,188444322,561,S.P.S.A. Securities Limited,Sani Securities Company Ltd.,2026-04-29 11:19:53.750373,Sindhu Bikash Bank Ltd
2026042903000648,SINDU,63,42,100,763.5,76350.0,2026-04-29,188458273,561,Himalayan Brokerage Company Limited,Sani Securities Company Ltd.,2026-04-29 11:31:43.220231,Sindhu Bikash Bank Ltd
2026042903000649,SINDU,63,11,50,763.6,38180.0,2026-04-29,188458276,561,Himalayan Brokerage Company Limited,Malla & Malla Stock Broking Company Pvt. Limited,2026-04-29 11:31:43.220527,Sindhu Bikash Bank Ltd
2026042903000659,SINDU,21,42,111,763.7,84770.7,2026-04-29,188458532,561,Midas Stock Broking Company Private Limited,Sani Securities Company Ltd.,2026-04-29 11:31:59.220184,Sindhu Bikash Bank Ltd
2026042903000793,SINDU,88,42,10,762.9,7629.0,2026-04-29,188462850,561,Blue Chip Securities Ltd,Sani Securities Company Ltd.,2026-04-29 11:35:50.849811,Sindhu Bikash Bank Ltd
2026042903000858,SINDU,48,7,100,760.0,76000.0,2026-04-29,188465164,561,Trishakti Securities Public Limited,J.F. Securites (PVT) Ltd.,2026-04-29 11:38:14.482474,Sindhu Bikash Bank Ltd
2026042903000887,SINDU,58,28,10,750.0,7500.0,2026-04-29,188466783,561,Naasa Securities Co. Ltd.,Shree Krishna Securities Ltd.,2026-04-29 11:39:51.447618,Sindhu Bikash Bank Ltd
2026042903001028,SINDU,87,21,10,757.0,7570.0,2026-04-29,188472634,561,S.P.S.A. Securities Limited,Midas Stock Broking Company Private Limited,2026-04-29 11:46:32.087370,Sindhu Bikash Bank Ltd
2026042903001087,SINDU,58,94,10,750.0,7500.0,2026-04-29,188475230,561,Naasa Securities Co. Ltd.,K.B.L. Securities Limited ,2026-04-29 11:49:45.782242,Sindhu Bikash Bank Ltd
2026042903001088,SINDU,6,94,54,750.0,40500.0,2026-04-29,188475231,561,Agrawal Securities (PVT) Ltd.,K.B.L. Securities Limited ,2026-04-29 11:49:45.782453,Sindhu Bikash Bank Ltd
2026042903001117,SINDU,87,42,10,756.9,7569.0,2026-04-29,188476792,561,S.P.S.A. Securities Limited,Sani Securities Company Ltd.,2026-04-29 11:51:12.914165,Sindhu Bikash Bank Ltd
2026042903001229,SINDU,41,42,2,750.0,1500.0,2026-04-29,188479591,561,Linch Stock Market Ltd.,Sani Securities Company Ltd.,2026-04-29 11:54:01.569352,Sindhu Bikash Bank Ltd
2026042903001320,SINDU,48,42,19,751.0,14269.0,2026-04-29,188483199,561,Trishakti Securities Public Limited,Sani Securities Company Ltd.,2026-04-29 11:57:39.025519,Sindhu Bikash Bank Ltd
2026042903001347,SINDU,48,1,10,751.0,7510.0,2026-04-29,188483661,561,Trishakti Securities Public Limited,Kumari Securities Private Limited,2026-04-29 11:58:01.575976,Sindhu Bikash Bank Ltd
2026042903001641,SINDU,48,35,21,752.2,15796.2,2026-04-29,188492696,561,Trishakti Securities Public Limited,Kohinoor Investment & Securities Pvt. Ltd.,2026-04-29 12:08:01.237441,Sindhu Bikash Bank Ltd
2026042903001642,SINDU,58,35,19,752.0,14288.0,2026-04-29,188492697,561,Naasa Securities Co. Ltd.,Kohinoor Investment & Securities Pvt. Ltd.,2026-04-29 12:08:01.237823,Sindhu Bikash Bank Ltd
2026042903001673,SINDU,49,58,20,752.1,15042.0,2026-04-29,188493517,561,Online Securities Pvt. Ltd.,Naasa Securities Co. Ltd.,2026-04-29 12:09:01.211301,Sindhu Bikash Bank Ltd
2026042903001701,SINDU,49,42,30,752.1,22563.0,2026-04-29,188494962,561,Online Securities Pvt. Ltd.,Sani Securities Company Ltd.,2026-04-29 12:10:40.922847,Sindhu Bikash Bank Ltd
2026042903001702,SINDU,58,42,20,752.0,15040.0,2026-04-29,188494963,561,Naasa Securities Co. Ltd.,Sani Securities Company Ltd.,2026-04-29 12:10:40.923047,Sindhu Bikash Bank Ltd
2026042903001718,SINDU,58,58,41,752.0,30832.0,2026-04-29,188495370,561,Naasa Securities Co. Ltd.,Naasa Securities Co. Ltd.,2026-04-29 12:11:12.813113,Sindhu Bikash Bank Ltd
2026042903001733,SINDU,58,58,159,752.0,119568.0,2026-04-29,188496034,561,Naasa Securities Co. Ltd.,Naasa Securities Co. Ltd.,2026-04-29 12:11:54.775936,Sindhu Bikash Bank Ltd
2026042903001779,SINDU,87,58,11,755.0,8305.0,2026-04-29,188497124,561,S.P.S.A. Securities Limited,Naasa Securities Co. Ltd.,2026-04-29 12:13:26.201794,Sindhu Bikash Bank Ltd
2026042903001816,SINDU,87,58,10,756.2,7562.0,2026-04-29,188498176,561,S.P.S.A. Securities Limited,Naasa Securities Co. Ltd.,2026-04-29 12:14:38.825238,Sindhu Bikash Bank Ltd
2026042903001909,SINDU,52,62,12,755.0,9060.0,2026-04-29,188502804,561,Sundhara Securities Limited,Capital Max Securities Ltd,2026-04-29 12:20:21.451413,Sindhu Bikash Bank Ltd
2026042903001951,SINDU,87,42,10,756.9,7569.0,2026-04-29,188504370,561,S.P.S.A. Securities Limited,Sani Securities Company Ltd.,2026-04-29 12:22:15.097010,Sindhu Bikash Bank Ltd
2026042903001984,SINDU,22,44,500,750.5,375250.0,2026-04-29,188505775,561,Siprabi Securities Pvt. Ltd.,Dynamic Money Managers Securities Pvt. Ltd.,2026-04-29 12:23:53.544716,Sindhu Bikash Bank Ltd
2026042903002030,SINDU,87,42,10,756.9,7569.0,2026-04-29,188508140,561,S.P.S.A. Securities Limited,Sani Securities Company Ltd.,2026-04-29 12:26:20.432351,Sindhu Bikash Bank Ltd
2026042903002040,SINDU,52,42,30,756.9,22707.0,2026-04-29,188508824,561,Sundhara Securities Limited,Sani Securities Company Ltd.,2026-04-29 12:27:10.624185,Sindhu Bikash Bank Ltd
2026042903002049,SINDU,25,21,110,757.0,83270.0,2026-04-29,188509132,561,Sweta Securities Private Limited,Midas Stock Broking Company Private Limited,2026-04-29 12:27:35.461284,Sindhu Bikash Bank Ltd
2026042903002100,SINDU,41,21,50,757.0,37850.0,2026-04-29,188511278,561,Linch Stock Market Ltd.,Midas Stock Broking Company Private Limited,2026-04-29 12:30:13.320164,Sindhu Bikash Bank Ltd
2026042903002134,SINDU,45,45,40,756.9,30276.0,2026-04-29,188512854,561,Imperial Securities Company Pvt. Ltd.,Imperial Securities Company Pvt. Ltd.,2026-04-29 12:32:31.096401,Sindhu Bikash Bank Ltd
2026042903002268,SINDU,1,45,20,756.9,15138.0,2026-04-29,188516808,561,Kumari Securities Private Limited,Imperial Securities Company Pvt. Ltd.,2026-04-29 12:37:36.121121,Sindhu Bikash Bank Ltd
2026042903002366,SINDU,52,35,100,755.0,75500.0,2026-04-29,188518433,561,Sundhara Securities Limited,Kohinoor Investment & Securities Pvt. Ltd.,2026-04-29 12:39:55.906089,Sindhu Bikash Bank Ltd
2026042903002379,SINDU,58,45,380,756.9,287622.0,2026-04-29,188518633,561,Naasa Securities Co. Ltd.,Imperial Securities Company Pvt. Ltd.,2026-04-29 12:40:12.262295,Sindhu Bikash Bank Ltd
2026042903002380,SINDU,58,21,90,757.0,68130.0,2026-04-29,188518635,561,Naasa Securities Co. Ltd.,Midas Stock Broking Company Private Limited,2026-04-29 12:40:12.262509,Sindhu Bikash Bank Ltd
2026042903002381,SINDU,58,71,80,757.0,60560.0,2026-04-29,188518638,561,Naasa Securities Co. Ltd.,SHUBHAKAMANA SECURITIES PVT. LTD,2026-04-29 12:40:12.262601,Sindhu Bikash Bank Ltd
2026042903002403,SINDU,87,13,10,758.0,7580.0,2026-04-29,188519568,561,S.P.S.A. Securities Limited,Thrive Brokerage House Pvt. Ltd,2026-04-29 12:41:36.128941,Sindhu Bikash Bank Ltd
2026042903002499,SINDU,11,36,15,751.4,11271.0,2026-04-29,188522253,561,Malla & Malla Stock Broking Company Pvt. Limited,Secured Securities Ltd.,2026-04-29 12:46:39.943813,Sindhu Bikash Bank Ltd
2026042903002536,SINDU,28,46,10,757.8,7578.0,2026-04-29,188523024,561,Shree Krishna Securities Ltd.,Kalika Securities Pvt. Ltd.,2026-04-29 12:48:19.563496,Sindhu Bikash Bank Ltd
2026042903002750,SINDU,58,10,150,754.0,113100.0,2026-04-29,188529789,561,Naasa Securities Co. Ltd.,Pragyan Securities (PVT) Ltd.,2026-04-29 12:59:57.946931,Sindhu Bikash Bank Ltd
2026042903002751,SINDU,58,42,500,755.0,377500.0,2026-04-29,188529792,561,Naasa Securities Co. Ltd.,Sani Securities Company Ltd.,2026-04-29 12:59:57.947427,Sindhu Bikash Bank Ltd
2026042903002814,SINDU,32,22,61,752.1,45878.1,2026-04-29,188531351,561,Premier Securities Company Ltd.,Siprabi Securities Pvt. Ltd.,2026-04-29 13:02:41.983710,Sindhu Bikash Bank Ltd
2026042903002818,SINDU,28,42,10,755.0,7550.0,2026-04-29,188531428,561,Shree Krishna Securities Ltd.,Sani Securities Company Ltd.,2026-04-29 13:02:52.060564,Sindhu Bikash Bank Ltd
2026042903002842,SINDU,32,35,39,752.1,29331.9,2026-04-29,188532562,561,Premier Securities Company Ltd.,Kohinoor Investment & Securities Pvt. Ltd.,2026-04-29 13:04:52.571271,Sindhu Bikash Bank Ltd
2026042903002843,SINDU,49,35,12,752.0,9024.0,2026-04-29,188532564,561,Online Securities Pvt. Ltd.,Kohinoor Investment & Securities Pvt. Ltd.,2026-04-29 13:04:52.571504,Sindhu Bikash Bank Ltd
2026042903002844,SINDU,11,35,15,751.4,11271.0,2026-04-29,188532566,561,Malla & Malla Stock Broking Company Pvt. Limited,Kohinoor Investment & Securities Pvt. Ltd.,2026-04-29 13:04:52.571601,Sindhu Bikash Bank Ltd
2026042903002845,SINDU,11,35,40,751.3,30052.0,2026-04-29,188532568,561,Malla & Malla Stock Broking Company Pvt. Limited,Kohinoor Investment & Securities Pvt. Ltd.,2026-04-29 13:04:52.571692,Sindhu Bikash Bank Ltd
2026042903002863,SINDU,58,35,15,751.0,11265.0,2026-04-29,188532860,561,Naasa Securities Co. Ltd.,Kohinoor Investment & Securities Pvt. Ltd.,2026-04-29 13:05:21.853530,Sindhu Bikash Bank Ltd
2026042903002864,SINDU,58,35,79,750.1,59257.9,2026-04-29,188532861,561,Naasa Securities Co. Ltd.,Kohinoor Investment & Securities Pvt. Ltd.,2026-04-29 13:05:21.853936,Sindhu Bikash Bank Ltd
2026042903002866,SINDU,28,42,10,755.0,7550.0,2026-04-29,188532952,561,Shree Krishna Securities Ltd.,Sani Securities Company Ltd.,2026-04-29 13:05:32.334309,Sindhu Bikash Bank Ltd
2026042903002933,SINDU,58,42,30,755.0,22650.0,2026-04-29,188535692,561,Naasa Securities Co. Ltd.,Sani Securities Company Ltd.,2026-04-29 13:09:33.111570,Sindhu Bikash Bank Ltd
2026042903002950,SINDU,28,36,10,757.7,7577.0,2026-04-29,188536000,561,Shree Krishna Securities Ltd.,Secured Securities Ltd.,2026-04-29 13:10:08.452104,Sindhu Bikash Bank Ltd
2026042903002973,SINDU,32,28,33,750.3,24759.9,2026-04-29,188537068,561,Premier Securities Company Ltd.,Shree Krishna Securities Ltd.,2026-04-29 13:12:22.759021,Sindhu Bikash Bank Ltd
2026042903002974,SINDU,58,28,421,750.1,315792.1,2026-04-29,188537070,561,Naasa Securities Co. Ltd.,Shree Krishna Securities Ltd.,2026-04-29 13:12:22.759455,Sindhu Bikash Bank Ltd
2026042903002975,SINDU,6,28,47,750.0,35250.0,2026-04-29,188537072,561,Agrawal Securities (PVT) Ltd.,Shree Krishna Securities Ltd.,2026-04-29 13:12:22.759720,Sindhu Bikash Bank Ltd
2026042903002976,SINDU,58,28,40,750.0,30000.0,2026-04-29,188537074,561,Naasa Securities Co. Ltd.,Shree Krishna Securities Ltd.,2026-04-29 13:12:22.759978,Sindhu Bikash Bank Ltd
2026042903002977,SINDU,59,28,10,750.0,7500.0,2026-04-29,188537076,561,Deevyaa Securities & Stock House Pvt. Ltd,Shree Krishna Securities Ltd.,2026-04-29 13:12:22.760245,Sindhu Bikash Bank Ltd
2026042903002978,SINDU,58,28,130,750.0,97500.0,2026-04-29,188537078,561,Naasa Securities Co. Ltd.,Shree Krishna Securities Ltd.,2026-04-29 13:12:22.760511,Sindhu Bikash Bank Ltd
2026042903002979,SINDU,42,28,330,750.0,247500.0,2026-04-29,188537080,561,Sani Securities Company Ltd.,Shree Krishna Securities Ltd.,2026-04-29 13:12:22.760765,Sindhu Bikash Bank Ltd
2026042903002980,SINDU,42,28,20,750.0,15000.0,2026-04-29,188537082,561,Sani Securities Company Ltd.,Shree Krishna Securities Ltd.,2026-04-29 13:12:22.761053,Sindhu Bikash Bank Ltd
2026042903002981,SINDU,74,28,14,750.0,10500.0,2026-04-29,188537084,561,KALASH STOCK MARKET PVT. LTD.,Shree Krishna Securities Ltd.,2026-04-29 13:12:22.761296,Sindhu Bikash Bank Ltd
2026042903002996,SINDU,58,28,11,750.0,8250.0,2026-04-29,188537404,561,Naasa Securities Co. Ltd.,Shree Krishna Securities Ltd.,2026-04-29 13:12:50.272283,Sindhu Bikash Bank Ltd
2026042903003017,SINDU,49,28,650,750.0,487500.0,2026-04-29,188537856,561,Online Securities Pvt. Ltd.,Shree Krishna Securities Ltd.,2026-04-29 13:13:29.855197,Sindhu Bikash Bank Ltd
2026042903003086,SINDU,49,28,250,750.0,187500.0,2026-04-29,188538974,561,Online Securities Pvt. Ltd.,Shree Krishna Securities Ltd.,2026-04-29 13:14:58.860166,Sindhu Bikash Bank Ltd
2026042903003117,SINDU,58,28,35,750.0,26250.0,2026-04-29,188539512,561,Naasa Securities Co. Ltd.,Shree Krishna Securities Ltd.,2026-04-29 13:16:05.828549,Sindhu Bikash Bank Ltd
2026042903003129,SINDU,58,49,41,757.4,31053.4,2026-04-29,188539628,561,Naasa Securities Co. Ltd.,Online Securities Pvt. Ltd.,2026-04-29 13:16:21.086099,Sindhu Bikash Bank Ltd
2026042903003195,SINDU,64,28,40,750.0,30000.0,2026-04-29,188540816,561,SUN SECURITIES PVT LTD,Shree Krishna Securities Ltd.,2026-04-29 13:18:41.918981,Sindhu Bikash Bank Ltd
2026042903003216,SINDU,49,28,400,750.0,300000.0,2026-04-29,188541290,561,Online Securities Pvt. Ltd.,Shree Krishna Securities Ltd.,2026-04-29 13:19:39.027371,Sindhu Bikash Bank Ltd
2026042903003461,SINDU,34,28,250,750.0,187500.0,2026-04-29,188545374,561,Vision Securities Pvt. Ltd,Shree Krishna Securities Ltd.,2026-04-29 13:26:14.911095,Sindhu Bikash Bank Ltd
2026042903003521,SINDU,13,28,13,750.0,9750.0,2026-04-29,188547072,561,Thrive Brokerage House Pvt. Ltd,Shree Krishna Securities Ltd.,2026-04-29 13:29:20.283204,Sindhu Bikash Bank Ltd
2026042903003680,SINDU,4,28,296,750.0,222000.0,2026-04-29,188549362,561,Opal Securities Investment (PVT) Ltd.,Shree Krishna Securities Ltd.,2026-04-29 13:32:50.581692,Sindhu Bikash Bank Ltd
2026042903003863,SINDU,11,36,20,746.2,14924.0,2026-04-29,188553649,561,Malla & Malla Stock Broking Company Pvt. Limited,Secured Securities Ltd.,2026-04-29 13:41:36.397111,Sindhu Bikash Bank Ltd
2026042903003909,SINDU,35,25,20,749.0,14980.0,2026-04-29,188554843,561,Kohinoor Investment & Securities Pvt. Ltd.,Sweta Securities Private Limited,2026-04-29 13:43:27.033109,Sindhu Bikash Bank Ltd
2026042903003910,SINDU,35,46,130,750.0,97500.0,2026-04-29,188554846,561,Kohinoor Investment & Securities Pvt. Ltd.,Kalika Securities Pvt. Ltd.,2026-04-29 13:43:27.033527,Sindhu Bikash Bank Ltd
2026042903004138,SINDU,58,53,132,749.5,98934.0,2026-04-29,188560676,561,Naasa Securities Co. Ltd.,Investment Management Nepal Pvt. Ltd.,2026-04-29 13:53:14.869477,Sindhu Bikash Bank Ltd
2026042903004335,SINDU,38,57,40,748.0,29920.0,2026-04-29,188564203,561,Dipshikha Dhitopatra Karobar Co. Pvt Ltd.,Aryatara Investment & Securities,2026-04-29 13:59:33.779340,Sindhu Bikash Bank Ltd
2026042903004584,SINDU,8,96,20,748.0,14960.0,2026-04-29,188568508,561,Brilliant Securities Pvt. Ltd.,Himalayan Securities Limited,2026-04-29 14:06:31.989743,Sindhu Bikash Bank Ltd
2026042903004585,SINDU,74,96,20,746.8,14936.0,2026-04-29,188568510,561,KALASH STOCK MARKET PVT. LTD.,Himalayan Securities Limited,2026-04-29 14:06:31.989838,Sindhu Bikash Bank Ltd
2026042903004586,SINDU,52,96,220,746.7,164274.0,2026-04-29,188568512,561,Sundhara Securities Limited,Himalayan Securities Limited,2026-04-29 14:06:31.989868,Sindhu Bikash Bank Ltd
2026042903004587,SINDU,7,96,200,746.2,149240.0,2026-04-29,188568514,561,J.F. Securites (PVT) Ltd.,Himalayan Securities Limited,2026-04-29 14:06:31.989912,Sindhu Bikash Bank Ltd
2026042903004588,SINDU,46,96,731,746.2,545472.2,2026-04-29,188568515,561,Kalika Securities Pvt. Ltd.,Himalayan Securities Limited,2026-04-29 14:06:31.989949,Sindhu Bikash Bank Ltd
2026042903004604,SINDU,46,42,230,746.2,171626.0,2026-04-29,188568915,561,Kalika Securities Pvt. Ltd.,Sani Securities Company Ltd.,2026-04-29 14:07:08.166948,Sindhu Bikash Bank Ltd
2026042903004611,SINDU,87,46,10,757.8,7578.0,2026-04-29,188569018,561,S.P.S.A. Securities Limited,Kalika Securities Pvt. Ltd.,2026-04-29 14:07:23.015124,Sindhu Bikash Bank Ltd
2026042903005147,SINDU,42,10,100,747.0,74700.0,2026-04-29,188580567,561,Sani Securities Company Ltd.,Pragyan Securities (PVT) Ltd.,2026-04-29 14:25:30.399971,Sindhu Bikash Bank Ltd
2026042903005178,SINDU,87,10,10,755.0,7550.0,2026-04-29,188581338,561,S.P.S.A. Securities Limited,Pragyan Securities (PVT) Ltd.,2026-04-29 14:26:27.579570,Sindhu Bikash Bank Ltd
2026042903005253,SINDU,74,10,30,747.1,22413.0,2026-04-29,188582997,561,KALASH STOCK MARKET PVT. LTD.,Pragyan Securities (PVT) Ltd.,2026-04-29 14:28:06.002355,Sindhu Bikash Bank Ltd
2026042903005276,SINDU,35,46,50,746.3,37315.0,2026-04-29,188583748,561,Kohinoor Investment & Securities Pvt. Ltd.,Kalika Securities Pvt. Ltd.,2026-04-29 14:28:39.529873,Sindhu Bikash Bank Ltd
2026042903005277,SINDU,52,46,150,746.3,111945.0,2026-04-29,188583749,561,Sundhara Securities Limited,Kalika Securities Pvt. Ltd.,2026-04-29 14:28:39.530099,Sindhu Bikash Bank Ltd
2026042903005372,SINDU,87,10,10,755.0,7550.0,2026-04-29,188585288,561,S.P.S.A. Securities Limited,Pragyan Securities (PVT) Ltd.,2026-04-29 14:29:46.310972,Sindhu Bikash Bank Ltd
2026042903005592,SINDU,42,10,30,746.5,22395.0,2026-04-29,188590947,561,Sani Securities Company Ltd.,Pragyan Securities (PVT) Ltd.,2026-04-29 14:36:00.761290,Sindhu Bikash Bank Ltd
2026042903005616,SINDU,58,57,50,753.9,37695.0,2026-04-29,188591348,561,Naasa Securities Co. Ltd.,Aryatara Investment & Securities,2026-04-29 14:36:29.285018,Sindhu Bikash Bank Ltd
2026042903005828,SINDU,52,45,50,746.6,37330.0,2026-04-29,188596317,561,Sundhara Securities Limited,Imperial Securities Company Pvt. Ltd.,2026-04-29 14:40:58.783053,Sindhu Bikash Bank Ltd
2026042903006369,SINDU,22,25,20,746.4,14928.0,2026-04-29,188606887,561,Siprabi Securities Pvt. Ltd.,Sweta Securities Private Limited,2026-04-29 14:50:08.113144,Sindhu Bikash Bank Ltd
2026042903006386,SINDU,58,42,10,750.0,7500.0,2026-04-29,188607230,561,Naasa Securities Co. Ltd.,Sani Securities Company Ltd.,2026-04-29 14:50:22.866940,Sindhu Bikash Bank Ltd
2026042903006563,SINDU,22,44,10,746.3,7463.0,2026-04-29,188610918,561,Siprabi Securities Pvt. Ltd.,Dynamic Money Managers Securities Pvt. Ltd.,2026-04-29 14:53:12.229610,Sindhu Bikash Bank Ltd
2026042903006564,SINDU,52,44,100,746.2,74620.0,2026-04-29,188610920,561,Sundhara Securities Limited,Dynamic Money Managers Securities Pvt. Ltd.,2026-04-29 14:53:12.230068,Sindhu Bikash Bank Ltd
2026042903006576,SINDU,58,44,20,746.2,14924.0,2026-04-29,188611278,561,Naasa Securities Co. Ltd.,Dynamic Money Managers Securities Pvt. Ltd.,2026-04-29 14:53:25.424401,Sindhu Bikash Bank Ltd
2026042903006599,SINDU,62,8,51,746.1,38051.1,2026-04-29,188611874,561,Capital Max Securities Ltd,Brilliant Securities Pvt. Ltd.,2026-04-29 14:53:51.608770,Sindhu Bikash Bank Ltd
2026042903006600,SINDU,6,8,101,746.0,75346.0,2026-04-29,188611876,561,Agrawal Securities (PVT) Ltd.,Brilliant Securities Pvt. Ltd.,2026-04-29 14:53:51.608990,Sindhu Bikash Bank Ltd
2026042903006601,SINDU,70,8,40,746.0,29840.0,2026-04-29,188611878,561,Infinity Securities Limited,Brilliant Securities Pvt. Ltd.,2026-04-29 14:53:51.609088,Sindhu Bikash Bank Ltd
2026042903006625,SINDU,42,32,20,746.0,14920.0,2026-04-29,188612094,561,Sani Securities Company Ltd.,Premier Securities Company Ltd.,2026-04-29 14:54:01.138415,Sindhu Bikash Bank Ltd
2026042903006626,SINDU,58,32,50,746.0,37300.0,2026-04-29,188612096,561,Naasa Securities Co. Ltd.,Premier Securities Company Ltd.,2026-04-29 14:54:01.138621,Sindhu Bikash Bank Ltd
2026042903006678,SINDU,58,44,20,745.5,14910.0,2026-04-29,188613322,561,Naasa Securities Co. Ltd.,Dynamic Money Managers Securities Pvt. Ltd.,2026-04-29 14:54:48.996836,Sindhu Bikash Bank Ltd
2026042903006679,SINDU,11,44,20,745.4,14908.0,2026-04-29,188613324,561,Malla & Malla Stock Broking Company Pvt. Limited,Dynamic Money Managers Securities Pvt. Ltd.,2026-04-29 14:54:48.997287,Sindhu Bikash Bank Ltd
2026042903006680,SINDU,95,44,10,745.3,7453.0,2026-04-29,188613326,561,Magnet Securities and Investment Company Private Limited,Dynamic Money Managers Securities Pvt. Ltd.,2026-04-29 14:54:48.997555,Sindhu Bikash Bank Ltd
2026042903006681,SINDU,37,44,20,745.0,14900.0,2026-04-29,188613327,561,Swarna Laxmi Securities Pvt. Ltd.,Dynamic Money Managers Securities Pvt. Ltd.,2026-04-29 14:54:48.997821,Sindhu Bikash Bank Ltd
2026042903006775,SINDU,58,42,10,745.1,7451.0,2026-04-29,188614966,561,Naasa Securities Co. Ltd.,Sani Securities Company Ltd.,2026-04-29 14:55:52.705674,Sindhu Bikash Bank Ltd
2026042903006776,SINDU,42,42,10,745.0,7450.0,2026-04-29,188614968,561,Sani Securities Company Ltd.,Sani Securities Company Ltd.,2026-04-29 14:55:52.705869,Sindhu Bikash Bank Ltd
2026042903006777,SINDU,37,42,100,745.0,74500.0,2026-04-29,188614970,561,Swarna Laxmi Securities Pvt. Ltd.,Sani Securities Company Ltd.,2026-04-29 14:55:52.705960,Sindhu Bikash Bank Ltd
2026042903006778,SINDU,58,42,50,745.0,37250.0,2026-04-29,188614972,561,Naasa Securities Co. Ltd.,Sani Securities Company Ltd.,2026-04-29 14:55:52.706056,Sindhu Bikash Bank Ltd
2026042903006779,SINDU,59,42,10,745.0,7450.0,2026-04-29,188614974,561,Deevyaa Securities & Stock House Pvt. Ltd,Sani Securities Company Ltd.,2026-04-29 14:55:52.706181,Sindhu Bikash Bank Ltd
2026042903006780,SINDU,38,42,60,745.0,44700.0,2026-04-29,188614975,561,Dipshikha Dhitopatra Karobar Co. Pvt Ltd.,Sani Securities Company Ltd.,2026-04-29 14:55:52.706325,Sindhu Bikash Bank Ltd
2026042903006798,SINDU,33,32,10,746.0,7460.0,2026-04-29,188615238,561,Dakshinkali Investment & Securities Pvt. Ltd.,Premier Securities Company Ltd.,2026-04-29 14:56:00.655680,Sindhu Bikash Bank Ltd
2026042903006822,SINDU,33,45,162,746.0,120852.0,2026-04-29,188615703,561,Dakshinkali Investment & Securities Pvt. Ltd.,Imperial Securities Company Pvt. Ltd.,2026-04-29 14:56:15.514032,Sindhu Bikash Bank Ltd
2026042903006860,SINDU,33,59,10,746.0,7460.0,2026-04-29,188616239,561,Dakshinkali Investment & Securities Pvt. Ltd.,Deevyaa Securities & Stock House Pvt. Ltd,2026-04-29 14:56:41.225560,Sindhu Bikash Bank Ltd
2026042903006959,SINDU,87,22,10,749.0,7490.0,2026-04-29,188618230,561,S.P.S.A. Securities Limited,Siprabi Securities Pvt. Ltd.,2026-04-29 14:57:47.153695,Sindhu Bikash Bank Ltd
2026042903007030,SINDU,58,41,50,747.0,37350.0,2026-04-29,188620517,561,Naasa Securities Co. Ltd.,Linch Stock Market Ltd.,2026-04-29 14:58:51.063274,Sindhu Bikash Bank Ltd
2026042903007181,SINDU,58,22,20,747.0,14940.0,2026-04-29,188623263,561,Naasa Securities Co. Ltd.,Siprabi Securities Pvt. Ltd.,2026-04-29 14:59:40.341444,Sindhu Bikash Bank Ltd
