contractId,stockSymbol,buyerMemberId,sellerMemberId,quantity,rate,amount,businessDate,tradeBookId,stockId,buyerBrokerName,sellerBrokerName,transaction_time,securityName
2026042904000007,SSHL,5,68,10,204.3,2043.0,2026-04-29,188418073,2907,Market Securities & Exchange (PVT) Ltd.,Elite Stock House Limited,2026-04-29 10:46:00.110116,Shiva Shree Hydropower Ltd
2026042904000074,SSHL,36,54,200,214.0,42800.0,2026-04-29,188422215,2907,Secured Securities Ltd.,Sewa Securities Pvt. Ltd.,2026-04-29 11:03:53.918997,Shiva Shree Hydropower Ltd
2026042904000097,SSHL,36,94,10,214.0,2140.0,2026-04-29,188422969,2907,Secured Securities Ltd.,K.B.L. Securities Limited ,2026-04-29 11:04:31.613767,Shiva Shree Hydropower Ltd
2026042904000159,SSHL,34,59,100,216.0,21600.0,2026-04-29,188424648,2907,Vision Securities Pvt. Ltd,Deevyaa Securities & Stock House Pvt. Ltd,2026-04-29 11:06:00.797393,Shiva Shree Hydropower Ltd
2026042904000160,SSHL,17,59,500,215.2,107600.0,2026-04-29,188424650,2907,ABC Securities Private Limited,Deevyaa Securities & Stock House Pvt. Ltd,2026-04-29 11:06:00.797684,Shiva Shree Hydropower Ltd
2026042904000161,SSHL,52,59,100,215.1,21510.0,2026-04-29,188424654,2907,Sundhara Securities Limited,Deevyaa Securities & Stock House Pvt. Ltd,2026-04-29 11:06:00.797798,Shiva Shree Hydropower Ltd
2026042904000162,SSHL,41,59,100,215.0,21500.0,2026-04-29,188424656,2907,Linch Stock Market Ltd.,Deevyaa Securities & Stock House Pvt. Ltd,2026-04-29 11:06:00.797910,Shiva Shree Hydropower Ltd
2026042904000163,SSHL,43,59,200,215.0,43000.0,2026-04-29,188424657,2907,South Asian Bulls Pvt. Ltd.,Deevyaa Securities & Stock House Pvt. Ltd,2026-04-29 11:06:00.798033,Shiva Shree Hydropower Ltd
2026042904000164,SSHL,22,4,50,216.1,10805.0,2026-04-29,188424718,2907,Siprabi Securities Pvt. Ltd.,Opal Securities Investment (PVT) Ltd.,2026-04-29 11:06:05.519462,Shiva Shree Hydropower Ltd
2026042904000189,SSHL,58,4,30,216.0,6480.0,2026-04-29,188425372,2907,Naasa Securities Co. Ltd.,Opal Securities Investment (PVT) Ltd.,2026-04-29 11:06:35.306626,Shiva Shree Hydropower Ltd
2026042904000198,SSHL,34,4,100,216.0,21600.0,2026-04-29,188425602,2907,Vision Securities Pvt. Ltd,Opal Securities Investment (PVT) Ltd.,2026-04-29 11:06:46.107711,Shiva Shree Hydropower Ltd
2026042904000199,SSHL,58,4,20,216.0,4320.0,2026-04-29,188425626,2907,Naasa Securities Co. Ltd.,Opal Securities Investment (PVT) Ltd.,2026-04-29 11:06:47.060989,Shiva Shree Hydropower Ltd
2026042904000219,SSHL,33,6,200,218.0,43600.0,2026-04-29,188426038,2907,Dakshinkali Investment & Securities Pvt. Ltd.,Agrawal Securities (PVT) Ltd.,2026-04-29 11:07:07.312594,Shiva Shree Hydropower Ltd
2026042904000255,SSHL,35,17,100,217.8,21780.0,2026-04-29,188427316,2907,Kohinoor Investment & Securities Pvt. Ltd.,ABC Securities Private Limited,2026-04-29 11:08:19.755083,Shiva Shree Hydropower Ltd
2026042904000273,SSHL,58,45,70,216.0,15120.0,2026-04-29,188427786,2907,Naasa Securities Co. Ltd.,Imperial Securities Company Pvt. Ltd.,2026-04-29 11:08:38.333025,Shiva Shree Hydropower Ltd
2026042904000274,SSHL,58,45,30,216.0,6480.0,2026-04-29,188427787,2907,Naasa Securities Co. Ltd.,Imperial Securities Company Pvt. Ltd.,2026-04-29 11:08:38.333564,Shiva Shree Hydropower Ltd
2026042904000275,SSHL,22,29,10,217.7,2177.0,2026-04-29,188427805,2907,Siprabi Securities Pvt. Ltd.,Trisul Securities & Invt. Ltd.,2026-04-29 11:08:40.131284,Shiva Shree Hydropower Ltd
2026042904000276,SSHL,22,17,40,217.8,8712.0,2026-04-29,188427808,2907,Siprabi Securities Pvt. Ltd.,ABC Securities Private Limited,2026-04-29 11:08:40.131533,Shiva Shree Hydropower Ltd
2026042904000277,SSHL,58,17,70,216.0,15120.0,2026-04-29,188428034,2907,Naasa Securities Co. Ltd.,ABC Securities Private Limited,2026-04-29 11:08:47.101969,Shiva Shree Hydropower Ltd
2026042904000278,SSHL,58,17,10,216.0,2160.0,2026-04-29,188428036,2907,Naasa Securities Co. Ltd.,ABC Securities Private Limited,2026-04-29 11:08:47.102271,Shiva Shree Hydropower Ltd
2026042904000295,SSHL,43,59,300,215.0,64500.0,2026-04-29,188428592,2907,South Asian Bulls Pvt. Ltd.,Deevyaa Securities & Stock House Pvt. Ltd,2026-04-29 11:09:10.215707,Shiva Shree Hydropower Ltd
2026042904000296,SSHL,59,59,400,215.0,86000.0,2026-04-29,188428593,2907,Deevyaa Securities & Stock House Pvt. Ltd,Deevyaa Securities & Stock House Pvt. Ltd,2026-04-29 11:09:10.216407,Shiva Shree Hydropower Ltd
2026042904000300,SSHL,59,17,400,215.0,86000.0,2026-04-29,188428845,2907,Deevyaa Securities & Stock House Pvt. Ltd,ABC Securities Private Limited,2026-04-29 11:09:19.452896,Shiva Shree Hydropower Ltd
2026042904000328,SSHL,58,17,10,216.0,2160.0,2026-04-29,188429186,2907,Naasa Securities Co. Ltd.,ABC Securities Private Limited,2026-04-29 11:09:35.696462,Shiva Shree Hydropower Ltd
2026042904000348,SSHL,5,47,1000,215.1,215100.0,2026-04-29,188429943,2907,Market Securities & Exchange (PVT) Ltd.,Neev Securities Pvt. Ltd.,2026-04-29 11:10:04.258015,Shiva Shree Hydropower Ltd
2026042904000349,SSHL,59,6,200,215.0,43000.0,2026-04-29,188429956,2907,Deevyaa Securities & Stock House Pvt. Ltd,Agrawal Securities (PVT) Ltd.,2026-04-29 11:10:05.433948,Shiva Shree Hydropower Ltd
2026042904000350,SSHL,58,6,500,215.0,107500.0,2026-04-29,188429958,2907,Naasa Securities Co. Ltd.,Agrawal Securities (PVT) Ltd.,2026-04-29 11:10:05.434493,Shiva Shree Hydropower Ltd
2026042904000351,SSHL,11,6,225,215.0,48375.0,2026-04-29,188429959,2907,Malla & Malla Stock Broking Company Pvt. Limited,Agrawal Securities (PVT) Ltd.,2026-04-29 11:10:05.434881,Shiva Shree Hydropower Ltd
2026042904000359,SSHL,38,17,50,216.0,10800.0,2026-04-29,188430368,2907,Dipshikha Dhitopatra Karobar Co. Pvt Ltd.,ABC Securities Private Limited,2026-04-29 11:10:28.873957,Shiva Shree Hydropower Ltd
2026042904000376,SSHL,42,17,14,216.0,3024.0,2026-04-29,188430972,2907,Sani Securities Company Ltd.,ABC Securities Private Limited,2026-04-29 11:10:48.553077,Shiva Shree Hydropower Ltd
2026042904000414,SSHL,38,17,16,216.0,3456.0,2026-04-29,188432199,2907,Dipshikha Dhitopatra Karobar Co. Pvt Ltd.,ABC Securities Private Limited,2026-04-29 11:11:37.996576,Shiva Shree Hydropower Ltd
2026042904000415,SSHL,38,34,84,216.0,18144.0,2026-04-29,188432202,2907,Dipshikha Dhitopatra Karobar Co. Pvt Ltd.,Vision Securities Pvt. Ltd,2026-04-29 11:11:37.997103,Shiva Shree Hydropower Ltd
2026042904000433,SSHL,22,34,30,216.0,6480.0,2026-04-29,188432542,2907,Siprabi Securities Pvt. Ltd.,Vision Securities Pvt. Ltd,2026-04-29 11:11:55.996689,Shiva Shree Hydropower Ltd
2026042904000437,SSHL,48,34,186,216.0,40176.0,2026-04-29,188432863,2907,Trishakti Securities Public Limited,Vision Securities Pvt. Ltd,2026-04-29 11:12:05.636188,Shiva Shree Hydropower Ltd
2026042904000483,SSHL,42,44,100,216.5,21650.0,2026-04-29,188434736,2907,Sani Securities Company Ltd.,Dynamic Money Managers Securities Pvt. Ltd.,2026-04-29 11:13:24.291991,Shiva Shree Hydropower Ltd
2026042904000492,SSHL,48,58,30,216.0,6480.0,2026-04-29,188435404,2907,Trishakti Securities Public Limited,Naasa Securities Co. Ltd.,2026-04-29 11:13:52.415182,Shiva Shree Hydropower Ltd
2026042904000493,SSHL,58,58,30,216.0,6480.0,2026-04-29,188435406,2907,Naasa Securities Co. Ltd.,Naasa Securities Co. Ltd.,2026-04-29 11:13:52.415535,Shiva Shree Hydropower Ltd
2026042904000494,SSHL,11,58,50,216.0,10800.0,2026-04-29,188435408,2907,Malla & Malla Stock Broking Company Pvt. Limited,Naasa Securities Co. Ltd.,2026-04-29 11:13:52.415673,Shiva Shree Hydropower Ltd
2026042904000500,SSHL,45,58,190,216.0,41040.0,2026-04-29,188435803,2907,Imperial Securities Company Pvt. Ltd.,Naasa Securities Co. Ltd.,2026-04-29 11:14:08.874168,Shiva Shree Hydropower Ltd
2026042904000501,SSHL,45,44,800,216.5,173200.0,2026-04-29,188435805,2907,Imperial Securities Company Pvt. Ltd.,Dynamic Money Managers Securities Pvt. Ltd.,2026-04-29 11:14:08.874469,Shiva Shree Hydropower Ltd
2026042904000502,SSHL,45,57,10,217.0,2170.0,2026-04-29,188435808,2907,Imperial Securities Company Pvt. Ltd.,Aryatara Investment & Securities,2026-04-29 11:14:08.874616,Shiva Shree Hydropower Ltd
2026042904000532,SSHL,42,48,200,215.1,43020.0,2026-04-29,188437016,2907,Sani Securities Company Ltd.,Trishakti Securities Public Limited,2026-04-29 11:14:58.015273,Shiva Shree Hydropower Ltd
2026042904000533,SSHL,40,48,800,215.1,172080.0,2026-04-29,188437017,2907,Creative Securities Pvt Ltd,Trishakti Securities Public Limited,2026-04-29 11:14:58.015336,Shiva Shree Hydropower Ltd
2026042904000638,SSHL,57,58,22,216.0,4752.0,2026-04-29,188440793,2907,Aryatara Investment & Securities,Naasa Securities Co. Ltd.,2026-04-29 11:17:29.493526,Shiva Shree Hydropower Ltd
2026042904000639,SSHL,57,34,478,216.0,103248.0,2026-04-29,188440798,2907,Aryatara Investment & Securities,Vision Securities Pvt. Ltd,2026-04-29 11:17:29.541854,Shiva Shree Hydropower Ltd
2026042904000662,SSHL,42,40,500,215.5,107750.0,2026-04-29,188441256,2907,Sani Securities Company Ltd.,Creative Securities Pvt Ltd,2026-04-29 11:17:45.626059,Shiva Shree Hydropower Ltd
2026042904000663,SSHL,42,40,500,215.5,107750.0,2026-04-29,188441258,2907,Sani Securities Company Ltd.,Creative Securities Pvt Ltd,2026-04-29 11:17:45.626125,Shiva Shree Hydropower Ltd
2026042904000664,SSHL,87,40,18,215.2,3873.6,2026-04-29,188441259,2907,S.P.S.A. Securities Limited,Creative Securities Pvt Ltd,2026-04-29 11:17:45.626157,Shiva Shree Hydropower Ltd
2026042904000678,SSHL,58,34,36,216.0,7776.0,2026-04-29,188442110,2907,Naasa Securities Co. Ltd.,Vision Securities Pvt. Ltd,2026-04-29 11:18:12.895620,Shiva Shree Hydropower Ltd
2026042904000685,SSHL,50,34,1411,216.0,304776.0,2026-04-29,188442435,2907,Cristal Kanchanjanga Securites Pvt. Ltd.,Vision Securities Pvt. Ltd,2026-04-29 11:18:25.164105,Shiva Shree Hydropower Ltd
2026042904000686,SSHL,50,57,31,216.0,6696.0,2026-04-29,188442437,2907,Cristal Kanchanjanga Securites Pvt. Ltd.,Aryatara Investment & Securities,2026-04-29 11:18:25.164712,Shiva Shree Hydropower Ltd
2026042904000687,SSHL,50,48,1000,216.4,216400.0,2026-04-29,188442439,2907,Cristal Kanchanjanga Securites Pvt. Ltd.,Trishakti Securities Public Limited,2026-04-29 11:18:25.165127,Shiva Shree Hydropower Ltd
2026042904000712,SSHL,50,22,558,216.5,120807.0,2026-04-29,188443188,2907,Cristal Kanchanjanga Securites Pvt. Ltd.,Siprabi Securities Pvt. Ltd.,2026-04-29 11:18:54.292951,Shiva Shree Hydropower Ltd
2026042904000713,SSHL,49,22,15,216.5,3247.5,2026-04-29,188443228,2907,Online Securities Pvt. Ltd.,Siprabi Securities Pvt. Ltd.,2026-04-29 11:18:57.516699,Shiva Shree Hydropower Ltd
2026042904000784,SSHL,22,22,1000,216.5,216500.0,2026-04-29,188446050,2907,Siprabi Securities Pvt. Ltd.,Siprabi Securities Pvt. Ltd.,2026-04-29 11:21:14.182678,Shiva Shree Hydropower Ltd
2026042904000827,SSHL,42,22,200,216.5,43300.0,2026-04-29,188447742,2907,Sani Securities Company Ltd.,Siprabi Securities Pvt. Ltd.,2026-04-29 11:22:28.105067,Shiva Shree Hydropower Ltd
2026042904000844,SSHL,40,22,862,216.5,186623.0,2026-04-29,188448069,2907,Creative Securities Pvt Ltd,Siprabi Securities Pvt. Ltd.,2026-04-29 11:22:43.865180,Shiva Shree Hydropower Ltd
2026042904000845,SSHL,40,51,3000,216.5,649500.0,2026-04-29,188448071,2907,Creative Securities Pvt Ltd,Oxford Securities Pvt. Ltd.,2026-04-29 11:22:43.865811,Shiva Shree Hydropower Ltd
2026042904000851,SSHL,40,49,90,216.5,19485.0,2026-04-29,188448145,2907,Creative Securities Pvt Ltd,Online Securities Pvt. Ltd.,2026-04-29 11:22:49.210285,Shiva Shree Hydropower Ltd
2026042904000902,SSHL,42,48,200,216.6,43320.0,2026-04-29,188449180,2907,Sani Securities Company Ltd.,Trishakti Securities Public Limited,2026-04-29 11:23:31.153925,Shiva Shree Hydropower Ltd
2026042904000903,SSHL,40,48,1048,216.5,226892.0,2026-04-29,188449182,2907,Creative Securities Pvt Ltd,Trishakti Securities Public Limited,2026-04-29 11:23:31.154574,Shiva Shree Hydropower Ltd
2026042904001027,SSHL,14,48,440,216.5,95260.0,2026-04-29,188451932,2907,Nepal Stock House (PVT) Ltd.,Trishakti Securities Public Limited,2026-04-29 11:25:37.971668,Shiva Shree Hydropower Ltd
2026042904001070,SSHL,49,5,200,216.0,43200.0,2026-04-29,188453002,2907,Online Securities Pvt. Ltd.,Market Securities & Exchange (PVT) Ltd.,2026-04-29 11:26:34.404805,Shiva Shree Hydropower Ltd
2026042904001098,SSHL,58,5,15,216.0,3240.0,2026-04-29,188454152,2907,Naasa Securities Co. Ltd.,Market Securities & Exchange (PVT) Ltd.,2026-04-29 11:27:39.146722,Shiva Shree Hydropower Ltd
2026042904001139,SSHL,52,5,20,216.0,4320.0,2026-04-29,188455432,2907,Sundhara Securities Limited,Market Securities & Exchange (PVT) Ltd.,2026-04-29 11:29:00.359734,Shiva Shree Hydropower Ltd
2026042904001166,SSHL,58,5,65,216.0,14040.0,2026-04-29,188456719,2907,Naasa Securities Co. Ltd.,Market Securities & Exchange (PVT) Ltd.,2026-04-29 11:30:09.341440,Shiva Shree Hydropower Ltd
2026042904001167,SSHL,58,32,35,216.0,7560.0,2026-04-29,188456722,2907,Naasa Securities Co. Ltd.,Premier Securities Company Ltd.,2026-04-29 11:30:09.342122,Shiva Shree Hydropower Ltd
2026042904001217,SSHL,52,32,20,216.0,4320.0,2026-04-29,188457798,2907,Sundhara Securities Limited,Premier Securities Company Ltd.,2026-04-29 11:31:12.814146,Shiva Shree Hydropower Ltd
2026042904001270,SSHL,42,39,11,215.5,2370.5,2026-04-29,188459123,2907,Sani Securities Company Ltd.,Sumeru Securities Pvt. Ltd.,2026-04-29 11:32:32.297945,Shiva Shree Hydropower Ltd
2026042904001326,SSHL,42,58,24,215.5,5172.0,2026-04-29,188461812,2907,Sani Securities Company Ltd.,Naasa Securities Co. Ltd.,2026-04-29 11:34:36.593012,Shiva Shree Hydropower Ltd
2026042904001327,SSHL,41,58,150,215.5,32325.0,2026-04-29,188461814,2907,Linch Stock Market Ltd.,Naasa Securities Co. Ltd.,2026-04-29 11:34:36.593742,Shiva Shree Hydropower Ltd
2026042904001328,SSHL,58,58,100,215.5,21550.0,2026-04-29,188461816,2907,Naasa Securities Co. Ltd.,Naasa Securities Co. Ltd.,2026-04-29 11:34:36.594221,Shiva Shree Hydropower Ltd
2026042904001329,SSHL,87,58,82,215.2,17646.4,2026-04-29,188461818,2907,S.P.S.A. Securities Limited,Naasa Securities Co. Ltd.,2026-04-29 11:34:36.594718,Shiva Shree Hydropower Ltd
2026042904001330,SSHL,49,58,144,215.2,30988.8,2026-04-29,188461819,2907,Online Securities Pvt. Ltd.,Naasa Securities Co. Ltd.,2026-04-29 11:34:36.595184,Shiva Shree Hydropower Ltd
2026042904001415,SSHL,43,26,92,215.3,19807.6,2026-04-29,188463378,2907,South Asian Bulls Pvt. Ltd.,Asian Securities Private Ltd.,2026-04-29 11:36:16.992169,Shiva Shree Hydropower Ltd
2026042904001433,SSHL,36,26,100,215.3,21530.0,2026-04-29,188463632,2907,Secured Securities Ltd.,Asian Securities Private Ltd.,2026-04-29 11:36:30.769568,Shiva Shree Hydropower Ltd
2026042904001440,SSHL,49,48,100,215.2,21520.0,2026-04-29,188463885,2907,Online Securities Pvt. Ltd.,Trishakti Securities Public Limited,2026-04-29 11:36:53.439156,Shiva Shree Hydropower Ltd
2026042904001441,SSHL,49,75,450,215.2,96840.0,2026-04-29,188463955,2907,Online Securities Pvt. Ltd.,N.I.M.B. Stock Markets Limited,2026-04-29 11:36:55.905730,Shiva Shree Hydropower Ltd
2026042904001464,SSHL,49,52,306,215.2,65851.2,2026-04-29,188464266,2907,Online Securities Pvt. Ltd.,Sundhara Securities Limited,2026-04-29 11:37:18.831240,Shiva Shree Hydropower Ltd
2026042904001465,SSHL,34,52,694,215.2,149348.8,2026-04-29,188464267,2907,Vision Securities Pvt. Ltd,Sundhara Securities Limited,2026-04-29 11:37:18.831982,Shiva Shree Hydropower Ltd
2026042904001501,SSHL,34,58,19,215.2,4088.8,2026-04-29,188464893,2907,Vision Securities Pvt. Ltd,Naasa Securities Co. Ltd.,2026-04-29 11:37:54.433701,Shiva Shree Hydropower Ltd
2026042904001600,SSHL,34,33,287,215.2,61762.4,2026-04-29,188467002,2907,Vision Securities Pvt. Ltd,Dakshinkali Investment & Securities Pvt. Ltd.,2026-04-29 11:40:04.883121,Shiva Shree Hydropower Ltd
2026042904001601,SSHL,65,33,13,215.2,2797.6,2026-04-29,188467003,2907,Sharepro Securities Private Limited,Dakshinkali Investment & Securities Pvt. Ltd.,2026-04-29 11:40:04.883512,Shiva Shree Hydropower Ltd
2026042904001603,SSHL,65,45,187,215.2,40242.4,2026-04-29,188467062,2907,Sharepro Securities Private Limited,Imperial Securities Company Pvt. Ltd.,2026-04-29 11:40:09.152591,Shiva Shree Hydropower Ltd
2026042904001604,SSHL,45,45,300,215.2,64560.0,2026-04-29,188467064,2907,Imperial Securities Company Pvt. Ltd.,Imperial Securities Company Pvt. Ltd.,2026-04-29 11:40:09.153494,Shiva Shree Hydropower Ltd
2026042904001632,SSHL,42,41,100,215.1,21510.0,2026-04-29,188467682,2907,Sani Securities Company Ltd.,Linch Stock Market Ltd.,2026-04-29 11:40:55.106875,Shiva Shree Hydropower Ltd
2026042904001633,SSHL,38,41,400,215.1,86040.0,2026-04-29,188467683,2907,Dipshikha Dhitopatra Karobar Co. Pvt Ltd.,Linch Stock Market Ltd.,2026-04-29 11:40:55.107239,Shiva Shree Hydropower Ltd
2026042904001667,SSHL,57,45,50,215.2,10760.0,2026-04-29,188468428,2907,Aryatara Investment & Securities,Imperial Securities Company Pvt. Ltd.,2026-04-29 11:41:35.278547,Shiva Shree Hydropower Ltd
2026042904001735,SSHL,35,45,1000,215.2,215200.0,2026-04-29,188469354,2907,Kohinoor Investment & Securities Pvt. Ltd.,Imperial Securities Company Pvt. Ltd.,2026-04-29 11:42:41.818659,Shiva Shree Hydropower Ltd
2026042904001757,SSHL,41,45,10,215.2,2152.0,2026-04-29,188469734,2907,Linch Stock Market Ltd.,Imperial Securities Company Pvt. Ltd.,2026-04-29 11:43:10.148114,Shiva Shree Hydropower Ltd
2026042904001799,SSHL,38,51,400,215.1,86040.0,2026-04-29,188470311,2907,Dipshikha Dhitopatra Karobar Co. Pvt Ltd.,Oxford Securities Pvt. Ltd.,2026-04-29 11:43:56.197480,Shiva Shree Hydropower Ltd
2026042904001800,SSHL,38,56,200,215.1,43020.0,2026-04-29,188470315,2907,Dipshikha Dhitopatra Karobar Co. Pvt Ltd.,Sri Hari Securities Pvt. Ltd.,2026-04-29 11:43:56.339572,Shiva Shree Hydropower Ltd
2026042904001801,SSHL,52,56,10,215.1,2151.0,2026-04-29,188470318,2907,Sundhara Securities Limited,Sri Hari Securities Pvt. Ltd.,2026-04-29 11:43:56.340286,Shiva Shree Hydropower Ltd
2026042904001802,SSHL,38,56,1000,215.1,215100.0,2026-04-29,188470320,2907,Dipshikha Dhitopatra Karobar Co. Pvt Ltd.,Sri Hari Securities Pvt. Ltd.,2026-04-29 11:43:56.340864,Shiva Shree Hydropower Ltd
2026042904001820,SSHL,38,48,2200,215.0,473000.0,2026-04-29,188470764,2907,Dipshikha Dhitopatra Karobar Co. Pvt Ltd.,Trishakti Securities Public Limited,2026-04-29 11:44:30.881797,Shiva Shree Hydropower Ltd
2026042904001821,SSHL,17,48,50,215.0,10750.0,2026-04-29,188470766,2907,ABC Securities Private Limited,Trishakti Securities Public Limited,2026-04-29 11:44:30.881916,Shiva Shree Hydropower Ltd
2026042904001822,SSHL,49,48,1000,215.0,215000.0,2026-04-29,188470768,2907,Online Securities Pvt. Ltd.,Trishakti Securities Public Limited,2026-04-29 11:44:30.882009,Shiva Shree Hydropower Ltd
2026042904001823,SSHL,49,48,100,215.0,21500.0,2026-04-29,188470770,2907,Online Securities Pvt. Ltd.,Trishakti Securities Public Limited,2026-04-29 11:44:30.882088,Shiva Shree Hydropower Ltd
2026042904001824,SSHL,49,48,100,215.0,21500.0,2026-04-29,188470772,2907,Online Securities Pvt. Ltd.,Trishakti Securities Public Limited,2026-04-29 11:44:30.882153,Shiva Shree Hydropower Ltd
2026042904001825,SSHL,49,48,25,215.0,5375.0,2026-04-29,188470774,2907,Online Securities Pvt. Ltd.,Trishakti Securities Public Limited,2026-04-29 11:44:30.882237,Shiva Shree Hydropower Ltd
2026042904001826,SSHL,46,48,60,215.0,12900.0,2026-04-29,188470776,2907,Kalika Securities Pvt. Ltd.,Trishakti Securities Public Limited,2026-04-29 11:44:30.882357,Shiva Shree Hydropower Ltd
2026042904001827,SSHL,49,48,305,215.0,65575.0,2026-04-29,188470778,2907,Online Securities Pvt. Ltd.,Trishakti Securities Public Limited,2026-04-29 11:44:30.882459,Shiva Shree Hydropower Ltd
2026042904001828,SSHL,53,48,50,215.0,10750.0,2026-04-29,188470780,2907,Investment Management Nepal Pvt. Ltd.,Trishakti Securities Public Limited,2026-04-29 11:44:30.882559,Shiva Shree Hydropower Ltd
2026042904001829,SSHL,45,48,100,215.0,21500.0,2026-04-29,188470782,2907,Imperial Securities Company Pvt. Ltd.,Trishakti Securities Public Limited,2026-04-29 11:44:30.882660,Shiva Shree Hydropower Ltd
2026042904001830,SSHL,38,48,100,215.0,21500.0,2026-04-29,188470784,2907,Dipshikha Dhitopatra Karobar Co. Pvt Ltd.,Trishakti Securities Public Limited,2026-04-29 11:44:30.882767,Shiva Shree Hydropower Ltd
2026042904001831,SSHL,1,48,210,215.0,45150.0,2026-04-29,188470785,2907,Kumari Securities Private Limited,Trishakti Securities Public Limited,2026-04-29 11:44:30.882897,Shiva Shree Hydropower Ltd
2026042904001835,SSHL,1,58,100,215.0,21500.0,2026-04-29,188470981,2907,Kumari Securities Private Limited,Naasa Securities Co. Ltd.,2026-04-29 11:44:44.733837,Shiva Shree Hydropower Ltd
2026042904001844,SSHL,1,52,100,215.0,21500.0,2026-04-29,188471069,2907,Kumari Securities Private Limited,Sundhara Securities Limited,2026-04-29 11:44:53.247770,Shiva Shree Hydropower Ltd
2026042904001859,SSHL,1,48,12,215.0,2580.0,2026-04-29,188471299,2907,Kumari Securities Private Limited,Trishakti Securities Public Limited,2026-04-29 11:45:09.116031,Shiva Shree Hydropower Ltd
2026042904001897,SSHL,1,45,78,215.0,16770.0,2026-04-29,188471768,2907,Kumari Securities Private Limited,Imperial Securities Company Pvt. Ltd.,2026-04-29 11:45:39.166531,Shiva Shree Hydropower Ltd
2026042904001898,SSHL,44,45,100,215.0,21500.0,2026-04-29,188471770,2907,Dynamic Money Managers Securities Pvt. Ltd.,Imperial Securities Company Pvt. Ltd.,2026-04-29 11:45:39.167045,Shiva Shree Hydropower Ltd
2026042904001899,SSHL,5,45,200,215.0,43000.0,2026-04-29,188471772,2907,Market Securities & Exchange (PVT) Ltd.,Imperial Securities Company Pvt. Ltd.,2026-04-29 11:45:39.167700,Shiva Shree Hydropower Ltd
2026042904001900,SSHL,57,45,100,215.0,21500.0,2026-04-29,188471774,2907,Aryatara Investment & Securities,Imperial Securities Company Pvt. Ltd.,2026-04-29 11:45:39.168259,Shiva Shree Hydropower Ltd
2026042904001901,SSHL,18,45,585,215.0,125775.0,2026-04-29,188471776,2907,Sagarmatha Securities Private Limited,Imperial Securities Company Pvt. Ltd.,2026-04-29 11:45:39.168768,Shiva Shree Hydropower Ltd
2026042904001924,SSHL,44,22,10,214.5,2145.0,2026-04-29,188471977,2907,Dynamic Money Managers Securities Pvt. Ltd.,Siprabi Securities Pvt. Ltd.,2026-04-29 11:45:50.768050,Shiva Shree Hydropower Ltd
2026042904001969,SSHL,44,35,30,214.5,6435.0,2026-04-29,188472992,2907,Dynamic Money Managers Securities Pvt. Ltd.,Kohinoor Investment & Securities Pvt. Ltd.,2026-04-29 11:46:55.326077,Shiva Shree Hydropower Ltd
2026042904001970,SSHL,42,35,10,214.5,2145.0,2026-04-29,188472994,2907,Sani Securities Company Ltd.,Kohinoor Investment & Securities Pvt. Ltd.,2026-04-29 11:46:55.326445,Shiva Shree Hydropower Ltd
2026042904001971,SSHL,40,59,500,214.5,107250.0,2026-04-29,188473007,2907,Creative Securities Pvt Ltd,Deevyaa Securities & Stock House Pvt. Ltd,2026-04-29 11:46:56.390821,Shiva Shree Hydropower Ltd
2026042904001974,SSHL,58,34,402,214.6,86269.2,2026-04-29,188473053,2907,Naasa Securities Co. Ltd.,Vision Securities Pvt. Ltd,2026-04-29 11:47:00.545437,Shiva Shree Hydropower Ltd
2026042904002021,SSHL,58,56,538,214.6,115454.8,2026-04-29,188473449,2907,Naasa Securities Co. Ltd.,Sri Hari Securities Pvt. Ltd.,2026-04-29 11:47:25.163833,Shiva Shree Hydropower Ltd
2026042904002089,SSHL,58,33,560,214.6,120176.0,2026-04-29,188474730,2907,Naasa Securities Co. Ltd.,Dakshinkali Investment & Securities Pvt. Ltd.,2026-04-29 11:49:02.058280,Shiva Shree Hydropower Ltd
2026042904002090,SSHL,40,33,3018,214.5,647361.0,2026-04-29,188474731,2907,Creative Securities Pvt Ltd,Dakshinkali Investment & Securities Pvt. Ltd.,2026-04-29 11:49:02.058652,Shiva Shree Hydropower Ltd
2026042904002124,SSHL,40,45,682,214.5,146289.0,2026-04-29,188475416,2907,Creative Securities Pvt Ltd,Imperial Securities Company Pvt. Ltd.,2026-04-29 11:49:54.187967,Shiva Shree Hydropower Ltd
2026042904002125,SSHL,43,45,500,214.2,107100.0,2026-04-29,188475418,2907,South Asian Bulls Pvt. Ltd.,Imperial Securities Company Pvt. Ltd.,2026-04-29 11:49:54.188016,Shiva Shree Hydropower Ltd
2026042904002126,SSHL,10,45,50,214.1,10705.0,2026-04-29,188475420,2907,Pragyan Securities (PVT) Ltd.,Imperial Securities Company Pvt. Ltd.,2026-04-29 11:49:54.188043,Shiva Shree Hydropower Ltd
2026042904002127,SSHL,36,45,1290,214.0,276060.0,2026-04-29,188475422,2907,Secured Securities Ltd.,Imperial Securities Company Pvt. Ltd.,2026-04-29 11:49:54.188092,Shiva Shree Hydropower Ltd
2026042904002128,SSHL,22,45,200,214.0,42800.0,2026-04-29,188475424,2907,Siprabi Securities Pvt. Ltd.,Imperial Securities Company Pvt. Ltd.,2026-04-29 11:49:54.188195,Shiva Shree Hydropower Ltd
2026042904002129,SSHL,42,45,150,214.0,32100.0,2026-04-29,188475426,2907,Sani Securities Company Ltd.,Imperial Securities Company Pvt. Ltd.,2026-04-29 11:49:54.188238,Shiva Shree Hydropower Ltd
2026042904002130,SSHL,7,45,90,214.0,19260.0,2026-04-29,188475428,2907,J.F. Securites (PVT) Ltd.,Imperial Securities Company Pvt. Ltd.,2026-04-29 11:49:54.188264,Shiva Shree Hydropower Ltd
2026042904002131,SSHL,5,45,30,214.0,6420.0,2026-04-29,188475430,2907,Market Securities & Exchange (PVT) Ltd.,Imperial Securities Company Pvt. Ltd.,2026-04-29 11:49:54.188288,Shiva Shree Hydropower Ltd
2026042904002132,SSHL,39,45,200,214.0,42800.0,2026-04-29,188475432,2907,Sumeru Securities Pvt. Ltd.,Imperial Securities Company Pvt. Ltd.,2026-04-29 11:49:54.188320,Shiva Shree Hydropower Ltd
2026042904002133,SSHL,58,45,25,214.0,5350.0,2026-04-29,188475434,2907,Naasa Securities Co. Ltd.,Imperial Securities Company Pvt. Ltd.,2026-04-29 11:49:54.188346,Shiva Shree Hydropower Ltd
2026042904002134,SSHL,62,45,200,214.0,42800.0,2026-04-29,188475436,2907,Capital Max Securities Ltd,Imperial Securities Company Pvt. Ltd.,2026-04-29 11:49:54.188370,Shiva Shree Hydropower Ltd
2026042904002135,SSHL,45,45,180,214.0,38520.0,2026-04-29,188475438,2907,Imperial Securities Company Pvt. Ltd.,Imperial Securities Company Pvt. Ltd.,2026-04-29 11:49:54.188396,Shiva Shree Hydropower Ltd
2026042904002136,SSHL,57,45,25,214.0,5350.0,2026-04-29,188475440,2907,Aryatara Investment & Securities,Imperial Securities Company Pvt. Ltd.,2026-04-29 11:49:54.188419,Shiva Shree Hydropower Ltd
2026042904002137,SSHL,58,45,50,214.0,10700.0,2026-04-29,188475363,2907,Naasa Securities Co. Ltd.,Imperial Securities Company Pvt. Ltd.,2026-04-29 11:49:54.188442,Shiva Shree Hydropower Ltd
2026042904002138,SSHL,5,45,1865,214.0,399110.0,2026-04-29,188475365,2907,Market Securities & Exchange (PVT) Ltd.,Imperial Securities Company Pvt. Ltd.,2026-04-29 11:49:54.188467,Shiva Shree Hydropower Ltd
2026042904002139,SSHL,58,45,97,214.0,20758.0,2026-04-29,188475367,2907,Naasa Securities Co. Ltd.,Imperial Securities Company Pvt. Ltd.,2026-04-29 11:49:54.188492,Shiva Shree Hydropower Ltd
2026042904002140,SSHL,49,45,2000,214.0,428000.0,2026-04-29,188475369,2907,Online Securities Pvt. Ltd.,Imperial Securities Company Pvt. Ltd.,2026-04-29 11:49:54.188517,Shiva Shree Hydropower Ltd
2026042904002141,SSHL,39,45,1000,214.0,214000.0,2026-04-29,188475371,2907,Sumeru Securities Pvt. Ltd.,Imperial Securities Company Pvt. Ltd.,2026-04-29 11:49:54.188543,Shiva Shree Hydropower Ltd
2026042904002142,SSHL,58,45,35,214.0,7490.0,2026-04-29,188475373,2907,Naasa Securities Co. Ltd.,Imperial Securities Company Pvt. Ltd.,2026-04-29 11:49:54.188566,Shiva Shree Hydropower Ltd
2026042904002143,SSHL,42,45,10,214.0,2140.0,2026-04-29,188475375,2907,Sani Securities Company Ltd.,Imperial Securities Company Pvt. Ltd.,2026-04-29 11:49:54.188587,Shiva Shree Hydropower Ltd
2026042904002144,SSHL,57,45,70,214.0,14980.0,2026-04-29,188475377,2907,Aryatara Investment & Securities,Imperial Securities Company Pvt. Ltd.,2026-04-29 11:49:54.188611,Shiva Shree Hydropower Ltd
2026042904002145,SSHL,21,45,1395,213.1,297274.5,2026-04-29,188475379,2907,Midas Stock Broking Company Private Limited,Imperial Securities Company Pvt. Ltd.,2026-04-29 11:49:54.188635,Shiva Shree Hydropower Ltd
2026042904002146,SSHL,49,45,220,213.0,46860.0,2026-04-29,188475381,2907,Online Securities Pvt. Ltd.,Imperial Securities Company Pvt. Ltd.,2026-04-29 11:49:54.188669,Shiva Shree Hydropower Ltd
2026042904002147,SSHL,47,45,100,213.0,21300.0,2026-04-29,188475383,2907,Neev Securities Pvt. Ltd.,Imperial Securities Company Pvt. Ltd.,2026-04-29 11:49:54.188696,Shiva Shree Hydropower Ltd
2026042904002148,SSHL,58,45,10,213.0,2130.0,2026-04-29,188475385,2907,Naasa Securities Co. Ltd.,Imperial Securities Company Pvt. Ltd.,2026-04-29 11:49:54.188726,Shiva Shree Hydropower Ltd
2026042904002149,SSHL,48,45,500,213.0,106500.0,2026-04-29,188475387,2907,Trishakti Securities Public Limited,Imperial Securities Company Pvt. Ltd.,2026-04-29 11:49:54.188751,Shiva Shree Hydropower Ltd
2026042904002150,SSHL,58,45,25,213.0,5325.0,2026-04-29,188475389,2907,Naasa Securities Co. Ltd.,Imperial Securities Company Pvt. Ltd.,2026-04-29 11:49:54.188775,Shiva Shree Hydropower Ltd
2026042904002151,SSHL,36,45,145,213.0,30885.0,2026-04-29,188475391,2907,Secured Securities Ltd.,Imperial Securities Company Pvt. Ltd.,2026-04-29 11:49:54.188796,Shiva Shree Hydropower Ltd
2026042904002152,SSHL,28,45,339,213.0,72207.0,2026-04-29,188475392,2907,Shree Krishna Securities Ltd.,Imperial Securities Company Pvt. Ltd.,2026-04-29 11:49:54.188850,Shiva Shree Hydropower Ltd
2026042904002194,SSHL,28,74,85,213.0,18105.0,2026-04-29,188475799,2907,Shree Krishna Securities Ltd.,KALASH STOCK MARKET PVT. LTD.,2026-04-29 11:50:20.301601,Shiva Shree Hydropower Ltd
2026042904002260,SSHL,65,48,200,214.0,42800.0,2026-04-29,188477500,2907,Sharepro Securities Private Limited,Trishakti Securities Public Limited,2026-04-29 11:51:57.949410,Shiva Shree Hydropower Ltd
2026042904002280,SSHL,28,62,41,213.0,8733.0,2026-04-29,188478177,2907,Shree Krishna Securities Ltd.,Capital Max Securities Ltd,2026-04-29 11:52:45.196373,Shiva Shree Hydropower Ltd
2026042904002346,SSHL,28,52,30,213.1,6393.0,2026-04-29,188479448,2907,Shree Krishna Securities Ltd.,Sundhara Securities Limited,2026-04-29 11:53:50.158024,Shiva Shree Hydropower Ltd
2026042904002347,SSHL,38,52,170,213.1,36227.0,2026-04-29,188479449,2907,Dipshikha Dhitopatra Karobar Co. Pvt Ltd.,Sundhara Securities Limited,2026-04-29 11:53:50.158419,Shiva Shree Hydropower Ltd
2026042904002427,SSHL,38,58,830,213.1,176873.0,2026-04-29,188480628,2907,Dipshikha Dhitopatra Karobar Co. Pvt Ltd.,Naasa Securities Co. Ltd.,2026-04-29 11:55:14.735368,Shiva Shree Hydropower Ltd
2026042904002428,SSHL,57,58,50,213.0,10650.0,2026-04-29,188480630,2907,Aryatara Investment & Securities,Naasa Securities Co. Ltd.,2026-04-29 11:55:14.735802,Shiva Shree Hydropower Ltd
2026042904002429,SSHL,42,58,10,213.0,2130.0,2026-04-29,188480632,2907,Sani Securities Company Ltd.,Naasa Securities Co. Ltd.,2026-04-29 11:55:14.735967,Shiva Shree Hydropower Ltd
2026042904002430,SSHL,7,58,110,213.0,23430.0,2026-04-29,188480633,2907,J.F. Securites (PVT) Ltd.,Naasa Securities Co. Ltd.,2026-04-29 11:55:14.736125,Shiva Shree Hydropower Ltd
2026042904002485,SSHL,7,52,400,213.0,85200.0,2026-04-29,188481405,2907,J.F. Securites (PVT) Ltd.,Sundhara Securities Limited,2026-04-29 11:56:04.808464,Shiva Shree Hydropower Ltd
2026042904002532,SSHL,7,45,490,213.0,104370.0,2026-04-29,188482060,2907,J.F. Securites (PVT) Ltd.,Imperial Securities Company Pvt. Ltd.,2026-04-29 11:56:48.977433,Shiva Shree Hydropower Ltd
2026042904002533,SSHL,52,45,500,213.0,106500.0,2026-04-29,188482062,2907,Sundhara Securities Limited,Imperial Securities Company Pvt. Ltd.,2026-04-29 11:56:48.977814,Shiva Shree Hydropower Ltd
2026042904002534,SSHL,32,45,539,213.0,114807.0,2026-04-29,188482063,2907,Premier Securities Company Ltd.,Imperial Securities Company Pvt. Ltd.,2026-04-29 11:56:48.977978,Shiva Shree Hydropower Ltd
2026042904002575,SSHL,32,59,461,213.0,98193.0,2026-04-29,188482660,2907,Premier Securities Company Ltd.,Deevyaa Securities & Stock House Pvt. Ltd,2026-04-29 11:57:17.070821,Shiva Shree Hydropower Ltd
2026042904002576,SSHL,58,59,39,213.0,8307.0,2026-04-29,188482661,2907,Naasa Securities Co. Ltd.,Deevyaa Securities & Stock House Pvt. Ltd,2026-04-29 11:57:17.071218,Shiva Shree Hydropower Ltd
2026042904002693,SSHL,58,49,211,213.0,44943.0,2026-04-29,188484476,2907,Naasa Securities Co. Ltd.,Online Securities Pvt. Ltd.,2026-04-29 11:58:47.977789,Shiva Shree Hydropower Ltd
2026042904002694,SSHL,39,49,119,213.0,25347.0,2026-04-29,188484477,2907,Sumeru Securities Pvt. Ltd.,Online Securities Pvt. Ltd.,2026-04-29 11:58:47.978249,Shiva Shree Hydropower Ltd
2026042904002850,SSHL,42,48,10,214.0,2140.0,2026-04-29,188487092,2907,Sani Securities Company Ltd.,Trishakti Securities Public Limited,2026-04-29 12:01:45.034064,Shiva Shree Hydropower Ltd
2026042904002943,SSHL,38,48,290,214.0,62060.0,2026-04-29,188489411,2907,Dipshikha Dhitopatra Karobar Co. Pvt Ltd.,Trishakti Securities Public Limited,2026-04-29 12:04:14.320984,Shiva Shree Hydropower Ltd
2026042904002944,SSHL,38,58,50,214.0,10700.0,2026-04-29,188489413,2907,Dipshikha Dhitopatra Karobar Co. Pvt Ltd.,Naasa Securities Co. Ltd.,2026-04-29 12:04:14.321388,Shiva Shree Hydropower Ltd
2026042904002945,SSHL,38,17,50,214.0,10700.0,2026-04-29,188489415,2907,Dipshikha Dhitopatra Karobar Co. Pvt Ltd.,ABC Securities Private Limited,2026-04-29 12:04:14.321568,Shiva Shree Hydropower Ltd
2026042904002946,SSHL,38,26,110,214.0,23540.0,2026-04-29,188489418,2907,Dipshikha Dhitopatra Karobar Co. Pvt Ltd.,Asian Securities Private Ltd.,2026-04-29 12:04:14.321738,Shiva Shree Hydropower Ltd
2026042904003049,SSHL,40,58,45,214.0,9630.0,2026-04-29,188491997,2907,Creative Securities Pvt Ltd,Naasa Securities Co. Ltd.,2026-04-29 12:07:16.630488,Shiva Shree Hydropower Ltd
2026042904003050,SSHL,40,41,100,214.0,21400.0,2026-04-29,188491999,2907,Creative Securities Pvt Ltd,Linch Stock Market Ltd.,2026-04-29 12:07:16.630878,Shiva Shree Hydropower Ltd
2026042904003051,SSHL,40,4,1130,214.0,241820.0,2026-04-29,188492001,2907,Creative Securities Pvt Ltd,Opal Securities Investment (PVT) Ltd.,2026-04-29 12:07:16.631061,Shiva Shree Hydropower Ltd
2026042904003116,SSHL,40,46,960,214.0,205440.0,2026-04-29,188493155,2907,Creative Securities Pvt Ltd,Kalika Securities Pvt. Ltd.,2026-04-29 12:08:34.592449,Shiva Shree Hydropower Ltd
2026042904003206,SSHL,42,49,10,214.8,2148.0,2026-04-29,188494356,2907,Sani Securities Company Ltd.,Online Securities Pvt. Ltd.,2026-04-29 12:10:00.752833,Shiva Shree Hydropower Ltd
2026042904003309,SSHL,22,58,200,214.1,42820.0,2026-04-29,188496790,2907,Siprabi Securities Pvt. Ltd.,Naasa Securities Co. Ltd.,2026-04-29 12:12:55.508446,Shiva Shree Hydropower Ltd
2026042904003332,SSHL,45,58,10,214.1,2141.0,2026-04-29,188497200,2907,Imperial Securities Company Pvt. Ltd.,Naasa Securities Co. Ltd.,2026-04-29 12:13:30.362152,Shiva Shree Hydropower Ltd
2026042904003334,SSHL,40,26,308,214.0,65912.0,2026-04-29,188497227,2907,Creative Securities Pvt Ltd,Asian Securities Private Ltd.,2026-04-29 12:13:34.180920,Shiva Shree Hydropower Ltd
2026042904003448,SSHL,40,25,150,214.0,32100.0,2026-04-29,188499075,2907,Creative Securities Pvt Ltd,Sweta Securities Private Limited,2026-04-29 12:15:40.010598,Shiva Shree Hydropower Ltd
2026042904003452,SSHL,40,49,30,214.0,6420.0,2026-04-29,188499237,2907,Creative Securities Pvt Ltd,Online Securities Pvt. Ltd.,2026-04-29 12:15:54.861056,Shiva Shree Hydropower Ltd
2026042904003458,SSHL,40,34,590,214.0,126260.0,2026-04-29,188499345,2907,Creative Securities Pvt Ltd,Vision Securities Pvt. Ltd,2026-04-29 12:16:07.292984,Shiva Shree Hydropower Ltd
2026042904003459,SSHL,40,51,440,214.0,94160.0,2026-04-29,188499351,2907,Creative Securities Pvt Ltd,Oxford Securities Pvt. Ltd.,2026-04-29 12:16:07.630086,Shiva Shree Hydropower Ltd
2026042904003482,SSHL,42,58,10,214.1,2141.0,2026-04-29,188499648,2907,Sani Securities Company Ltd.,Naasa Securities Co. Ltd.,2026-04-29 12:16:32.379820,Shiva Shree Hydropower Ltd
2026042904003497,SSHL,40,29,1247,214.0,266858.0,2026-04-29,188500058,2907,Creative Securities Pvt Ltd,Trisul Securities & Invt. Ltd.,2026-04-29 12:17:01.548775,Shiva Shree Hydropower Ltd
2026042904003498,SSHL,37,29,100,214.0,21400.0,2026-04-29,188500060,2907,Swarna Laxmi Securities Pvt. Ltd.,Trisul Securities & Invt. Ltd.,2026-04-29 12:17:01.549637,Shiva Shree Hydropower Ltd
2026042904003499,SSHL,58,29,40,214.0,8560.0,2026-04-29,188500062,2907,Naasa Securities Co. Ltd.,Trisul Securities & Invt. Ltd.,2026-04-29 12:17:01.550212,Shiva Shree Hydropower Ltd
2026042904003500,SSHL,58,29,113,214.0,24182.0,2026-04-29,188500063,2907,Naasa Securities Co. Ltd.,Trisul Securities & Invt. Ltd.,2026-04-29 12:17:01.550795,Shiva Shree Hydropower Ltd
2026042904003504,SSHL,49,58,10,214.1,2141.0,2026-04-29,188500286,2907,Online Securities Pvt. Ltd.,Naasa Securities Co. Ltd.,2026-04-29 12:17:15.765516,Shiva Shree Hydropower Ltd
2026042904003516,SSHL,58,58,25,214.1,5352.5,2026-04-29,188500678,2907,Naasa Securities Co. Ltd.,Naasa Securities Co. Ltd.,2026-04-29 12:17:39.049486,Shiva Shree Hydropower Ltd
2026042904003527,SSHL,34,58,100,214.1,21410.0,2026-04-29,188500962,2907,Vision Securities Pvt. Ltd,Naasa Securities Co. Ltd.,2026-04-29 12:18:00.186229,Shiva Shree Hydropower Ltd
2026042904003538,SSHL,38,58,57,214.1,12203.7,2026-04-29,188501073,2907,Dipshikha Dhitopatra Karobar Co. Pvt Ltd.,Naasa Securities Co. Ltd.,2026-04-29 12:18:09.675699,Shiva Shree Hydropower Ltd
2026042904003539,SSHL,38,49,100,214.8,21480.0,2026-04-29,188501076,2907,Dipshikha Dhitopatra Karobar Co. Pvt Ltd.,Online Securities Pvt. Ltd.,2026-04-29 12:18:09.676512,Shiva Shree Hydropower Ltd
2026042904003614,SSHL,17,34,345,214.1,73864.5,2026-04-29,188502335,2907,ABC Securities Private Limited,Vision Securities Pvt. Ltd,2026-04-29 12:19:47.955641,Shiva Shree Hydropower Ltd
2026042904003631,SSHL,17,26,655,214.1,140235.5,2026-04-29,188502664,2907,ABC Securities Private Limited,Asian Securities Private Ltd.,2026-04-29 12:20:13.209845,Shiva Shree Hydropower Ltd
2026042904003632,SSHL,46,26,200,214.1,42820.0,2026-04-29,188502666,2907,Kalika Securities Pvt. Ltd.,Asian Securities Private Ltd.,2026-04-29 12:20:13.210884,Shiva Shree Hydropower Ltd
2026042904003638,SSHL,58,58,265,214.0,56710.0,2026-04-29,188502905,2907,Naasa Securities Co. Ltd.,Naasa Securities Co. Ltd.,2026-04-29 12:20:31.466123,Shiva Shree Hydropower Ltd
2026042904003643,SSHL,58,65,34,214.0,7276.0,2026-04-29,188503038,2907,Naasa Securities Co. Ltd.,Sharepro Securities Private Limited,2026-04-29 12:20:43.657298,Shiva Shree Hydropower Ltd
2026042904003644,SSHL,43,65,20,214.0,4280.0,2026-04-29,188503040,2907,South Asian Bulls Pvt. Ltd.,Sharepro Securities Private Limited,2026-04-29 12:20:43.658164,Shiva Shree Hydropower Ltd
2026042904003645,SSHL,32,65,200,214.0,42800.0,2026-04-29,188503042,2907,Premier Securities Company Ltd.,Sharepro Securities Private Limited,2026-04-29 12:20:43.658745,Shiva Shree Hydropower Ltd
2026042904003646,SSHL,49,65,500,214.0,107000.0,2026-04-29,188503044,2907,Online Securities Pvt. Ltd.,Sharepro Securities Private Limited,2026-04-29 12:20:43.659346,Shiva Shree Hydropower Ltd
2026042904003673,SSHL,45,26,15,213.5,3202.5,2026-04-29,188503744,2907,Imperial Securities Company Pvt. Ltd.,Asian Securities Private Ltd.,2026-04-29 12:21:32.468739,Shiva Shree Hydropower Ltd
2026042904003674,SSHL,34,26,25,213.5,5337.5,2026-04-29,188503745,2907,Vision Securities Pvt. Ltd,Asian Securities Private Ltd.,2026-04-29 12:21:32.469625,Shiva Shree Hydropower Ltd
2026042904003699,SSHL,6,65,100,214.0,21400.0,2026-04-29,188503956,2907,Agrawal Securities (PVT) Ltd.,Sharepro Securities Private Limited,2026-04-29 12:21:49.488899,Shiva Shree Hydropower Ltd
2026042904003711,SSHL,49,65,100,214.0,21400.0,2026-04-29,188504182,2907,Online Securities Pvt. Ltd.,Sharepro Securities Private Limited,2026-04-29 12:22:04.058328,Shiva Shree Hydropower Ltd
2026042904003720,SSHL,42,65,46,214.0,9844.0,2026-04-29,188504495,2907,Sani Securities Company Ltd.,Sharepro Securities Private Limited,2026-04-29 12:22:25.464771,Shiva Shree Hydropower Ltd
2026042904003721,SSHL,42,58,10,214.0,2140.0,2026-04-29,188504497,2907,Sani Securities Company Ltd.,Naasa Securities Co. Ltd.,2026-04-29 12:22:25.465584,Shiva Shree Hydropower Ltd
2026042904003750,SSHL,74,58,10,214.1,2141.0,2026-04-29,188505129,2907,KALASH STOCK MARKET PVT. LTD.,Naasa Securities Co. Ltd.,2026-04-29 12:23:06.937722,Shiva Shree Hydropower Ltd
2026042904003751,SSHL,74,49,140,214.8,30072.0,2026-04-29,188505131,2907,KALASH STOCK MARKET PVT. LTD.,Online Securities Pvt. Ltd.,2026-04-29 12:23:06.938655,Shiva Shree Hydropower Ltd
2026042904003851,SSHL,42,64,250,214.9,53725.0,2026-04-29,188506933,2907,Sani Securities Company Ltd.,SUN SECURITIES PVT LTD,2026-04-29 12:25:14.145399,Shiva Shree Hydropower Ltd
2026042904003852,SSHL,42,59,194,214.9,41690.6,2026-04-29,188506936,2907,Sani Securities Company Ltd.,Deevyaa Securities & Stock House Pvt. Ltd,2026-04-29 12:25:14.146370,Shiva Shree Hydropower Ltd
2026042904003887,SSHL,40,59,306,214.9,65759.4,2026-04-29,188507799,2907,Creative Securities Pvt Ltd,Deevyaa Securities & Stock House Pvt. Ltd,2026-04-29 12:25:59.095594,Shiva Shree Hydropower Ltd
2026042904003888,SSHL,40,45,4694,215.0,1009210.0,2026-04-29,188507802,2907,Creative Securities Pvt Ltd,Imperial Securities Company Pvt. Ltd.,2026-04-29 12:25:59.096451,Shiva Shree Hydropower Ltd
2026042904003912,SSHL,21,45,104,215.0,22360.0,2026-04-29,188508352,2907,Midas Stock Broking Company Private Limited,Imperial Securities Company Pvt. Ltd.,2026-04-29 12:26:37.521401,Shiva Shree Hydropower Ltd
2026042904003915,SSHL,46,45,10,215.0,2150.0,2026-04-29,188508408,2907,Kalika Securities Pvt. Ltd.,Imperial Securities Company Pvt. Ltd.,2026-04-29 12:26:45.626935,Shiva Shree Hydropower Ltd
2026042904004166,SSHL,35,45,100,215.0,21500.0,2026-04-29,188513454,2907,Kohinoor Investment & Securities Pvt. Ltd.,Imperial Securities Company Pvt. Ltd.,2026-04-29 12:33:11.397696,Shiva Shree Hydropower Ltd
2026042904004167,SSHL,58,45,29,215.0,6235.0,2026-04-29,188513455,2907,Naasa Securities Co. Ltd.,Imperial Securities Company Pvt. Ltd.,2026-04-29 12:33:11.542815,Shiva Shree Hydropower Ltd
2026042904004168,SSHL,58,57,71,215.0,15265.0,2026-04-29,188513458,2907,Naasa Securities Co. Ltd.,Aryatara Investment & Securities,2026-04-29 12:33:11.543291,Shiva Shree Hydropower Ltd
2026042904004269,SSHL,45,57,50,215.0,10750.0,2026-04-29,188516266,2907,Imperial Securities Company Pvt. Ltd.,Aryatara Investment & Securities,2026-04-29 12:36:45.996403,Shiva Shree Hydropower Ltd
2026042904004273,SSHL,53,13,10,214.5,2145.0,2026-04-29,188516337,2907,Investment Management Nepal Pvt. Ltd.,Thrive Brokerage House Pvt. Ltd,2026-04-29 12:36:57.852371,Shiva Shree Hydropower Ltd
2026042904004286,SSHL,53,42,40,214.5,8580.0,2026-04-29,188516759,2907,Investment Management Nepal Pvt. Ltd.,Sani Securities Company Ltd.,2026-04-29 12:37:33.248157,Shiva Shree Hydropower Ltd
2026042904004287,SSHL,74,42,32,214.3,6857.6,2026-04-29,188516761,2907,KALASH STOCK MARKET PVT. LTD.,Sani Securities Company Ltd.,2026-04-29 12:37:33.248621,Shiva Shree Hydropower Ltd
2026042904004288,SSHL,74,81,318,214.3,68147.4,2026-04-29,188516838,2907,KALASH STOCK MARKET PVT. LTD.,Aakashbhairab Securities Ltd.,2026-04-29 12:37:38.960153,Shiva Shree Hydropower Ltd
2026042904004289,SSHL,57,81,200,214.3,42860.0,2026-04-29,188516840,2907,Aryatara Investment & Securities,Aakashbhairab Securities Ltd.,2026-04-29 12:37:38.960263,Shiva Shree Hydropower Ltd
2026042904004290,SSHL,35,81,500,214.3,107150.0,2026-04-29,188516842,2907,Kohinoor Investment & Securities Pvt. Ltd.,Aakashbhairab Securities Ltd.,2026-04-29 12:37:38.960337,Shiva Shree Hydropower Ltd
2026042904004291,SSHL,57,81,465,214.0,99510.0,2026-04-29,188516844,2907,Aryatara Investment & Securities,Aakashbhairab Securities Ltd.,2026-04-29 12:37:38.960451,Shiva Shree Hydropower Ltd
2026042904004292,SSHL,11,81,25,214.0,5350.0,2026-04-29,188516846,2907,Malla & Malla Stock Broking Company Pvt. Limited,Aakashbhairab Securities Ltd.,2026-04-29 12:37:38.960532,Shiva Shree Hydropower Ltd
2026042904004293,SSHL,34,81,50,214.0,10700.0,2026-04-29,188516848,2907,Vision Securities Pvt. Ltd,Aakashbhairab Securities Ltd.,2026-04-29 12:37:38.960608,Shiva Shree Hydropower Ltd
2026042904004294,SSHL,74,81,141,213.7,30131.7,2026-04-29,188516850,2907,KALASH STOCK MARKET PVT. LTD.,Aakashbhairab Securities Ltd.,2026-04-29 12:37:38.960685,Shiva Shree Hydropower Ltd
2026042904004295,SSHL,44,81,200,213.6,42720.0,2026-04-29,188516852,2907,Dynamic Money Managers Securities Pvt. Ltd.,Aakashbhairab Securities Ltd.,2026-04-29 12:37:38.960761,Shiva Shree Hydropower Ltd
2026042904004296,SSHL,35,81,500,213.6,106800.0,2026-04-29,188516854,2907,Kohinoor Investment & Securities Pvt. Ltd.,Aakashbhairab Securities Ltd.,2026-04-29 12:37:38.960838,Shiva Shree Hydropower Ltd
2026042904004297,SSHL,34,81,25,213.5,5337.5,2026-04-29,188516856,2907,Vision Securities Pvt. Ltd,Aakashbhairab Securities Ltd.,2026-04-29 12:37:38.960918,Shiva Shree Hydropower Ltd
2026042904004298,SSHL,45,81,100,213.5,21350.0,2026-04-29,188516858,2907,Imperial Securities Company Pvt. Ltd.,Aakashbhairab Securities Ltd.,2026-04-29 12:37:38.960996,Shiva Shree Hydropower Ltd
2026042904004299,SSHL,35,81,100,213.5,21350.0,2026-04-29,188516860,2907,Kohinoor Investment & Securities Pvt. Ltd.,Aakashbhairab Securities Ltd.,2026-04-29 12:37:38.961094,Shiva Shree Hydropower Ltd
2026042904004300,SSHL,36,81,1000,213.5,213500.0,2026-04-29,188516862,2907,Secured Securities Ltd.,Aakashbhairab Securities Ltd.,2026-04-29 12:37:38.961160,Shiva Shree Hydropower Ltd
2026042904004301,SSHL,38,81,176,213.2,37523.2,2026-04-29,188516863,2907,Dipshikha Dhitopatra Karobar Co. Pvt Ltd.,Aakashbhairab Securities Ltd.,2026-04-29 12:37:38.961238,Shiva Shree Hydropower Ltd
2026042904004305,SSHL,16,57,300,215.0,64500.0,2026-04-29,188517038,2907,Primo Securities (PVT) Ltd.,Aryatara Investment & Securities,2026-04-29 12:37:57.436033,Shiva Shree Hydropower Ltd
2026042904004402,SSHL,58,7,40,214.9,8596.0,2026-04-29,188518270,2907,Naasa Securities Co. Ltd.,J.F. Securites (PVT) Ltd.,2026-04-29 12:39:38.079866,Shiva Shree Hydropower Ltd
2026042904004683,SSHL,49,33,150,214.1,32115.0,2026-04-29,188522109,2907,Online Securities Pvt. Ltd.,Dakshinkali Investment & Securities Pvt. Ltd.,2026-04-29 12:46:20.006794,Shiva Shree Hydropower Ltd
2026042904004986,SSHL,38,17,50,214.2,10710.0,2026-04-29,188526165,2907,Dipshikha Dhitopatra Karobar Co. Pvt Ltd.,ABC Securities Private Limited,2026-04-29 12:53:47.571539,Shiva Shree Hydropower Ltd
2026042904005034,SSHL,58,1,250,214.5,53625.0,2026-04-29,188526888,2907,Naasa Securities Co. Ltd.,Kumari Securities Private Limited,2026-04-29 12:54:47.954600,Shiva Shree Hydropower Ltd
2026042904005156,SSHL,58,1,15,214.3,3214.5,2026-04-29,188528302,2907,Naasa Securities Co. Ltd.,Kumari Securities Private Limited,2026-04-29 12:57:33.940128,Shiva Shree Hydropower Ltd
2026042904005162,SSHL,29,1,100,214.3,21430.0,2026-04-29,188528424,2907,Trisul Securities & Invt. Ltd.,Kumari Securities Private Limited,2026-04-29 12:57:46.470273,Shiva Shree Hydropower Ltd
2026042904005198,SSHL,58,1,11,214.3,2357.3,2026-04-29,188528608,2907,Naasa Securities Co. Ltd.,Kumari Securities Private Limited,2026-04-29 12:57:58.416946,Shiva Shree Hydropower Ltd
2026042904005222,SSHL,58,1,117,214.3,25073.1,2026-04-29,188528918,2907,Naasa Securities Co. Ltd.,Kumari Securities Private Limited,2026-04-29 12:58:36.647589,Shiva Shree Hydropower Ltd
2026042904005230,SSHL,52,57,100,214.2,21420.0,2026-04-29,188529013,2907,Sundhara Securities Limited,Aryatara Investment & Securities,2026-04-29 12:58:47.093384,Shiva Shree Hydropower Ltd
2026042904005296,SSHL,42,11,500,214.6,107300.0,2026-04-29,188529552,2907,Sani Securities Company Ltd.,Malla & Malla Stock Broking Company Pvt. Limited,2026-04-29 12:59:35.372259,Shiva Shree Hydropower Ltd
2026042904005331,SSHL,52,46,200,214.2,42840.0,2026-04-29,188529903,2907,Sundhara Securities Limited,Kalika Securities Pvt. Ltd.,2026-04-29 13:00:14.718986,Shiva Shree Hydropower Ltd
2026042904005423,SSHL,18,11,500,214.6,107300.0,2026-04-29,188531390,2907,Sagarmatha Securities Private Limited,Malla & Malla Stock Broking Company Pvt. Limited,2026-04-29 13:02:44.209692,Shiva Shree Hydropower Ltd
2026042904005442,SSHL,16,29,30,214.5,6435.0,2026-04-29,188531644,2907,Primo Securities (PVT) Ltd.,Trisul Securities & Invt. Ltd.,2026-04-29 13:03:17.757294,Shiva Shree Hydropower Ltd
2026042904005443,SSHL,52,29,270,214.2,57834.0,2026-04-29,188531645,2907,Sundhara Securities Limited,Trisul Securities & Invt. Ltd.,2026-04-29 13:03:17.758371,Shiva Shree Hydropower Ltd
2026042904005484,SSHL,26,42,10,214.8,2148.0,2026-04-29,188532340,2907,Asian Securities Private Ltd.,Sani Securities Company Ltd.,2026-04-29 13:04:26.636924,Shiva Shree Hydropower Ltd
2026042904005511,SSHL,3,58,232,214.6,49787.2,2026-04-29,188532994,2907,Arun Securities (PVT) Ltd.,Naasa Securities Co. Ltd.,2026-04-29 13:05:36.455608,Shiva Shree Hydropower Ltd
2026042904005512,SSHL,52,58,130,214.2,27846.0,2026-04-29,188532996,2907,Sundhara Securities Limited,Naasa Securities Co. Ltd.,2026-04-29 13:05:36.456691,Shiva Shree Hydropower Ltd
2026042904005513,SSHL,58,58,30,214.0,6420.0,2026-04-29,188532998,2907,Naasa Securities Co. Ltd.,Naasa Securities Co. Ltd.,2026-04-29 13:05:36.457450,Shiva Shree Hydropower Ltd
2026042904005514,SSHL,45,58,100,214.0,21400.0,2026-04-29,188533000,2907,Imperial Securities Company Pvt. Ltd.,Naasa Securities Co. Ltd.,2026-04-29 13:05:36.458145,Shiva Shree Hydropower Ltd
2026042904005515,SSHL,22,58,100,214.0,21400.0,2026-04-29,188533002,2907,Siprabi Securities Pvt. Ltd.,Naasa Securities Co. Ltd.,2026-04-29 13:05:36.458849,Shiva Shree Hydropower Ltd
2026042904005516,SSHL,6,58,10,214.0,2140.0,2026-04-29,188533004,2907,Agrawal Securities (PVT) Ltd.,Naasa Securities Co. Ltd.,2026-04-29 13:05:36.459582,Shiva Shree Hydropower Ltd
2026042904005517,SSHL,45,58,20,214.0,4280.0,2026-04-29,188533006,2907,Imperial Securities Company Pvt. Ltd.,Naasa Securities Co. Ltd.,2026-04-29 13:05:36.460275,Shiva Shree Hydropower Ltd
2026042904005518,SSHL,32,58,100,214.0,21400.0,2026-04-29,188533008,2907,Premier Securities Company Ltd.,Naasa Securities Co. Ltd.,2026-04-29 13:05:36.460979,Shiva Shree Hydropower Ltd
2026042904005519,SSHL,13,58,278,214.0,59492.0,2026-04-29,188533009,2907,Thrive Brokerage House Pvt. Ltd,Naasa Securities Co. Ltd.,2026-04-29 13:05:36.461652,Shiva Shree Hydropower Ltd
2026042904005540,SSHL,13,58,220,214.0,47080.0,2026-04-29,188533377,2907,Thrive Brokerage House Pvt. Ltd,Naasa Securities Co. Ltd.,2026-04-29 13:06:08.832787,Shiva Shree Hydropower Ltd
2026042904005690,SSHL,6,48,20,214.0,4280.0,2026-04-29,188536188,2907,Agrawal Securities (PVT) Ltd.,Trishakti Securities Public Limited,2026-04-29 13:10:38.744149,Shiva Shree Hydropower Ltd
2026042904005691,SSHL,22,48,100,214.0,21400.0,2026-04-29,188536190,2907,Siprabi Securities Pvt. Ltd.,Trishakti Securities Public Limited,2026-04-29 13:10:38.744698,Shiva Shree Hydropower Ltd
2026042904005692,SSHL,22,48,70,214.0,14980.0,2026-04-29,188536192,2907,Siprabi Securities Pvt. Ltd.,Trishakti Securities Public Limited,2026-04-29 13:10:38.745060,Shiva Shree Hydropower Ltd
2026042904005693,SSHL,59,48,200,213.6,42720.0,2026-04-29,188536194,2907,Deevyaa Securities & Stock House Pvt. Ltd,Trishakti Securities Public Limited,2026-04-29 13:10:38.745359,Shiva Shree Hydropower Ltd
2026042904005694,SSHL,34,48,250,213.5,53375.0,2026-04-29,188536196,2907,Vision Securities Pvt. Ltd,Trishakti Securities Public Limited,2026-04-29 13:10:38.745646,Shiva Shree Hydropower Ltd
2026042904005715,SSHL,4,48,45,213.5,9607.5,2026-04-29,188536454,2907,Opal Securities Investment (PVT) Ltd.,Trishakti Securities Public Limited,2026-04-29 13:11:08.247873,Shiva Shree Hydropower Ltd
2026042904005746,SSHL,49,48,20,213.5,4270.0,2026-04-29,188537010,2907,Online Securities Pvt. Ltd.,Trishakti Securities Public Limited,2026-04-29 13:12:14.566487,Shiva Shree Hydropower Ltd
2026042904005758,SSHL,57,48,50,213.5,10675.0,2026-04-29,188537356,2907,Aryatara Investment & Securities,Trishakti Securities Public Limited,2026-04-29 13:12:42.715981,Shiva Shree Hydropower Ltd
2026042904005770,SSHL,59,46,102,213.4,21766.8,2026-04-29,188537777,2907,Deevyaa Securities & Stock House Pvt. Ltd,Kalika Securities Pvt. Ltd.,2026-04-29 13:13:24.058380,Shiva Shree Hydropower Ltd
2026042904005779,SSHL,46,48,100,213.5,21350.0,2026-04-29,188538078,2907,Kalika Securities Pvt. Ltd.,Trishakti Securities Public Limited,2026-04-29 13:13:48.225070,Shiva Shree Hydropower Ltd
2026042904005788,SSHL,49,48,145,213.5,30957.5,2026-04-29,188538295,2907,Online Securities Pvt. Ltd.,Trishakti Securities Public Limited,2026-04-29 13:14:03.591621,Shiva Shree Hydropower Ltd
2026042904005851,SSHL,38,21,12,214.0,2568.0,2026-04-29,188539186,2907,Dipshikha Dhitopatra Karobar Co. Pvt Ltd.,Midas Stock Broking Company Private Limited,2026-04-29 13:15:19.326116,Shiva Shree Hydropower Ltd
2026042904005909,SSHL,19,21,88,214.0,18832.0,2026-04-29,188540095,2907,Nepal Investment And Securities Trading Private Limited,Midas Stock Broking Company Private Limited,2026-04-29 13:17:25.766381,Shiva Shree Hydropower Ltd
2026042904005910,SSHL,19,69,412,214.0,88168.0,2026-04-29,188540098,2907,Nepal Investment And Securities Trading Private Limited,INDEX SECURITIES LIMITED,2026-04-29 13:17:25.767408,Shiva Shree Hydropower Ltd
2026042904005911,SSHL,19,22,10,213.6,2136.0,2026-04-29,188540115,2907,Nepal Investment And Securities Trading Private Limited,Siprabi Securities Pvt. Ltd.,2026-04-29 13:17:27.348630,Shiva Shree Hydropower Ltd
2026042904005933,SSHL,58,69,80,214.0,17120.0,2026-04-29,188540608,2907,Naasa Securities Co. Ltd.,INDEX SECURITIES LIMITED,2026-04-29 13:18:22.746454,Shiva Shree Hydropower Ltd
2026042904005943,SSHL,52,69,400,214.0,85600.0,2026-04-29,188540810,2907,Sundhara Securities Limited,INDEX SECURITIES LIMITED,2026-04-29 13:18:41.338104,Shiva Shree Hydropower Ltd
2026042904006038,SSHL,42,34,10,213.8,2138.0,2026-04-29,188542700,2907,Sani Securities Company Ltd.,Vision Securities Pvt. Ltd,2026-04-29 13:22:03.834505,Shiva Shree Hydropower Ltd
2026042904006104,SSHL,28,69,42,214.0,8988.0,2026-04-29,188544039,2907,Shree Krishna Securities Ltd.,INDEX SECURITIES LIMITED,2026-04-29 13:23:57.160482,Shiva Shree Hydropower Ltd
2026042904006105,SSHL,28,38,200,214.0,42800.0,2026-04-29,188544041,2907,Shree Krishna Securities Ltd.,Dipshikha Dhitopatra Karobar Co. Pvt Ltd.,2026-04-29 13:23:57.161479,Shiva Shree Hydropower Ltd
2026042904006106,SSHL,28,77,10,214.0,2140.0,2026-04-29,188544043,2907,Shree Krishna Securities Ltd.,Nabil Stock Dealer Ltd.,2026-04-29 13:23:57.162197,Shiva Shree Hydropower Ltd
2026042904006107,SSHL,28,58,120,214.0,25680.0,2026-04-29,188544045,2907,Shree Krishna Securities Ltd.,Naasa Securities Co. Ltd.,2026-04-29 13:23:57.162924,Shiva Shree Hydropower Ltd
2026042904006118,SSHL,28,58,500,214.0,107000.0,2026-04-29,188544235,2907,Shree Krishna Securities Ltd.,Naasa Securities Co. Ltd.,2026-04-29 13:24:12.536436,Shiva Shree Hydropower Ltd
2026042904006152,SSHL,28,58,128,214.0,27392.0,2026-04-29,188544424,2907,Shree Krishna Securities Ltd.,Naasa Securities Co. Ltd.,2026-04-29 13:24:39.774792,Shiva Shree Hydropower Ltd
2026042904006330,SSHL,40,58,372,214.0,79608.0,2026-04-29,188546725,2907,Creative Securities Pvt Ltd,Naasa Securities Co. Ltd.,2026-04-29 13:28:44.907782,Shiva Shree Hydropower Ltd
2026042904006375,SSHL,40,41,300,214.0,64200.0,2026-04-29,188547073,2907,Creative Securities Pvt Ltd,Linch Stock Market Ltd.,2026-04-29 13:29:21.056336,Shiva Shree Hydropower Ltd
2026042904006507,SSHL,13,58,35,214.1,7493.5,2026-04-29,188549267,2907,Thrive Brokerage House Pvt. Ltd,Naasa Securities Co. Ltd.,2026-04-29 13:32:39.792040,Shiva Shree Hydropower Ltd
2026042904006523,SSHL,13,1,100,214.1,21410.0,2026-04-29,188549569,2907,Thrive Brokerage House Pvt. Ltd,Kumari Securities Private Limited,2026-04-29 13:33:11.130989,Shiva Shree Hydropower Ltd
2026042904006580,SSHL,13,7,65,214.1,13916.5,2026-04-29,188550534,2907,Thrive Brokerage House Pvt. Ltd,J.F. Securites (PVT) Ltd.,2026-04-29 13:34:53.419861,Shiva Shree Hydropower Ltd
2026042904006581,SSHL,45,7,65,214.1,13916.5,2026-04-29,188550536,2907,Imperial Securities Company Pvt. Ltd.,J.F. Securites (PVT) Ltd.,2026-04-29 13:34:53.420927,Shiva Shree Hydropower Ltd
2026042904006582,SSHL,40,7,300,214.0,64200.0,2026-04-29,188550537,2907,Creative Securities Pvt Ltd,J.F. Securites (PVT) Ltd.,2026-04-29 13:34:53.421699,Shiva Shree Hydropower Ltd
2026042904006615,SSHL,42,36,10,214.4,2144.0,2026-04-29,188550786,2907,Sani Securities Company Ltd.,Secured Securities Ltd.,2026-04-29 13:35:23.864392,Shiva Shree Hydropower Ltd
2026042904006616,SSHL,40,36,28,214.0,5992.0,2026-04-29,188550788,2907,Creative Securities Pvt Ltd,Secured Securities Ltd.,2026-04-29 13:35:23.864945,Shiva Shree Hydropower Ltd
2026042904006617,SSHL,26,36,1762,214.0,377068.0,2026-04-29,188550789,2907,Asian Securities Private Ltd.,Secured Securities Ltd.,2026-04-29 13:35:23.865246,Shiva Shree Hydropower Ltd
2026042904006637,SSHL,26,21,3238,214.0,692932.0,2026-04-29,188550900,2907,Asian Securities Private Ltd.,Midas Stock Broking Company Private Limited,2026-04-29 13:35:36.340050,Shiva Shree Hydropower Ltd
2026042904006638,SSHL,62,21,500,214.0,107000.0,2026-04-29,188550902,2907,Capital Max Securities Ltd,Midas Stock Broking Company Private Limited,2026-04-29 13:35:36.341120,Shiva Shree Hydropower Ltd
2026042904006639,SSHL,74,21,300,214.0,64200.0,2026-04-29,188550904,2907,KALASH STOCK MARKET PVT. LTD.,Midas Stock Broking Company Private Limited,2026-04-29 13:35:36.341913,Shiva Shree Hydropower Ltd
2026042904006698,SSHL,25,21,75,214.6,16095.0,2026-04-29,188552314,2907,Sweta Securities Private Limited,Midas Stock Broking Company Private Limited,2026-04-29 13:38:50.431737,Shiva Shree Hydropower Ltd
2026042904006889,SSHL,39,7,20,214.4,4288.0,2026-04-29,188556404,2907,Sumeru Securities Pvt. Ltd.,J.F. Securites (PVT) Ltd.,2026-04-29 13:45:57.982309,Shiva Shree Hydropower Ltd
2026042904006932,SSHL,42,13,10,214.2,2142.0,2026-04-29,188556905,2907,Sani Securities Company Ltd.,Thrive Brokerage House Pvt. Ltd,2026-04-29 13:46:52.052890,Shiva Shree Hydropower Ltd
2026042904006941,SSHL,41,21,500,214.1,107050.0,2026-04-29,188557056,2907,Linch Stock Market Ltd.,Midas Stock Broking Company Private Limited,2026-04-29 13:47:08.082148,Shiva Shree Hydropower Ltd
2026042904006942,SSHL,38,21,500,214.0,107000.0,2026-04-29,188557114,2907,Dipshikha Dhitopatra Karobar Co. Pvt Ltd.,Midas Stock Broking Company Private Limited,2026-04-29 13:47:18.681910,Shiva Shree Hydropower Ltd
2026042904006943,SSHL,91,21,50,214.0,10700.0,2026-04-29,188557116,2907,Citizens Share Broker Limited,Midas Stock Broking Company Private Limited,2026-04-29 13:47:18.683046,Shiva Shree Hydropower Ltd
2026042904006944,SSHL,42,21,50,214.0,10700.0,2026-04-29,188557118,2907,Sani Securities Company Ltd.,Midas Stock Broking Company Private Limited,2026-04-29 13:47:18.683815,Shiva Shree Hydropower Ltd
2026042904006945,SSHL,26,21,300,214.0,64200.0,2026-04-29,188557120,2907,Asian Securities Private Ltd.,Midas Stock Broking Company Private Limited,2026-04-29 13:47:18.684572,Shiva Shree Hydropower Ltd
2026042904006946,SSHL,45,21,300,214.0,64200.0,2026-04-29,188557121,2907,Imperial Securities Company Pvt. Ltd.,Midas Stock Broking Company Private Limited,2026-04-29 13:47:18.685344,Shiva Shree Hydropower Ltd
2026042904006982,SSHL,45,21,200,214.0,42800.0,2026-04-29,188557520,2907,Imperial Securities Company Pvt. Ltd.,Midas Stock Broking Company Private Limited,2026-04-29 13:48:03.157931,Shiva Shree Hydropower Ltd
2026042904006983,SSHL,26,21,6000,214.0,1284000.0,2026-04-29,188557521,2907,Asian Securities Private Ltd.,Midas Stock Broking Company Private Limited,2026-04-29 13:48:03.158499,Shiva Shree Hydropower Ltd
2026042904007031,SSHL,13,32,150,214.0,32100.0,2026-04-29,188558199,2907,Thrive Brokerage House Pvt. Ltd,Premier Securities Company Ltd.,2026-04-29 13:49:24.567343,Shiva Shree Hydropower Ltd
2026042904007220,SSHL,49,45,30,214.0,6420.0,2026-04-29,188560486,2907,Online Securities Pvt. Ltd.,Imperial Securities Company Pvt. Ltd.,2026-04-29 13:53:06.168208,Shiva Shree Hydropower Ltd
2026042904007221,SSHL,26,45,200,214.0,42800.0,2026-04-29,188560488,2907,Asian Securities Private Ltd.,Imperial Securities Company Pvt. Ltd.,2026-04-29 13:53:06.168788,Shiva Shree Hydropower Ltd
2026042904007222,SSHL,22,45,100,213.8,21380.0,2026-04-29,188560490,2907,Siprabi Securities Pvt. Ltd.,Imperial Securities Company Pvt. Ltd.,2026-04-29 13:53:06.169054,Shiva Shree Hydropower Ltd
2026042904007223,SSHL,36,45,40,213.8,8552.0,2026-04-29,188560492,2907,Secured Securities Ltd.,Imperial Securities Company Pvt. Ltd.,2026-04-29 13:53:06.169319,Shiva Shree Hydropower Ltd
2026042904007224,SSHL,46,45,30,213.7,6411.0,2026-04-29,188560494,2907,Kalika Securities Pvt. Ltd.,Imperial Securities Company Pvt. Ltd.,2026-04-29 13:53:06.169574,Shiva Shree Hydropower Ltd
2026042904007225,SSHL,45,45,100,213.7,21370.0,2026-04-29,188560495,2907,Imperial Securities Company Pvt. Ltd.,Imperial Securities Company Pvt. Ltd.,2026-04-29 13:53:06.169832,Shiva Shree Hydropower Ltd
2026042904007268,SSHL,19,58,20,213.6,4272.0,2026-04-29,188560927,2907,Nepal Investment And Securities Trading Private Limited,Naasa Securities Co. Ltd.,2026-04-29 13:53:41.223749,Shiva Shree Hydropower Ltd
2026042904007293,SSHL,42,36,20,214.0,4280.0,2026-04-29,188561296,2907,Sani Securities Company Ltd.,Secured Securities Ltd.,2026-04-29 13:54:13.781607,Shiva Shree Hydropower Ltd
2026042904007294,SSHL,19,36,70,213.6,14952.0,2026-04-29,188561298,2907,Nepal Investment And Securities Trading Private Limited,Secured Securities Ltd.,2026-04-29 13:54:13.782668,Shiva Shree Hydropower Ltd
2026042904007295,SSHL,56,36,410,213.6,87576.0,2026-04-29,188561299,2907,Sri Hari Securities Pvt. Ltd.,Secured Securities Ltd.,2026-04-29 13:54:13.783437,Shiva Shree Hydropower Ltd
2026042904007299,SSHL,56,14,20,213.6,4272.0,2026-04-29,188561355,2907,Sri Hari Securities Pvt. Ltd.,Nepal Stock House (PVT) Ltd.,2026-04-29 13:54:19.154497,Shiva Shree Hydropower Ltd
2026042904007321,SSHL,56,48,33,213.6,7048.8,2026-04-29,188561463,2907,Sri Hari Securities Pvt. Ltd.,Trishakti Securities Public Limited,2026-04-29 13:54:30.155456,Shiva Shree Hydropower Ltd
2026042904007366,SSHL,57,21,1787,214.0,382418.0,2026-04-29,188562225,2907,Aryatara Investment & Securities,Midas Stock Broking Company Private Limited,2026-04-29 13:55:40.386799,Shiva Shree Hydropower Ltd
2026042904007405,SSHL,57,21,12,214.0,2568.0,2026-04-29,188562734,2907,Aryatara Investment & Securities,Midas Stock Broking Company Private Limited,2026-04-29 13:56:52.638125,Shiva Shree Hydropower Ltd
2026042904007406,SSHL,35,21,2198,214.0,470372.0,2026-04-29,188562735,2907,Kohinoor Investment & Securities Pvt. Ltd.,Midas Stock Broking Company Private Limited,2026-04-29 13:56:52.639227,Shiva Shree Hydropower Ltd
2026042904007442,SSHL,35,21,800,214.0,171200.0,2026-04-29,188563175,2907,Kohinoor Investment & Securities Pvt. Ltd.,Midas Stock Broking Company Private Limited,2026-04-29 13:57:44.244077,Shiva Shree Hydropower Ltd
2026042904007460,SSHL,14,7,560,214.4,120064.0,2026-04-29,188563334,2907,Nepal Stock House (PVT) Ltd.,J.F. Securites (PVT) Ltd.,2026-04-29 13:58:03.462981,Shiva Shree Hydropower Ltd
2026042904007507,SSHL,91,7,10,214.4,2144.0,2026-04-29,188563786,2907,Citizens Share Broker Limited,J.F. Securites (PVT) Ltd.,2026-04-29 13:58:54.630016,Shiva Shree Hydropower Ltd
2026042904007522,SSHL,38,4,1000,214.0,214000.0,2026-04-29,188563868,2907,Dipshikha Dhitopatra Karobar Co. Pvt Ltd.,Opal Securities Investment (PVT) Ltd.,2026-04-29 13:59:03.466341,Shiva Shree Hydropower Ltd
2026042904007523,SSHL,42,4,500,214.0,107000.0,2026-04-29,188563870,2907,Sani Securities Company Ltd.,Opal Securities Investment (PVT) Ltd.,2026-04-29 13:59:03.467411,Shiva Shree Hydropower Ltd
2026042904007524,SSHL,43,4,100,214.0,21400.0,2026-04-29,188563872,2907,South Asian Bulls Pvt. Ltd.,Opal Securities Investment (PVT) Ltd.,2026-04-29 13:59:03.468449,Shiva Shree Hydropower Ltd
2026042904007595,SSHL,91,4,20,214.0,4280.0,2026-04-29,188564206,2907,Citizens Share Broker Limited,Opal Securities Investment (PVT) Ltd.,2026-04-29 13:59:34.539830,Shiva Shree Hydropower Ltd
2026042904007624,SSHL,91,4,20,214.0,4280.0,2026-04-29,188564426,2907,Citizens Share Broker Limited,Opal Securities Investment (PVT) Ltd.,2026-04-29 13:59:53.014790,Shiva Shree Hydropower Ltd
2026042904007698,SSHL,52,4,60,214.0,12840.0,2026-04-29,188565675,2907,Sundhara Securities Limited,Opal Securities Investment (PVT) Ltd.,2026-04-29 14:01:47.630910,Shiva Shree Hydropower Ltd
2026042904007699,SSHL,52,4,440,214.0,94160.0,2026-04-29,188565678,2907,Sundhara Securities Limited,Opal Securities Investment (PVT) Ltd.,2026-04-29 14:01:47.631479,Shiva Shree Hydropower Ltd
2026042904007700,SSHL,38,58,15,213.8,3207.0,2026-04-29,188565691,2907,Dipshikha Dhitopatra Karobar Co. Pvt Ltd.,Naasa Securities Co. Ltd.,2026-04-29 14:01:48.044367,Shiva Shree Hydropower Ltd
2026042904007775,SSHL,38,58,309,213.8,66064.2,2026-04-29,188566174,2907,Dipshikha Dhitopatra Karobar Co. Pvt Ltd.,Naasa Securities Co. Ltd.,2026-04-29 14:02:29.230238,Shiva Shree Hydropower Ltd
2026042904007776,SSHL,33,58,110,213.7,23507.0,2026-04-29,188566176,2907,Dakshinkali Investment & Securities Pvt. Ltd.,Naasa Securities Co. Ltd.,2026-04-29 14:02:29.231466,Shiva Shree Hydropower Ltd
2026042904007777,SSHL,11,58,200,213.7,42740.0,2026-04-29,188566178,2907,Malla & Malla Stock Broking Company Pvt. Limited,Naasa Securities Co. Ltd.,2026-04-29 14:02:29.232236,Shiva Shree Hydropower Ltd
2026042904007778,SSHL,56,58,151,213.6,32253.6,2026-04-29,188566179,2907,Sri Hari Securities Pvt. Ltd.,Naasa Securities Co. Ltd.,2026-04-29 14:02:29.233019,Shiva Shree Hydropower Ltd
2026042904007826,SSHL,58,4,240,214.0,51360.0,2026-04-29,188566534,2907,Naasa Securities Co. Ltd.,Opal Securities Investment (PVT) Ltd.,2026-04-29 14:03:04.438107,Shiva Shree Hydropower Ltd
2026042904007859,SSHL,56,14,200,213.6,42720.0,2026-04-29,188566837,2907,Sri Hari Securities Pvt. Ltd.,Nepal Stock House (PVT) Ltd.,2026-04-29 14:03:39.662271,Shiva Shree Hydropower Ltd
2026042904008219,SSHL,56,50,100,213.6,21360.0,2026-04-29,188569523,2907,Sri Hari Securities Pvt. Ltd.,Cristal Kanchanjanga Securites Pvt. Ltd.,2026-04-29 14:08:21.088915,Shiva Shree Hydropower Ltd
2026042904008223,SSHL,56,74,1000,213.6,213600.0,2026-04-29,188569679,2907,Sri Hari Securities Pvt. Ltd.,KALASH STOCK MARKET PVT. LTD.,2026-04-29 14:08:46.973158,Shiva Shree Hydropower Ltd
2026042904008260,SSHL,42,4,100,214.0,21400.0,2026-04-29,188570166,2907,Sani Securities Company Ltd.,Opal Securities Investment (PVT) Ltd.,2026-04-29 14:09:46.768520,Shiva Shree Hydropower Ltd
2026042904008268,SSHL,56,36,186,213.6,39729.6,2026-04-29,188570300,2907,Sri Hari Securities Pvt. Ltd.,Secured Securities Ltd.,2026-04-29 14:10:07.416806,Shiva Shree Hydropower Ltd
2026042904008269,SSHL,58,36,414,213.6,88430.4,2026-04-29,188570301,2907,Naasa Securities Co. Ltd.,Secured Securities Ltd.,2026-04-29 14:10:07.417915,Shiva Shree Hydropower Ltd
2026042904008280,SSHL,42,4,160,214.0,34240.0,2026-04-29,188570702,2907,Sani Securities Company Ltd.,Opal Securities Investment (PVT) Ltd.,2026-04-29 14:10:52.809954,Shiva Shree Hydropower Ltd
2026042904008309,SSHL,58,4,10,214.0,2140.0,2026-04-29,188571118,2907,Naasa Securities Co. Ltd.,Opal Securities Investment (PVT) Ltd.,2026-04-29 14:11:40.507522,Shiva Shree Hydropower Ltd
2026042904008356,SSHL,29,33,10,213.7,2137.0,2026-04-29,188571824,2907,Trisul Securities & Invt. Ltd.,Dakshinkali Investment & Securities Pvt. Ltd.,2026-04-29 14:12:48.555090,Shiva Shree Hydropower Ltd
2026042904008357,SSHL,58,33,86,213.6,18369.6,2026-04-29,188571826,2907,Naasa Securities Co. Ltd.,Dakshinkali Investment & Securities Pvt. Ltd.,2026-04-29 14:12:48.555669,Shiva Shree Hydropower Ltd
2026042904008358,SSHL,57,33,100,213.6,21360.0,2026-04-29,188571828,2907,Aryatara Investment & Securities,Dakshinkali Investment & Securities Pvt. Ltd.,2026-04-29 14:12:48.555961,Shiva Shree Hydropower Ltd
2026042904008359,SSHL,38,33,304,213.6,64934.4,2026-04-29,188571829,2907,Dipshikha Dhitopatra Karobar Co. Pvt Ltd.,Dakshinkali Investment & Securities Pvt. Ltd.,2026-04-29 14:12:48.556231,Shiva Shree Hydropower Ltd
2026042904008387,SSHL,38,45,400,213.6,85440.0,2026-04-29,188572243,2907,Dipshikha Dhitopatra Karobar Co. Pvt Ltd.,Imperial Securities Company Pvt. Ltd.,2026-04-29 14:13:31.247905,Shiva Shree Hydropower Ltd
2026042904008392,SSHL,38,42,30,213.6,6408.0,2026-04-29,188572435,2907,Dipshikha Dhitopatra Karobar Co. Pvt Ltd.,Sani Securities Company Ltd.,2026-04-29 14:13:46.605993,Shiva Shree Hydropower Ltd
2026042904008396,SSHL,38,45,266,213.6,56817.6,2026-04-29,188572514,2907,Dipshikha Dhitopatra Karobar Co. Pvt Ltd.,Imperial Securities Company Pvt. Ltd.,2026-04-29 14:13:57.390293,Shiva Shree Hydropower Ltd
2026042904008397,SSHL,57,45,234,213.6,49982.4,2026-04-29,188572515,2907,Aryatara Investment & Securities,Imperial Securities Company Pvt. Ltd.,2026-04-29 14:13:57.391423,Shiva Shree Hydropower Ltd
2026042904008418,SSHL,57,28,50,213.6,10680.0,2026-04-29,188573009,2907,Aryatara Investment & Securities,Shree Krishna Securities Ltd.,2026-04-29 14:14:42.128986,Shiva Shree Hydropower Ltd
2026042904008531,SSHL,16,4,100,214.0,21400.0,2026-04-29,188574562,2907,Primo Securities (PVT) Ltd.,Opal Securities Investment (PVT) Ltd.,2026-04-29 14:17:12.575075,Shiva Shree Hydropower Ltd
2026042904008552,SSHL,59,16,348,213.8,74402.4,2026-04-29,188574848,2907,Deevyaa Securities & Stock House Pvt. Ltd,Primo Securities (PVT) Ltd.,2026-04-29 14:17:46.772737,Shiva Shree Hydropower Ltd
2026042904008559,SSHL,39,16,100,213.8,21380.0,2026-04-29,188574960,2907,Sumeru Securities Pvt. Ltd.,Primo Securities (PVT) Ltd.,2026-04-29 14:18:00.208870,Shiva Shree Hydropower Ltd
2026042904008573,SSHL,42,58,50,213.7,10685.0,2026-04-29,188575167,2907,Sani Securities Company Ltd.,Naasa Securities Co. Ltd.,2026-04-29 14:18:23.700178,Shiva Shree Hydropower Ltd
2026042904008610,SSHL,22,16,12,213.8,2565.6,2026-04-29,188575587,2907,Siprabi Securities Pvt. Ltd.,Primo Securities (PVT) Ltd.,2026-04-29 14:19:05.779737,Shiva Shree Hydropower Ltd
2026042904008611,SSHL,22,4,294,214.0,62916.0,2026-04-29,188575590,2907,Siprabi Securities Pvt. Ltd.,Opal Securities Investment (PVT) Ltd.,2026-04-29 14:19:05.780875,Shiva Shree Hydropower Ltd
2026042904008673,SSHL,39,4,45,214.0,9630.0,2026-04-29,188576052,2907,Sumeru Securities Pvt. Ltd.,Opal Securities Investment (PVT) Ltd.,2026-04-29 14:19:39.614929,Shiva Shree Hydropower Ltd
2026042904008733,SSHL,16,4,500,214.0,107000.0,2026-04-29,188576432,2907,Primo Securities (PVT) Ltd.,Opal Securities Investment (PVT) Ltd.,2026-04-29 14:20:07.625607,Shiva Shree Hydropower Ltd
2026042904008735,SSHL,57,4,111,214.0,23754.0,2026-04-29,188576457,2907,Aryatara Investment & Securities,Opal Securities Investment (PVT) Ltd.,2026-04-29 14:20:10.132895,Shiva Shree Hydropower Ltd
2026042904008736,SSHL,57,41,100,214.0,21400.0,2026-04-29,188576459,2907,Aryatara Investment & Securities,Linch Stock Market Ltd.,2026-04-29 14:20:10.134055,Shiva Shree Hydropower Ltd
2026042904008838,SSHL,42,22,10,213.7,2137.0,2026-04-29,188577675,2907,Sani Securities Company Ltd.,Siprabi Securities Pvt. Ltd.,2026-04-29 14:21:57.474009,Shiva Shree Hydropower Ltd
2026042904008918,SSHL,42,43,140,213.7,29918.0,2026-04-29,188578428,2907,Sani Securities Company Ltd.,South Asian Bulls Pvt. Ltd.,2026-04-29 14:22:54.664928,Shiva Shree Hydropower Ltd
2026042904008919,SSHL,50,43,110,213.7,23507.0,2026-04-29,188578429,2907,Cristal Kanchanjanga Securites Pvt. Ltd.,South Asian Bulls Pvt. Ltd.,2026-04-29 14:22:54.665463,Shiva Shree Hydropower Ltd
2026042904008948,SSHL,50,42,87,213.7,18591.9,2026-04-29,188578625,2907,Cristal Kanchanjanga Securites Pvt. Ltd.,Sani Securities Company Ltd.,2026-04-29 14:23:10.751414,Shiva Shree Hydropower Ltd
2026042904008992,SSHL,58,16,50,213.7,10685.0,2026-04-29,188578968,2907,Naasa Securities Co. Ltd.,Primo Securities (PVT) Ltd.,2026-04-29 14:23:36.100868,Shiva Shree Hydropower Ltd
2026042904008993,SSHL,34,16,200,213.5,42700.0,2026-04-29,188578970,2907,Vision Securities Pvt. Ltd,Primo Securities (PVT) Ltd.,2026-04-29 14:23:36.101487,Shiva Shree Hydropower Ltd
2026042904008994,SSHL,45,16,30,213.5,6405.0,2026-04-29,188578972,2907,Imperial Securities Company Pvt. Ltd.,Primo Securities (PVT) Ltd.,2026-04-29 14:23:36.101782,Shiva Shree Hydropower Ltd
2026042904008995,SSHL,22,16,100,213.5,21350.0,2026-04-29,188578974,2907,Siprabi Securities Pvt. Ltd.,Primo Securities (PVT) Ltd.,2026-04-29 14:23:36.102059,Shiva Shree Hydropower Ltd
2026042904008996,SSHL,49,16,70,213.4,14938.0,2026-04-29,188578976,2907,Online Securities Pvt. Ltd.,Primo Securities (PVT) Ltd.,2026-04-29 14:23:36.102338,Shiva Shree Hydropower Ltd
2026042904008997,SSHL,45,16,178,213.4,37985.2,2026-04-29,188578978,2907,Imperial Securities Company Pvt. Ltd.,Primo Securities (PVT) Ltd.,2026-04-29 14:23:36.102607,Shiva Shree Hydropower Ltd
2026042904008998,SSHL,91,16,500,213.4,106700.0,2026-04-29,188578980,2907,Citizens Share Broker Limited,Primo Securities (PVT) Ltd.,2026-04-29 14:23:36.102883,Shiva Shree Hydropower Ltd
2026042904008999,SSHL,59,16,450,213.3,95985.0,2026-04-29,188578982,2907,Deevyaa Securities & Stock House Pvt. Ltd,Primo Securities (PVT) Ltd.,2026-04-29 14:23:36.103155,Shiva Shree Hydropower Ltd
2026042904009000,SSHL,86,16,422,213.3,90012.6,2026-04-29,188578983,2907,Stoxkarts Securities Limited,Primo Securities (PVT) Ltd.,2026-04-29 14:23:36.103429,Shiva Shree Hydropower Ltd
2026042904009015,SSHL,86,48,1578,213.3,336587.4,2026-04-29,188579434,2907,Stoxkarts Securities Limited,Trishakti Securities Public Limited,2026-04-29 14:24:15.353973,Shiva Shree Hydropower Ltd
2026042904009016,SSHL,89,48,53,213.3,11304.9,2026-04-29,188579436,2907,Global IME Securities Limited,Trishakti Securities Public Limited,2026-04-29 14:24:15.355142,Shiva Shree Hydropower Ltd
2026042904009017,SSHL,47,48,300,213.2,63960.0,2026-04-29,188579438,2907,Neev Securities Pvt. Ltd.,Trishakti Securities Public Limited,2026-04-29 14:24:15.355976,Shiva Shree Hydropower Ltd
2026042904009018,SSHL,51,48,597,213.2,127280.4,2026-04-29,188579440,2907,Oxford Securities Pvt. Ltd.,Trishakti Securities Public Limited,2026-04-29 14:24:15.356784,Shiva Shree Hydropower Ltd
2026042904009019,SSHL,35,48,50,213.2,10660.0,2026-04-29,188579442,2907,Kohinoor Investment & Securities Pvt. Ltd.,Trishakti Securities Public Limited,2026-04-29 14:24:15.357601,Shiva Shree Hydropower Ltd
2026042904009020,SSHL,38,48,100,213.2,21320.0,2026-04-29,188579444,2907,Dipshikha Dhitopatra Karobar Co. Pvt Ltd.,Trishakti Securities Public Limited,2026-04-29 14:24:15.358430,Shiva Shree Hydropower Ltd
2026042904009021,SSHL,58,48,100,213.2,21320.0,2026-04-29,188579446,2907,Naasa Securities Co. Ltd.,Trishakti Securities Public Limited,2026-04-29 14:24:15.359238,Shiva Shree Hydropower Ltd
2026042904009022,SSHL,45,48,250,213.2,53300.0,2026-04-29,188579448,2907,Imperial Securities Company Pvt. Ltd.,Trishakti Securities Public Limited,2026-04-29 14:24:15.360052,Shiva Shree Hydropower Ltd
2026042904009023,SSHL,69,48,1785,213.1,380383.5,2026-04-29,188579450,2907,INDEX SECURITIES LIMITED,Trishakti Securities Public Limited,2026-04-29 14:24:15.360844,Shiva Shree Hydropower Ltd
2026042904009024,SSHL,70,48,2000,213.1,426200.0,2026-04-29,188579452,2907,Infinity Securities Limited,Trishakti Securities Public Limited,2026-04-29 14:24:15.361475,Shiva Shree Hydropower Ltd
2026042904009025,SSHL,45,48,2500,213.1,532750.0,2026-04-29,188579454,2907,Imperial Securities Company Pvt. Ltd.,Trishakti Securities Public Limited,2026-04-29 14:24:15.361743,Shiva Shree Hydropower Ltd
2026042904009026,SSHL,16,48,50,213.1,10655.0,2026-04-29,188579456,2907,Primo Securities (PVT) Ltd.,Trishakti Securities Public Limited,2026-04-29 14:24:15.362012,Shiva Shree Hydropower Ltd
2026042904009027,SSHL,21,48,200,213.1,42620.0,2026-04-29,188579458,2907,Midas Stock Broking Company Private Limited,Trishakti Securities Public Limited,2026-04-29 14:24:15.362280,Shiva Shree Hydropower Ltd
2026042904009028,SSHL,45,48,250,213.1,53275.0,2026-04-29,188579460,2907,Imperial Securities Company Pvt. Ltd.,Trishakti Securities Public Limited,2026-04-29 14:24:15.362549,Shiva Shree Hydropower Ltd
2026042904009029,SSHL,39,48,187,213.0,39831.0,2026-04-29,188579461,2907,Sumeru Securities Pvt. Ltd.,Trishakti Securities Public Limited,2026-04-29 14:24:15.362817,Shiva Shree Hydropower Ltd
2026042904009074,SSHL,39,48,194,213.0,41322.0,2026-04-29,188579898,2907,Sumeru Securities Pvt. Ltd.,Trishakti Securities Public Limited,2026-04-29 14:24:45.805927,Shiva Shree Hydropower Ltd
2026042904009075,SSHL,38,48,300,213.0,63900.0,2026-04-29,188579900,2907,Dipshikha Dhitopatra Karobar Co. Pvt Ltd.,Trishakti Securities Public Limited,2026-04-29 14:24:45.806528,Shiva Shree Hydropower Ltd
2026042904009076,SSHL,36,48,50,213.0,10650.0,2026-04-29,188579902,2907,Secured Securities Ltd.,Trishakti Securities Public Limited,2026-04-29 14:24:45.806866,Shiva Shree Hydropower Ltd
2026042904009077,SSHL,36,48,50,213.0,10650.0,2026-04-29,188579904,2907,Secured Securities Ltd.,Trishakti Securities Public Limited,2026-04-29 14:24:45.807182,Shiva Shree Hydropower Ltd
2026042904009078,SSHL,17,48,500,213.0,106500.0,2026-04-29,188579906,2907,ABC Securities Private Limited,Trishakti Securities Public Limited,2026-04-29 14:24:45.807606,Shiva Shree Hydropower Ltd
2026042904009079,SSHL,58,48,250,213.0,53250.0,2026-04-29,188579908,2907,Naasa Securities Co. Ltd.,Trishakti Securities Public Limited,2026-04-29 14:24:45.807992,Shiva Shree Hydropower Ltd
2026042904009080,SSHL,57,48,1000,213.0,213000.0,2026-04-29,188579910,2907,Aryatara Investment & Securities,Trishakti Securities Public Limited,2026-04-29 14:24:45.808329,Shiva Shree Hydropower Ltd
2026042904009081,SSHL,56,48,50,213.0,10650.0,2026-04-29,188579912,2907,Sri Hari Securities Pvt. Ltd.,Trishakti Securities Public Limited,2026-04-29 14:24:45.808678,Shiva Shree Hydropower Ltd
2026042904009082,SSHL,42,48,10,213.0,2130.0,2026-04-29,188579914,2907,Sani Securities Company Ltd.,Trishakti Securities Public Limited,2026-04-29 14:24:45.809014,Shiva Shree Hydropower Ltd
2026042904009083,SSHL,5,48,10,213.0,2130.0,2026-04-29,188579916,2907,Market Securities & Exchange (PVT) Ltd.,Trishakti Securities Public Limited,2026-04-29 14:24:45.809305,Shiva Shree Hydropower Ltd
2026042904009084,SSHL,10,48,500,213.0,106500.0,2026-04-29,188579918,2907,Pragyan Securities (PVT) Ltd.,Trishakti Securities Public Limited,2026-04-29 14:24:45.809643,Shiva Shree Hydropower Ltd
2026042904009085,SSHL,35,48,50,213.0,10650.0,2026-04-29,188579920,2907,Kohinoor Investment & Securities Pvt. Ltd.,Trishakti Securities Public Limited,2026-04-29 14:24:45.809991,Shiva Shree Hydropower Ltd
2026042904009086,SSHL,34,48,50,213.0,10650.0,2026-04-29,188579922,2907,Vision Securities Pvt. Ltd,Trishakti Securities Public Limited,2026-04-29 14:24:45.810298,Shiva Shree Hydropower Ltd
2026042904009087,SSHL,34,48,200,213.0,42600.0,2026-04-29,188579924,2907,Vision Securities Pvt. Ltd,Trishakti Securities Public Limited,2026-04-29 14:24:45.810630,Shiva Shree Hydropower Ltd
2026042904009088,SSHL,58,48,222,213.0,47286.0,2026-04-29,188579926,2907,Naasa Securities Co. Ltd.,Trishakti Securities Public Limited,2026-04-29 14:24:45.810944,Shiva Shree Hydropower Ltd
2026042904009089,SSHL,22,48,100,213.0,21300.0,2026-04-29,188579928,2907,Siprabi Securities Pvt. Ltd.,Trishakti Securities Public Limited,2026-04-29 14:24:45.811300,Shiva Shree Hydropower Ltd
2026042904009090,SSHL,32,48,40,213.0,8520.0,2026-04-29,188579930,2907,Premier Securities Company Ltd.,Trishakti Securities Public Limited,2026-04-29 14:24:45.811646,Shiva Shree Hydropower Ltd
2026042904009091,SSHL,61,48,1000,213.0,213000.0,2026-04-29,188579932,2907,BHOLE GANESH SECURITIES LTD,Trishakti Securities Public Limited,2026-04-29 14:24:45.812095,Shiva Shree Hydropower Ltd
2026042904009092,SSHL,57,48,100,213.0,21300.0,2026-04-29,188579934,2907,Aryatara Investment & Securities,Trishakti Securities Public Limited,2026-04-29 14:24:45.813054,Shiva Shree Hydropower Ltd
2026042904009093,SSHL,45,48,900,213.0,191700.0,2026-04-29,188579936,2907,Imperial Securities Company Pvt. Ltd.,Trishakti Securities Public Limited,2026-04-29 14:24:45.813883,Shiva Shree Hydropower Ltd
2026042904009094,SSHL,25,48,100,213.0,21300.0,2026-04-29,188579938,2907,Sweta Securities Private Limited,Trishakti Securities Public Limited,2026-04-29 14:24:45.814654,Shiva Shree Hydropower Ltd
2026042904009095,SSHL,50,48,500,213.0,106500.0,2026-04-29,188579940,2907,Cristal Kanchanjanga Securites Pvt. Ltd.,Trishakti Securities Public Limited,2026-04-29 14:24:45.815416,Shiva Shree Hydropower Ltd
2026042904009096,SSHL,45,48,250,213.0,53250.0,2026-04-29,188579942,2907,Imperial Securities Company Pvt. Ltd.,Trishakti Securities Public Limited,2026-04-29 14:24:45.816166,Shiva Shree Hydropower Ltd
2026042904009097,SSHL,35,48,500,213.0,106500.0,2026-04-29,188579944,2907,Kohinoor Investment & Securities Pvt. Ltd.,Trishakti Securities Public Limited,2026-04-29 14:24:45.816924,Shiva Shree Hydropower Ltd
2026042904009098,SSHL,48,48,100,213.0,21300.0,2026-04-29,188579946,2907,Trishakti Securities Public Limited,Trishakti Securities Public Limited,2026-04-29 14:24:45.817669,Shiva Shree Hydropower Ltd
2026042904009099,SSHL,47,48,500,213.0,106500.0,2026-04-29,188579948,2907,Neev Securities Pvt. Ltd.,Trishakti Securities Public Limited,2026-04-29 14:24:45.818455,Shiva Shree Hydropower Ltd
2026042904009100,SSHL,32,48,400,213.0,85200.0,2026-04-29,188579950,2907,Premier Securities Company Ltd.,Trishakti Securities Public Limited,2026-04-29 14:24:45.819200,Shiva Shree Hydropower Ltd
2026042904009101,SSHL,58,48,1000,213.0,213000.0,2026-04-29,188579952,2907,Naasa Securities Co. Ltd.,Trishakti Securities Public Limited,2026-04-29 14:24:45.819957,Shiva Shree Hydropower Ltd
2026042904009102,SSHL,53,48,50,213.0,10650.0,2026-04-29,188579954,2907,Investment Management Nepal Pvt. Ltd.,Trishakti Securities Public Limited,2026-04-29 14:24:45.820599,Shiva Shree Hydropower Ltd
2026042904009103,SSHL,56,48,24,213.0,5112.0,2026-04-29,188579955,2907,Sri Hari Securities Pvt. Ltd.,Trishakti Securities Public Limited,2026-04-29 14:24:45.820850,Shiva Shree Hydropower Ltd
2026042904009121,SSHL,56,42,26,213.0,5538.0,2026-04-29,188580006,2907,Sri Hari Securities Pvt. Ltd.,Sani Securities Company Ltd.,2026-04-29 14:24:48.609728,Shiva Shree Hydropower Ltd
2026042904009122,SSHL,4,42,200,213.0,42600.0,2026-04-29,188580008,2907,Opal Securities Investment (PVT) Ltd.,Sani Securities Company Ltd.,2026-04-29 14:24:48.610900,Shiva Shree Hydropower Ltd
2026042904009123,SSHL,58,42,10,213.0,2130.0,2026-04-29,188580010,2907,Naasa Securities Co. Ltd.,Sani Securities Company Ltd.,2026-04-29 14:24:48.611697,Shiva Shree Hydropower Ltd
2026042904009124,SSHL,57,42,300,213.0,63900.0,2026-04-29,188580012,2907,Aryatara Investment & Securities,Sani Securities Company Ltd.,2026-04-29 14:24:48.612485,Shiva Shree Hydropower Ltd
2026042904009127,SSHL,14,42,200,213.0,42600.0,2026-04-29,188580078,2907,Nepal Stock House (PVT) Ltd.,Sani Securities Company Ltd.,2026-04-29 14:24:55.055533,Shiva Shree Hydropower Ltd
2026042904009150,SSHL,14,42,800,213.0,170400.0,2026-04-29,188580354,2907,Nepal Stock House (PVT) Ltd.,Sani Securities Company Ltd.,2026-04-29 14:25:15.002009,Shiva Shree Hydropower Ltd
2026042904009168,SSHL,19,42,20,212.8,4256.0,2026-04-29,188580656,2907,Nepal Investment And Securities Trading Private Limited,Sani Securities Company Ltd.,2026-04-29 14:25:38.266666,Shiva Shree Hydropower Ltd
2026042904009169,SSHL,48,42,50,212.5,10625.0,2026-04-29,188580658,2907,Trishakti Securities Public Limited,Sani Securities Company Ltd.,2026-04-29 14:25:38.267201,Shiva Shree Hydropower Ltd
2026042904009170,SSHL,17,42,394,212.5,83725.0,2026-04-29,188580659,2907,ABC Securities Private Limited,Sani Securities Company Ltd.,2026-04-29 14:25:38.267467,Shiva Shree Hydropower Ltd
2026042904009180,SSHL,17,42,106,212.5,22525.0,2026-04-29,188580848,2907,ABC Securities Private Limited,Sani Securities Company Ltd.,2026-04-29 14:25:54.343059,Shiva Shree Hydropower Ltd
2026042904009181,SSHL,19,42,30,212.3,6369.0,2026-04-29,188580850,2907,Nepal Investment And Securities Trading Private Limited,Sani Securities Company Ltd.,2026-04-29 14:25:54.343570,Shiva Shree Hydropower Ltd
2026042904009182,SSHL,33,42,1264,212.1,268094.4,2026-04-29,188580851,2907,Dakshinkali Investment & Securities Pvt. Ltd.,Sani Securities Company Ltd.,2026-04-29 14:25:54.343825,Shiva Shree Hydropower Ltd
2026042904009191,SSHL,57,42,25,213.0,5325.0,2026-04-29,188581032,2907,Aryatara Investment & Securities,Sani Securities Company Ltd.,2026-04-29 14:26:07.496529,Shiva Shree Hydropower Ltd
2026042904009221,SSHL,33,42,1975,212.1,418897.5,2026-04-29,188581247,2907,Dakshinkali Investment & Securities Pvt. Ltd.,Sani Securities Company Ltd.,2026-04-29 14:26:22.456889,Shiva Shree Hydropower Ltd
2026042904009347,SSHL,33,1,40,212.1,8484.0,2026-04-29,188582563,2907,Dakshinkali Investment & Securities Pvt. Ltd.,Kumari Securities Private Limited,2026-04-29 14:27:45.566017,Shiva Shree Hydropower Ltd
2026042904009413,SSHL,33,69,100,212.1,21210.0,2026-04-29,188583045,2907,Dakshinkali Investment & Securities Pvt. Ltd.,INDEX SECURITIES LIMITED,2026-04-29 14:28:09.392760,Shiva Shree Hydropower Ltd
2026042904009414,SSHL,33,47,621,212.1,131714.1,2026-04-29,188583060,2907,Dakshinkali Investment & Securities Pvt. Ltd.,Neev Securities Pvt. Ltd.,2026-04-29 14:28:10.542920,Shiva Shree Hydropower Ltd
2026042904009415,SSHL,45,47,50,212.1,10605.0,2026-04-29,188583062,2907,Imperial Securities Company Pvt. Ltd.,Neev Securities Pvt. Ltd.,2026-04-29 14:28:10.543032,Shiva Shree Hydropower Ltd
2026042904009416,SSHL,57,47,100,212.0,21200.0,2026-04-29,188583064,2907,Aryatara Investment & Securities,Neev Securities Pvt. Ltd.,2026-04-29 14:28:10.543065,Shiva Shree Hydropower Ltd
2026042904009417,SSHL,57,47,10,212.0,2120.0,2026-04-29,188583066,2907,Aryatara Investment & Securities,Neev Securities Pvt. Ltd.,2026-04-29 14:28:10.543098,Shiva Shree Hydropower Ltd
2026042904009418,SSHL,58,47,70,212.0,14840.0,2026-04-29,188583068,2907,Naasa Securities Co. Ltd.,Neev Securities Pvt. Ltd.,2026-04-29 14:28:10.543142,Shiva Shree Hydropower Ltd
2026042904009419,SSHL,41,47,50,212.0,10600.0,2026-04-29,188583070,2907,Linch Stock Market Ltd.,Neev Securities Pvt. Ltd.,2026-04-29 14:28:10.543165,Shiva Shree Hydropower Ltd
2026042904009420,SSHL,17,47,10,212.0,2120.0,2026-04-29,188583072,2907,ABC Securities Private Limited,Neev Securities Pvt. Ltd.,2026-04-29 14:28:10.543208,Shiva Shree Hydropower Ltd
2026042904009421,SSHL,41,47,20,212.0,4240.0,2026-04-29,188583074,2907,Linch Stock Market Ltd.,Neev Securities Pvt. Ltd.,2026-04-29 14:28:10.543236,Shiva Shree Hydropower Ltd
2026042904009422,SSHL,48,47,1000,212.0,212000.0,2026-04-29,188583076,2907,Trishakti Securities Public Limited,Neev Securities Pvt. Ltd.,2026-04-29 14:28:10.543267,Shiva Shree Hydropower Ltd
2026042904009423,SSHL,34,47,500,212.0,106000.0,2026-04-29,188583078,2907,Vision Securities Pvt. Ltd,Neev Securities Pvt. Ltd.,2026-04-29 14:28:10.543296,Shiva Shree Hydropower Ltd
2026042904009424,SSHL,36,47,200,212.0,42400.0,2026-04-29,188583080,2907,Secured Securities Ltd.,Neev Securities Pvt. Ltd.,2026-04-29 14:28:10.543345,Shiva Shree Hydropower Ltd
2026042904009425,SSHL,36,47,50,212.0,10600.0,2026-04-29,188583082,2907,Secured Securities Ltd.,Neev Securities Pvt. Ltd.,2026-04-29 14:28:10.543373,Shiva Shree Hydropower Ltd
2026042904009426,SSHL,14,47,1000,212.0,212000.0,2026-04-29,188583084,2907,Nepal Stock House (PVT) Ltd.,Neev Securities Pvt. Ltd.,2026-04-29 14:28:10.543400,Shiva Shree Hydropower Ltd
2026042904009427,SSHL,58,47,1000,212.0,212000.0,2026-04-29,188583086,2907,Naasa Securities Co. Ltd.,Neev Securities Pvt. Ltd.,2026-04-29 14:28:10.543427,Shiva Shree Hydropower Ltd
2026042904009428,SSHL,32,47,30,212.0,6360.0,2026-04-29,188583088,2907,Premier Securities Company Ltd.,Neev Securities Pvt. Ltd.,2026-04-29 14:28:10.543456,Shiva Shree Hydropower Ltd
2026042904009429,SSHL,34,47,100,212.0,21200.0,2026-04-29,188583090,2907,Vision Securities Pvt. Ltd,Neev Securities Pvt. Ltd.,2026-04-29 14:28:10.543497,Shiva Shree Hydropower Ltd
2026042904009430,SSHL,36,47,450,212.0,95400.0,2026-04-29,188583092,2907,Secured Securities Ltd.,Neev Securities Pvt. Ltd.,2026-04-29 14:28:10.543539,Shiva Shree Hydropower Ltd
2026042904009431,SSHL,58,47,10,212.0,2120.0,2026-04-29,188583094,2907,Naasa Securities Co. Ltd.,Neev Securities Pvt. Ltd.,2026-04-29 14:28:10.543569,Shiva Shree Hydropower Ltd
2026042904009432,SSHL,58,47,10,212.0,2120.0,2026-04-29,188583096,2907,Naasa Securities Co. Ltd.,Neev Securities Pvt. Ltd.,2026-04-29 14:28:10.543597,Shiva Shree Hydropower Ltd
2026042904009433,SSHL,25,47,1400,212.0,296800.0,2026-04-29,188583098,2907,Sweta Securities Private Limited,Neev Securities Pvt. Ltd.,2026-04-29 14:28:10.543626,Shiva Shree Hydropower Ltd
2026042904009434,SSHL,18,47,100,212.0,21200.0,2026-04-29,188583100,2907,Sagarmatha Securities Private Limited,Neev Securities Pvt. Ltd.,2026-04-29 14:28:10.543652,Shiva Shree Hydropower Ltd
2026042904009435,SSHL,58,47,16,212.0,3392.0,2026-04-29,188583102,2907,Naasa Securities Co. Ltd.,Neev Securities Pvt. Ltd.,2026-04-29 14:28:10.543682,Shiva Shree Hydropower Ltd
2026042904009436,SSHL,58,47,46,212.0,9752.0,2026-04-29,188583104,2907,Naasa Securities Co. Ltd.,Neev Securities Pvt. Ltd.,2026-04-29 14:28:10.543709,Shiva Shree Hydropower Ltd
2026042904009437,SSHL,58,47,40,212.0,8480.0,2026-04-29,188583106,2907,Naasa Securities Co. Ltd.,Neev Securities Pvt. Ltd.,2026-04-29 14:28:10.543746,Shiva Shree Hydropower Ltd
2026042904009438,SSHL,54,47,70,212.0,14840.0,2026-04-29,188583108,2907,Sewa Securities Pvt. Ltd.,Neev Securities Pvt. Ltd.,2026-04-29 14:28:10.543771,Shiva Shree Hydropower Ltd
2026042904009439,SSHL,29,47,500,212.0,106000.0,2026-04-29,188583110,2907,Trisul Securities & Invt. Ltd.,Neev Securities Pvt. Ltd.,2026-04-29 14:28:10.543798,Shiva Shree Hydropower Ltd
2026042904009440,SSHL,4,47,100,212.0,21200.0,2026-04-29,188583112,2907,Opal Securities Investment (PVT) Ltd.,Neev Securities Pvt. Ltd.,2026-04-29 14:28:10.543827,Shiva Shree Hydropower Ltd
2026042904009441,SSHL,42,47,14,212.0,2968.0,2026-04-29,188583114,2907,Sani Securities Company Ltd.,Neev Securities Pvt. Ltd.,2026-04-29 14:28:10.543853,Shiva Shree Hydropower Ltd
2026042904009442,SSHL,42,47,150,212.0,31800.0,2026-04-29,188583116,2907,Sani Securities Company Ltd.,Neev Securities Pvt. Ltd.,2026-04-29 14:28:10.543873,Shiva Shree Hydropower Ltd
2026042904009443,SSHL,16,47,500,212.0,106000.0,2026-04-29,188583118,2907,Primo Securities (PVT) Ltd.,Neev Securities Pvt. Ltd.,2026-04-29 14:28:10.543894,Shiva Shree Hydropower Ltd
2026042904009444,SSHL,38,47,500,212.0,106000.0,2026-04-29,188583120,2907,Dipshikha Dhitopatra Karobar Co. Pvt Ltd.,Neev Securities Pvt. Ltd.,2026-04-29 14:28:10.543919,Shiva Shree Hydropower Ltd
2026042904009445,SSHL,7,47,20,212.0,4240.0,2026-04-29,188583122,2907,J.F. Securites (PVT) Ltd.,Neev Securities Pvt. Ltd.,2026-04-29 14:28:10.543943,Shiva Shree Hydropower Ltd
2026042904009446,SSHL,48,47,60,212.0,12720.0,2026-04-29,188583124,2907,Trishakti Securities Public Limited,Neev Securities Pvt. Ltd.,2026-04-29 14:28:10.543986,Shiva Shree Hydropower Ltd
2026042904009447,SSHL,45,47,200,212.0,42400.0,2026-04-29,188583126,2907,Imperial Securities Company Pvt. Ltd.,Neev Securities Pvt. Ltd.,2026-04-29 14:28:10.544028,Shiva Shree Hydropower Ltd
2026042904009448,SSHL,41,47,200,212.0,42400.0,2026-04-29,188583128,2907,Linch Stock Market Ltd.,Neev Securities Pvt. Ltd.,2026-04-29 14:28:10.544057,Shiva Shree Hydropower Ltd
2026042904009449,SSHL,22,47,95,212.0,20140.0,2026-04-29,188583130,2907,Siprabi Securities Pvt. Ltd.,Neev Securities Pvt. Ltd.,2026-04-29 14:28:10.544081,Shiva Shree Hydropower Ltd
2026042904009450,SSHL,58,47,1000,212.0,212000.0,2026-04-29,188583132,2907,Naasa Securities Co. Ltd.,Neev Securities Pvt. Ltd.,2026-04-29 14:28:10.544105,Shiva Shree Hydropower Ltd
2026042904009451,SSHL,68,47,1000,211.1,211100.0,2026-04-29,188583134,2907,Elite Stock House Limited,Neev Securities Pvt. Ltd.,2026-04-29 14:28:10.544131,Shiva Shree Hydropower Ltd
2026042904009452,SSHL,41,47,100,211.0,21100.0,2026-04-29,188583136,2907,Linch Stock Market Ltd.,Neev Securities Pvt. Ltd.,2026-04-29 14:28:10.544172,Shiva Shree Hydropower Ltd
2026042904009453,SSHL,41,47,50,211.0,10550.0,2026-04-29,188583138,2907,Linch Stock Market Ltd.,Neev Securities Pvt. Ltd.,2026-04-29 14:28:10.544197,Shiva Shree Hydropower Ltd
2026042904009454,SSHL,58,47,200,211.0,42200.0,2026-04-29,188583140,2907,Naasa Securities Co. Ltd.,Neev Securities Pvt. Ltd.,2026-04-29 14:28:10.544238,Shiva Shree Hydropower Ltd
2026042904009455,SSHL,8,47,40,211.0,8440.0,2026-04-29,188583142,2907,Brilliant Securities Pvt. Ltd.,Neev Securities Pvt. Ltd.,2026-04-29 14:28:10.544264,Shiva Shree Hydropower Ltd
2026042904009456,SSHL,38,47,500,211.0,105500.0,2026-04-29,188583144,2907,Dipshikha Dhitopatra Karobar Co. Pvt Ltd.,Neev Securities Pvt. Ltd.,2026-04-29 14:28:10.544291,Shiva Shree Hydropower Ltd
2026042904009457,SSHL,36,47,50,211.0,10550.0,2026-04-29,188583146,2907,Secured Securities Ltd.,Neev Securities Pvt. Ltd.,2026-04-29 14:28:10.544331,Shiva Shree Hydropower Ltd
2026042904009458,SSHL,57,47,85,211.0,17935.0,2026-04-29,188583148,2907,Aryatara Investment & Securities,Neev Securities Pvt. Ltd.,2026-04-29 14:28:10.544369,Shiva Shree Hydropower Ltd
2026042904009459,SSHL,58,47,100,211.0,21100.0,2026-04-29,188583150,2907,Naasa Securities Co. Ltd.,Neev Securities Pvt. Ltd.,2026-04-29 14:28:10.544408,Shiva Shree Hydropower Ltd
2026042904009460,SSHL,53,47,200,211.0,42200.0,2026-04-29,188583152,2907,Investment Management Nepal Pvt. Ltd.,Neev Securities Pvt. Ltd.,2026-04-29 14:28:10.544434,Shiva Shree Hydropower Ltd
2026042904009461,SSHL,49,47,58,211.0,12238.0,2026-04-29,188583154,2907,Online Securities Pvt. Ltd.,Neev Securities Pvt. Ltd.,2026-04-29 14:28:10.544503,Shiva Shree Hydropower Ltd
2026042904009462,SSHL,81,47,1000,211.0,211000.0,2026-04-29,188583156,2907,Aakashbhairab Securities Ltd.,Neev Securities Pvt. Ltd.,2026-04-29 14:28:10.544532,Shiva Shree Hydropower Ltd
2026042904009463,SSHL,1,47,1600,211.0,337600.0,2026-04-29,188583158,2907,Kumari Securities Private Limited,Neev Securities Pvt. Ltd.,2026-04-29 14:28:10.544559,Shiva Shree Hydropower Ltd
2026042904009464,SSHL,34,47,500,211.0,105500.0,2026-04-29,188583160,2907,Vision Securities Pvt. Ltd,Neev Securities Pvt. Ltd.,2026-04-29 14:28:10.544583,Shiva Shree Hydropower Ltd
2026042904009465,SSHL,45,47,500,211.0,105500.0,2026-04-29,188583162,2907,Imperial Securities Company Pvt. Ltd.,Neev Securities Pvt. Ltd.,2026-04-29 14:28:10.544619,Shiva Shree Hydropower Ltd
2026042904009466,SSHL,60,47,200,211.0,42200.0,2026-04-29,188583164,2907,Nagarik Stock Dealer ,Neev Securities Pvt. Ltd.,2026-04-29 14:28:10.544658,Shiva Shree Hydropower Ltd
2026042904009467,SSHL,8,47,100,211.0,21100.0,2026-04-29,188583166,2907,Brilliant Securities Pvt. Ltd.,Neev Securities Pvt. Ltd.,2026-04-29 14:28:10.544682,Shiva Shree Hydropower Ltd
2026042904009468,SSHL,62,47,8425,210.7,1775147.5,2026-04-29,188583167,2907,Capital Max Securities Ltd,Neev Securities Pvt. Ltd.,2026-04-29 14:28:10.544710,Shiva Shree Hydropower Ltd
2026042904009509,SSHL,6,57,900,213.0,191700.0,2026-04-29,188583501,2907,Agrawal Securities (PVT) Ltd.,Aryatara Investment & Securities,2026-04-29 14:28:29.407265,Shiva Shree Hydropower Ltd
2026042904009510,SSHL,6,44,100,213.9,21390.0,2026-04-29,188583504,2907,Agrawal Securities (PVT) Ltd.,Dynamic Money Managers Securities Pvt. Ltd.,2026-04-29 14:28:29.407318,Shiva Shree Hydropower Ltd
2026042904009529,SSHL,42,44,30,213.0,6390.0,2026-04-29,188583878,2907,Sani Securities Company Ltd.,Dynamic Money Managers Securities Pvt. Ltd.,2026-04-29 14:28:45.058296,Shiva Shree Hydropower Ltd
2026042904009554,SSHL,34,17,400,212.3,84920.0,2026-04-29,188584167,2907,Vision Securities Pvt. Ltd,ABC Securities Private Limited,2026-04-29 14:29:00.423011,Shiva Shree Hydropower Ltd
2026042904009604,SSHL,45,44,100,213.0,21300.0,2026-04-29,188584512,2907,Imperial Securities Company Pvt. Ltd.,Dynamic Money Managers Securities Pvt. Ltd.,2026-04-29 14:29:13.970762,Shiva Shree Hydropower Ltd
2026042904009613,SSHL,21,44,47,213.0,10011.0,2026-04-29,188584764,2907,Midas Stock Broking Company Private Limited,Dynamic Money Managers Securities Pvt. Ltd.,2026-04-29 14:29:22.397349,Shiva Shree Hydropower Ltd
2026042904009657,SSHL,22,57,100,212.5,21250.0,2026-04-29,188585008,2907,Siprabi Securities Pvt. Ltd.,Aryatara Investment & Securities,2026-04-29 14:29:33.155345,Shiva Shree Hydropower Ltd
2026042904009658,SSHL,58,57,900,212.3,191070.0,2026-04-29,188585009,2907,Naasa Securities Co. Ltd.,Aryatara Investment & Securities,2026-04-29 14:29:33.155862,Shiva Shree Hydropower Ltd
2026042904009741,SSHL,49,14,20,212.4,4248.0,2026-04-29,188585897,2907,Online Securities Pvt. Ltd.,Nepal Stock House (PVT) Ltd.,2026-04-29 14:30:27.938221,Shiva Shree Hydropower Ltd
2026042904009749,SSHL,34,65,500,212.3,106150.0,2026-04-29,188586056,2907,Vision Securities Pvt. Ltd,Sharepro Securities Private Limited,2026-04-29 14:30:37.826884,Shiva Shree Hydropower Ltd
2026042904009750,SSHL,42,65,300,212.1,63630.0,2026-04-29,188586057,2907,Sani Securities Company Ltd.,Sharepro Securities Private Limited,2026-04-29 14:30:37.827877,Shiva Shree Hydropower Ltd
2026042904009806,SSHL,58,44,20,213.0,4260.0,2026-04-29,188586378,2907,Naasa Securities Co. Ltd.,Dynamic Money Managers Securities Pvt. Ltd.,2026-04-29 14:30:59.777345,Shiva Shree Hydropower Ltd
2026042904009815,SSHL,4,44,100,213.0,21300.0,2026-04-29,188586488,2907,Opal Securities Investment (PVT) Ltd.,Dynamic Money Managers Securities Pvt. Ltd.,2026-04-29 14:31:12.857244,Shiva Shree Hydropower Ltd
2026042904009833,SSHL,88,44,45,212.4,9558.0,2026-04-29,188586692,2907,Blue Chip Securities Ltd,Dynamic Money Managers Securities Pvt. Ltd.,2026-04-29 14:31:29.806377,Shiva Shree Hydropower Ltd
2026042904009834,SSHL,41,44,40,212.4,8496.0,2026-04-29,188586694,2907,Linch Stock Market Ltd.,Dynamic Money Managers Securities Pvt. Ltd.,2026-04-29 14:31:29.807381,Shiva Shree Hydropower Ltd
2026042904009898,SSHL,42,44,55,212.4,11682.0,2026-04-29,188586970,2907,Sani Securities Company Ltd.,Dynamic Money Managers Securities Pvt. Ltd.,2026-04-29 14:31:44.046101,Shiva Shree Hydropower Ltd
2026042904009960,SSHL,42,29,77,212.1,16331.7,2026-04-29,188587334,2907,Sani Securities Company Ltd.,Trisul Securities & Invt. Ltd.,2026-04-29 14:32:08.027488,Shiva Shree Hydropower Ltd
2026042904009961,SSHL,8,29,119,212.0,25228.0,2026-04-29,188587336,2907,Brilliant Securities Pvt. Ltd.,Trisul Securities & Invt. Ltd.,2026-04-29 14:32:08.028499,Shiva Shree Hydropower Ltd
2026042904009962,SSHL,4,29,100,212.0,21200.0,2026-04-29,188587338,2907,Opal Securities Investment (PVT) Ltd.,Trisul Securities & Invt. Ltd.,2026-04-29 14:32:08.029211,Shiva Shree Hydropower Ltd
2026042904009963,SSHL,47,29,100,211.0,21100.0,2026-04-29,188587340,2907,Neev Securities Pvt. Ltd.,Trisul Securities & Invt. Ltd.,2026-04-29 14:32:08.029921,Shiva Shree Hydropower Ltd
2026042904009964,SSHL,65,29,104,210.9,21933.6,2026-04-29,188587341,2907,Sharepro Securities Private Limited,Trisul Securities & Invt. Ltd.,2026-04-29 14:32:08.030633,Shiva Shree Hydropower Ltd
2026042904009989,SSHL,45,58,20,212.0,4240.0,2026-04-29,188587696,2907,Imperial Securities Company Pvt. Ltd.,Naasa Securities Co. Ltd.,2026-04-29 14:32:27.621224,Shiva Shree Hydropower Ltd
2026042904010045,SSHL,6,58,10,212.0,2120.0,2026-04-29,188588126,2907,Agrawal Securities (PVT) Ltd.,Naasa Securities Co. Ltd.,2026-04-29 14:32:46.325107,Shiva Shree Hydropower Ltd
2026042904010126,SSHL,58,60,15,211.9,3178.5,2026-04-29,188588970,2907,Naasa Securities Co. Ltd.,Nagarik Stock Dealer ,2026-04-29 14:33:39.432905,Shiva Shree Hydropower Ltd
2026042904010147,SSHL,38,59,100,211.0,21100.0,2026-04-29,188589429,2907,Dipshikha Dhitopatra Karobar Co. Pvt Ltd.,Deevyaa Securities & Stock House Pvt. Ltd,2026-04-29 14:34:06.532223,Shiva Shree Hydropower Ltd
