Date,S.N.,Contract ID,Symbol,Buyer Broker,Seller Broker,quantity,rate,amount,transaction_time
2025-08-19,61772,2025081904000005,AHPC,Linch Stock Market Ltd.,Bhrikuti Stock Broking Co. Pvt. Ltd.,30,299.0,8970.0,2025-08-19 10:46:00.030614
2025-08-19,61771,2025081904000006,AHPC,Linch Stock Market Ltd.,Bhrikuti Stock Broking Co. Pvt. Ltd.,50,299.0,14950.0,2025-08-19 10:46:00.030670
2025-08-19,61770,2025081904000007,AHPC,Linch Stock Market Ltd.,Bhrikuti Stock Broking Co. Pvt. Ltd.,50,299.0,14950.0,2025-08-19 10:46:00.030704
2025-08-19,61422,2025081904000179,AHPC,Nagarik Stock Dealer ,Bhrikuti Stock Broking Co. Pvt. Ltd.,170,299.0,50830.0,2025-08-19 11:02:05.894801
2025-08-19,61409,2025081904000182,AHPC,Naasa Securities Co. Ltd.,KALASH STOCK MARKET PVT. LTD.,10,300.9,3009.0,2025-08-19 11:02:13.031126
2025-08-19,61243,2025081904000236,AHPC,Naasa Securities Co. Ltd.,Deevyaa Securities & Stock House Pvt. Ltd,100,300.5,30050.0,2025-08-19 11:03:29.057960
2025-08-19,61242,2025081904000237,AHPC,BHOLE GANESH SECURITIES LTD,Deevyaa Securities & Stock House Pvt. Ltd,100,300.0,30000.0,2025-08-19 11:03:29.058051
2025-08-19,61226,2025081904000245,AHPC,Naasa Securities Co. Ltd.,Aakashbhairab Securities Ltd.,10,300.0,3000.0,2025-08-19 11:03:36.437004
2025-08-19,61177,2025081904000272,AHPC,Linch Stock Market Ltd.,Deevyaa Securities & Stock House Pvt. Ltd,200,299.1,59820.0,2025-08-19 11:03:57.194342
2025-08-19,61176,2025081904000273,AHPC,Nagarik Stock Dealer ,Deevyaa Securities & Stock House Pvt. Ltd,100,299.0,29900.0,2025-08-19 11:03:57.194447
2025-08-19,61175,2025081904000274,AHPC,Nagarik Stock Dealer ,ABC Securities Private Limited,600,299.0,179400.0,2025-08-19 11:03:58.912935
2025-08-19,61135,2025081904000282,AHPC,Nagarik Stock Dealer ,Linch Stock Market Ltd.,50,299.0,14950.0,2025-08-19 11:04:19.592469
2025-08-19,61071,2025081904000303,AHPC,Nagarik Stock Dealer ,Online Securities Pvt. Ltd.,80,299.0,23920.0,2025-08-19 11:04:51.851400
2025-08-19,61048,2025081904000313,AHPC,Naasa Securities Co. Ltd.,Online Securities Pvt. Ltd.,11,299.0,3289.0,2025-08-19 11:05:01.706762
2025-08-19,60991,2025081904000333,AHPC,Naasa Securities Co. Ltd.,KALASH STOCK MARKET PVT. LTD.,10,299.7,2997.0,2025-08-19 11:05:24.527637
2025-08-19,60974,2025081904000339,AHPC,Online Securities Pvt. Ltd.,KALASH STOCK MARKET PVT. LTD.,480,299.0,143520.0,2025-08-19 11:05:32.430180
2025-08-19,60961,2025081904000343,AHPC,Naasa Securities Co. Ltd.,Asian Securities Private Ltd.,10,299.8,2998.0,2025-08-19 11:05:39.187089
2025-08-19,60880,2025081904000388,AHPC,Online Securities Pvt. Ltd.,Online Securities Pvt. Ltd.,109,299.0,32591.0,2025-08-19 11:06:05.389302
2025-08-19,60826,2025081904000407,AHPC,Midas Stock Broking Company Private Limited,Asian Securities Private Ltd.,500,299.8,149900.0,2025-08-19 11:06:30.764706
2025-08-19,60796,2025081904000423,AHPC,Online Securities Pvt. Ltd.,Aakashbhairab Securities Ltd.,2800,299.0,837200.0,2025-08-19 11:06:44.451998
2025-08-19,60744,2025081904000444,AHPC,Online Securities Pvt. Ltd.,Imperial Securities Company Pvt. Ltd.,11,299.0,3289.0,2025-08-19 11:07:10.293623
2025-08-19,60743,2025081904000445,AHPC,Agrawal Securities (PVT) Ltd.,Imperial Securities Company Pvt. Ltd.,249,299.0,74451.0,2025-08-19 11:07:10.293786
2025-08-19,60632,2025081904000473,AHPC,Naasa Securities Co. Ltd.,Online Securities Pvt. Ltd.,10,299.6,2996.0,2025-08-19 11:07:47.880789
2025-08-19,60529,2025081904000510,AHPC,Linch Stock Market Ltd.,Trishakti Securities Public Limited,50,299.5,14975.0,2025-08-19 11:08:25.609991
2025-08-19,60335,2025081904000566,AHPC,Naasa Securities Co. Ltd.,Nagarik Stock Dealer ,20,299.0,5980.0,2025-08-19 11:09:25.035708
2025-08-19,60219,2025081904000598,AHPC,Dipshikha Dhitopatra Karobar Co. Pvt Ltd.,Sumeru Securities Pvt. Ltd.,16,298.6,4777.6,2025-08-19 11:10:12.915972
2025-08-19,60099,2025081904000655,AHPC,Naasa Securities Co. Ltd.,Deevyaa Securities & Stock House Pvt. Ltd,10,298.9,2989.0,2025-08-19 11:10:50.470661
2025-08-19,60059,2025081904000664,AHPC,Dipshikha Dhitopatra Karobar Co. Pvt Ltd.,Midas Stock Broking Company Private Limited,84,298.6,25082.4,2025-08-19 11:11:01.934224
2025-08-19,60058,2025081904000665,AHPC,Nagarik Stock Dealer ,Midas Stock Broking Company Private Limited,1000,298.5,298500.0,2025-08-19 11:11:01.934356
2025-08-19,60057,2025081904000666,AHPC,Agrawal Securities (PVT) Ltd.,Midas Stock Broking Company Private Limited,251,298.2,74848.2,2025-08-19 11:11:01.934385
2025-08-19,60056,2025081904000667,AHPC,Dipshikha Dhitopatra Karobar Co. Pvt Ltd.,Midas Stock Broking Company Private Limited,100,298.1,29810.0,2025-08-19 11:11:01.934411
2025-08-19,60055,2025081904000668,AHPC,Naasa Securities Co. Ltd.,Midas Stock Broking Company Private Limited,250,298.0,74500.0,2025-08-19 11:11:01.934461
2025-08-19,60054,2025081904000669,AHPC,Linch Stock Market Ltd.,Midas Stock Broking Company Private Limited,200,297.1,59420.0,2025-08-19 11:11:01.934521
2025-08-19,60053,2025081904000670,AHPC,Oxford Securities Pvt. Ltd.,Midas Stock Broking Company Private Limited,115,297.1,34166.5,2025-08-19 11:11:01.934554
2025-08-19,59961,2025081904000696,AHPC,Naasa Securities Co. Ltd.,Deevyaa Securities & Stock House Pvt. Ltd,10,298.9,2989.0,2025-08-19 11:11:35.918607
2025-08-19,59607,2025081904000796,AHPC,Naasa Securities Co. Ltd.,Sani Securities Company Ltd.,10,298.8,2988.0,2025-08-19 11:13:24.708611
2025-08-19,59405,2025081904000845,AHPC,Dipshikha Dhitopatra Karobar Co. Pvt Ltd.,Trishakti Securities Public Limited,200,298.9,59780.0,2025-08-19 11:14:26.220670
2025-08-19,59059,2025081904000932,AHPC,Linch Stock Market Ltd.,Trishakti Securities Public Limited,200,298.9,59780.0,2025-08-19 11:16:28.237689
2025-08-19,58888,2025081904000965,AHPC,Naasa Securities Co. Ltd.,Nagarik Stock Dealer ,80,299.0,23920.0,2025-08-19 11:17:18.131479
2025-08-19,58887,2025081904000966,AHPC,Naasa Securities Co. Ltd.,Aryatara Investment & Securities,120,299.0,35880.0,2025-08-19 11:17:18.131634
2025-08-19,58654,2025081904001005,AHPC,Opal Securities Investment (PVT) Ltd.,Midas Stock Broking Company Private Limited,250,298.8,74700.0,2025-08-19 11:18:17.231861
2025-08-19,58111,2025081904001103,AHPC,Naasa Securities Co. Ltd.,Capital Max Securities Ltd,80,298.0,23840.0,2025-08-19 11:20:49.742823
2025-08-19,58110,2025081904001104,AHPC,Vision Securities Pvt. Ltd,Capital Max Securities Ltd,20,298.0,5960.0,2025-08-19 11:20:49.742880
2025-08-19,57991,2025081904001136,AHPC,Imperial Securities Company Pvt. Ltd.,Midas Stock Broking Company Private Limited,100,298.8,29880.0,2025-08-19 11:21:27.064218
2025-08-19,57750,2025081904001196,AHPC,Vision Securities Pvt. Ltd,Sewa Securities Pvt. Ltd.,100,298.1,29810.0,2025-08-19 11:22:32.336997
2025-08-19,57749,2025081904001197,AHPC,Vision Securities Pvt. Ltd,Sewa Securities Pvt. Ltd.,180,298.0,53640.0,2025-08-19 11:22:32.337379
2025-08-19,57748,2025081904001198,AHPC,Online Securities Pvt. Ltd.,Sewa Securities Pvt. Ltd.,120,298.0,35760.0,2025-08-19 11:22:32.337594
2025-08-19,57597,2025081904001233,AHPC,Online Securities Pvt. Ltd.,Vision Securities Pvt. Ltd,380,298.0,113240.0,2025-08-19 11:23:14.462939
2025-08-19,57596,2025081904001234,AHPC,BHOLE GANESH SECURITIES LTD,Vision Securities Pvt. Ltd,50,298.0,14900.0,2025-08-19 11:23:14.463133
2025-08-19,57595,2025081904001235,AHPC,Linch Stock Market Ltd.,Vision Securities Pvt. Ltd,50,298.0,14900.0,2025-08-19 11:23:14.463219
2025-08-19,57560,2025081904001244,AHPC,Sani Securities Company Ltd.,Vision Securities Pvt. Ltd,20,298.0,5960.0,2025-08-19 11:23:24.154005
2025-08-19,57436,2025081904001275,AHPC,Naasa Securities Co. Ltd.,Vision Securities Pvt. Ltd,10,298.7,2987.0,2025-08-19 11:23:56.537807
2025-08-19,57290,2025081904001312,AHPC,Aryatara Investment & Securities,Vision Securities Pvt. Ltd,200,298.7,59740.0,2025-08-19 11:24:32.988650
2025-08-19,57076,2025081904001347,AHPC,Aryatara Investment & Securities,Vision Securities Pvt. Ltd,500,298.0,149000.0,2025-08-19 11:25:20.822676
2025-08-19,57075,2025081904001348,AHPC,INDEX SECURITIES LIMITED,Vision Securities Pvt. Ltd,500,298.0,149000.0,2025-08-19 11:25:20.822902
2025-08-19,56871,2025081904001392,AHPC,Naasa Securities Co. Ltd.,Asian Securities Private Ltd.,25,298.5,7462.5,2025-08-19 11:26:05.428896
2025-08-19,56368,2025081904001506,AHPC,Linch Stock Market Ltd.,Sani Securities Company Ltd.,100,298.1,29810.0,2025-08-19 11:28:16.453310
2025-08-19,56367,2025081904001507,AHPC,INDEX SECURITIES LIMITED,Sani Securities Company Ltd.,400,298.0,119200.0,2025-08-19 11:28:16.453513
2025-08-19,56282,2025081904001528,AHPC,Naasa Securities Co. Ltd.,ABC Securities Private Limited,10,298.4,2984.0,2025-08-19 11:28:33.602572
2025-08-19,55411,2025081904001722,AHPC,INDEX SECURITIES LIMITED,Aakashbhairab Securities Ltd.,100,298.0,29800.0,2025-08-19 11:32:48.307910
2025-08-19,55410,2025081904001723,AHPC,Deevyaa Securities & Stock House Pvt. Ltd,Aakashbhairab Securities Ltd.,200,298.0,59600.0,2025-08-19 11:32:48.308344
2025-08-19,55409,2025081904001724,AHPC,Nagarik Stock Dealer ,Aakashbhairab Securities Ltd.,700,298.0,208600.0,2025-08-19 11:32:48.308616
2025-08-19,55381,2025081904001729,AHPC,Nagarik Stock Dealer ,Trisul Securities & Invt. Ltd.,300,298.0,89400.0,2025-08-19 11:32:53.652558
2025-08-19,55380,2025081904001730,AHPC,Aryatara Investment & Securities,Trisul Securities & Invt. Ltd.,100,298.0,29800.0,2025-08-19 11:32:53.652955
2025-08-19,55297,2025081904001745,AHPC,SUN SECURITIES PVT LTD,Primo Securities (PVT) Ltd.,250,297.9,74475.0,2025-08-19 11:33:14.202291
2025-08-19,55263,2025081904001751,AHPC,Naasa Securities Co. Ltd.,Trisul Securities & Invt. Ltd.,10,298.0,2980.0,2025-08-19 11:33:20.686240
2025-08-19,55214,2025081904001769,AHPC,Vision Securities Pvt. Ltd,Trisul Securities & Invt. Ltd.,35,298.0,10430.0,2025-08-19 11:33:37.825685
2025-08-19,55130,2025081904001793,AHPC,Sani Securities Company Ltd.,Trisul Securities & Invt. Ltd.,100,298.0,29800.0,2025-08-19 11:34:01.274298
2025-08-19,55088,2025081904001801,AHPC,SUN SECURITIES PVT LTD,Kumari Securities Private Limited,400,297.9,119160.0,2025-08-19 11:34:12.777155
2025-08-19,54825,2025081904001847,AHPC,Sani Securities Company Ltd.,Trisul Securities & Invt. Ltd.,86,298.0,25628.0,2025-08-19 11:35:32.359369
2025-08-19,54741,2025081904001866,AHPC,Naasa Securities Co. Ltd.,Trisul Securities & Invt. Ltd.,10,298.0,2980.0,2025-08-19 11:36:03.560763
2025-08-19,54623,2025081904001914,AHPC,SUN SECURITIES PVT LTD,Agrawal Securities (PVT) Ltd.,50,297.9,14895.0,2025-08-19 11:36:33.545673
2025-08-19,54622,2025081904001915,AHPC,Dipshikha Dhitopatra Karobar Co. Pvt Ltd.,Agrawal Securities (PVT) Ltd.,450,297.4,133830.0,2025-08-19 11:36:33.545890
2025-08-19,54519,2025081904001948,AHPC,Dipshikha Dhitopatra Karobar Co. Pvt Ltd.,Deevyaa Securities & Stock House Pvt. Ltd,50,297.4,14870.0,2025-08-19 11:37:02.647583
2025-08-19,54452,2025081904001962,AHPC,Naasa Securities Co. Ltd.,Deevyaa Securities & Stock House Pvt. Ltd,100,297.3,29730.0,2025-08-19 11:37:24.950577
2025-08-19,54273,2025081904002002,AHPC,Siprabi Securities Pvt. Ltd.,Trisul Securities & Invt. Ltd.,1000,298.0,298000.0,2025-08-19 11:38:22.186661
2025-08-19,54104,2025081904002049,AHPC,Aryatara Investment & Securities,Trisul Securities & Invt. Ltd.,159,298.0,47382.0,2025-08-19 11:39:19.848151
2025-08-19,54082,2025081904002059,AHPC,Naasa Securities Co. Ltd.,Asian Securities Private Ltd.,10,298.5,2985.0,2025-08-19 11:39:32.752686
2025-08-19,54005,2025081904002074,AHPC,Aryatara Investment & Securities,Kumari Securities Private Limited,175,298.0,52150.0,2025-08-19 11:39:51.858853
2025-08-19,53847,2025081904002093,AHPC,Naasa Securities Co. Ltd.,Malla & Malla Stock Broking Company Pvt. Limited,12,297.4,3568.8,2025-08-19 11:40:45.386634
2025-08-19,53635,2025081904002119,AHPC,Malla & Malla Stock Broking Company Pvt. Limited,Premier Securities Company Ltd.,12,298.0,3576.0,2025-08-19 11:41:48.661279
2025-08-19,53410,2025081904002161,AHPC,Sharepro Securities Private Limited,Premier Securities Company Ltd.,290,298.0,86420.0,2025-08-19 11:42:47.377819
2025-08-19,53311,2025081904002175,AHPC,Naasa Securities Co. Ltd.,Premier Securities Company Ltd.,198,298.0,59004.0,2025-08-19 11:43:09.772603
2025-08-19,53241,2025081904002184,AHPC,Naasa Securities Co. Ltd.,Online Securities Pvt. Ltd.,10,298.4,2984.0,2025-08-19 11:43:36.335036
2025-08-19,53239,2025081904002185,AHPC,Aryatara Investment & Securities,Online Securities Pvt. Ltd.,90,298.4,26856.0,2025-08-19 11:43:37.171943
2025-08-19,53238,2025081904002186,AHPC,Aryatara Investment & Securities,Asian Securities Private Ltd.,65,298.5,19402.5,2025-08-19 11:43:37.172197
2025-08-19,53237,2025081904002187,AHPC,Aryatara Investment & Securities,Aryatara Investment & Securities,845,298.5,252232.5,2025-08-19 11:43:37.172295
2025-08-19,53200,2025081904002197,AHPC,Naasa Securities Co. Ltd.,Aryatara Investment & Securities,26,298.5,7761.0,2025-08-19 11:43:51.307214
2025-08-19,53148,2025081904002206,AHPC,Opal Securities Investment (PVT) Ltd.,South Asian Bulls Pvt. Ltd.,40,298.6,11944.0,2025-08-19 11:44:09.369190
2025-08-19,53113,2025081904002212,AHPC,Naasa Securities Co. Ltd.,Midas Stock Broking Company Private Limited,10,298.8,2988.0,2025-08-19 11:44:20.043644
2025-08-19,53109,2025081904002213,AHPC,Aryatara Investment & Securities,Sundhara Securities Limited,1,298.0,298.0,2025-08-19 11:44:21.633485
2025-08-19,52918,2025081904002243,AHPC,Secured Securities Ltd.,Aryatara Investment & Securities,27,298.6,8062.2,2025-08-19 11:45:08.541823
2025-08-19,52917,2025081904002244,AHPC,Secured Securities Ltd.,Midas Stock Broking Company Private Limited,713,298.8,213044.4,2025-08-19 11:45:08.542282
2025-08-19,52904,2025081904002247,AHPC,Naasa Securities Co. Ltd.,Midas Stock Broking Company Private Limited,27,298.8,8067.6,2025-08-19 11:45:15.199075
2025-08-19,52903,2025081904002248,AHPC,Naasa Securities Co. Ltd.,Sundhara Securities Limited,10,299.0,2990.0,2025-08-19 11:45:15.199572
2025-08-19,52853,2025081904002255,AHPC,Trishakti Securities Public Limited,Sundhara Securities Limited,90,299.0,26910.0,2025-08-19 11:45:28.513426
2025-08-19,52852,2025081904002256,AHPC,Trishakti Securities Public Limited,Aryatara Investment & Securities,500,299.0,149500.0,2025-08-19 11:45:28.513695
2025-08-19,52851,2025081904002257,AHPC,Trishakti Securities Public Limited,Imperial Securities Company Pvt. Ltd.,410,299.0,122590.0,2025-08-19 11:45:28.513798
2025-08-19,52584,2025081904002315,AHPC,Secured Securities Ltd.,Imperial Securities Company Pvt. Ltd.,35,299.0,10465.0,2025-08-19 11:46:43.154177
2025-08-19,52583,2025081904002316,AHPC,Secured Securities Ltd.,Online Securities Pvt. Ltd.,65,299.4,19461.0,2025-08-19 11:46:43.154687
2025-08-19,52381,2025081904002360,AHPC,Secured Securities Ltd.,Online Securities Pvt. Ltd.,35,299.4,10479.0,2025-08-19 11:47:40.710801
2025-08-19,52380,2025081904002361,AHPC,Secured Securities Ltd.,Kumari Securities Private Limited,65,299.5,19467.5,2025-08-19 11:47:40.711305
2025-08-19,52346,2025081904002372,AHPC,Naasa Securities Co. Ltd.,Kumari Securities Private Limited,26,299.5,7787.0,2025-08-19 11:47:50.273171
2025-08-19,52286,2025081904002381,AHPC,KALASH STOCK MARKET PVT. LTD.,Online Securities Pvt. Ltd.,90,299.6,26964.0,2025-08-19 11:48:13.765085
2025-08-19,52285,2025081904002382,AHPC,KALASH STOCK MARKET PVT. LTD.,Sharepro Securities Private Limited,100,299.7,29970.0,2025-08-19 11:48:13.765373
2025-08-19,52284,2025081904002383,AHPC,KALASH STOCK MARKET PVT. LTD.,Asian Securities Private Ltd.,310,299.8,92938.0,2025-08-19 11:48:13.765489
2025-08-19,52117,2025081904002429,AHPC,Oxford Securities Pvt. Ltd.,Primo Securities (PVT) Ltd.,14,299.5,4193.0,2025-08-19 11:49:02.408174
2025-08-19,52013,2025081904002466,AHPC,Secured Securities Ltd.,Asian Securities Private Ltd.,180,299.8,53964.0,2025-08-19 11:49:33.357229
2025-08-19,52012,2025081904002467,AHPC,Secured Securities Ltd.,South Asian Bulls Pvt. Ltd.,20,299.8,5996.0,2025-08-19 11:49:33.357707
2025-08-19,51982,2025081904002477,AHPC,Naasa Securities Co. Ltd.,Aakashbhairab Securities Ltd.,10,299.7,2997.0,2025-08-19 11:49:42.908684
2025-08-19,51830,2025081904002504,AHPC,Naasa Securities Co. Ltd.,Aakashbhairab Securities Ltd.,25,299.7,7492.5,2025-08-19 11:50:12.828437
2025-08-19,51666,2025081904002538,AHPC,Trishakti Securities Public Limited,Aakashbhairab Securities Ltd.,965,299.7,289210.5,2025-08-19 11:51:07.130875
2025-08-19,51665,2025081904002539,AHPC,Trishakti Securities Public Limited,South Asian Bulls Pvt. Ltd.,20,299.8,5996.0,2025-08-19 11:51:07.131387
2025-08-19,51664,2025081904002540,AHPC,Trishakti Securities Public Limited,Infinity Securities Limited,890,299.8,266822.0,2025-08-19 11:51:07.131696
2025-08-19,51663,2025081904002541,AHPC,Trishakti Securities Public Limited,Naasa Securities Co. Ltd.,3793,299.9,1137520.7,2025-08-19 11:51:07.132075
2025-08-19,51662,2025081904002542,AHPC,Trishakti Securities Public Limited,Sewa Securities Pvt. Ltd.,444,299.9,133155.6,2025-08-19 11:51:07.132436
2025-08-19,51661,2025081904002543,AHPC,Trishakti Securities Public Limited,Aakashbhairab Securities Ltd.,4990,300.0,1497000.0,2025-08-19 11:51:07.132788
2025-08-19,51660,2025081904002544,AHPC,Trishakti Securities Public Limited,Primo Securities (PVT) Ltd.,500,300.0,150000.0,2025-08-19 11:51:07.133102
2025-08-19,51659,2025081904002545,AHPC,Trishakti Securities Public Limited,Imperial Securities Company Pvt. Ltd.,300,300.0,90000.0,2025-08-19 11:51:07.133421
2025-08-19,51658,2025081904002546,AHPC,Trishakti Securities Public Limited,Nepal Stock House (PVT) Ltd.,65,300.0,19500.0,2025-08-19 11:51:07.133796
2025-08-19,51657,2025081904002547,AHPC,Trishakti Securities Public Limited,Vision Securities Pvt. Ltd,100,300.0,30000.0,2025-08-19 11:51:07.134080
2025-08-19,51656,2025081904002548,AHPC,Trishakti Securities Public Limited,Aryatara Investment & Securities,94,300.0,28200.0,2025-08-19 11:51:07.134483
2025-08-19,51655,2025081904002549,AHPC,Trishakti Securities Public Limited,Sundhara Securities Limited,1000,300.0,300000.0,2025-08-19 11:51:07.134788
2025-08-19,51654,2025081904002550,AHPC,Trishakti Securities Public Limited,Nepal Investment And Securities Trading Private Limited,100,300.0,30000.0,2025-08-19 11:51:07.135138
2025-08-19,51653,2025081904002551,AHPC,Trishakti Securities Public Limited,Kohinoor Investment & Securities Pvt. Ltd.,50,300.0,15000.0,2025-08-19 11:51:07.135448
2025-08-19,51652,2025081904002552,AHPC,Trishakti Securities Public Limited,Naasa Securities Co. Ltd.,103,300.0,30900.0,2025-08-19 11:51:07.135817
2025-08-19,51651,2025081904002553,AHPC,Trishakti Securities Public Limited,Naasa Securities Co. Ltd.,123,300.0,36900.0,2025-08-19 11:51:07.136108
2025-08-19,51650,2025081904002554,AHPC,Trishakti Securities Public Limited,Vision Securities Pvt. Ltd,290,300.0,87000.0,2025-08-19 11:51:07.136479
2025-08-19,51649,2025081904002555,AHPC,Trishakti Securities Public Limited,Cristal Kanchanjanga Securites Pvt. Ltd.,500,300.0,150000.0,2025-08-19 11:51:07.136760
2025-08-19,51648,2025081904002556,AHPC,Trishakti Securities Public Limited,Aryatara Investment & Securities,2323,300.0,696900.0,2025-08-19 11:51:07.137063
2025-08-19,51563,2025081904002576,AHPC,Naasa Securities Co. Ltd.,Aryatara Investment & Securities,25,300.0,7500.0,2025-08-19 11:51:39.315502
2025-08-19,51541,2025081904002581,AHPC,Vision Securities Pvt. Ltd,Oxford Securities Pvt. Ltd.,104,299.0,31096.0,2025-08-19 11:51:47.344534
2025-08-19,51525,2025081904002582,AHPC,Naasa Securities Co. Ltd.,Aryatara Investment & Securities,10,300.0,3000.0,2025-08-19 11:51:51.463367
2025-08-19,51418,2025081904002600,AHPC,Secured Securities Ltd.,Aryatara Investment & Securities,199,300.0,59700.0,2025-08-19 11:52:21.418355
2025-08-19,51393,2025081904002611,AHPC,Trishakti Securities Public Limited,Aryatara Investment & Securities,8443,300.0,2532900.0,2025-08-19 11:52:29.282629
2025-08-19,51392,2025081904002612,AHPC,Trishakti Securities Public Limited,Sundhara Securities Limited,100,300.0,30000.0,2025-08-19 11:52:29.282890
2025-08-19,51391,2025081904002613,AHPC,Trishakti Securities Public Limited,Vision Securities Pvt. Ltd,100,300.0,30000.0,2025-08-19 11:52:29.282996
2025-08-19,51390,2025081904002614,AHPC,Trishakti Securities Public Limited,Kumari Securities Private Limited,300,300.0,90000.0,2025-08-19 11:52:29.283099
2025-08-19,51388,2025081904002615,AHPC,Trishakti Securities Public Limited,Midas Stock Broking Company Private Limited,199,300.0,59700.0,2025-08-19 11:52:30.030376
2025-08-19,51304,2025081904002638,AHPC,Trishakti Securities Public Limited,Midas Stock Broking Company Private Limited,801,299.9,240219.9,2025-08-19 11:52:49.455518
2025-08-19,51303,2025081904002639,AHPC,Trishakti Securities Public Limited,Sumeru Securities Pvt. Ltd.,45,300.0,13500.0,2025-08-19 11:52:49.455762
2025-08-19,51279,2025081904002642,AHPC,Naasa Securities Co. Ltd.,Kumari Securities Private Limited,10,300.5,3005.0,2025-08-19 11:52:56.601429
2025-08-19,51174,2025081904002664,AHPC,Oxford Securities Pvt. Ltd.,South Asian Bulls Pvt. Ltd.,31,300.4,9312.4,2025-08-19 11:53:24.994404
2025-08-19,51065,2025081904002689,AHPC,Trishakti Securities Public Limited,Deevyaa Securities & Stock House Pvt. Ltd,12,300.0,3600.0,2025-08-19 11:53:51.997865
2025-08-19,50932,2025081904002717,AHPC,Dynamic Money Managers Securities Pvt. Ltd.,Imperial Securities Company Pvt. Ltd.,240,300.0,72000.0,2025-08-19 11:54:15.189919
2025-08-19,50894,2025081904002730,AHPC,Naasa Securities Co. Ltd.,Imperial Securities Company Pvt. Ltd.,51,300.0,15300.0,2025-08-19 11:54:28.437677
2025-08-19,50844,2025081904002731,AHPC,Naasa Securities Co. Ltd.,Kumari Securities Private Limited,10,300.5,3005.0,2025-08-19 11:54:30.614347
2025-08-19,50406,2025081904002821,AHPC,Dynamic Money Managers Securities Pvt. Ltd.,Kumari Securities Private Limited,230,300.5,69115.0,2025-08-19 11:56:22.156277
2025-08-19,50405,2025081904002822,AHPC,Dynamic Money Managers Securities Pvt. Ltd.,Cristal Kanchanjanga Securites Pvt. Ltd.,270,300.5,81135.0,2025-08-19 11:56:22.156562
2025-08-19,50386,2025081904002825,AHPC,Nagarik Stock Dealer ,Cristal Kanchanjanga Securites Pvt. Ltd.,555,300.5,166777.5,2025-08-19 11:56:36.321284
2025-08-19,50365,2025081904002827,AHPC,Dynamic Money Managers Securities Pvt. Ltd.,Cristal Kanchanjanga Securites Pvt. Ltd.,175,300.5,52587.5,2025-08-19 11:56:49.282189
2025-08-19,50364,2025081904002828,AHPC,Dynamic Money Managers Securities Pvt. Ltd.,J.F. Securites (PVT) Ltd.,100,300.5,30050.0,2025-08-19 11:56:49.282684
2025-08-19,50363,2025081904002829,AHPC,Dynamic Money Managers Securities Pvt. Ltd.,Aryatara Investment & Securities,225,300.5,67612.5,2025-08-19 11:56:49.282990
2025-08-19,50304,2025081904002842,AHPC,Dynamic Money Managers Securities Pvt. Ltd.,Aryatara Investment & Securities,500,300.5,150250.0,2025-08-19 11:57:10.208772
2025-08-19,50144,2025081904002857,AHPC,Nagarik Stock Dealer ,Aryatara Investment & Securities,275,300.5,82637.5,2025-08-19 11:57:53.570978
2025-08-19,50131,2025081904002859,AHPC,Naasa Securities Co. Ltd.,Aakashbhairab Securities Ltd.,10,300.5,3005.0,2025-08-19 11:57:58.112416
2025-08-19,50130,2025081904002860,AHPC,KALASH STOCK MARKET PVT. LTD.,Aakashbhairab Securities Ltd.,490,300.0,147000.0,2025-08-19 11:57:58.112910
2025-08-19,50084,2025081904002866,AHPC,K.B.L. Securities Limited ,Dakshinkali Investment & Securities Pvt. Ltd.,100,300.8,30080.0,2025-08-19 11:58:08.599870
2025-08-19,50083,2025081904002867,AHPC,K.B.L. Securities Limited ,Sweta Securities Private Limited,193,300.8,58054.4,2025-08-19 11:58:08.600408
2025-08-19,50082,2025081904002868,AHPC,Naasa Securities Co. Ltd.,Sweta Securities Private Limited,10,300.8,3008.0,2025-08-19 11:58:08.976758
2025-08-19,49777,2025081904002916,AHPC,Nepal Stock House (PVT) Ltd.,Asian Securities Private Ltd.,300,300.5,90150.0,2025-08-19 11:59:52.763703
2025-08-19,49765,2025081904002919,AHPC,Naasa Securities Co. Ltd.,Sweta Securities Private Limited,10,300.8,3008.0,2025-08-19 11:59:55.888189
2025-08-19,49365,2025081904002980,AHPC,Nepal Stock House (PVT) Ltd.,Imperial Securities Company Pvt. Ltd.,19,300.5,5709.5,2025-08-19 12:01:46.467734
2025-08-19,49329,2025081904002988,AHPC,Naasa Securities Co. Ltd.,Sweta Securities Private Limited,10,300.8,3008.0,2025-08-19 12:02:01.239836
2025-08-19,49274,2025081904003001,AHPC,Nepal Stock House (PVT) Ltd.,Arun Securities (PVT) Ltd.,100,300.5,30050.0,2025-08-19 12:02:16.015414
2025-08-19,49098,2025081904003042,AHPC,Nepal Stock House (PVT) Ltd.,Property Wiard Limited,81,300.5,24340.5,2025-08-19 12:03:01.141156
2025-08-19,49097,2025081904003043,AHPC,Deevyaa Securities & Stock House Pvt. Ltd,Property Wiard Limited,19,300.4,5707.6,2025-08-19 12:03:01.141254
2025-08-19,49069,2025081904003045,AHPC,Naasa Securities Co. Ltd.,Vision Securities Pvt. Ltd,10,300.7,3007.0,2025-08-19 12:03:03.958030
2025-08-19,48907,2025081904003080,AHPC,Deevyaa Securities & Stock House Pvt. Ltd,Sweta Securities Private Limited,50,300.4,15020.0,2025-08-19 12:03:47.487277
2025-08-19,48898,2025081904003085,AHPC,Deevyaa Securities & Stock House Pvt. Ltd,Aakashbhairab Securities Ltd.,31,300.4,9312.4,2025-08-19 12:03:50.009210
2025-08-19,48897,2025081904003086,AHPC,KALASH STOCK MARKET PVT. LTD.,Aakashbhairab Securities Ltd.,10,300.0,3000.0,2025-08-19 12:03:50.009790
2025-08-19,48896,2025081904003087,AHPC,Dipshikha Dhitopatra Karobar Co. Pvt Ltd.,Aakashbhairab Securities Ltd.,50,300.0,15000.0,2025-08-19 12:03:50.010161
2025-08-19,48895,2025081904003088,AHPC,Imperial Securities Company Pvt. Ltd.,Aakashbhairab Securities Ltd.,909,300.0,272700.0,2025-08-19 12:03:50.010605
2025-08-19,48881,2025081904003091,AHPC,Linch Stock Market Ltd.,Vision Securities Pvt. Ltd,200,300.7,60140.0,2025-08-19 12:03:53.826360
2025-08-19,48830,2025081904003109,AHPC,Imperial Securities Company Pvt. Ltd.,Naasa Securities Co. Ltd.,16,300.0,4800.0,2025-08-19 12:04:06.373394
2025-08-19,48811,2025081904003114,AHPC,Naasa Securities Co. Ltd.,Agrawal Securities (PVT) Ltd.,10,300.6,3006.0,2025-08-19 12:04:12.645968
2025-08-19,48734,2025081904003136,AHPC,Imperial Securities Company Pvt. Ltd.,Imperial Securities Company Pvt. Ltd.,75,300.0,22500.0,2025-08-19 12:04:39.001325
2025-08-19,48681,2025081904003147,AHPC,Sani Securities Company Ltd.,Imperial Securities Company Pvt. Ltd.,25,300.0,7500.0,2025-08-19 12:04:58.872528
2025-08-19,48623,2025081904003171,AHPC,Naasa Securities Co. Ltd.,Vision Securities Pvt. Ltd,10,300.7,3007.0,2025-08-19 12:05:10.431786
2025-08-19,48465,2025081904003192,AHPC,Naasa Securities Co. Ltd.,Midas Stock Broking Company Private Limited,10,300.5,3005.0,2025-08-19 12:05:51.899582
2025-08-19,48446,2025081904003199,AHPC,Sani Securities Company Ltd.,Linch Stock Market Ltd.,50,300.0,15000.0,2025-08-19 12:05:55.637414
2025-08-19,48445,2025081904003200,AHPC,Asian Securities Private Ltd.,Linch Stock Market Ltd.,100,300.0,30000.0,2025-08-19 12:05:55.637722
2025-08-19,48207,2025081904003229,AHPC,Midas Stock Broking Company Private Limited,Linch Stock Market Ltd.,365,300.0,109500.0,2025-08-19 12:06:57.891490
2025-08-19,48206,2025081904003230,AHPC,Midas Stock Broking Company Private Limited,Midas Stock Broking Company Private Limited,135,300.0,40500.0,2025-08-19 12:06:57.891777
2025-08-19,48182,2025081904003240,AHPC,Dipshikha Dhitopatra Karobar Co. Pvt Ltd.,Online Securities Pvt. Ltd.,213,299.6,63814.8,2025-08-19 12:07:06.075495
2025-08-19,48154,2025081904003249,AHPC,Naasa Securities Co. Ltd.,Midas Stock Broking Company Private Limited,10,300.0,3000.0,2025-08-19 12:07:13.046371
2025-08-19,48132,2025081904003257,AHPC,Dipshikha Dhitopatra Karobar Co. Pvt Ltd.,Online Securities Pvt. Ltd.,500,299.6,149800.0,2025-08-19 12:07:18.134771
2025-08-19,47805,2025081904003324,AHPC,Dynamic Money Managers Securities Pvt. Ltd.,Vision Securities Pvt. Ltd,200,299.8,59960.0,2025-08-19 12:08:43.541729
2025-08-19,47648,2025081904003349,AHPC,Kohinoor Investment & Securities Pvt. Ltd.,Vision Securities Pvt. Ltd,130,299.8,38974.0,2025-08-19 12:09:20.408366
2025-08-19,47593,2025081904003359,AHPC,Pragyan Securities (PVT) Ltd.,Vision Securities Pvt. Ltd,450,299.8,134910.0,2025-08-19 12:09:34.902934
2025-08-19,47551,2025081904003370,AHPC,Naasa Securities Co. Ltd.,Aakashbhairab Securities Ltd.,10,299.9,2999.0,2025-08-19 12:09:44.933605
2025-08-19,47526,2025081904003374,AHPC,Primo Securities (PVT) Ltd.,Aakashbhairab Securities Ltd.,200,299.9,59980.0,2025-08-19 12:09:52.930138
2025-08-19,47494,2025081904003378,AHPC,Naasa Securities Co. Ltd.,Aakashbhairab Securities Ltd.,90,299.9,26991.0,2025-08-19 12:09:56.695901
2025-08-19,47493,2025081904003379,AHPC,Naasa Securities Co. Ltd.,Midas Stock Broking Company Private Limited,322,300.0,96600.0,2025-08-19 12:09:56.696243
2025-08-19,47492,2025081904003380,AHPC,Naasa Securities Co. Ltd.,Aryatara Investment & Securities,150,300.0,45000.0,2025-08-19 12:09:56.696386
2025-08-19,47491,2025081904003381,AHPC,Naasa Securities Co. Ltd.,Vision Securities Pvt. Ltd,1438,300.0,431400.0,2025-08-19 12:09:56.696510
2025-08-19,47344,2025081904003418,AHPC,Naasa Securities Co. Ltd.,Vision Securities Pvt. Ltd,10,300.0,3000.0,2025-08-19 12:10:34.212338
2025-08-19,47243,2025081904003434,AHPC,Dipshikha Dhitopatra Karobar Co. Pvt Ltd.,Vision Securities Pvt. Ltd,287,300.0,86100.0,2025-08-19 12:10:56.531368
2025-08-19,47087,2025081904003480,AHPC,Sani Securities Company Ltd.,Vision Securities Pvt. Ltd,200,300.0,60000.0,2025-08-19 12:11:34.101850
2025-08-19,47022,2025081904003487,AHPC,Naasa Securities Co. Ltd.,Vision Securities Pvt. Ltd,11,300.0,3300.0,2025-08-19 12:11:42.895322
2025-08-19,47021,2025081904003488,AHPC,Naasa Securities Co. Ltd.,Vision Securities Pvt. Ltd,100,300.0,30000.0,2025-08-19 12:11:44.601676
2025-08-19,46973,2025081904003494,AHPC,South Asian Bulls Pvt. Ltd.,Vision Securities Pvt. Ltd,399,300.0,119700.0,2025-08-19 12:11:53.975204
2025-08-19,46972,2025081904003495,AHPC,South Asian Bulls Pvt. Ltd.,ABC Securities Private Limited,101,300.0,30300.0,2025-08-19 12:11:53.975544
2025-08-19,46762,2025081904003531,AHPC,Sani Securities Company Ltd.,ABC Securities Private Limited,40,300.0,12000.0,2025-08-19 12:12:33.074299
2025-08-19,46688,2025081904003549,AHPC,Premier Securities Company Ltd.,ABC Securities Private Limited,374,300.0,112200.0,2025-08-19 12:12:53.978122
2025-08-19,46687,2025081904003550,AHPC,Premier Securities Company Ltd.,Deevyaa Securities & Stock House Pvt. Ltd,276,300.0,82800.0,2025-08-19 12:12:53.978520
2025-08-19,46406,2025081904003603,AHPC,Nepal Stock House (PVT) Ltd.,Deevyaa Securities & Stock House Pvt. Ltd,63,300.0,18900.0,2025-08-19 12:13:57.879851
2025-08-19,46392,2025081904003605,AHPC,South Asian Bulls Pvt. Ltd.,Deevyaa Securities & Stock House Pvt. Ltd,661,300.0,198300.0,2025-08-19 12:14:02.676356
2025-08-19,46391,2025081904003606,AHPC,South Asian Bulls Pvt. Ltd.,Sagarmatha Securities Private Limited,63,300.0,18900.0,2025-08-19 12:14:02.676656
2025-08-19,46369,2025081904003607,AHPC,Asian Securities Private Ltd.,Sagarmatha Securities Private Limited,137,300.0,41100.0,2025-08-19 12:14:07.619195
2025-08-19,46334,2025081904003613,AHPC,Naasa Securities Co. Ltd.,Ashutosh Brokerage & Securities (PVT) Ltd.,10,300.2,3002.0,2025-08-19 12:14:15.860502
2025-08-19,46249,2025081904003628,AHPC,Asian Securities Private Ltd.,Oxford Securities Pvt. Ltd.,350,300.0,105000.0,2025-08-19 12:14:37.698773
2025-08-19,46197,2025081904003632,AHPC,Naasa Securities Co. Ltd.,Ashutosh Brokerage & Securities (PVT) Ltd.,10,300.2,3002.0,2025-08-19 12:14:50.236805
2025-08-19,46165,2025081904003642,AHPC,Primo Securities (PVT) Ltd.,Ashutosh Brokerage & Securities (PVT) Ltd.,540,300.2,162108.0,2025-08-19 12:14:58.036897
2025-08-19,46135,2025081904003652,AHPC,Naasa Securities Co. Ltd.,Midas Stock Broking Company Private Limited,10,300.5,3005.0,2025-08-19 12:15:07.537203
2025-08-19,45821,2025081904003680,AHPC,Cristal Kanchanjanga Securites Pvt. Ltd.,Midas Stock Broking Company Private Limited,500,300.5,150250.0,2025-08-19 12:16:05.509083
2025-08-19,45780,2025081904003688,AHPC,Asian Securities Private Ltd.,Sumeru Securities Pvt. Ltd.,163,300.0,48900.0,2025-08-19 12:16:14.418163
2025-08-19,45777,2025081904003689,AHPC,Oxford Securities Pvt. Ltd.,Midas Stock Broking Company Private Limited,162,300.5,48681.0,2025-08-19 12:16:15.199963
2025-08-19,45668,2025081904003719,AHPC,Sewa Securities Pvt. Ltd.,Midas Stock Broking Company Private Limited,30,300.5,9015.0,2025-08-19 12:16:36.198033
2025-08-19,45617,2025081904003731,AHPC,Nepal Stock House (PVT) Ltd.,Midas Stock Broking Company Private Limited,288,300.5,86544.0,2025-08-19 12:16:54.459408
2025-08-19,45616,2025081904003732,AHPC,Nepal Stock House (PVT) Ltd.,Premier Securities Company Ltd.,100,300.5,30050.0,2025-08-19 12:16:54.459757
2025-08-19,45615,2025081904003733,AHPC,Nepal Stock House (PVT) Ltd.,Deevyaa Securities & Stock House Pvt. Ltd,500,300.5,150250.0,2025-08-19 12:16:54.459971
2025-08-19,45614,2025081904003734,AHPC,Nepal Stock House (PVT) Ltd.,Aryatara Investment & Securities,1000,300.5,300500.0,2025-08-19 12:16:54.460152
2025-08-19,45613,2025081904003735,AHPC,Nepal Stock House (PVT) Ltd.,Malla & Malla Stock Broking Company Pvt. Limited,1000,300.6,300600.0,2025-08-19 12:16:54.460355
2025-08-19,45612,2025081904003736,AHPC,Nepal Stock House (PVT) Ltd.,Trishakti Securities Public Limited,300,300.7,90210.0,2025-08-19 12:16:54.460516
2025-08-19,45611,2025081904003737,AHPC,Nepal Stock House (PVT) Ltd.,KALASH STOCK MARKET PVT. LTD.,1000,300.7,300700.0,2025-08-19 12:16:54.460699
2025-08-19,45610,2025081904003738,AHPC,Nepal Stock House (PVT) Ltd.,Sweta Securities Private Limited,277,300.8,83321.6,2025-08-19 12:16:54.460870
2025-08-19,45609,2025081904003739,AHPC,Nepal Stock House (PVT) Ltd.,Aryatara Investment & Securities,535,300.8,160928.0,2025-08-19 12:16:54.461026
2025-08-19,45563,2025081904003751,AHPC,Asian Securities Private Ltd.,Capital Max Securities Ltd,20,300.0,6000.0,2025-08-19 12:17:03.472867
2025-08-19,45542,2025081904003756,AHPC,Naasa Securities Co. Ltd.,Aryatara Investment & Securities,10,300.8,3008.0,2025-08-19 12:17:07.667963
2025-08-19,45169,2025081904003847,AHPC,Agrawal Securities (PVT) Ltd.,South Asian Bulls Pvt. Ltd.,45,300.5,13522.5,2025-08-19 12:18:24.075032
2025-08-19,45021,2025081904003892,AHPC,Pragyan Securities (PVT) Ltd.,Aryatara Investment & Securities,50,300.8,15040.0,2025-08-19 12:18:49.492842
2025-08-19,45012,2025081904003893,AHPC,Naasa Securities Co. Ltd.,Aryatara Investment & Securities,10,300.8,3008.0,2025-08-19 12:18:50.137104
2025-08-19,45000,2025081904003896,AHPC,MILKY WAY SHARE BROKER COMPANY LTD ,Aryatara Investment & Securities,395,300.8,118816.0,2025-08-19 12:18:52.923045
2025-08-19,44999,2025081904003897,AHPC,MILKY WAY SHARE BROKER COMPANY LTD ,Sweta Securities Private Limited,500,300.8,150400.0,2025-08-19 12:18:52.923337
2025-08-19,44998,2025081904003898,AHPC,MILKY WAY SHARE BROKER COMPANY LTD ,Trishakti Securities Public Limited,500,300.9,150450.0,2025-08-19 12:18:52.923476
2025-08-19,44997,2025081904003899,AHPC,MILKY WAY SHARE BROKER COMPANY LTD ,Bhrikuti Stock Broking Co. Pvt. Ltd.,300,301.0,90300.0,2025-08-19 12:18:52.923607
2025-08-19,44996,2025081904003900,AHPC,MILKY WAY SHARE BROKER COMPANY LTD ,Miyo Securities Pvt Ltd,30,301.0,9030.0,2025-08-19 12:18:52.923738
2025-08-19,44995,2025081904003901,AHPC,MILKY WAY SHARE BROKER COMPANY LTD ,Sundhara Securities Limited,50,301.0,15050.0,2025-08-19 12:18:52.923866
2025-08-19,44994,2025081904003902,AHPC,MILKY WAY SHARE BROKER COMPANY LTD ,Online Securities Pvt. Ltd.,1000,301.0,301000.0,2025-08-19 12:18:52.923998
2025-08-19,44993,2025081904003903,AHPC,MILKY WAY SHARE BROKER COMPANY LTD ,Kohinoor Investment & Securities Pvt. Ltd.,225,301.0,67725.0,2025-08-19 12:18:52.924124
2025-08-19,44969,2025081904003905,AHPC,Imperial Securities Company Pvt. Ltd.,Thrive Brokerage House Pvt. Ltd,300,300.5,90150.0,2025-08-19 12:19:00.667732
2025-08-19,44905,2025081904003915,AHPC,Naasa Securities Co. Ltd.,Kohinoor Investment & Securities Pvt. Ltd.,10,301.0,3010.0,2025-08-19 12:19:13.571799
2025-08-19,44756,2025081904003954,AHPC,Trishakti Securities Public Limited,Kohinoor Investment & Securities Pvt. Ltd.,105,301.0,31605.0,2025-08-19 12:19:51.903615
2025-08-19,44750,2025081904003957,AHPC,Asian Securities Private Ltd.,Oxford Securities Pvt. Ltd.,330,300.0,99000.0,2025-08-19 12:19:52.735775
2025-08-19,44749,2025081904003958,AHPC,Miyo Securities Pvt Ltd,Oxford Securities Pvt. Ltd.,50,300.0,15000.0,2025-08-19 12:19:52.736147
2025-08-19,44664,2025081904003971,AHPC,Naasa Securities Co. Ltd.,Linch Stock Market Ltd.,10,300.9,3009.0,2025-08-19 12:20:07.426100
2025-08-19,44515,2025081904004006,AHPC,Naasa Securities Co. Ltd.,Kumari Securities Private Limited,120,300.5,36060.0,2025-08-19 12:20:47.920484
2025-08-19,44502,2025081904004008,AHPC,INDEX SECURITIES LIMITED,Linch Stock Market Ltd.,190,300.9,57171.0,2025-08-19 12:20:53.512151
2025-08-19,44501,2025081904004009,AHPC,INDEX SECURITIES LIMITED,Kohinoor Investment & Securities Pvt. Ltd.,360,301.0,108360.0,2025-08-19 12:20:53.512508
2025-08-19,44500,2025081904004010,AHPC,INDEX SECURITIES LIMITED,Sundhara Securities Limited,100,301.0,30100.0,2025-08-19 12:20:53.512640
2025-08-19,44499,2025081904004011,AHPC,INDEX SECURITIES LIMITED,Sani Securities Company Ltd.,51,301.0,15351.0,2025-08-19 12:20:53.512772
2025-08-19,44498,2025081904004012,AHPC,INDEX SECURITIES LIMITED,Midas Stock Broking Company Private Limited,299,301.0,89999.0,2025-08-19 12:20:53.512899
2025-08-19,44476,2025081904004017,AHPC,Primo Securities (PVT) Ltd.,Midas Stock Broking Company Private Limited,701,301.0,211001.0,2025-08-19 12:20:59.081588
2025-08-19,44475,2025081904004018,AHPC,Primo Securities (PVT) Ltd.,Cristal Kanchanjanga Securites Pvt. Ltd.,85,301.0,25585.0,2025-08-19 12:20:59.082204
2025-08-19,44446,2025081904004025,AHPC,Naasa Securities Co. Ltd.,Dynamic Money Managers Securities Pvt. Ltd.,10,301.5,3015.0,2025-08-19 12:21:08.374198
2025-08-19,44445,2025081904004026,AHPC,Naasa Securities Co. Ltd.,Secured Securities Ltd.,10,301.8,3018.0,2025-08-19 12:21:08.374533
2025-08-19,44434,2025081904004028,AHPC,Primo Securities (PVT) Ltd.,Naasa Securities Co. Ltd.,30,301.0,9030.0,2025-08-19 12:21:11.034999
2025-08-19,44226,2025081904004075,AHPC,Deevyaa Securities & Stock House Pvt. Ltd,Secured Securities Ltd.,40,301.8,12072.0,2025-08-19 12:21:45.409469
2025-08-19,44183,2025081904004085,AHPC,Naasa Securities Co. Ltd.,Naasa Securities Co. Ltd.,10,301.9,3019.0,2025-08-19 12:21:54.380886
2025-08-19,44173,2025081904004086,AHPC,Aryatara Investment & Securities,Naasa Securities Co. Ltd.,990,301.9,298881.0,2025-08-19 12:21:55.148381
2025-08-19,44172,2025081904004087,AHPC,Aryatara Investment & Securities,Agrawal Securities (PVT) Ltd.,1000,301.9,301900.0,2025-08-19 12:21:55.148691
2025-08-19,44171,2025081904004088,AHPC,Aryatara Investment & Securities,Premier Securities Company Ltd.,100,301.9,30190.0,2025-08-19 12:21:55.148822
2025-08-19,44170,2025081904004089,AHPC,Aryatara Investment & Securities,Sipla Securities Private Limited,910,301.9,274729.0,2025-08-19 12:21:55.148955
2025-08-19,44076,2025081904004123,AHPC,Deevyaa Securities & Stock House Pvt. Ltd,Sagarmatha Securities Private Limited,100,301.8,30180.0,2025-08-19 12:22:08.895477
2025-08-19,43993,2025081904004139,AHPC,Naasa Securities Co. Ltd.,Sipla Securities Private Limited,81,301.9,24453.9,2025-08-19 12:22:27.470750
2025-08-19,43976,2025081904004145,AHPC,Naasa Securities Co. Ltd.,Elite Stock House Limited,10,302.0,3020.0,2025-08-19 12:22:31.201620
2025-08-19,43903,2025081904004153,AHPC,Deevyaa Securities & Stock House Pvt. Ltd,Aryatara Investment & Securities,500,301.8,150900.0,2025-08-19 12:22:40.563886
2025-08-19,43861,2025081904004164,AHPC,Naasa Securities Co. Ltd.,Elite Stock House Limited,10,302.0,3020.0,2025-08-19 12:22:49.399525
2025-08-19,43664,2025081904004202,AHPC,ABC Securities Private Limited,Dipshikha Dhitopatra Karobar Co. Pvt Ltd.,30,302.0,9060.0,2025-08-19 12:23:27.120843
2025-08-19,43663,2025081904004203,AHPC,ABC Securities Private Limited,Siprabi Securities Pvt. Ltd.,50,302.0,15100.0,2025-08-19 12:23:27.121175
2025-08-19,43662,2025081904004204,AHPC,ABC Securities Private Limited,Aryatara Investment & Securities,24,302.0,7248.0,2025-08-19 12:23:27.121375
2025-08-19,43661,2025081904004205,AHPC,ABC Securities Private Limited,Primo Securities (PVT) Ltd.,96,302.0,28992.0,2025-08-19 12:23:27.121522
2025-08-19,43642,2025081904004206,AHPC,Deevyaa Securities & Stock House Pvt. Ltd,Imperial Securities Company Pvt. Ltd.,360,301.8,108648.0,2025-08-19 12:23:29.449209
2025-08-19,43577,2025081904004215,AHPC,Nepal Stock House (PVT) Ltd.,Imperial Securities Company Pvt. Ltd.,500,301.8,150900.0,2025-08-19 12:23:38.548716
2025-08-19,43466,2025081904004251,AHPC,Miyo Securities Pvt Ltd,Capital Max Securities Ltd,50,301.1,15055.0,2025-08-19 12:24:03.028416
2025-08-19,43431,2025081904004266,AHPC,Naasa Securities Co. Ltd.,Imperial Securities Company Pvt. Ltd.,10,301.8,3018.0,2025-08-19 12:24:11.196541
2025-08-19,42728,2025081904004400,AHPC,Miyo Securities Pvt Ltd,Himalayan Brokerage Company Limited,50,301.1,15055.0,2025-08-19 12:26:50.775082
2025-08-19,42727,2025081904004401,AHPC,Ashutosh Brokerage & Securities (PVT) Ltd.,Himalayan Brokerage Company Limited,167,301.1,50283.7,2025-08-19 12:26:50.775527
2025-08-19,42726,2025081904004402,AHPC,Imperial Securities Company Pvt. Ltd.,Himalayan Brokerage Company Limited,355,301.1,106890.5,2025-08-19 12:26:50.775744
2025-08-19,42725,2025081904004403,AHPC,Primo Securities (PVT) Ltd.,Himalayan Brokerage Company Limited,3428,301.0,1031828.0,2025-08-19 12:26:50.776030
2025-08-19,42718,2025081904004404,AHPC,Deevyaa Securities & Stock House Pvt. Ltd,Dakshinkali Investment & Securities Pvt. Ltd.,20,301.5,6030.0,2025-08-19 12:26:52.143130
2025-08-19,42686,2025081904004413,AHPC,Sharepro Securities Private Limited,Dakshinkali Investment & Securities Pvt. Ltd.,50,301.5,15075.0,2025-08-19 12:27:00.952120
2025-08-19,42626,2025081904004421,AHPC,Naasa Securities Co. Ltd.,Dakshinkali Investment & Securities Pvt. Ltd.,21,301.5,6331.5,2025-08-19 12:27:15.638111
2025-08-19,42604,2025081904004426,AHPC,Naasa Securities Co. Ltd.,KALASH STOCK MARKET PVT. LTD.,10,301.6,3016.0,2025-08-19 12:27:20.094792
2025-08-19,42566,2025081904004433,AHPC,Miyo Securities Pvt Ltd,KALASH STOCK MARKET PVT. LTD.,10,301.6,3016.0,2025-08-19 12:27:33.797669
2025-08-19,42563,2025081904004434,AHPC,Primo Securities (PVT) Ltd.,Imperial Securities Company Pvt. Ltd.,500,301.0,150500.0,2025-08-19 12:27:35.514912
2025-08-19,42501,2025081904004437,AHPC,Naasa Securities Co. Ltd.,KALASH STOCK MARKET PVT. LTD.,10,301.6,3016.0,2025-08-19 12:27:45.578008
2025-08-19,42444,2025081904004447,AHPC,Primo Securities (PVT) Ltd.,South Asian Bulls Pvt. Ltd.,10,301.0,3010.0,2025-08-19 12:27:58.024508
2025-08-19,42431,2025081904004449,AHPC,Primo Securities (PVT) Ltd.,Aakashbhairab Securities Ltd.,346,301.0,104146.0,2025-08-19 12:27:59.947205
2025-08-19,42430,2025081904004450,AHPC,Online Securities Pvt. Ltd.,Aakashbhairab Securities Ltd.,100,301.0,30100.0,2025-08-19 12:27:59.947562
2025-08-19,42188,2025081904004504,AHPC,Naasa Securities Co. Ltd.,Aakashbhairab Securities Ltd.,100,301.0,30100.0,2025-08-19 12:28:55.865256
2025-08-19,42187,2025081904004505,AHPC,Sri Hari Securities Pvt. Ltd.,Aakashbhairab Securities Ltd.,100,301.0,30100.0,2025-08-19 12:28:55.941203
2025-08-19,42035,2025081904004514,AHPC,Investment Management Nepal Pvt. Ltd.,Aakashbhairab Securities Ltd.,354,301.0,106554.0,2025-08-19 12:29:29.759398
2025-08-19,42034,2025081904004515,AHPC,Investment Management Nepal Pvt. Ltd.,KALASH STOCK MARKET PVT. LTD.,470,301.6,141752.0,2025-08-19 12:29:29.759452
2025-08-19,42033,2025081904004516,AHPC,Investment Management Nepal Pvt. Ltd.,Magnet Securities and Investment Company Private Limited,50,301.6,15080.0,2025-08-19 12:29:29.759481
2025-08-19,42032,2025081904004517,AHPC,Investment Management Nepal Pvt. Ltd.,Sweta Securities Private Limited,126,301.7,38014.2,2025-08-19 12:29:29.759517
2025-08-19,41718,2025081904004593,AHPC,Imperial Securities Company Pvt. Ltd.,Kumari Securities Private Limited,300,301.3,90390.0,2025-08-19 12:30:44.246141
2025-08-19,41670,2025081904004606,AHPC,Naasa Securities Co. Ltd.,Deevyaa Securities & Stock House Pvt. Ltd,10,301.3,3013.0,2025-08-19 12:30:57.434669
2025-08-19,41597,2025081904004608,AHPC,Vision Securities Pvt. Ltd,Deevyaa Securities & Stock House Pvt. Ltd,90,301.3,27117.0,2025-08-19 12:31:09.063428
2025-08-19,41520,2025081904004612,AHPC,Naasa Securities Co. Ltd.,Sagarmatha Securities Private Limited,10,301.6,3016.0,2025-08-19 12:31:22.451247
2025-08-19,41416,2025081904004621,AHPC,Miyo Securities Pvt Ltd,Sagarmatha Securities Private Limited,90,301.6,27144.0,2025-08-19 12:31:43.753110
2025-08-19,41415,2025081904004622,AHPC,Miyo Securities Pvt Ltd,Sweta Securities Private Limited,10,301.7,3017.0,2025-08-19 12:31:43.753480
2025-08-19,41334,2025081904004645,AHPC,Vision Securities Pvt. Ltd,Online Securities Pvt. Ltd.,10,301.3,3013.0,2025-08-19 12:32:02.331230
2025-08-19,41333,2025081904004646,AHPC,Naasa Securities Co. Ltd.,Online Securities Pvt. Ltd.,100,301.3,30130.0,2025-08-19 12:32:02.331598
2025-08-19,41087,2025081904004703,AHPC,ABC Securities Private Limited,Online Securities Pvt. Ltd.,430,301.0,129430.0,2025-08-19 12:33:02.627354
2025-08-19,41086,2025081904004704,AHPC,ABC Securities Private Limited,Sweta Securities Private Limited,864,301.7,260668.8,2025-08-19 12:33:02.628059
2025-08-19,41085,2025081904004705,AHPC,ABC Securities Private Limited,Cristal Kanchanjanga Securites Pvt. Ltd.,400,301.7,120680.0,2025-08-19 12:33:02.628559
2025-08-19,41084,2025081904004706,AHPC,ABC Securities Private Limited,Imperial Securities Company Pvt. Ltd.,1312,301.8,395961.6,2025-08-19 12:33:02.629016
2025-08-19,41083,2025081904004707,AHPC,ABC Securities Private Limited,Aryatara Investment & Securities,201,301.8,60661.8,2025-08-19 12:33:02.629488
2025-08-19,41082,2025081904004708,AHPC,ABC Securities Private Limited,Dynamic Money Managers Securities Pvt. Ltd.,10,301.8,3018.0,2025-08-19 12:33:02.629935
2025-08-19,41081,2025081904004709,AHPC,ABC Securities Private Limited,Opal Securities Investment (PVT) Ltd.,100,301.9,30190.0,2025-08-19 12:33:02.630431
2025-08-19,41080,2025081904004710,AHPC,ABC Securities Private Limited,Primo Securities (PVT) Ltd.,104,302.0,31408.0,2025-08-19 12:33:02.630973
2025-08-19,41079,2025081904004711,AHPC,ABC Securities Private Limited,Kohinoor Investment & Securities Pvt. Ltd.,20,302.0,6040.0,2025-08-19 12:33:02.631524
2025-08-19,41078,2025081904004712,AHPC,ABC Securities Private Limited,Secured Securities Ltd.,1000,302.0,302000.0,2025-08-19 12:33:02.632083
2025-08-19,41077,2025081904004713,AHPC,ABC Securities Private Limited,Dakshinkali Investment & Securities Pvt. Ltd.,515,302.0,155530.0,2025-08-19 12:33:02.632641
2025-08-19,41076,2025081904004714,AHPC,ABC Securities Private Limited,Nepal Stock House (PVT) Ltd.,100,302.0,30200.0,2025-08-19 12:33:02.633154
2025-08-19,41075,2025081904004715,AHPC,ABC Securities Private Limited,Nepal Stock House (PVT) Ltd.,82,302.0,24764.0,2025-08-19 12:33:02.633735
2025-08-19,41074,2025081904004716,AHPC,ABC Securities Private Limited,Online Securities Pvt. Ltd.,300,302.0,90600.0,2025-08-19 12:33:02.634264
2025-08-19,41073,2025081904004717,AHPC,ABC Securities Private Limited,ABC Securities Private Limited,100,302.0,30200.0,2025-08-19 12:33:02.634796
2025-08-19,41072,2025081904004718,AHPC,ABC Securities Private Limited,Sani Securities Company Ltd.,123,302.0,37146.0,2025-08-19 12:33:02.635295
2025-08-19,41071,2025081904004719,AHPC,ABC Securities Private Limited,Aryatara Investment & Securities,500,302.0,151000.0,2025-08-19 12:33:02.635809
2025-08-19,41070,2025081904004720,AHPC,ABC Securities Private Limited,J.F. Securites (PVT) Ltd.,100,302.0,30200.0,2025-08-19 12:33:02.636460
2025-08-19,41069,2025081904004721,AHPC,ABC Securities Private Limited,Property Wiard Limited,100,302.0,30200.0,2025-08-19 12:33:02.636790
2025-08-19,41068,2025081904004722,AHPC,ABC Securities Private Limited,Premier Securities Company Ltd.,100,302.0,30200.0,2025-08-19 12:33:02.636969
2025-08-19,41067,2025081904004723,AHPC,ABC Securities Private Limited,Sundhara Securities Limited,790,302.0,238580.0,2025-08-19 12:33:02.637115
2025-08-19,41066,2025081904004724,AHPC,ABC Securities Private Limited,Siprabi Securities Pvt. Ltd.,500,302.0,151000.0,2025-08-19 12:33:02.637277
2025-08-19,41065,2025081904004725,AHPC,ABC Securities Private Limited,Opal Securities Investment (PVT) Ltd.,100,302.0,30200.0,2025-08-19 12:33:02.637435
2025-08-19,41012,2025081904004733,AHPC,ABC Securities Private Limited,Dipshikha Dhitopatra Karobar Co. Pvt Ltd.,50,302.0,15100.0,2025-08-19 12:33:12.409551
2025-08-19,41002,2025081904004734,AHPC,Naasa Securities Co. Ltd.,Dipshikha Dhitopatra Karobar Co. Pvt Ltd.,10,302.2,3022.0,2025-08-19 12:33:15.842533
2025-08-19,40906,2025081904004746,AHPC,ABC Securities Private Limited,Magnet Securities and Investment Company Private Limited,40,302.0,12080.0,2025-08-19 12:33:41.619687
2025-08-19,40892,2025081904004751,AHPC,ABC Securities Private Limited,Aakashbhairab Securities Ltd.,1000,302.0,302000.0,2025-08-19 12:33:45.914855
2025-08-19,40887,2025081904004752,AHPC,Naasa Securities Co. Ltd.,Dipshikha Dhitopatra Karobar Co. Pvt Ltd.,10,302.2,3022.0,2025-08-19 12:33:47.557518
2025-08-19,40874,2025081904004755,AHPC,Agrawal Securities (PVT) Ltd.,Dipshikha Dhitopatra Karobar Co. Pvt Ltd.,480,302.2,145056.0,2025-08-19 12:33:52.058137
2025-08-19,40873,2025081904004756,AHPC,Agrawal Securities (PVT) Ltd.,Naasa Securities Co. Ltd.,133,302.2,40192.6,2025-08-19 12:33:52.058833
2025-08-19,40872,2025081904004757,AHPC,Agrawal Securities (PVT) Ltd.,Opal Securities Investment (PVT) Ltd.,800,302.3,241840.0,2025-08-19 12:33:52.059285
2025-08-19,40871,2025081904004758,AHPC,Agrawal Securities (PVT) Ltd.,Bhrikuti Stock Broking Co. Pvt. Ltd.,87,302.4,26308.8,2025-08-19 12:33:52.059739
2025-08-19,40787,2025081904004765,AHPC,ABC Securities Private Limited,Aakashbhairab Securities Ltd.,700,302.0,211400.0,2025-08-19 12:34:01.953658
2025-08-19,40733,2025081904004774,AHPC,ABC Securities Private Limited,APPLE SECURITIES PRIVATE LIMITED,200,302.0,60400.0,2025-08-19 12:34:09.182738
2025-08-19,40719,2025081904004781,AHPC,Naasa Securities Co. Ltd.,Bhrikuti Stock Broking Co. Pvt. Ltd.,10,302.4,3024.0,2025-08-19 12:34:11.944258
2025-08-19,40659,2025081904004788,AHPC,ABC Securities Private Limited,Oxford Securities Pvt. Ltd.,159,302.0,48018.0,2025-08-19 12:34:26.326493
2025-08-19,40625,2025081904004791,AHPC,Naasa Securities Co. Ltd.,Property Wiard Limited,10,302.0,3020.0,2025-08-19 12:34:36.495134
2025-08-19,40624,2025081904004792,AHPC,Naasa Securities Co. Ltd.,Sewa Securities Pvt. Ltd.,10,302.2,3022.0,2025-08-19 12:34:36.495775
2025-08-19,40519,2025081904004813,AHPC,Aryatara Investment & Securities,Sewa Securities Pvt. Ltd.,40,302.2,12088.0,2025-08-19 12:35:04.065792
2025-08-19,40518,2025081904004814,AHPC,Aryatara Investment & Securities,Bhrikuti Stock Broking Co. Pvt. Ltd.,303,302.4,91627.2,2025-08-19 12:35:04.066122
2025-08-19,40517,2025081904004815,AHPC,Aryatara Investment & Securities,Dynamic Money Managers Securities Pvt. Ltd.,10,302.5,3025.0,2025-08-19 12:35:04.066337
2025-08-19,40516,2025081904004816,AHPC,Aryatara Investment & Securities,Dynamic Money Managers Securities Pvt. Ltd.,25,302.5,7562.5,2025-08-19 12:35:04.066489
2025-08-19,40515,2025081904004817,AHPC,Aryatara Investment & Securities,Imperial Securities Company Pvt. Ltd.,22,302.9,6663.8,2025-08-19 12:35:04.066635
2025-08-19,40446,2025081904004826,AHPC,Sani Securities Company Ltd.,J.F. Securites (PVT) Ltd.,30,302.0,9060.0,2025-08-19 12:35:15.286529
2025-08-19,40175,2025081904004890,AHPC,Imperial Securities Company Pvt. Ltd.,Sagarmatha Securities Private Limited,15,300.3,4504.5,2025-08-19 12:36:16.129726
2025-08-19,40140,2025081904004895,AHPC,Naasa Securities Co. Ltd.,J.F. Securites (PVT) Ltd.,10,302.0,3020.0,2025-08-19 12:36:29.616675
2025-08-19,39961,2025081904004925,AHPC,Sundhara Securities Limited,J.F. Securites (PVT) Ltd.,60,302.0,18120.0,2025-08-19 12:37:19.780805
2025-08-19,39960,2025081904004926,AHPC,Sundhara Securities Limited,Creative Securities Pvt Ltd,40,302.0,12080.0,2025-08-19 12:37:19.781144
2025-08-19,39914,2025081904004933,AHPC,Sharepro Securities Private Limited,Creative Securities Pvt Ltd,160,302.0,48320.0,2025-08-19 12:37:29.029896
2025-08-19,39913,2025081904004934,AHPC,Sharepro Securities Private Limited,Nepal Stock House (PVT) Ltd.,200,302.0,60400.0,2025-08-19 12:37:29.030268
2025-08-19,39912,2025081904004935,AHPC,Sharepro Securities Private Limited,Kumari Securities Private Limited,90,302.0,27180.0,2025-08-19 12:37:29.030457
2025-08-19,39866,2025081904004948,AHPC,Dakshinkali Investment & Securities Pvt. Ltd.,Kumari Securities Private Limited,410,302.0,123820.0,2025-08-19 12:37:37.716495
2025-08-19,39851,2025081904004949,AHPC,Naasa Securities Co. Ltd.,Sagarmatha Securities Private Limited,10,302.5,3025.0,2025-08-19 12:37:42.663804
2025-08-19,39690,2025081904004984,AHPC,Dakshinkali Investment & Securities Pvt. Ltd.,APPLE SECURITIES PRIVATE LIMITED,200,302.0,60400.0,2025-08-19 12:38:24.816858
2025-08-19,39678,2025081904004987,AHPC,Naasa Securities Co. Ltd.,Sagarmatha Securities Private Limited,10,302.5,3025.0,2025-08-19 12:38:28.301719
2025-08-19,39628,2025081904004999,AHPC,Dakshinkali Investment & Securities Pvt. Ltd.,Kumari Securities Private Limited,200,302.0,60400.0,2025-08-19 12:38:37.264369
2025-08-19,39599,2025081904005001,AHPC,Dakshinkali Investment & Securities Pvt. Ltd.,Asian Securities Private Ltd.,130,302.0,39260.0,2025-08-19 12:38:40.362154
2025-08-19,39586,2025081904005004,AHPC,Naasa Securities Co. Ltd.,Sagarmatha Securities Private Limited,10,302.5,3025.0,2025-08-19 12:38:43.526923
2025-08-19,39580,2025081904005006,AHPC,Dakshinkali Investment & Securities Pvt. Ltd.,K.B.L. Securities Limited ,60,302.0,18120.0,2025-08-19 12:38:44.313423
2025-08-19,39552,2025081904005018,AHPC,Sani Securities Company Ltd.,Sani Securities Company Ltd.,4,298.0,1192.0,2025-08-19 12:38:50.158189
2025-08-19,39441,2025081904005046,AHPC,Sani Securities Company Ltd.,ABC Securities Private Limited,6,298.0,1788.0,2025-08-19 12:39:06.286360
2025-08-19,39396,2025081904005061,AHPC,Aryatara Investment & Securities,Capital Max Securities Ltd,50,300.5,15025.0,2025-08-19 12:39:14.543507
2025-08-19,39379,2025081904005066,AHPC,Naasa Securities Co. Ltd.,K.B.L. Securities Limited ,10,302.0,3020.0,2025-08-19 12:39:18.160704
2025-08-19,39311,2025081904005087,AHPC,Siprabi Securities Pvt. Ltd.,K.B.L. Securities Limited ,83,302.0,25066.0,2025-08-19 12:39:32.921238
2025-08-19,39179,2025081904005125,AHPC,R.B.B. Securities Company Ltd,Sumeru Securities Pvt. Ltd.,200,301.0,60200.0,2025-08-19 12:40:01.263910
2025-08-19,38948,2025081904005179,AHPC,Miyo Securities Pvt Ltd,Secured Securities Ltd.,100,300.6,30060.0,2025-08-19 12:40:55.496693
2025-08-19,38947,2025081904005180,AHPC,Aryatara Investment & Securities,Secured Securities Ltd.,100,300.5,30050.0,2025-08-19 12:40:55.497035
2025-08-19,38747,2025081904005228,AHPC,Aryatara Investment & Securities,Sani Securities Company Ltd.,610,300.5,183305.0,2025-08-19 12:41:30.662489
2025-08-19,38746,2025081904005229,AHPC,Nepal Stock House (PVT) Ltd.,Sani Securities Company Ltd.,420,300.5,126210.0,2025-08-19 12:41:30.662880
2025-08-19,38668,2025081904005247,AHPC,Oxford Securities Pvt. Ltd.,Sumeru Securities Pvt. Ltd.,300,301.0,90300.0,2025-08-19 12:41:50.138326
2025-08-19,38455,2025081904005302,AHPC,Nepal Stock House (PVT) Ltd.,Dynamic Money Managers Securities Pvt. Ltd.,50,300.5,15025.0,2025-08-19 12:42:41.225793
2025-08-19,38361,2025081904005316,AHPC,Nepal Stock House (PVT) Ltd.,Trisul Securities & Invt. Ltd.,100,300.5,30050.0,2025-08-19 12:43:08.376527
2025-08-19,37907,2025081904005410,AHPC,Nepal Stock House (PVT) Ltd.,Sani Securities Company Ltd.,20,301.0,6020.0,2025-08-19 12:44:47.106760
2025-08-19,37906,2025081904005411,AHPC,Nepal Stock House (PVT) Ltd.,Siprabi Securities Pvt. Ltd.,150,301.0,45150.0,2025-08-19 12:44:47.107174
2025-08-19,37905,2025081904005412,AHPC,Nepal Stock House (PVT) Ltd.,Kohinoor Investment & Securities Pvt. Ltd.,80,301.0,24080.0,2025-08-19 12:44:47.107385
2025-08-19,37582,2025081904005517,AHPC,Naasa Securities Co. Ltd.,Sumeru Securities Pvt. Ltd.,20,300.9,6018.0,2025-08-19 12:46:07.598273
2025-08-19,37550,2025081904005519,AHPC,Nepal Stock House (PVT) Ltd.,Sumeru Securities Pvt. Ltd.,70,300.9,21063.0,2025-08-19 12:46:16.991685
2025-08-19,37474,2025081904005552,AHPC,Nepal Stock House (PVT) Ltd.,Online Securities Pvt. Ltd.,145,300.9,43630.5,2025-08-19 12:46:32.519416
2025-08-19,37471,2025081904005553,AHPC,Opal Securities Investment (PVT) Ltd.,Kohinoor Investment & Securities Pvt. Ltd.,100,301.0,30100.0,2025-08-19 12:46:33.282282
2025-08-19,37436,2025081904005576,AHPC,Sani Securities Company Ltd.,Kohinoor Investment & Securities Pvt. Ltd.,1000,301.0,301000.0,2025-08-19 12:46:38.940126
2025-08-19,37429,2025081904005578,AHPC,Nepal Stock House (PVT) Ltd.,Kohinoor Investment & Securities Pvt. Ltd.,90,301.0,27090.0,2025-08-19 12:46:40.912442
2025-08-19,37156,2025081904005684,AHPC,Naasa Securities Co. Ltd.,K.B.L. Securities Limited ,10,302.0,3020.0,2025-08-19 12:47:38.456858
2025-08-19,37117,2025081904005695,AHPC,Naasa Securities Co. Ltd.,Asian Securities Private Ltd.,11,301.9,3320.9,2025-08-19 12:47:49.998488
2025-08-19,36684,2025081904005794,AHPC,Nepal Stock House (PVT) Ltd.,Oxford Securities Pvt. Ltd.,30,301.0,9030.0,2025-08-19 12:49:44.506364
2025-08-19,36658,2025081904005799,AHPC,Nepal Stock House (PVT) Ltd.,Market Securities & Exchange (PVT) Ltd.,380,301.0,114380.0,2025-08-19 12:49:49.637844
2025-08-19,36657,2025081904005800,AHPC,Nepal Stock House (PVT) Ltd.,Market Securities & Exchange (PVT) Ltd.,4785,300.9,1439806.5,2025-08-19 12:49:49.638570
2025-08-19,36656,2025081904005801,AHPC,J.F. Securites (PVT) Ltd.,Market Securities & Exchange (PVT) Ltd.,90,300.8,27072.0,2025-08-19 12:49:49.639043
2025-08-19,36655,2025081904005802,AHPC,Online Securities Pvt. Ltd.,Market Securities & Exchange (PVT) Ltd.,20,300.6,6012.0,2025-08-19 12:49:49.639506
2025-08-19,36654,2025081904005803,AHPC,Naasa Securities Co. Ltd.,Market Securities & Exchange (PVT) Ltd.,500,300.6,150300.0,2025-08-19 12:49:49.639970
2025-08-19,36653,2025081904005804,AHPC,Online Securities Pvt. Ltd.,Market Securities & Exchange (PVT) Ltd.,1000,300.6,300600.0,2025-08-19 12:49:49.640431
2025-08-19,36652,2025081904005805,AHPC,Nepal Stock House (PVT) Ltd.,Market Securities & Exchange (PVT) Ltd.,430,300.5,129215.0,2025-08-19 12:49:49.640875
2025-08-19,36651,2025081904005806,AHPC,Thrive Brokerage House Pvt. Ltd,Market Securities & Exchange (PVT) Ltd.,1500,300.5,450750.0,2025-08-19 12:49:49.641324
2025-08-19,36650,2025081904005807,AHPC,Thrive Brokerage House Pvt. Ltd,Market Securities & Exchange (PVT) Ltd.,1000,300.5,300500.0,2025-08-19 12:49:49.641766
2025-08-19,36649,2025081904005808,AHPC,Imperial Securities Company Pvt. Ltd.,Market Securities & Exchange (PVT) Ltd.,485,300.3,145645.5,2025-08-19 12:49:49.642219
2025-08-19,36648,2025081904005809,AHPC,Sani Securities Company Ltd.,Market Securities & Exchange (PVT) Ltd.,300,300.2,90060.0,2025-08-19 12:49:49.642683
2025-08-19,36647,2025081904005810,AHPC,Imperial Securities Company Pvt. Ltd.,Market Securities & Exchange (PVT) Ltd.,1000,300.1,300100.0,2025-08-19 12:49:49.643132
2025-08-19,36646,2025081904005811,AHPC,Online Securities Pvt. Ltd.,Market Securities & Exchange (PVT) Ltd.,50,300.1,15005.0,2025-08-19 12:49:49.643589
2025-08-19,36645,2025081904005812,AHPC,Prabhu Stock Market Limited,Market Securities & Exchange (PVT) Ltd.,1500,300.1,450150.0,2025-08-19 12:49:49.644035
2025-08-19,36644,2025081904005813,AHPC,Naasa Securities Co. Ltd.,Market Securities & Exchange (PVT) Ltd.,131,300.1,39313.1,2025-08-19 12:49:49.644492
2025-08-19,36643,2025081904005814,AHPC,Linch Stock Market Ltd.,Market Securities & Exchange (PVT) Ltd.,200,300.0,60000.0,2025-08-19 12:49:49.644949
2025-08-19,36642,2025081904005815,AHPC,Vision Securities Pvt. Ltd,Market Securities & Exchange (PVT) Ltd.,36,300.0,10800.0,2025-08-19 12:49:49.645405
2025-08-19,36641,2025081904005816,AHPC,Dakshinkali Investment & Securities Pvt. Ltd.,Market Securities & Exchange (PVT) Ltd.,3000,300.0,900000.0,2025-08-19 12:49:49.645856
2025-08-19,36640,2025081904005817,AHPC,Sri Hari Securities Pvt. Ltd.,Market Securities & Exchange (PVT) Ltd.,166,300.0,49800.0,2025-08-19 12:49:49.646294
2025-08-19,36639,2025081904005818,AHPC,Sweta Securities Private Limited,Market Securities & Exchange (PVT) Ltd.,100,300.0,30000.0,2025-08-19 12:49:49.646743
2025-08-19,36638,2025081904005819,AHPC,Capital Max Securities Ltd,Market Securities & Exchange (PVT) Ltd.,50,300.0,15000.0,2025-08-19 12:49:49.647177
2025-08-19,36637,2025081904005820,AHPC,Citizens Share Broker Limited,Market Securities & Exchange (PVT) Ltd.,6000,300.0,1800000.0,2025-08-19 12:49:49.647622
2025-08-19,36636,2025081904005821,AHPC,Aryatara Investment & Securities,Market Securities & Exchange (PVT) Ltd.,100,300.0,30000.0,2025-08-19 12:49:49.648056
2025-08-19,36635,2025081904005822,AHPC,Aryatara Investment & Securities,Market Securities & Exchange (PVT) Ltd.,150,300.0,45000.0,2025-08-19 12:49:49.648305
2025-08-19,36634,2025081904005823,AHPC,Sani Securities Company Ltd.,Market Securities & Exchange (PVT) Ltd.,500,300.0,150000.0,2025-08-19 12:49:49.648453
2025-08-19,36633,2025081904005824,AHPC,Nepal Stock House (PVT) Ltd.,Market Securities & Exchange (PVT) Ltd.,97,300.0,29100.0,2025-08-19 12:49:49.648596
2025-08-19,36632,2025081904005825,AHPC,Kalika Securities Pvt. Ltd.,Market Securities & Exchange (PVT) Ltd.,228,300.0,68400.0,2025-08-19 12:49:49.648745
2025-08-19,36631,2025081904005826,AHPC,Imperial Securities Company Pvt. Ltd.,Market Securities & Exchange (PVT) Ltd.,500,300.0,150000.0,2025-08-19 12:49:49.648890
2025-08-19,36630,2025081904005827,AHPC,Imperial Securities Company Pvt. Ltd.,Market Securities & Exchange (PVT) Ltd.,500,300.0,150000.0,2025-08-19 12:49:49.649033
2025-08-19,36465,2025081904005870,AHPC,Naasa Securities Co. Ltd.,Market Securities & Exchange (PVT) Ltd.,10,301.4,3014.0,2025-08-19 12:50:38.165432
2025-08-19,36464,2025081904005871,AHPC,Siprabi Securities Pvt. Ltd.,Kumari Securities Private Limited,330,301.0,99330.0,2025-08-19 12:50:38.378169
2025-08-19,36352,2025081904005901,AHPC,Cristal Kanchanjanga Securites Pvt. Ltd.,Secured Securities Ltd.,330,301.0,99330.0,2025-08-19 12:51:17.589733
2025-08-19,36054,2025081904005968,AHPC,Cristal Kanchanjanga Securites Pvt. Ltd.,Aryatara Investment & Securities,170,301.0,51170.0,2025-08-19 12:53:00.323040
2025-08-19,35737,2025081904006017,AHPC,Naasa Securities Co. Ltd.,Aryatara Investment & Securities,30,301.0,9030.0,2025-08-19 12:54:44.711248
2025-08-19,35736,2025081904006018,AHPC,Naasa Securities Co. Ltd.,Deevyaa Securities & Stock House Pvt. Ltd,170,301.0,51170.0,2025-08-19 12:54:44.711665
2025-08-19,35257,2025081904006092,AHPC,Naasa Securities Co. Ltd.,Deevyaa Securities & Stock House Pvt. Ltd,170,301.0,51170.0,2025-08-19 12:57:20.379758
2025-08-19,35059,2025081904006129,AHPC,Aryatara Investment & Securities,Deevyaa Securities & Stock House Pvt. Ltd,160,301.0,48160.0,2025-08-19 12:58:21.635149
2025-08-19,35058,2025081904006130,AHPC,Aryatara Investment & Securities,Kalika Securities Pvt. Ltd.,40,301.0,12040.0,2025-08-19 12:58:21.635516
2025-08-19,35016,2025081904006148,AHPC,Sri Hari Securities Pvt. Ltd.,Kalika Securities Pvt. Ltd.,25,301.0,7525.0,2025-08-19 12:58:33.907788
2025-08-19,35015,2025081904006149,AHPC,Sri Hari Securities Pvt. Ltd.,Premier Securities Company Ltd.,10,301.0,3010.0,2025-08-19 12:58:33.908205
2025-08-19,34854,2025081904006169,AHPC,Naasa Securities Co. Ltd.,Sumeru Securities Pvt. Ltd.,11,301.3,3314.3,2025-08-19 12:59:26.285271
2025-08-19,34652,2025081904006211,AHPC,Naasa Securities Co. Ltd.,Sumeru Securities Pvt. Ltd.,10,301.3,3013.0,2025-08-19 13:00:20.321933
2025-08-19,34647,2025081904006212,AHPC,Naasa Securities Co. Ltd.,Siprabi Securities Pvt. Ltd.,130,301.0,39130.0,2025-08-19 13:00:22.718117
2025-08-19,34431,2025081904006242,AHPC,Cristal Kanchanjanga Securites Pvt. Ltd.,Sumeru Securities Pvt. Ltd.,29,301.3,8737.7,2025-08-19 13:01:15.755688
2025-08-19,34430,2025081904006243,AHPC,Cristal Kanchanjanga Securites Pvt. Ltd.,Sagarmatha Securities Private Limited,70,301.3,21091.0,2025-08-19 13:01:15.756132
2025-08-19,34429,2025081904006244,AHPC,Cristal Kanchanjanga Securites Pvt. Ltd.,Property Wiard Limited,100,301.3,30130.0,2025-08-19 13:01:15.756302
2025-08-19,34428,2025081904006245,AHPC,Cristal Kanchanjanga Securites Pvt. Ltd.,Aryatara Investment & Securities,491,301.3,147938.3,2025-08-19 13:01:15.756472
2025-08-19,34375,2025081904006256,AHPC,Online Securities Pvt. Ltd.,Opal Securities Investment (PVT) Ltd.,100,301.1,30110.0,2025-08-19 13:01:36.290745
2025-08-19,34374,2025081904006257,AHPC,Naasa Securities Co. Ltd.,Opal Securities Investment (PVT) Ltd.,415,301.0,124915.0,2025-08-19 13:01:36.291723
2025-08-19,34373,2025081904006258,AHPC,Naasa Securities Co. Ltd.,Premier Securities Company Ltd.,5,301.0,1505.0,2025-08-19 13:01:36.292196
2025-08-19,34343,2025081904006263,AHPC,Naasa Securities Co. Ltd.,Market Securities & Exchange (PVT) Ltd.,10,301.4,3014.0,2025-08-19 13:01:43.941039
2025-08-19,34185,2025081904006297,AHPC,Naasa Securities Co. Ltd.,Market Securities & Exchange (PVT) Ltd.,10,301.4,3014.0,2025-08-19 13:02:15.224098
2025-08-19,34132,2025081904006316,AHPC,Opal Securities Investment (PVT) Ltd.,Market Securities & Exchange (PVT) Ltd.,2000,301.4,602800.0,2025-08-19 13:02:30.516631
2025-08-19,33974,2025081904006341,AHPC,Siprabi Securities Pvt. Ltd.,Naasa Securities Co. Ltd.,10,301.2,3012.0,2025-08-19 13:03:11.239880
2025-08-19,33973,2025081904006342,AHPC,Siprabi Securities Pvt. Ltd.,Naasa Securities Co. Ltd.,10,300.9,3009.0,2025-08-19 13:03:11.240703
2025-08-19,33972,2025081904006343,AHPC,Ashutosh Brokerage & Securities (PVT) Ltd.,Naasa Securities Co. Ltd.,49,300.8,14739.2,2025-08-19 13:03:11.241239
2025-08-19,33971,2025081904006344,AHPC,Siprabi Securities Pvt. Ltd.,Naasa Securities Co. Ltd.,10,300.7,3007.0,2025-08-19 13:03:11.241743
2025-08-19,33970,2025081904006345,AHPC,Online Securities Pvt. Ltd.,Naasa Securities Co. Ltd.,21,300.6,6312.6,2025-08-19 13:03:11.242271
2025-08-19,33933,2025081904006352,AHPC,Naasa Securities Co. Ltd.,Market Securities & Exchange (PVT) Ltd.,10,301.4,3014.0,2025-08-19 13:03:22.864227
2025-08-19,33880,2025081904006359,AHPC,Sundhara Securities Limited,Oxford Securities Pvt. Ltd.,100,301.3,30130.0,2025-08-19 13:03:39.968626
2025-08-19,33879,2025081904006360,AHPC,Sundhara Securities Limited,Market Securities & Exchange (PVT) Ltd.,50,301.4,15070.0,2025-08-19 13:03:39.969425
2025-08-19,33755,2025081904006404,AHPC,Kumari Securities Private Limited,ABC Securities Private Limited,200,301.0,60200.0,2025-08-19 13:04:23.739060
2025-08-19,33754,2025081904006405,AHPC,Online Securities Pvt. Ltd.,ABC Securities Private Limited,199,300.6,59819.4,2025-08-19 13:04:23.739136
2025-08-19,33753,2025081904006406,AHPC,Opal Securities Investment (PVT) Ltd.,ABC Securities Private Limited,235,300.5,70617.5,2025-08-19 13:04:23.739161
2025-08-19,33732,2025081904006416,AHPC,Naasa Securities Co. Ltd.,Market Securities & Exchange (PVT) Ltd.,10,301.4,3014.0,2025-08-19 13:04:30.132205
2025-08-19,33638,2025081904006458,AHPC,Naasa Securities Co. Ltd.,Aryatara Investment & Securities,10,301.3,3013.0,2025-08-19 13:05:01.683152
2025-08-19,33491,2025081904006514,AHPC,Imperial Securities Company Pvt. Ltd.,Online Securities Pvt. Ltd.,100,301.0,30100.0,2025-08-19 13:05:40.932345
2025-08-19,33296,2025081904006570,AHPC,Imperial Securities Company Pvt. Ltd.,Online Securities Pvt. Ltd.,100,301.0,30100.0,2025-08-19 13:06:35.294372
2025-08-19,33272,2025081904006575,AHPC,Imperial Securities Company Pvt. Ltd.,Market Securities & Exchange (PVT) Ltd.,100,301.0,30100.0,2025-08-19 13:06:37.049197
2025-08-19,33271,2025081904006576,AHPC,Opal Securities Investment (PVT) Ltd.,Market Securities & Exchange (PVT) Ltd.,43,301.0,12943.0,2025-08-19 13:06:37.049659
2025-08-19,33223,2025081904006591,AHPC,Magnet Securities and Investment Company Private Limited,Dakshinkali Investment & Securities Pvt. Ltd.,500,300.7,150350.0,2025-08-19 13:06:47.861496
2025-08-19,33175,2025081904006601,AHPC,Aryatara Investment & Securities,Market Securities & Exchange (PVT) Ltd.,20,301.0,6020.0,2025-08-19 13:07:00.728117
2025-08-19,33123,2025081904006620,AHPC,Magnet Securities and Investment Company Private Limited,KALASH STOCK MARKET PVT. LTD.,500,300.7,150350.0,2025-08-19 13:07:15.146836
2025-08-19,32888,2025081904006692,AHPC,Naasa Securities Co. Ltd.,Aryatara Investment & Securities,10,301.3,3013.0,2025-08-19 13:08:17.913700
2025-08-19,32792,2025081904006730,AHPC,Naasa Securities Co. Ltd.,Midas Stock Broking Company Private Limited,20,301.0,6020.0,2025-08-19 13:08:44.345742
2025-08-19,32709,2025081904006756,AHPC,Imperial Securities Company Pvt. Ltd.,Dakshinkali Investment & Securities Pvt. Ltd.,500,300.5,150250.0,2025-08-19 13:09:03.694467
2025-08-19,32587,2025081904006787,AHPC,Imperial Securities Company Pvt. Ltd.,K.B.L. Securities Limited ,137,300.5,41168.5,2025-08-19 13:09:34.671620
2025-08-19,32540,2025081904006793,AHPC,Imperial Securities Company Pvt. Ltd.,South Asian Bulls Pvt. Ltd.,200,300.5,60100.0,2025-08-19 13:09:42.807263
2025-08-19,32535,2025081904006794,AHPC,Imperial Securities Company Pvt. Ltd.,KALASH STOCK MARKET PVT. LTD.,163,300.5,48981.5,2025-08-19 13:09:43.553041
2025-08-19,32534,2025081904006795,AHPC,Sani Securities Company Ltd.,KALASH STOCK MARKET PVT. LTD.,63,300.5,18931.5,2025-08-19 13:09:43.553799
2025-08-19,32407,2025081904006830,AHPC,Naasa Securities Co. Ltd.,Midas Stock Broking Company Private Limited,10,301.0,3010.0,2025-08-19 13:10:32.369768
2025-08-19,32132,2025081904006891,AHPC,Sani Securities Company Ltd.,Kalika Securities Pvt. Ltd.,37,300.5,11118.5,2025-08-19 13:12:09.453583
2025-08-19,32131,2025081904006892,AHPC,Imperial Securities Company Pvt. Ltd.,Kalika Securities Pvt. Ltd.,13,300.5,3906.5,2025-08-19 13:12:09.454048
2025-08-19,32038,2025081904006905,AHPC,Imperial Securities Company Pvt. Ltd.,Cristal Kanchanjanga Securites Pvt. Ltd.,287,300.5,86243.5,2025-08-19 13:12:45.437791
2025-08-19,32037,2025081904006906,AHPC,Online Securities Pvt. Ltd.,Cristal Kanchanjanga Securites Pvt. Ltd.,100,300.3,30030.0,2025-08-19 13:12:45.438665
2025-08-19,32036,2025081904006907,AHPC,NIMB Stock Markets Limited,Cristal Kanchanjanga Securites Pvt. Ltd.,500,300.1,150050.0,2025-08-19 13:12:45.439279
2025-08-19,32035,2025081904006908,AHPC,Siprabi Securities Pvt. Ltd.,Cristal Kanchanjanga Securites Pvt. Ltd.,10,300.0,3000.0,2025-08-19 13:12:45.439845
2025-08-19,32034,2025081904006909,AHPC,Online Securities Pvt. Ltd.,Cristal Kanchanjanga Securites Pvt. Ltd.,100,300.0,30000.0,2025-08-19 13:12:45.440428
2025-08-19,31893,2025081904006951,AHPC,Sundhara Securities Limited,Nepal Stock House (PVT) Ltd.,500,300.0,150000.0,2025-08-19 13:13:29.173069
2025-08-19,31892,2025081904006952,AHPC,Linch Stock Market Ltd.,Nepal Stock House (PVT) Ltd.,50,300.0,15000.0,2025-08-19 13:13:29.173490
2025-08-19,31891,2025081904006953,AHPC,Sewa Securities Pvt. Ltd.,Nepal Stock House (PVT) Ltd.,50,300.0,15000.0,2025-08-19 13:13:29.173657
2025-08-19,31890,2025081904006954,AHPC,Sumeru Securities Pvt. Ltd.,Nepal Stock House (PVT) Ltd.,200,300.0,60000.0,2025-08-19 13:13:29.173818
2025-08-19,31889,2025081904006955,AHPC,Sani Securities Company Ltd.,Nepal Stock House (PVT) Ltd.,22,300.0,6600.0,2025-08-19 13:13:29.173978
2025-08-19,31888,2025081904006956,AHPC,Thrive Brokerage House Pvt. Ltd,Nepal Stock House (PVT) Ltd.,500,300.0,150000.0,2025-08-19 13:13:29.174139
2025-08-19,31887,2025081904006957,AHPC,Sri Hari Securities Pvt. Ltd.,Nepal Stock House (PVT) Ltd.,85,300.0,25500.0,2025-08-19 13:13:29.174295
2025-08-19,31886,2025081904006958,AHPC,Online Securities Pvt. Ltd.,Nepal Stock House (PVT) Ltd.,593,300.0,177900.0,2025-08-19 13:13:29.174461
2025-08-19,31755,2025081904006981,AHPC,Naasa Securities Co. Ltd.,Midas Stock Broking Company Private Limited,10,301.0,3010.0,2025-08-19 13:14:17.639213
2025-08-19,31613,2025081904007032,AHPC,Naasa Securities Co. Ltd.,Global IME Securities Limited,80,300.1,24008.0,2025-08-19 13:15:07.325042
2025-08-19,31559,2025081904007062,AHPC,Naasa Securities Co. Ltd.,Midas Stock Broking Company Private Limited,10,301.0,3010.0,2025-08-19 13:15:18.400589
2025-08-19,30881,2025081904007244,AHPC,Oxford Securities Pvt. Ltd.,Magnet Securities and Investment Company Private Limited,200,300.3,60060.0,2025-08-19 13:19:26.494399
2025-08-19,30827,2025081904007263,AHPC,Oxford Securities Pvt. Ltd.,Imperial Securities Company Pvt. Ltd.,100,300.3,30030.0,2025-08-19 13:19:45.979549
2025-08-19,30826,2025081904007264,AHPC,Nepal Stock House (PVT) Ltd.,Imperial Securities Company Pvt. Ltd.,100,300.2,30020.0,2025-08-19 13:19:45.979960
2025-08-19,30796,2025081904007275,AHPC,Naasa Securities Co. Ltd.,Midas Stock Broking Company Private Limited,10,301.0,3010.0,2025-08-19 13:19:54.622707
2025-08-19,30657,2025081904007314,AHPC,Nepal Stock House (PVT) Ltd.,Kalika Securities Pvt. Ltd.,50,300.2,15010.0,2025-08-19 13:20:42.082114
2025-08-19,30410,2025081904007376,AHPC,Imperial Securities Company Pvt. Ltd.,Asian Securities Private Ltd.,10,300.4,3004.0,2025-08-19 13:22:27.452919
2025-08-19,30200,2025081904007419,AHPC,Oxford Securities Pvt. Ltd.,Sharepro Securities Private Limited,50,300.9,15045.0,2025-08-19 13:23:50.865628
2025-08-19,30199,2025081904007420,AHPC,Oxford Securities Pvt. Ltd.,Midas Stock Broking Company Private Limited,100,301.0,30100.0,2025-08-19 13:23:50.866111
2025-08-19,30081,2025081904007448,AHPC,Imperial Securities Company Pvt. Ltd.,Kumari Securities Private Limited,138,300.4,41455.2,2025-08-19 13:24:42.316470
2025-08-19,29952,2025081904007479,AHPC,Naasa Securities Co. Ltd.,Midas Stock Broking Company Private Limited,10,301.0,3010.0,2025-08-19 13:25:36.210709
2025-08-19,29906,2025081904007495,AHPC,Imperial Securities Company Pvt. Ltd.,Naasa Securities Co. Ltd.,52,300.4,15620.8,2025-08-19 13:25:53.280988
2025-08-19,29905,2025081904007496,AHPC,Oxford Securities Pvt. Ltd.,Naasa Securities Co. Ltd.,25,300.3,7507.5,2025-08-19 13:25:53.281098
2025-08-19,29900,2025081904007497,AHPC,Oxford Securities Pvt. Ltd.,Trisul Securities & Invt. Ltd.,36,300.3,10810.8,2025-08-19 13:25:56.135353
2025-08-19,29711,2025081904007555,AHPC,Oxford Securities Pvt. Ltd.,South Asian Bulls Pvt. Ltd.,180,300.3,54054.0,2025-08-19 13:27:05.909427
2025-08-19,29628,2025081904007594,AHPC,Oxford Securities Pvt. Ltd.,Vision Securities Pvt. Ltd,59,300.3,17717.7,2025-08-19 13:27:26.849359
2025-08-19,29627,2025081904007595,AHPC,Nepal Stock House (PVT) Ltd.,Vision Securities Pvt. Ltd,166,300.2,49833.2,2025-08-19 13:27:26.849752
2025-08-19,29443,2025081904007630,AHPC,Dynamic Money Managers Securities Pvt. Ltd.,Linch Stock Market Ltd.,400,300.8,120320.0,2025-08-19 13:28:29.708377
2025-08-19,29366,2025081904007669,AHPC,KALASH STOCK MARKET PVT. LTD.,Linch Stock Market Ltd.,50,300.8,15040.0,2025-08-19 13:28:52.682380
2025-08-19,29365,2025081904007670,AHPC,KALASH STOCK MARKET PVT. LTD.,Asian Securities Private Ltd.,450,300.9,135405.0,2025-08-19 13:28:52.682807
2025-08-19,29234,2025081904007695,AHPC,Linch Stock Market Ltd.,Asian Securities Private Ltd.,80,300.9,24072.0,2025-08-19 13:29:43.206372
2025-08-19,29153,2025081904007728,AHPC,Vision Securities Pvt. Ltd,Asian Securities Private Ltd.,459,300.9,138113.1,2025-08-19 13:30:12.350004
2025-08-19,29152,2025081904007729,AHPC,Vision Securities Pvt. Ltd,Midas Stock Broking Company Private Limited,130,301.0,39130.0,2025-08-19 13:30:12.350824
2025-08-19,29151,2025081904007730,AHPC,Vision Securities Pvt. Ltd,Trishakti Securities Public Limited,500,301.0,150500.0,2025-08-19 13:30:12.351395
2025-08-19,29150,2025081904007731,AHPC,Vision Securities Pvt. Ltd,Naasa Securities Co. Ltd.,100,301.0,30100.0,2025-08-19 13:30:12.351930
2025-08-19,29149,2025081904007732,AHPC,Vision Securities Pvt. Ltd,Linch Stock Market Ltd.,1031,301.0,310331.0,2025-08-19 13:30:12.352470
2025-08-19,29035,2025081904007762,AHPC,Vision Securities Pvt. Ltd,Kalika Securities Pvt. Ltd.,50,301.0,15050.0,2025-08-19 13:30:49.251557
2025-08-19,28938,2025081904007782,AHPC,Vision Securities Pvt. Ltd,Oxford Securities Pvt. Ltd.,101,301.0,30401.0,2025-08-19 13:31:14.468902
2025-08-19,28853,2025081904007811,AHPC,Vision Securities Pvt. Ltd,Indira securities pvt. ltd,50,301.0,15050.0,2025-08-19 13:31:39.237499
2025-08-19,28781,2025081904007842,AHPC,Vision Securities Pvt. Ltd,Property Wiard Limited,100,301.0,30100.0,2025-08-19 13:31:57.656983
2025-08-19,28527,2025081904007912,AHPC,Vision Securities Pvt. Ltd,Sumeru Securities Pvt. Ltd.,129,301.0,38829.0,2025-08-19 13:33:10.263130
2025-08-19,28526,2025081904007913,AHPC,Kohinoor Investment & Securities Pvt. Ltd.,Sumeru Securities Pvt. Ltd.,98,301.0,29498.0,2025-08-19 13:33:10.263610
2025-08-19,27934,2025081904008053,AHPC,Trishakti Securities Public Limited,South Asian Bulls Pvt. Ltd.,40,300.9,12036.0,2025-08-19 13:35:28.356827
2025-08-19,27933,2025081904008054,AHPC,Trishakti Securities Public Limited,Sumeru Securities Pvt. Ltd.,223,301.0,67123.0,2025-08-19 13:35:28.357723
2025-08-19,27932,2025081904008055,AHPC,Trishakti Securities Public Limited,Sani Securities Company Ltd.,1737,301.0,522837.0,2025-08-19 13:35:28.358286
2025-08-19,27884,2025081904008073,AHPC,Midas Stock Broking Company Private Limited,Sani Securities Company Ltd.,100,301.0,30100.0,2025-08-19 13:35:44.513409
2025-08-19,27725,2025081904008091,AHPC,Naasa Securities Co. Ltd.,Sani Securities Company Ltd.,100,300.8,30080.0,2025-08-19 13:36:20.377794
2025-08-19,27575,2025081904008113,AHPC,Naasa Securities Co. Ltd.,Sani Securities Company Ltd.,10,301.0,3010.0,2025-08-19 13:37:11.949416
2025-08-19,27520,2025081904008123,AHPC,Agrawal Securities (PVT) Ltd.,Sani Securities Company Ltd.,100,301.0,30100.0,2025-08-19 13:37:27.912097
2025-08-19,27470,2025081904008145,AHPC,Naasa Securities Co. Ltd.,Sani Securities Company Ltd.,53,301.0,15953.0,2025-08-19 13:37:41.052937
2025-08-19,27469,2025081904008146,AHPC,Naasa Securities Co. Ltd.,Aryatara Investment & Securities,480,301.3,144624.0,2025-08-19 13:37:41.053371
2025-08-19,27468,2025081904008147,AHPC,Naasa Securities Co. Ltd.,Cristal Kanchanjanga Securites Pvt. Ltd.,387,301.3,116603.1,2025-08-19 13:37:41.053559
2025-08-19,26523,2025081904008462,AHPC,Sumeru Securities Pvt. Ltd.,Aryatara Investment & Securities,18,301.0,5418.0,2025-08-19 13:41:30.344192
2025-08-19,26522,2025081904008463,AHPC,Sumeru Securities Pvt. Ltd.,Aryatara Investment & Securities,42,301.0,12642.0,2025-08-19 13:41:30.345057
2025-08-19,26458,2025081904008488,AHPC,Naasa Securities Co. Ltd.,Naasa Securities Co. Ltd.,20,300.5,6010.0,2025-08-19 13:41:40.372756
2025-08-19,26311,2025081904008549,AHPC,Sani Securities Company Ltd.,Aryatara Investment & Securities,230,301.0,69230.0,2025-08-19 13:42:10.055436
2025-08-19,25619,2025081904008729,AHPC,Naasa Securities Co. Ltd.,Vision Securities Pvt. Ltd,84,300.5,25242.0,2025-08-19 13:45:04.897120
2025-08-19,25618,2025081904008730,AHPC,Nepal Stock House (PVT) Ltd.,Vision Securities Pvt. Ltd,500,300.3,150150.0,2025-08-19 13:45:04.897583
2025-08-19,25617,2025081904008731,AHPC,Nepal Stock House (PVT) Ltd.,Vision Securities Pvt. Ltd,184,300.2,55236.8,2025-08-19 13:45:04.897773
2025-08-19,25616,2025081904008732,AHPC,Imperial Securities Company Pvt. Ltd.,Vision Securities Pvt. Ltd,232,300.2,69646.4,2025-08-19 13:45:04.898066
2025-08-19,25186,2025081904008840,AHPC,Imperial Securities Company Pvt. Ltd.,MILKY WAY SHARE BROKER COMPANY LTD ,268,300.2,80453.6,2025-08-19 13:47:05.093344
2025-08-19,25185,2025081904008841,AHPC,Naasa Securities Co. Ltd.,South Asian Bulls Pvt. Ltd.,1000,300.1,300100.0,2025-08-19 13:47:05.266080
2025-08-19,25184,2025081904008842,AHPC,Imperial Securities Company Pvt. Ltd.,South Asian Bulls Pvt. Ltd.,500,300.1,150050.0,2025-08-19 13:47:05.266502
2025-08-19,25131,2025081904008847,AHPC,Online Securities Pvt. Ltd.,Deevyaa Securities & Stock House Pvt. Ltd,107,300.0,32100.0,2025-08-19 13:47:22.780453
2025-08-19,25130,2025081904008848,AHPC,Ashutosh Brokerage & Securities (PVT) Ltd.,Deevyaa Securities & Stock House Pvt. Ltd,160,300.0,48000.0,2025-08-19 13:47:22.781270
2025-08-19,25129,2025081904008849,AHPC,Online Securities Pvt. Ltd.,Deevyaa Securities & Stock House Pvt. Ltd,1583,300.0,474900.0,2025-08-19 13:47:22.781851
2025-08-19,25125,2025081904008851,AHPC,Online Securities Pvt. Ltd.,Nabil Stock Dealer Ltd.,417,300.0,125100.0,2025-08-19 13:47:24.515020
2025-08-19,25124,2025081904008852,AHPC,Sundhara Securities Limited,Nabil Stock Dealer Ltd.,500,300.0,150000.0,2025-08-19 13:47:24.515841
2025-08-19,25123,2025081904008853,AHPC,Vision Securities Pvt. Ltd,Nabil Stock Dealer Ltd.,200,300.0,60000.0,2025-08-19 13:47:24.516415
2025-08-19,25122,2025081904008854,AHPC,Opal Securities Investment (PVT) Ltd.,Nabil Stock Dealer Ltd.,500,300.0,150000.0,2025-08-19 13:47:24.516968
2025-08-19,25121,2025081904008855,AHPC,Oxford Securities Pvt. Ltd.,Nabil Stock Dealer Ltd.,235,300.0,70500.0,2025-08-19 13:47:24.517539
2025-08-19,25120,2025081904008856,AHPC,Oxford Securities Pvt. Ltd.,Nabil Stock Dealer Ltd.,210,300.0,63000.0,2025-08-19 13:47:24.518121
2025-08-19,25119,2025081904008857,AHPC,Vision Securities Pvt. Ltd,Nabil Stock Dealer Ltd.,15,300.0,4500.0,2025-08-19 13:47:24.518767
2025-08-19,25118,2025081904008858,AHPC,Online Securities Pvt. Ltd.,Nabil Stock Dealer Ltd.,40,300.0,12000.0,2025-08-19 13:47:24.519333
2025-08-19,25117,2025081904008859,AHPC,Naasa Securities Co. Ltd.,Nabil Stock Dealer Ltd.,50,300.0,15000.0,2025-08-19 13:47:24.519888
2025-08-19,25116,2025081904008860,AHPC,Aryatara Investment & Securities,Nabil Stock Dealer Ltd.,250,300.0,75000.0,2025-08-19 13:47:24.520453
2025-08-19,25115,2025081904008861,AHPC,Imperial Securities Company Pvt. Ltd.,Nabil Stock Dealer Ltd.,500,300.0,150000.0,2025-08-19 13:47:24.520985
2025-08-19,25114,2025081904008862,AHPC,Nepal Investment And Securities Trading Private Limited,Nabil Stock Dealer Ltd.,100,300.0,30000.0,2025-08-19 13:47:24.521167
2025-08-19,24942,2025081904008916,AHPC,Bhrikuti Stock Broking Co. Pvt. Ltd.,Nabil Stock Dealer Ltd.,100,300.0,30000.0,2025-08-19 13:48:09.137698
2025-08-19,24903,2025081904008932,AHPC,Premier Securities Company Ltd.,Bhrikuti Stock Broking Co. Pvt. Ltd.,25,299.9,7497.5,2025-08-19 13:48:18.182718
2025-08-19,24695,2025081904009021,AHPC,Premier Securities Company Ltd.,Sweta Securities Private Limited,75,299.9,22492.5,2025-08-19 13:49:19.061194
2025-08-19,24636,2025081904009032,AHPC,Linch Stock Market Ltd.,Sweta Securities Private Limited,50,299.4,14970.0,2025-08-19 13:49:38.157701
2025-08-19,24635,2025081904009033,AHPC,Miyo Securities Pvt Ltd,Sweta Securities Private Limited,100,299.2,29920.0,2025-08-19 13:49:38.157752
2025-08-19,24634,2025081904009034,AHPC,South Asian Bulls Pvt. Ltd.,Sweta Securities Private Limited,200,299.1,59820.0,2025-08-19 13:49:38.157799
2025-08-19,24633,2025081904009035,AHPC,Neev Securities Pvt. Ltd.,Sweta Securities Private Limited,20,299.0,5980.0,2025-08-19 13:49:38.157833
2025-08-19,24632,2025081904009036,AHPC,South Asian Bulls Pvt. Ltd.,Sweta Securities Private Limited,100,299.0,29900.0,2025-08-19 13:49:38.157859
2025-08-19,24631,2025081904009037,AHPC,Capital Hub P. Ltd,Sweta Securities Private Limited,455,299.0,136045.0,2025-08-19 13:49:38.157882
2025-08-19,24605,2025081904009043,AHPC,Capital Hub P. Ltd,Sweta Securities Private Limited,30,299.0,8970.0,2025-08-19 13:49:48.258734
2025-08-19,24604,2025081904009044,AHPC,Deevyaa Securities & Stock House Pvt. Ltd,Sweta Securities Private Limited,500,299.0,149500.0,2025-08-19 13:49:48.258787
2025-08-19,24603,2025081904009045,AHPC,Aryatara Investment & Securities,Sweta Securities Private Limited,100,299.0,29900.0,2025-08-19 13:49:48.258812
2025-08-19,24602,2025081904009046,AHPC,Neev Securities Pvt. Ltd.,Sweta Securities Private Limited,370,299.0,110630.0,2025-08-19 13:49:48.258866
2025-08-19,24569,2025081904009052,AHPC,Neev Securities Pvt. Ltd.,Asian Securities Private Ltd.,280,299.0,83720.0,2025-08-19 13:49:55.225372
2025-08-19,24568,2025081904009053,AHPC,Sani Securities Company Ltd.,Asian Securities Private Ltd.,10,299.0,2990.0,2025-08-19 13:49:55.225819
2025-08-19,24567,2025081904009054,AHPC,Online Securities Pvt. Ltd.,Asian Securities Private Ltd.,110,299.0,32890.0,2025-08-19 13:49:55.226003
2025-08-19,24396,2025081904009084,AHPC,Online Securities Pvt. Ltd.,Thrive Brokerage House Pvt. Ltd,96,299.0,28704.0,2025-08-19 13:50:35.410106
2025-08-19,24215,2025081904009111,AHPC,Online Securities Pvt. Ltd.,Nabil Stock Dealer Ltd.,294,299.0,87906.0,2025-08-19 13:51:07.827338
2025-08-19,24214,2025081904009112,AHPC,Midas Stock Broking Company Private Limited,Nabil Stock Dealer Ltd.,200,299.0,59800.0,2025-08-19 13:51:07.827777
2025-08-19,24213,2025081904009113,AHPC,Capital Max Securities Ltd,Nabil Stock Dealer Ltd.,2089,299.0,624611.0,2025-08-19 13:51:07.827964
2025-08-19,24180,2025081904009117,AHPC,Capital Max Securities Ltd,Trishakti Securities Public Limited,267,299.0,79833.0,2025-08-19 13:51:17.751469
2025-08-19,24172,2025081904009123,AHPC,Capital Max Securities Ltd,Linch Stock Market Ltd.,250,299.0,74750.0,2025-08-19 13:51:19.206303
2025-08-19,23829,2025081904009225,AHPC,Trishakti Securities Public Limited,Creative Securities Pvt Ltd,1400,299.9,419860.0,2025-08-19 13:52:28.382445
2025-08-19,23828,2025081904009226,AHPC,Trishakti Securities Public Limited,Dynamic Money Managers Securities Pvt. Ltd.,2000,300.0,600000.0,2025-08-19 13:52:28.383485
2025-08-19,23827,2025081904009227,AHPC,Trishakti Securities Public Limited,Shree Krishna Securities Ltd.,1223,300.0,366900.0,2025-08-19 13:52:28.384216
2025-08-19,23826,2025081904009228,AHPC,Trishakti Securities Public Limited,MILKY WAY SHARE BROKER COMPANY LTD ,722,300.0,216600.0,2025-08-19 13:52:28.384855
2025-08-19,23825,2025081904009229,AHPC,Trishakti Securities Public Limited,Siprabi Securities Pvt. Ltd.,500,300.0,150000.0,2025-08-19 13:52:28.385522
2025-08-19,23824,2025081904009230,AHPC,Trishakti Securities Public Limited,ABC Securities Private Limited,1000,300.0,300000.0,2025-08-19 13:52:28.386120
2025-08-19,23780,2025081904009236,AHPC,Trishakti Securities Public Limited,Shree Krishna Securities Ltd.,1500,300.0,450000.0,2025-08-19 13:52:40.897228
2025-08-19,23700,2025081904009254,AHPC,Trishakti Securities Public Limited,Sweta Securities Private Limited,200,300.0,60000.0,2025-08-19 13:52:53.240113
2025-08-19,23645,2025081904009264,AHPC,Trishakti Securities Public Limited,Kalika Securities Pvt. Ltd.,100,300.0,30000.0,2025-08-19 13:53:03.995202
2025-08-19,23445,2025081904009336,AHPC,Trishakti Securities Public Limited,Dipshikha Dhitopatra Karobar Co. Pvt Ltd.,500,300.0,150000.0,2025-08-19 13:53:47.967513
2025-08-19,23089,2025081904009459,AHPC,Imperial Securities Company Pvt. Ltd.,Linch Stock Market Ltd.,351,300.3,105405.3,2025-08-19 13:54:58.788058
2025-08-19,23086,2025081904009460,AHPC,Trishakti Securities Public Limited,Capital Max Securities Ltd,435,300.0,130500.0,2025-08-19 13:55:00.415371
2025-08-19,22869,2025081904009509,AHPC,Trishakti Securities Public Limited,Prabhu Stock Market Limited,1420,300.0,426000.0,2025-08-19 13:55:58.648405
2025-08-19,22764,2025081904009551,AHPC,Trishakti Securities Public Limited,Bhrikuti Stock Broking Co. Pvt. Ltd.,10,300.0,3000.0,2025-08-19 13:56:30.298518
2025-08-19,22088,2025081904009840,AHPC,Online Securities Pvt. Ltd.,Cristal Kanchanjanga Securites Pvt. Ltd.,100,300.1,30010.0,2025-08-19 13:58:55.618571
2025-08-19,22087,2025081904009841,AHPC,Trishakti Securities Public Limited,Cristal Kanchanjanga Securites Pvt. Ltd.,400,300.0,120000.0,2025-08-19 13:58:55.619004
2025-08-19,21866,2025081904009925,AHPC,Trishakti Securities Public Limited,Magnet Securities and Investment Company Private Limited,100,300.0,30000.0,2025-08-19 13:59:53.387661
2025-08-19,20968,2025081904010215,AHPC,Trishakti Securities Public Limited,Naasa Securities Co. Ltd.,100,300.0,30000.0,2025-08-19 14:04:16.338594
2025-08-19,20935,2025081904010229,AHPC,Naasa Securities Co. Ltd.,Linch Stock Market Ltd.,10,300.3,3003.0,2025-08-19 14:04:25.430605
2025-08-19,20898,2025081904010240,AHPC,Trishakti Securities Public Limited,Vision Securities Pvt. Ltd,318,300.0,95400.0,2025-08-19 14:04:36.356541
2025-08-19,20584,2025081904010363,AHPC,Kalika Securities Pvt. Ltd.,Linch Stock Market Ltd.,89,300.3,26726.7,2025-08-19 14:05:49.429998
2025-08-19,20162,2025081904010522,AHPC,Kalika Securities Pvt. Ltd.,Deevyaa Securities & Stock House Pvt. Ltd,11,300.3,3303.3,2025-08-19 14:07:30.986921
2025-08-19,20142,2025081904010529,AHPC,Trishakti Securities Public Limited,Dakshinkali Investment & Securities Pvt. Ltd.,100,300.0,30000.0,2025-08-19 14:07:34.653407
2025-08-19,19736,2025081904010655,AHPC,Trishakti Securities Public Limited,Global IME Securities Limited,103,300.0,30900.0,2025-08-19 14:08:42.963411
2025-08-19,19735,2025081904010656,AHPC,Trishakti Securities Public Limited,Elite Stock House Limited,3000,300.0,900000.0,2025-08-19 14:08:43.323520
2025-08-19,19665,2025081904010682,AHPC,Trishakti Securities Public Limited,Naasa Securities Co. Ltd.,4869,300.0,1460700.0,2025-08-19 14:09:00.849992
2025-08-19,19664,2025081904010683,AHPC,South Asian Bulls Pvt. Ltd.,Naasa Securities Co. Ltd.,50,300.0,15000.0,2025-08-19 14:09:00.850429
2025-08-19,19663,2025081904010684,AHPC,Oxford Securities Pvt. Ltd.,Naasa Securities Co. Ltd.,81,300.0,24300.0,2025-08-19 14:09:00.850618
2025-08-19,19542,2025081904010707,AHPC,Sani Securities Company Ltd.,Thrive Brokerage House Pvt. Ltd,200,300.1,60020.0,2025-08-19 14:09:28.701518
2025-08-19,19541,2025081904010708,AHPC,Oxford Securities Pvt. Ltd.,Thrive Brokerage House Pvt. Ltd,119,300.0,35700.0,2025-08-19 14:09:28.702504
2025-08-19,19540,2025081904010709,AHPC,Siprabi Securities Pvt. Ltd.,Thrive Brokerage House Pvt. Ltd,10,300.0,3000.0,2025-08-19 14:09:28.703495
2025-08-19,19539,2025081904010710,AHPC,Naasa Securities Co. Ltd.,Thrive Brokerage House Pvt. Ltd,171,300.0,51300.0,2025-08-19 14:09:28.704374
2025-08-19,19212,2025081904010778,AHPC,Aryatara Investment & Securities,KALASH STOCK MARKET PVT. LTD.,100,300.0,30000.0,2025-08-19 14:10:43.157027
2025-08-19,19181,2025081904010781,AHPC,Naasa Securities Co. Ltd.,Sri Hari Securities Pvt. Ltd.,41,300.7,12328.7,2025-08-19 14:10:52.492075
2025-08-19,19164,2025081904010783,AHPC,Naasa Securities Co. Ltd.,Deevyaa Securities & Stock House Pvt. Ltd,10,300.9,3009.0,2025-08-19 14:10:58.799000
2025-08-19,19099,2025081904010815,AHPC,Aryatara Investment & Securities,Asian Securities Private Ltd.,280,300.0,84000.0,2025-08-19 14:11:09.083104
2025-08-19,19005,2025081904010850,AHPC,Aryatara Investment & Securities,Sundhara Securities Limited,400,299.1,119640.0,2025-08-19 14:11:39.745533
2025-08-19,19004,2025081904010851,AHPC,Capital Max Securities Ltd,Sundhara Securities Limited,2394,299.0,715806.0,2025-08-19 14:11:39.746399
2025-08-19,19003,2025081904010852,AHPC,Vision Securities Pvt. Ltd,Sundhara Securities Limited,200,299.0,59800.0,2025-08-19 14:11:39.746984
2025-08-19,19002,2025081904010853,AHPC,K.B.L. Securities Limited ,Sundhara Securities Limited,112,299.0,33488.0,2025-08-19 14:11:39.747567
2025-08-19,19001,2025081904010854,AHPC,Siprabi Securities Pvt. Ltd.,Sundhara Securities Limited,10,299.0,2990.0,2025-08-19 14:11:39.748119
2025-08-19,19000,2025081904010855,AHPC,Deevyaa Securities & Stock House Pvt. Ltd,Sundhara Securities Limited,305,299.0,91195.0,2025-08-19 14:11:39.748691
2025-08-19,18999,2025081904010856,AHPC,Opal Securities Investment (PVT) Ltd.,Sundhara Securities Limited,500,299.0,149500.0,2025-08-19 14:11:39.749250
2025-08-19,18998,2025081904010857,AHPC,Indira securities pvt. ltd,Sundhara Securities Limited,100,299.0,29900.0,2025-08-19 14:11:39.749809
2025-08-19,18873,2025081904010890,AHPC,Online Securities Pvt. Ltd.,Sundhara Securities Limited,200,299.0,59800.0,2025-08-19 14:12:24.350964
2025-08-19,18176,2025081904011051,AHPC,Capital Hub P. Ltd,Sundhara Securities Limited,779,299.0,232921.0,2025-08-19 14:15:55.119661
2025-08-19,18148,2025081904011056,AHPC,Naasa Securities Co. Ltd.,Asian Securities Private Ltd.,10,300.0,3000.0,2025-08-19 14:16:03.724492
2025-08-19,17344,2025081904011246,AHPC,Premier Securities Company Ltd.,Linch Stock Market Ltd.,100,299.0,29900.0,2025-08-19 14:20:14.421431
2025-08-19,17319,2025081904011251,AHPC,Naasa Securities Co. Ltd.,Asian Securities Private Ltd.,10,300.0,3000.0,2025-08-19 14:20:21.351204
2025-08-19,17307,2025081904011253,AHPC,Premier Securities Company Ltd.,Online Securities Pvt. Ltd.,50,299.0,14950.0,2025-08-19 14:20:24.157738
2025-08-19,17241,2025081904011261,AHPC,Premier Securities Company Ltd.,Online Securities Pvt. Ltd.,15,299.0,4485.0,2025-08-19 14:20:47.225493
2025-08-19,17223,2025081904011266,AHPC,Naasa Securities Co. Ltd.,Asian Securities Private Ltd.,10,300.0,3000.0,2025-08-19 14:20:53.943586
2025-08-19,17164,2025081904011285,AHPC,Premier Securities Company Ltd.,Linch Stock Market Ltd.,100,299.0,29900.0,2025-08-19 14:21:08.822920
2025-08-19,17155,2025081904011287,AHPC,Premier Securities Company Ltd.,Sani Securities Company Ltd.,14,299.0,4186.0,2025-08-19 14:21:13.508861
2025-08-19,16771,2025081904011378,AHPC,Opal Securities Investment (PVT) Ltd.,Nepal Stock House (PVT) Ltd.,7,298.9,2092.3,2025-08-19 14:22:54.964991
2025-08-19,16750,2025081904011379,AHPC,Naasa Securities Co. Ltd.,Asian Securities Private Ltd.,10,300.0,3000.0,2025-08-19 14:23:02.995955
2025-08-19,16688,2025081904011398,AHPC,Imperial Securities Company Pvt. Ltd.,Deevyaa Securities & Stock House Pvt. Ltd,300,299.1,89730.0,2025-08-19 14:23:18.823794
2025-08-19,16622,2025081904011424,AHPC,Sri Hari Securities Pvt. Ltd.,J.F. Securites (PVT) Ltd.,100,300.0,30000.0,2025-08-19 14:23:41.152673
2025-08-19,16621,2025081904011425,AHPC,Sri Hari Securities Pvt. Ltd.,Deevyaa Securities & Stock House Pvt. Ltd,500,300.0,150000.0,2025-08-19 14:23:41.153611
2025-08-19,16620,2025081904011426,AHPC,Sri Hari Securities Pvt. Ltd.,Trisul Securities & Invt. Ltd.,400,300.0,120000.0,2025-08-19 14:23:41.154214
2025-08-19,16537,2025081904011466,AHPC,Primo Securities (PVT) Ltd.,Kumari Securities Private Limited,9,299.5,2695.5,2025-08-19 14:24:02.431540
2025-08-19,15535,2025081904011839,AHPC,Vision Securities Pvt. Ltd,SUN SECURITIES PVT LTD,100,299.9,29990.0,2025-08-19 14:27:53.105630
2025-08-19,15329,2025081904011920,AHPC,Imperial Securities Company Pvt. Ltd.,Kumari Securities Private Limited,11,299.1,3290.1,2025-08-19 14:28:20.082432
2025-08-19,15021,2025081904012015,AHPC,Nepal Stock House (PVT) Ltd.,Sani Securities Company Ltd.,100,299.5,29950.0,2025-08-19 14:29:20.657119
2025-08-19,14314,2025081904012249,AHPC,Online Securities Pvt. Ltd.,Sani Securities Company Ltd.,400,299.5,119800.0,2025-08-19 14:31:29.461364
2025-08-19,13581,2025081904012485,AHPC,Online Securities Pvt. Ltd.,Kumari Securities Private Limited,15,299.5,4492.5,2025-08-19 14:33:52.039186
2025-08-19,13530,2025081904012492,AHPC,Online Securities Pvt. Ltd.,Linch Stock Market Ltd.,200,299.5,59900.0,2025-08-19 14:34:02.741192
2025-08-19,12885,2025081904012629,AHPC,Online Securities Pvt. Ltd.,Malla & Malla Stock Broking Company Pvt. Limited,30,299.5,8985.0,2025-08-19 14:36:06.383088
2025-08-19,12681,2025081904012692,AHPC,Online Securities Pvt. Ltd.,SUN SECURITIES PVT LTD,30,299.9,8997.0,2025-08-19 14:36:40.819661
2025-08-19,12478,2025081904012764,AHPC,Online Securities Pvt. Ltd.,Imperial Securities Company Pvt. Ltd.,105,299.5,31447.5,2025-08-19 14:37:15.659407
2025-08-19,12477,2025081904012765,AHPC,Opal Securities Investment (PVT) Ltd.,Imperial Securities Company Pvt. Ltd.,495,299.5,148252.5,2025-08-19 14:37:15.660271
2025-08-19,11744,2025081904012954,AHPC,S.P.S.A. Securities Limited,SUN SECURITIES PVT LTD,43,299.0,12857.0,2025-08-19 14:39:18.682982
2025-08-19,11743,2025081904012955,AHPC,Online Securities Pvt. Ltd.,SUN SECURITIES PVT LTD,200,299.0,59800.0,2025-08-19 14:39:18.683456
2025-08-19,11715,2025081904012970,AHPC,Aryatara Investment & Securities,SUN SECURITIES PVT LTD,100,299.0,29900.0,2025-08-19 14:39:25.921533
2025-08-19,11568,2025081904013034,AHPC,Linch Stock Market Ltd.,SUN SECURITIES PVT LTD,50,298.9,14945.0,2025-08-19 14:39:52.847529
2025-08-19,11567,2025081904013035,AHPC,Online Securities Pvt. Ltd.,SUN SECURITIES PVT LTD,450,298.9,134505.0,2025-08-19 14:39:52.847951
2025-08-19,11179,2025081904013138,AHPC,Online Securities Pvt. Ltd.,SUN SECURITIES PVT LTD,27,298.9,8070.3,2025-08-19 14:40:48.040214
2025-08-19,10736,2025081904013267,AHPC,Online Securities Pvt. Ltd.,Capital Hub P. Ltd,23,298.9,6874.7,2025-08-19 14:41:46.627753
2025-08-19,10735,2025081904013268,AHPC,Aryatara Investment & Securities,Capital Hub P. Ltd,50,298.8,14940.0,2025-08-19 14:41:46.628686
2025-08-19,10734,2025081904013269,AHPC,Imperial Securities Company Pvt. Ltd.,Capital Hub P. Ltd,189,298.8,56473.2,2025-08-19 14:41:46.629344
2025-08-19,10733,2025081904013270,AHPC,Nepal Stock House (PVT) Ltd.,Capital Hub P. Ltd,1000,298.7,298700.0,2025-08-19 14:41:46.629968
2025-08-19,10710,2025081904013289,AHPC,Kalika Securities Pvt. Ltd.,Market Securities & Exchange (PVT) Ltd.,10,298.5,2985.0,2025-08-19 14:41:48.043713
2025-08-19,10709,2025081904013290,AHPC,Arun Securities (PVT) Ltd.,Market Securities & Exchange (PVT) Ltd.,30,298.5,8955.0,2025-08-19 14:41:48.044625
2025-08-19,10708,2025081904013291,AHPC,Trishakti Securities Public Limited,Market Securities & Exchange (PVT) Ltd.,550,298.2,164010.0,2025-08-19 14:41:48.045560
2025-08-19,10707,2025081904013292,AHPC,INDEX SECURITIES LIMITED,Market Securities & Exchange (PVT) Ltd.,1000,298.1,298100.0,2025-08-19 14:41:48.046382
2025-08-19,10706,2025081904013293,AHPC,Linch Stock Market Ltd.,Market Securities & Exchange (PVT) Ltd.,200,298.1,59620.0,2025-08-19 14:41:48.047183
2025-08-19,10705,2025081904013294,AHPC,Naasa Securities Co. Ltd.,Market Securities & Exchange (PVT) Ltd.,50,298.1,14905.0,2025-08-19 14:41:48.047940
2025-08-19,10704,2025081904013295,AHPC,Aryatara Investment & Securities,Market Securities & Exchange (PVT) Ltd.,50,298.0,14900.0,2025-08-19 14:41:48.048745
2025-08-19,10703,2025081904013296,AHPC,Linch Stock Market Ltd.,Market Securities & Exchange (PVT) Ltd.,1500,298.0,447000.0,2025-08-19 14:41:48.049548
2025-08-19,10702,2025081904013297,AHPC,Linch Stock Market Ltd.,Market Securities & Exchange (PVT) Ltd.,2000,298.0,596000.0,2025-08-19 14:41:48.050203
2025-08-19,10701,2025081904013298,AHPC,Cristal Kanchanjanga Securites Pvt. Ltd.,Market Securities & Exchange (PVT) Ltd.,310,298.0,92380.0,2025-08-19 14:41:48.050482
2025-08-19,10700,2025081904013299,AHPC,ABC Securities Private Limited,Market Securities & Exchange (PVT) Ltd.,500,298.0,149000.0,2025-08-19 14:41:48.050729
2025-08-19,10699,2025081904013300,AHPC,Malla & Malla Stock Broking Company Pvt. Limited,Market Securities & Exchange (PVT) Ltd.,98,298.0,29204.0,2025-08-19 14:41:48.050972
2025-08-19,10698,2025081904013301,AHPC,K.B.L. Securities Limited ,Market Securities & Exchange (PVT) Ltd.,55,298.0,16390.0,2025-08-19 14:41:48.051232
2025-08-19,10697,2025081904013302,AHPC,Siprabi Securities Pvt. Ltd.,Market Securities & Exchange (PVT) Ltd.,50,298.0,14900.0,2025-08-19 14:41:48.051454
2025-08-19,10696,2025081904013303,AHPC,Dakshinkali Investment & Securities Pvt. Ltd.,Market Securities & Exchange (PVT) Ltd.,100,298.0,29800.0,2025-08-19 14:41:48.051698
2025-08-19,10695,2025081904013304,AHPC,KALASH STOCK MARKET PVT. LTD.,Market Securities & Exchange (PVT) Ltd.,319,298.0,95062.0,2025-08-19 14:41:48.051950
2025-08-19,10292,2025081904013408,AHPC,KALASH STOCK MARKET PVT. LTD.,Asian Securities Private Ltd.,100,298.0,29800.0,2025-08-19 14:42:53.785740
2025-08-19,9437,2025081904013660,AHPC,Aakashbhairab Securities Ltd.,Aryatara Investment & Securities,10,299.5,2995.0,2025-08-19 14:44:42.569530
2025-08-19,9426,2025081904013661,AHPC,Deevyaa Securities & Stock House Pvt. Ltd,NIMB Stock Markets Limited,51,298.1,15203.1,2025-08-19 14:44:45.716722
2025-08-19,9377,2025081904013673,AHPC,Aakashbhairab Securities Ltd.,Aryatara Investment & Securities,10,299.5,2995.0,2025-08-19 14:44:53.609468
