Date,S.N.,Contract ID,Symbol,Buyer Broker,Seller Broker,quantity,rate,amount,transaction_time
2025-08-19,61511,2025081904000160,AKPL,Dipshikha Dhitopatra Karobar Co. Pvt Ltd.,Kumari Securities Private Limited,1000,262.9,262900.0,2025-08-19 11:01:22.664966
2025-08-19,61060,2025081904000308,AKPL,Sundhara Securities Limited,Sri Hari Securities Pvt. Ltd.,490,264.8,129752.0,2025-08-19 11:04:56.165554
2025-08-19,61059,2025081904000309,AKPL,Sundhara Securities Limited,Kumari Securities Private Limited,10,264.9,2649.0,2025-08-19 11:04:56.165691
2025-08-19,60956,2025081904000347,AKPL,Naasa Securities Co. Ltd.,Online Securities Pvt. Ltd.,50,264.0,13200.0,2025-08-19 11:05:40.208081
2025-08-19,60921,2025081904000362,AKPL,Kalika Securities Pvt. Ltd.,Kumari Securities Private Limited,30,264.9,7947.0,2025-08-19 11:05:59.139340
2025-08-19,60669,2025081904000468,AKPL,Siprabi Securities Pvt. Ltd.,Kumari Securities Private Limited,500,263.0,131500.0,2025-08-19 11:07:41.499419
2025-08-19,60668,2025081904000469,AKPL,Investment Management Nepal Pvt. Ltd.,Kumari Securities Private Limited,500,263.0,131500.0,2025-08-19 11:07:41.499520
2025-08-19,60276,2025081904000582,AKPL,Dipshikha Dhitopatra Karobar Co. Pvt Ltd.,Aakashbhairab Securities Ltd.,1000,264.0,264000.0,2025-08-19 11:09:49.230987
2025-08-19,60223,2025081904000597,AKPL,Dipshikha Dhitopatra Karobar Co. Pvt Ltd.,Aakashbhairab Securities Ltd.,1500,264.0,396000.0,2025-08-19 11:10:10.734215
2025-08-19,60192,2025081904000607,AKPL,Dipshikha Dhitopatra Karobar Co. Pvt Ltd.,Aakashbhairab Securities Ltd.,500,264.0,132000.0,2025-08-19 11:10:21.455246
2025-08-19,60127,2025081904000639,AKPL,Primo Securities (PVT) Ltd.,Kumari Securities Private Limited,500,263.1,131550.0,2025-08-19 11:10:40.710167
2025-08-19,60126,2025081904000640,AKPL,Dakshinkali Investment & Securities Pvt. Ltd.,Kumari Securities Private Limited,100,263.0,26300.0,2025-08-19 11:10:40.710299
2025-08-19,60066,2025081904000661,AKPL,Sewa Securities Pvt. Ltd.,Kumari Securities Private Limited,1000,263.0,263000.0,2025-08-19 11:11:00.717040
2025-08-19,59766,2025081904000757,AKPL,Kohinoor Investment & Securities Pvt. Ltd.,Imperial Securities Company Pvt. Ltd.,100,263.0,26300.0,2025-08-19 11:12:36.190268
2025-08-19,59614,2025081904000791,AKPL,Sundhara Securities Limited,Kumari Securities Private Limited,30,263.1,7893.0,2025-08-19 11:13:21.845285
2025-08-19,59613,2025081904000792,AKPL,Kohinoor Investment & Securities Pvt. Ltd.,Kumari Securities Private Limited,80,263.0,21040.0,2025-08-19 11:13:21.845439
2025-08-19,59612,2025081904000793,AKPL,Dipshikha Dhitopatra Karobar Co. Pvt Ltd.,Kumari Securities Private Limited,890,263.0,234070.0,2025-08-19 11:13:21.845486
2025-08-19,59535,2025081904000810,AKPL,Dipshikha Dhitopatra Karobar Co. Pvt Ltd.,Kumari Securities Private Limited,500,263.0,131500.0,2025-08-19 11:13:39.948373
2025-08-19,59377,2025081904000855,AKPL,Dakshinkali Investment & Securities Pvt. Ltd.,Kumari Securities Private Limited,960,264.0,253440.0,2025-08-19 11:14:37.313151
2025-08-19,59290,2025081904000881,AKPL,Dakshinkali Investment & Securities Pvt. Ltd.,Aakashbhairab Securities Ltd.,5000,264.0,1320000.0,2025-08-19 11:15:06.264238
2025-08-19,59274,2025081904000887,AKPL,Dakshinkali Investment & Securities Pvt. Ltd.,Elite Stock House Limited,10,264.0,2640.0,2025-08-19 11:15:10.113931
2025-08-19,59040,2025081904000940,AKPL,Trishakti Securities Public Limited,Neev Securities Pvt. Ltd.,100,264.1,26410.0,2025-08-19 11:16:32.885005
2025-08-19,58990,2025081904000954,AKPL,Trishakti Securities Public Limited,Dynamic Money Managers Securities Pvt. Ltd.,36,264.5,9522.0,2025-08-19 11:16:49.388759
2025-08-19,58989,2025081904000955,AKPL,Trishakti Securities Public Limited,Kumari Securities Private Limited,964,264.7,255170.8,2025-08-19 11:16:49.388914
2025-08-19,58825,2025081904000985,AKPL,Primo Securities (PVT) Ltd.,Oxford Securities Pvt. Ltd.,100,264.2,26420.0,2025-08-19 11:17:38.957403
2025-08-19,58824,2025081904000986,AKPL,Trishakti Securities Public Limited,Oxford Securities Pvt. Ltd.,900,264.1,237690.0,2025-08-19 11:17:38.957562
2025-08-19,58823,2025081904000987,AKPL,Dakshinkali Investment & Securities Pvt. Ltd.,Oxford Securities Pvt. Ltd.,622,264.0,164208.0,2025-08-19 11:17:38.957619
2025-08-19,58744,2025081904000991,AKPL,Dakshinkali Investment & Securities Pvt. Ltd.,Online Securities Pvt. Ltd.,100,264.0,26400.0,2025-08-19 11:17:49.452449
2025-08-19,58647,2025081904001009,AKPL,South Asian Bulls Pvt. Ltd.,Kumari Securities Private Limited,36,264.7,9529.2,2025-08-19 11:18:18.932486
2025-08-19,58646,2025081904001010,AKPL,South Asian Bulls Pvt. Ltd.,Naasa Securities Co. Ltd.,464,264.8,122867.2,2025-08-19 11:18:18.932730
2025-08-19,58548,2025081904001027,AKPL,Dipshikha Dhitopatra Karobar Co. Pvt Ltd.,Naasa Securities Co. Ltd.,1200,264.8,317760.0,2025-08-19 11:18:51.412438
2025-08-19,58458,2025081904001045,AKPL,Dipshikha Dhitopatra Karobar Co. Pvt Ltd.,Naasa Securities Co. Ltd.,336,264.8,88972.8,2025-08-19 11:19:16.579566
2025-08-19,58380,2025081904001050,AKPL,Dipshikha Dhitopatra Karobar Co. Pvt Ltd.,ABC Securities Private Limited,180,264.8,47664.0,2025-08-19 11:19:33.815991
2025-08-19,58339,2025081904001055,AKPL,Sri Hari Securities Pvt. Ltd.,Naasa Securities Co. Ltd.,80,264.9,21192.0,2025-08-19 11:19:46.134866
2025-08-19,58236,2025081904001077,AKPL,Dipshikha Dhitopatra Karobar Co. Pvt Ltd.,Aakashbhairab Securities Ltd.,384,264.8,101683.2,2025-08-19 11:20:13.112129
2025-08-19,58235,2025081904001078,AKPL,Trishakti Securities Public Limited,Aakashbhairab Securities Ltd.,1500,264.1,396150.0,2025-08-19 11:20:13.112302
2025-08-19,58234,2025081904001079,AKPL,Dakshinkali Investment & Securities Pvt. Ltd.,Aakashbhairab Securities Ltd.,3116,264.0,822624.0,2025-08-19 11:20:13.112370
2025-08-19,57506,2025081904001254,AKPL,Kohinoor Investment & Securities Pvt. Ltd.,Shree Krishna Securities Ltd.,50,264.1,13205.0,2025-08-19 11:23:40.535164
2025-08-19,57472,2025081904001266,AKPL,Kohinoor Investment & Securities Pvt. Ltd.,Oxford Securities Pvt. Ltd.,500,264.1,132050.0,2025-08-19 11:23:48.652389
2025-08-19,57088,2025081904001343,AKPL,Dakshinkali Investment & Securities Pvt. Ltd.,Primo Securities (PVT) Ltd.,18,264.0,4752.0,2025-08-19 11:25:17.427838
2025-08-19,56869,2025081904001394,AKPL,Kohinoor Investment & Securities Pvt. Ltd.,Aryatara Investment & Securities,50,264.1,13205.0,2025-08-19 11:26:05.516798
2025-08-19,56853,2025081904001399,AKPL,Kohinoor Investment & Securities Pvt. Ltd.,Naasa Securities Co. Ltd.,390,264.1,102999.0,2025-08-19 11:26:08.442781
2025-08-19,56674,2025081904001425,AKPL,Kohinoor Investment & Securities Pvt. Ltd.,Linch Stock Market Ltd.,115,264.1,30371.5,2025-08-19 11:26:54.271076
2025-08-19,56673,2025081904001426,AKPL,Capital Hub P. Ltd,Linch Stock Market Ltd.,297,264.1,78437.7,2025-08-19 11:26:54.271241
2025-08-19,56540,2025081904001461,AKPL,Capital Hub P. Ltd,South Asian Bulls Pvt. Ltd.,1000,264.1,264100.0,2025-08-19 11:27:33.235162
2025-08-19,56420,2025081904001484,AKPL,Capital Hub P. Ltd,Dakshinkali Investment & Securities Pvt. Ltd.,703,264.1,185662.3,2025-08-19 11:28:03.486824
2025-08-19,56419,2025081904001485,AKPL,Kohinoor Investment & Securities Pvt. Ltd.,Dakshinkali Investment & Securities Pvt. Ltd.,297,264.1,78437.7,2025-08-19 11:28:03.487130
2025-08-19,56323,2025081904001519,AKPL,Dynamic Money Managers Securities Pvt. Ltd.,Naasa Securities Co. Ltd.,50,264.9,13245.0,2025-08-19 11:28:24.027172
2025-08-19,56104,2025081904001557,AKPL,Creative Securities Pvt Ltd,Naasa Securities Co. Ltd.,200,264.9,52980.0,2025-08-19 11:29:25.358120
2025-08-19,56092,2025081904001559,AKPL,Kalika Securities Pvt. Ltd.,Sipla Securities Private Limited,10,264.2,2642.0,2025-08-19 11:29:30.085536
2025-08-19,56001,2025081904001588,AKPL,Sumeru Securities Pvt. Ltd.,Linch Stock Market Ltd.,1,259.0,259.0,2025-08-19 11:30:03.234897
2025-08-19,55984,2025081904001595,AKPL,Sumeru Securities Pvt. Ltd.,Linch Stock Market Ltd.,1,259.0,259.0,2025-08-19 11:30:10.256862
2025-08-19,55833,2025081904001639,AKPL,Dakshinkali Investment & Securities Pvt. Ltd.,Siprabi Securities Pvt. Ltd.,40,264.0,10560.0,2025-08-19 11:30:50.083288
2025-08-19,55788,2025081904001652,AKPL,Naasa Securities Co. Ltd.,Naasa Securities Co. Ltd.,600,264.9,158940.0,2025-08-19 11:31:02.863204
2025-08-19,55774,2025081904001657,AKPL,Neev Securities Pvt. Ltd.,Naasa Securities Co. Ltd.,50,264.9,13245.0,2025-08-19 11:31:09.478662
2025-08-19,55353,2025081904001737,AKPL,Secured Securities Ltd.,Imperial Securities Company Pvt. Ltd.,2,264.9,529.8,2025-08-19 11:33:01.867134
2025-08-19,55301,2025081904001744,AKPL,Imperial Securities Company Pvt. Ltd.,Nabil Stock Dealer Ltd.,10,264.1,2641.0,2025-08-19 11:33:12.957738
2025-08-19,55203,2025081904001771,AKPL,Imperial Securities Company Pvt. Ltd.,Primo Securities (PVT) Ltd.,250,264.1,66025.0,2025-08-19 11:33:41.285505
2025-08-19,54973,2025081904001814,AKPL,Naasa Securities Co. Ltd.,Naasa Securities Co. Ltd.,20,264.9,5298.0,2025-08-19 11:34:44.733530
2025-08-19,54972,2025081904001815,AKPL,Naasa Securities Co. Ltd.,Shree Krishna Securities Ltd.,2480,265.0,657200.0,2025-08-19 11:34:44.733737
2025-08-19,54958,2025081904001818,AKPL,Imperial Securities Company Pvt. Ltd.,Dynamic Money Managers Securities Pvt. Ltd.,16,264.1,4225.6,2025-08-19 11:34:52.093084
2025-08-19,54421,2025081904001965,AKPL,Vision Securities Pvt. Ltd,Shree Krishna Securities Ltd.,20,265.0,5300.0,2025-08-19 11:37:34.683385
2025-08-19,54420,2025081904001966,AKPL,Vision Securities Pvt. Ltd,ABC Securities Private Limited,10,265.0,2650.0,2025-08-19 11:37:34.683599
2025-08-19,54419,2025081904001967,AKPL,Vision Securities Pvt. Ltd,Kohinoor Investment & Securities Pvt. Ltd.,347,265.0,91955.0,2025-08-19 11:37:34.683670
2025-08-19,54230,2025081904002012,AKPL,Sani Securities Company Ltd.,Kohinoor Investment & Securities Pvt. Ltd.,400,265.0,106000.0,2025-08-19 11:38:37.194914
2025-08-19,54223,2025081904002015,AKPL,Naasa Securities Co. Ltd.,South Asian Bulls Pvt. Ltd.,11,264.2,2906.2,2025-08-19 11:38:41.457136
2025-08-19,53702,2025081904002106,AKPL,Naasa Securities Co. Ltd.,Kohinoor Investment & Securities Pvt. Ltd.,37,265.0,9805.0,2025-08-19 11:41:27.146811
2025-08-19,53416,2025081904002160,AKPL,K.B.L. Securities Limited ,Bhrikuti Stock Broking Co. Pvt. Ltd.,400,264.5,105800.0,2025-08-19 11:42:45.406043
2025-08-19,53389,2025081904002163,AKPL,Sumeru Securities Pvt. Ltd.,Linch Stock Market Ltd.,1,260.0,260.0,2025-08-19 11:42:55.750041
2025-08-19,52888,2025081904002249,AKPL,Trisul Securities & Invt. Ltd.,Bhrikuti Stock Broking Co. Pvt. Ltd.,400,264.8,105920.0,2025-08-19 11:45:21.006110
2025-08-19,52887,2025081904002250,AKPL,Trisul Securities & Invt. Ltd.,Kohinoor Investment & Securities Pvt. Ltd.,100,265.0,26500.0,2025-08-19 11:45:21.006567
2025-08-19,52625,2025081904002301,AKPL,Sumeru Securities Pvt. Ltd.,Kohinoor Investment & Securities Pvt. Ltd.,50,265.0,13250.0,2025-08-19 11:46:32.943542
2025-08-19,52580,2025081904002317,AKPL,Trishakti Securities Public Limited,Aakashbhairab Securities Ltd.,500,264.8,132400.0,2025-08-19 11:46:46.322250
2025-08-19,52480,2025081904002350,AKPL,Trisul Securities & Invt. Ltd.,Kohinoor Investment & Securities Pvt. Ltd.,56,265.0,14840.0,2025-08-19 11:47:11.585130
2025-08-19,52479,2025081904002351,AKPL,Trisul Securities & Invt. Ltd.,Linch Stock Market Ltd.,50,265.0,13250.0,2025-08-19 11:47:11.585595
2025-08-19,52478,2025081904002352,AKPL,Trisul Securities & Invt. Ltd.,South Asian Bulls Pvt. Ltd.,194,265.0,51410.0,2025-08-19 11:47:11.585841
2025-08-19,52408,2025081904002359,AKPL,KALASH STOCK MARKET PVT. LTD.,South Asian Bulls Pvt. Ltd.,500,265.0,132500.0,2025-08-19 11:47:34.659040
2025-08-19,52169,2025081904002416,AKPL,BHOLE GANESH SECURITIES LTD,South Asian Bulls Pvt. Ltd.,306,265.0,81090.0,2025-08-19 11:48:45.359552
2025-08-19,52168,2025081904002417,AKPL,BHOLE GANESH SECURITIES LTD,Bhrikuti Stock Broking Co. Pvt. Ltd.,200,265.0,53000.0,2025-08-19 11:48:45.359895
2025-08-19,52167,2025081904002418,AKPL,BHOLE GANESH SECURITIES LTD,Aakashbhairab Securities Ltd.,1000,265.0,265000.0,2025-08-19 11:48:45.360119
2025-08-19,52166,2025081904002419,AKPL,BHOLE GANESH SECURITIES LTD,Kalika Securities Pvt. Ltd.,100,265.0,26500.0,2025-08-19 11:48:45.360350
2025-08-19,52165,2025081904002420,AKPL,BHOLE GANESH SECURITIES LTD,Premier Securities Company Ltd.,10,265.0,2650.0,2025-08-19 11:48:45.360661
2025-08-19,52164,2025081904002421,AKPL,BHOLE GANESH SECURITIES LTD,Citizens Share Broker Limited,225,265.0,59625.0,2025-08-19 11:48:45.360885
2025-08-19,52163,2025081904002422,AKPL,BHOLE GANESH SECURITIES LTD,J.F. Securites (PVT) Ltd.,40,265.0,10600.0,2025-08-19 11:48:45.361097
2025-08-19,52162,2025081904002423,AKPL,BHOLE GANESH SECURITIES LTD,Nepal Stock House (PVT) Ltd.,119,265.0,31535.0,2025-08-19 11:48:45.361397
2025-08-19,52129,2025081904002428,AKPL,Trishakti Securities Public Limited,Nepal Stock House (PVT) Ltd.,31,265.0,8215.0,2025-08-19 11:48:59.118630
2025-08-19,52086,2025081904002440,AKPL,Trishakti Securities Public Limited,Himalayan Brokerage Company Limited,400,265.7,106280.0,2025-08-19 11:49:11.202079
2025-08-19,52048,2025081904002450,AKPL,Trishakti Securities Public Limited,Aakashbhairab Securities Ltd.,69,265.8,18340.2,2025-08-19 11:49:22.313376
2025-08-19,52014,2025081904002465,AKPL,Aryatara Investment & Securities,Aakashbhairab Securities Ltd.,50,265.8,13290.0,2025-08-19 11:49:32.125841
2025-08-19,51947,2025081904002491,AKPL,Trishakti Securities Public Limited,Aakashbhairab Securities Ltd.,500,265.8,132900.0,2025-08-19 11:49:48.499290
2025-08-19,51777,2025081904002514,AKPL,Nepal Stock House (PVT) Ltd.,South Asian Bulls Pvt. Ltd.,200,265.0,53000.0,2025-08-19 11:50:27.745846
2025-08-19,51753,2025081904002529,AKPL,Nepal Stock House (PVT) Ltd.,Aakashbhairab Securities Ltd.,800,265.0,212000.0,2025-08-19 11:50:34.887883
2025-08-19,51587,2025081904002571,AKPL,Imperial Securities Company Pvt. Ltd.,Online Securities Pvt. Ltd.,122,264.6,32281.2,2025-08-19 11:51:27.447444
2025-08-19,51458,2025081904002595,AKPL,Sumeru Securities Pvt. Ltd.,Sani Securities Company Ltd.,1,260.0,260.0,2025-08-19 11:52:13.594557
2025-08-19,51422,2025081904002599,AKPL,Vision Securities Pvt. Ltd,Aakashbhairab Securities Ltd.,200,265.0,53000.0,2025-08-19 11:52:20.425777
2025-08-19,50635,2025081904002755,AKPL,Opal Securities Investment (PVT) Ltd.,Aakashbhairab Securities Ltd.,30,265.0,7950.0,2025-08-19 11:55:15.658740
2025-08-19,50439,2025081904002810,AKPL,Hatemalo Financial Services Private Limited,Aakashbhairab Securities Ltd.,970,265.0,257050.0,2025-08-19 11:56:11.141583
2025-08-19,50438,2025081904002811,AKPL,Hatemalo Financial Services Private Limited,Nepal Investment And Securities Trading Private Limited,35,265.0,9275.0,2025-08-19 11:56:11.141962
2025-08-19,50437,2025081904002812,AKPL,Hatemalo Financial Services Private Limited,Secured Securities Ltd.,65,265.0,17225.0,2025-08-19 11:56:11.142235
2025-08-19,50436,2025081904002813,AKPL,Hatemalo Financial Services Private Limited,Vision Securities Pvt. Ltd,750,265.0,198750.0,2025-08-19 11:56:11.142621
2025-08-19,49985,2025081904002890,AKPL,Trishakti Securities Public Limited,Vision Securities Pvt. Ltd,500,265.4,132700.0,2025-08-19 11:58:38.870696
2025-08-19,49958,2025081904002893,AKPL,Hatemalo Financial Services Private Limited,Sani Securities Company Ltd.,180,265.0,47700.0,2025-08-19 11:58:47.633474
2025-08-19,49957,2025081904002894,AKPL,Trishakti Securities Public Limited,Sani Securities Company Ltd.,1800,265.0,477000.0,2025-08-19 11:58:47.633675
2025-08-19,49897,2025081904002899,AKPL,Trishakti Securities Public Limited,Naasa Securities Co. Ltd.,500,265.0,132500.0,2025-08-19 11:59:09.111510
2025-08-19,49800,2025081904002913,AKPL,Online Securities Pvt. Ltd.,Naasa Securities Co. Ltd.,40,265.0,10600.0,2025-08-19 11:59:38.407821
2025-08-19,49595,2025081904002952,AKPL,Online Securities Pvt. Ltd.,Sani Securities Company Ltd.,460,265.0,121900.0,2025-08-19 12:00:43.627913
2025-08-19,49547,2025081904002959,AKPL,K.B.L. Securities Limited ,Sani Securities Company Ltd.,500,265.0,132500.0,2025-08-19 12:01:03.074767
2025-08-19,49110,2025081904003040,AKPL,Naasa Securities Co. Ltd.,Sani Securities Company Ltd.,39,265.0,10335.0,2025-08-19 12:02:57.849641
2025-08-19,48955,2025081904003065,AKPL,Trishakti Securities Public Limited,Vision Securities Pvt. Ltd,500,265.4,132700.0,2025-08-19 12:03:32.593358
2025-08-19,48954,2025081904003066,AKPL,Trishakti Securities Public Limited,Siprabi Securities Pvt. Ltd.,500,265.5,132750.0,2025-08-19 12:03:32.593692
2025-08-19,48953,2025081904003067,AKPL,Trishakti Securities Public Limited,Investment Management Nepal Pvt. Ltd.,500,265.5,132750.0,2025-08-19 12:03:32.593791
2025-08-19,48952,2025081904003068,AKPL,Trishakti Securities Public Limited,Premier Securities Company Ltd.,20,265.5,5310.0,2025-08-19 12:03:32.593873
2025-08-19,48951,2025081904003069,AKPL,Trishakti Securities Public Limited,ABC Securities Private Limited,50,265.6,13280.0,2025-08-19 12:03:32.593952
2025-08-19,48950,2025081904003070,AKPL,Trishakti Securities Public Limited,Aakashbhairab Securities Ltd.,1000,265.7,265700.0,2025-08-19 12:03:32.594031
2025-08-19,48949,2025081904003071,AKPL,Trishakti Securities Public Limited,Linch Stock Market Ltd.,200,265.7,53140.0,2025-08-19 12:03:32.594113
2025-08-19,48948,2025081904003072,AKPL,Trishakti Securities Public Limited,Aakashbhairab Securities Ltd.,30,265.8,7974.0,2025-08-19 12:03:32.594240
2025-08-19,48810,2025081904003115,AKPL,Deevyaa Securities & Stock House Pvt. Ltd,Aakashbhairab Securities Ltd.,150,265.8,39870.0,2025-08-19 12:04:12.785616
2025-08-19,47838,2025081904003320,AKPL,Sipla Securities Private Limited,Oxford Securities Pvt. Ltd.,1000,265.0,265000.0,2025-08-19 12:08:33.782612
2025-08-19,47837,2025081904003321,AKPL,Imperial Securities Company Pvt. Ltd.,Oxford Securities Pvt. Ltd.,600,265.0,159000.0,2025-08-19 12:08:33.782871
2025-08-19,47803,2025081904003325,AKPL,Trishakti Securities Public Limited,Oxford Securities Pvt. Ltd.,800,265.0,212000.0,2025-08-19 12:08:45.324557
2025-08-19,47334,2025081904003419,AKPL,Investment Management Nepal Pvt. Ltd.,Trishakti Securities Public Limited,100,265.0,26500.0,2025-08-19 12:10:35.902153
2025-08-19,46937,2025081904003506,AKPL,Nepal Stock House (PVT) Ltd.,Dakshinkali Investment & Securities Pvt. Ltd.,150,265.7,39855.0,2025-08-19 12:12:06.423173
2025-08-19,46785,2025081904003525,AKPL,Naasa Securities Co. Ltd.,Dakshinkali Investment & Securities Pvt. Ltd.,10,265.7,2657.0,2025-08-19 12:12:29.137981
2025-08-19,44646,2025081904003978,AKPL,Naasa Securities Co. Ltd.,Aakashbhairab Securities Ltd.,201,265.8,53425.8,2025-08-19 12:20:14.039760
2025-08-19,44645,2025081904003979,AKPL,Naasa Securities Co. Ltd.,Sundhara Securities Limited,36,265.8,9568.8,2025-08-19 12:20:14.040190
2025-08-19,44644,2025081904003980,AKPL,Naasa Securities Co. Ltd.,Investment Management Nepal Pvt. Ltd.,763,265.9,202881.7,2025-08-19 12:20:14.040477
2025-08-19,44337,2025081904004048,AKPL,Dipshikha Dhitopatra Karobar Co. Pvt Ltd.,Investment Management Nepal Pvt. Ltd.,300,265.9,79770.0,2025-08-19 12:21:27.986229
2025-08-19,44265,2025081904004057,AKPL,MILKY WAY SHARE BROKER COMPANY LTD ,Investment Management Nepal Pvt. Ltd.,737,265.9,195968.3,2025-08-19 12:21:39.363779
2025-08-19,44264,2025081904004058,AKPL,MILKY WAY SHARE BROKER COMPANY LTD ,ABC Securities Private Limited,100,266.0,26600.0,2025-08-19 12:21:39.364046
2025-08-19,44263,2025081904004059,AKPL,MILKY WAY SHARE BROKER COMPANY LTD ,Secured Securities Ltd.,1000,266.0,266000.0,2025-08-19 12:21:39.364135
2025-08-19,44262,2025081904004060,AKPL,MILKY WAY SHARE BROKER COMPANY LTD ,Miyo Securities Pvt Ltd,33,266.0,8778.0,2025-08-19 12:21:39.364217
2025-08-19,44261,2025081904004061,AKPL,MILKY WAY SHARE BROKER COMPANY LTD ,Asian Securities Private Ltd.,130,266.0,34580.0,2025-08-19 12:21:39.364300
2025-08-19,44080,2025081904004121,AKPL,South Asian Bulls Pvt. Ltd.,Asian Securities Private Ltd.,170,266.0,45220.0,2025-08-19 12:22:07.212523
2025-08-19,44079,2025081904004122,AKPL,South Asian Bulls Pvt. Ltd.,Nepal Investment And Securities Trading Private Limited,30,266.0,7980.0,2025-08-19 12:22:07.212767
2025-08-19,44025,2025081904004133,AKPL,Sundhara Securities Limited,Nepal Investment And Securities Trading Private Limited,11,266.0,2926.0,2025-08-19 12:22:20.719952
2025-08-19,43383,2025081904004270,AKPL,Sani Securities Company Ltd.,Nepal Investment And Securities Trading Private Limited,140,266.0,37240.0,2025-08-19 12:24:26.535475
2025-08-19,43382,2025081904004271,AKPL,Sani Securities Company Ltd.,Secured Securities Ltd.,760,266.0,202160.0,2025-08-19 12:24:26.535929
2025-08-19,43356,2025081904004287,AKPL,Sri Hari Securities Pvt. Ltd.,Secured Securities Ltd.,100,266.0,26600.0,2025-08-19 12:24:30.318046
2025-08-19,43253,2025081904004296,AKPL,Stoxkarts Securities Limited,Ashutosh Brokerage & Securities (PVT) Ltd.,100,265.7,26570.0,2025-08-19 12:24:54.011759
2025-08-19,43223,2025081904004299,AKPL,K.B.L. Securities Limited ,Secured Securities Ltd.,140,266.0,37240.0,2025-08-19 12:25:00.339721
2025-08-19,43222,2025081904004300,AKPL,K.B.L. Securities Limited ,Naasa Securities Co. Ltd.,860,266.0,228760.0,2025-08-19 12:25:00.340172
2025-08-19,42711,2025081904004407,AKPL,Shree Krishna Securities Ltd.,Naasa Securities Co. Ltd.,50,266.0,13300.0,2025-08-19 12:26:54.505784
2025-08-19,42292,2025081904004494,AKPL,Investment Management Nepal Pvt. Ltd.,Naasa Securities Co. Ltd.,218,266.0,57988.0,2025-08-19 12:28:30.478099
2025-08-19,42017,2025081904004522,AKPL,Imperial Securities Company Pvt. Ltd.,Naasa Securities Co. Ltd.,56,266.0,14896.0,2025-08-19 12:29:34.792035
2025-08-19,41977,2025081904004532,AKPL,Premier Securities Company Ltd.,Naasa Securities Co. Ltd.,300,266.0,79800.0,2025-08-19 12:29:43.380293
2025-08-19,41837,2025081904004558,AKPL,Dipshikha Dhitopatra Karobar Co. Pvt Ltd.,Naasa Securities Co. Ltd.,316,266.0,84056.0,2025-08-19 12:30:19.130819
2025-08-19,41836,2025081904004559,AKPL,Dipshikha Dhitopatra Karobar Co. Pvt Ltd.,Trishakti Securities Public Limited,180,266.0,47880.0,2025-08-19 12:30:19.131085
2025-08-19,41835,2025081904004560,AKPL,Dipshikha Dhitopatra Karobar Co. Pvt Ltd.,Kalika Securities Pvt. Ltd.,30,266.0,7980.0,2025-08-19 12:30:19.131189
2025-08-19,41834,2025081904004561,AKPL,Dipshikha Dhitopatra Karobar Co. Pvt Ltd.,Opal Securities Investment (PVT) Ltd.,10,266.0,2660.0,2025-08-19 12:30:19.131284
2025-08-19,41833,2025081904004562,AKPL,Dipshikha Dhitopatra Karobar Co. Pvt Ltd.,Cristal Kanchanjanga Securites Pvt. Ltd.,80,266.0,21280.0,2025-08-19 12:30:19.131386
2025-08-19,41832,2025081904004563,AKPL,Dipshikha Dhitopatra Karobar Co. Pvt Ltd.,KALASH STOCK MARKET PVT. LTD.,69,266.0,18354.0,2025-08-19 12:30:19.131475
2025-08-19,41831,2025081904004564,AKPL,Dipshikha Dhitopatra Karobar Co. Pvt Ltd.,Imperial Securities Company Pvt. Ltd.,200,266.0,53200.0,2025-08-19 12:30:19.131564
2025-08-19,41830,2025081904004565,AKPL,Dipshikha Dhitopatra Karobar Co. Pvt Ltd.,Aakashbhairab Securities Ltd.,115,266.0,30590.0,2025-08-19 12:30:19.131650
2025-08-19,41447,2025081904004619,AKPL,Nepal Stock House (PVT) Ltd.,Aakashbhairab Securities Ltd.,19,266.0,5054.0,2025-08-19 12:31:37.561733
2025-08-19,41311,2025081904004652,AKPL,Secured Securities Ltd.,Aakashbhairab Securities Ltd.,850,266.0,226100.0,2025-08-19 12:32:06.677247
2025-08-19,41285,2025081904004658,AKPL,Imperial Securities Company Pvt. Ltd.,Aakashbhairab Securities Ltd.,16,266.0,4256.0,2025-08-19 12:32:13.108767
2025-08-19,41284,2025081904004659,AKPL,Imperial Securities Company Pvt. Ltd.,Imperial Securities Company Pvt. Ltd.,40,266.0,10640.0,2025-08-19 12:32:13.109189
2025-08-19,41146,2025081904004689,AKPL,Stoxkarts Securities Limited,Malla & Malla Stock Broking Company Pvt. Limited,300,265.7,79710.0,2025-08-19 12:32:43.368560
2025-08-19,40723,2025081904004780,AKPL,Secured Securities Ltd.,Citizens Share Broker Limited,100,265.8,26580.0,2025-08-19 12:34:11.067348
2025-08-19,40583,2025081904004801,AKPL,Naasa Securities Co. Ltd.,Imperial Securities Company Pvt. Ltd.,160,266.0,42560.0,2025-08-19 12:34:46.379144
2025-08-19,40582,2025081904004802,AKPL,Naasa Securities Co. Ltd.,Swarna Laxmi Securities Pvt. Ltd.,33,266.0,8778.0,2025-08-19 12:34:46.379637
2025-08-19,40581,2025081904004803,AKPL,Naasa Securities Co. Ltd.,Aakashbhairab Securities Ltd.,1000,266.0,266000.0,2025-08-19 12:34:46.380027
2025-08-19,40545,2025081904004809,AKPL,Naasa Securities Co. Ltd.,Sri Hari Securities Pvt. Ltd.,451,266.4,120146.4,2025-08-19 12:34:55.459901
2025-08-19,40513,2025081904004818,AKPL,Naasa Securities Co. Ltd.,KALASH STOCK MARKET PVT. LTD.,34,266.5,9061.0,2025-08-19 12:35:04.560086
2025-08-19,40512,2025081904004819,AKPL,Naasa Securities Co. Ltd.,Linch Stock Market Ltd.,10,266.6,2666.0,2025-08-19 12:35:04.560385
2025-08-19,40511,2025081904004820,AKPL,Naasa Securities Co. Ltd.,ABC Securities Private Limited,50,266.7,13335.0,2025-08-19 12:35:04.560484
2025-08-19,40510,2025081904004821,AKPL,Naasa Securities Co. Ltd.,Investment Management Nepal Pvt. Ltd.,455,266.8,121394.0,2025-08-19 12:35:04.560578
2025-08-19,40426,2025081904004830,AKPL,Naasa Securities Co. Ltd.,Investment Management Nepal Pvt. Ltd.,545,266.8,145406.0,2025-08-19 12:35:22.709104
2025-08-19,40425,2025081904004831,AKPL,Naasa Securities Co. Ltd.,Naasa Securities Co. Ltd.,3000,266.9,800700.0,2025-08-19 12:35:22.709354
2025-08-19,40424,2025081904004832,AKPL,Naasa Securities Co. Ltd.,Naasa Securities Co. Ltd.,2000,267.0,534000.0,2025-08-19 12:35:22.709448
2025-08-19,40423,2025081904004833,AKPL,Naasa Securities Co. Ltd.,Vision Securities Pvt. Ltd,12,267.0,3204.0,2025-08-19 12:35:22.709533
2025-08-19,40422,2025081904004834,AKPL,Naasa Securities Co. Ltd.,Indira securities pvt. ltd,1000,267.0,267000.0,2025-08-19 12:35:22.709719
2025-08-19,40421,2025081904004835,AKPL,Naasa Securities Co. Ltd.,Investment Management Nepal Pvt. Ltd.,1000,267.5,267500.0,2025-08-19 12:35:22.709832
2025-08-19,40420,2025081904004836,AKPL,Naasa Securities Co. Ltd.,Linch Stock Market Ltd.,200,268.0,53600.0,2025-08-19 12:35:22.709966
2025-08-19,40419,2025081904004837,AKPL,Naasa Securities Co. Ltd.,Ashutosh Brokerage & Securities (PVT) Ltd.,1000,268.0,268000.0,2025-08-19 12:35:22.710053
2025-08-19,40418,2025081904004838,AKPL,Naasa Securities Co. Ltd.,Trisul Securities & Invt. Ltd.,50,268.0,13400.0,2025-08-19 12:35:22.710139
2025-08-19,40408,2025081904004840,AKPL,Premier Securities Company Ltd.,Linch Stock Market Ltd.,100,266.0,26600.0,2025-08-19 12:35:26.441486
2025-08-19,40244,2025081904004881,AKPL,Naasa Securities Co. Ltd.,Aakashbhairab Securities Ltd.,1000,267.0,267000.0,2025-08-19 12:35:58.287569
2025-08-19,40092,2025081904004905,AKPL,Premier Securities Company Ltd.,Citizens Share Broker Limited,100,266.5,26650.0,2025-08-19 12:36:39.449563
2025-08-19,39319,2025081904005086,AKPL,Nepal Stock House (PVT) Ltd.,Citizens Share Broker Limited,10,266.5,2665.0,2025-08-19 12:39:30.927924
2025-08-19,39263,2025081904005097,AKPL,Stoxkarts Securities Limited,Midas Stock Broking Company Private Limited,100,265.7,26570.0,2025-08-19 12:39:42.833825
2025-08-19,39262,2025081904005098,AKPL,Opal Securities Investment (PVT) Ltd.,Midas Stock Broking Company Private Limited,41,265.6,10889.6,2025-08-19 12:39:42.834247
2025-08-19,38648,2025081904005255,AKPL,Premier Securities Company Ltd.,Sundhara Securities Limited,13,266.0,3458.0,2025-08-19 12:41:52.831972
2025-08-19,38415,2025081904005307,AKPL,Oxford Securities Pvt. Ltd.,Aryatara Investment & Securities,10,266.0,2660.0,2025-08-19 12:42:53.153344
2025-08-19,38414,2025081904005308,AKPL,ABC Securities Private Limited,Aryatara Investment & Securities,390,266.0,103740.0,2025-08-19 12:42:53.153631
2025-08-19,38319,2025081904005323,AKPL,ABC Securities Private Limited,Shree Krishna Securities Ltd.,600,266.0,159600.0,2025-08-19 12:43:19.007919
2025-08-19,37986,2025081904005383,AKPL,Siprabi Securities Pvt. Ltd.,Nepal Stock House (PVT) Ltd.,16,266.1,4257.6,2025-08-19 12:44:29.841047
2025-08-19,37848,2025081904005443,AKPL,Siprabi Securities Pvt. Ltd.,Dipshikha Dhitopatra Karobar Co. Pvt Ltd.,484,266.1,128792.4,2025-08-19 12:44:57.589704
2025-08-19,37803,2025081904005468,AKPL,ABC Securities Private Limited,Vision Securities Pvt. Ltd,10,266.0,2660.0,2025-08-19 12:45:04.288962
2025-08-19,37716,2025081904005489,AKPL,ABC Securities Private Limited,Dipshikha Dhitopatra Karobar Co. Pvt Ltd.,600,266.0,159600.0,2025-08-19 12:45:26.893206
2025-08-19,37628,2025081904005507,AKPL,South Asian Bulls Pvt. Ltd.,Dipshikha Dhitopatra Karobar Co. Pvt Ltd.,100,266.0,26600.0,2025-08-19 12:45:57.560385
2025-08-19,37602,2025081904005515,AKPL,Shree Krishna Securities Ltd.,Dipshikha Dhitopatra Karobar Co. Pvt Ltd.,200,266.0,53200.0,2025-08-19 12:46:03.791715
2025-08-19,37192,2025081904005669,AKPL,Global IME Securities Limited,Dipshikha Dhitopatra Karobar Co. Pvt Ltd.,20,266.0,5320.0,2025-08-19 12:47:27.721877
2025-08-19,37165,2025081904005678,AKPL,Imperial Securities Company Pvt. Ltd.,Opal Securities Investment (PVT) Ltd.,500,265.8,132900.0,2025-08-19 12:47:35.554099
2025-08-19,37082,2025081904005705,AKPL,Siprabi Securities Pvt. Ltd.,Dipshikha Dhitopatra Karobar Co. Pvt Ltd.,16,266.0,4256.0,2025-08-19 12:48:00.165509
2025-08-19,36894,2025081904005732,AKPL,Opal Securities Investment (PVT) Ltd.,Midas Stock Broking Company Private Limited,152,265.6,40371.2,2025-08-19 12:48:42.884703
2025-08-19,36445,2025081904005881,AKPL,Opal Securities Investment (PVT) Ltd.,Dipshikha Dhitopatra Karobar Co. Pvt Ltd.,200,265.6,53120.0,2025-08-19 12:50:43.877046
2025-08-19,36213,2025081904005933,AKPL,Aryatara Investment & Securities,Dipshikha Dhitopatra Karobar Co. Pvt Ltd.,30,266.0,7980.0,2025-08-19 12:52:08.695082
2025-08-19,36083,2025081904005954,AKPL,Sumeru Securities Pvt. Ltd.,Dipshikha Dhitopatra Karobar Co. Pvt Ltd.,500,265.8,132900.0,2025-08-19 12:52:53.836691
2025-08-19,36082,2025081904005955,AKPL,Naasa Securities Co. Ltd.,Dipshikha Dhitopatra Karobar Co. Pvt Ltd.,34,266.0,9044.0,2025-08-19 12:52:54.085698
2025-08-19,36081,2025081904005956,AKPL,Naasa Securities Co. Ltd.,Kohinoor Investment & Securities Pvt. Ltd.,71,266.0,18886.0,2025-08-19 12:52:54.086140
2025-08-19,35892,2025081904005984,AKPL,K.B.L. Securities Limited ,Kohinoor Investment & Securities Pvt. Ltd.,29,266.0,7714.0,2025-08-19 12:54:00.038621
2025-08-19,35891,2025081904005985,AKPL,K.B.L. Securities Limited ,Sipla Securities Private Limited,300,266.0,79800.0,2025-08-19 12:54:00.038897
2025-08-19,35890,2025081904005986,AKPL,K.B.L. Securities Limited ,South Asian Bulls Pvt. Ltd.,171,266.0,45486.0,2025-08-19 12:54:00.039002
2025-08-19,35412,2025081904006066,AKPL,Ashutosh Brokerage & Securities (PVT) Ltd.,Opal Securities Investment (PVT) Ltd.,20,265.8,5316.0,2025-08-19 12:56:35.904500
2025-08-19,35411,2025081904006067,AKPL,Opal Securities Investment (PVT) Ltd.,Opal Securities Investment (PVT) Ltd.,157,265.6,41699.2,2025-08-19 12:56:35.904779
2025-08-19,35410,2025081904006068,AKPL,Shree Krishna Securities Ltd.,Opal Securities Investment (PVT) Ltd.,323,265.6,85788.8,2025-08-19 12:56:35.904889
2025-08-19,35314,2025081904006078,AKPL,Trisul Securities & Invt. Ltd.,South Asian Bulls Pvt. Ltd.,29,266.0,7714.0,2025-08-19 12:57:01.123167
2025-08-19,35261,2025081904006089,AKPL,Trisul Securities & Invt. Ltd.,Dipshikha Dhitopatra Karobar Co. Pvt Ltd.,16,266.1,4257.6,2025-08-19 12:57:19.213043
2025-08-19,35185,2025081904006106,AKPL,Sani Securities Company Ltd.,Citizens Share Broker Limited,90,266.5,23985.0,2025-08-19 12:57:43.058825
2025-08-19,35013,2025081904006150,AKPL,Naasa Securities Co. Ltd.,Dipshikha Dhitopatra Karobar Co. Pvt Ltd.,62,266.8,16541.6,2025-08-19 12:58:34.626301
2025-08-19,34981,2025081904006153,AKPL,Shree Krishna Securities Ltd.,Malla & Malla Stock Broking Company Pvt. Limited,42,265.6,11155.2,2025-08-19 12:58:39.652390
2025-08-19,34822,2025081904006181,AKPL,Aryatara Investment & Securities,Dipshikha Dhitopatra Karobar Co. Pvt Ltd.,38,266.8,10138.4,2025-08-19 12:59:34.184978
2025-08-19,34821,2025081904006182,AKPL,Aryatara Investment & Securities,Premier Securities Company Ltd.,62,266.8,16541.6,2025-08-19 12:59:34.185268
2025-08-19,33887,2025081904006356,AKPL,Imperial Securities Company Pvt. Ltd.,Linch Stock Market Ltd.,300,266.0,79800.0,2025-08-19 13:03:34.646659
2025-08-19,33886,2025081904006357,AKPL,Sumeru Securities Pvt. Ltd.,Linch Stock Market Ltd.,100,266.0,26600.0,2025-08-19 13:03:34.647018
2025-08-19,33826,2025081904006384,AKPL,K.B.L. Securities Limited ,Linch Stock Market Ltd.,500,266.0,133000.0,2025-08-19 13:03:57.740544
2025-08-19,33674,2025081904006438,AKPL,Dipshikha Dhitopatra Karobar Co. Pvt Ltd.,Linch Stock Market Ltd.,300,266.0,79800.0,2025-08-19 13:04:49.916969
2025-08-19,33673,2025081904006439,AKPL,Dipshikha Dhitopatra Karobar Co. Pvt Ltd.,Machhapuchchhre Securities Limited,20,266.4,5328.0,2025-08-19 13:04:49.917072
2025-08-19,33672,2025081904006440,AKPL,Dipshikha Dhitopatra Karobar Co. Pvt Ltd.,Sri Hari Securities Pvt. Ltd.,25,266.5,6662.5,2025-08-19 13:04:49.917153
2025-08-19,33671,2025081904006441,AKPL,Dipshikha Dhitopatra Karobar Co. Pvt Ltd.,Premier Securities Company Ltd.,62,266.8,16541.6,2025-08-19 13:04:49.917233
2025-08-19,33670,2025081904006442,AKPL,Dipshikha Dhitopatra Karobar Co. Pvt Ltd.,Dakshinkali Investment & Securities Pvt. Ltd.,125,266.9,33362.5,2025-08-19 13:04:49.917307
2025-08-19,33669,2025081904006443,AKPL,Dipshikha Dhitopatra Karobar Co. Pvt Ltd.,Capital Max Securities Ltd,750,267.0,200250.0,2025-08-19 13:04:49.917416
2025-08-19,33668,2025081904006444,AKPL,Dipshikha Dhitopatra Karobar Co. Pvt Ltd.,Dynamic Money Managers Securities Pvt. Ltd.,100,267.0,26700.0,2025-08-19 13:04:49.917491
2025-08-19,33667,2025081904006445,AKPL,Dipshikha Dhitopatra Karobar Co. Pvt Ltd.,Infinity Securities Limited,318,267.0,84906.0,2025-08-19 13:04:49.917563
2025-08-19,33581,2025081904006473,AKPL,Sumeru Securities Pvt. Ltd.,Online Securities Pvt. Ltd.,4,263.0,1052.0,2025-08-19 13:05:15.061995
2025-08-19,33249,2025081904006580,AKPL,Sundhara Securities Limited,Sani Securities Company Ltd.,50,266.0,13300.0,2025-08-19 13:06:44.736139
2025-08-19,33248,2025081904006581,AKPL,Sundhara Securities Limited,Infinity Securities Limited,250,267.0,66750.0,2025-08-19 13:06:44.736842
2025-08-19,33111,2025081904006623,AKPL,Dipshikha Dhitopatra Karobar Co. Pvt Ltd.,Aakashbhairab Securities Ltd.,1000,265.7,265700.0,2025-08-19 13:07:17.620773
2025-08-19,33110,2025081904006624,AKPL,Agrawal Securities (PVT) Ltd.,Aakashbhairab Securities Ltd.,1000,265.7,265700.0,2025-08-19 13:07:17.621176
2025-08-19,33109,2025081904006625,AKPL,Shree Krishna Securities Ltd.,Aakashbhairab Securities Ltd.,635,265.6,168656.0,2025-08-19 13:07:17.621522
2025-08-19,33108,2025081904006626,AKPL,Bhrikuti Stock Broking Co. Pvt. Ltd.,Aakashbhairab Securities Ltd.,365,265.6,96944.0,2025-08-19 13:07:17.621881
2025-08-19,32930,2025081904006684,AKPL,Bhrikuti Stock Broking Co. Pvt. Ltd.,KALASH STOCK MARKET PVT. LTD.,67,265.6,17795.2,2025-08-19 13:08:01.282375
2025-08-19,31746,2025081904006986,AKPL,Kumari Securities Private Limited,KALASH STOCK MARKET PVT. LTD.,250,265.6,66400.0,2025-08-19 13:14:23.657249
2025-08-19,31232,2025081904007156,AKPL,Naasa Securities Co. Ltd.,Aryatara Investment & Securities,10,265.5,2655.0,2025-08-19 13:17:32.443170
2025-08-19,30946,2025081904007222,AKPL,Naasa Securities Co. Ltd.,Aakashbhairab Securities Ltd.,40,265.5,10620.0,2025-08-19 13:19:06.385771
2025-08-19,30945,2025081904007223,AKPL,Neev Securities Pvt. Ltd.,Aakashbhairab Securities Ltd.,50,265.4,13270.0,2025-08-19 13:19:06.386139
2025-08-19,30944,2025081904007224,AKPL,Vision Securities Pvt. Ltd,Aakashbhairab Securities Ltd.,490,265.2,129948.0,2025-08-19 13:19:06.386337
2025-08-19,30943,2025081904007225,AKPL,Sri Hari Securities Pvt. Ltd.,Aakashbhairab Securities Ltd.,200,265.0,53000.0,2025-08-19 13:19:06.386462
2025-08-19,30942,2025081904007226,AKPL,Kalika Securities Pvt. Ltd.,Aakashbhairab Securities Ltd.,500,265.0,132500.0,2025-08-19 13:19:06.386571
2025-08-19,30941,2025081904007227,AKPL,K.B.L. Securities Limited ,Aakashbhairab Securities Ltd.,800,265.0,212000.0,2025-08-19 13:19:06.386715
2025-08-19,30940,2025081904007228,AKPL,Aryatara Investment & Securities,Aakashbhairab Securities Ltd.,40,265.0,10600.0,2025-08-19 13:19:06.386823
2025-08-19,30939,2025081904007229,AKPL,Linch Stock Market Ltd.,Aakashbhairab Securities Ltd.,35,265.0,9275.0,2025-08-19 13:19:06.386940
2025-08-19,30938,2025081904007230,AKPL,Cristal Kanchanjanga Securites Pvt. Ltd.,Aakashbhairab Securities Ltd.,96,265.0,25440.0,2025-08-19 13:19:06.387143
2025-08-19,30937,2025081904007231,AKPL,KALASH STOCK MARKET PVT. LTD.,Aakashbhairab Securities Ltd.,749,265.0,198485.0,2025-08-19 13:19:06.387286
2025-08-19,29893,2025081904007500,AKPL,Naasa Securities Co. Ltd.,Nepal Investment And Securities Trading Private Limited,11,265.5,2920.5,2025-08-19 13:25:59.866273
2025-08-19,29770,2025081904007537,AKPL,Naasa Securities Co. Ltd.,Midas Stock Broking Company Private Limited,89,265.5,23629.5,2025-08-19 13:26:49.620576
2025-08-19,29769,2025081904007538,AKPL,South Asian Bulls Pvt. Ltd.,Midas Stock Broking Company Private Limited,50,265.5,13275.0,2025-08-19 13:26:49.620893
2025-08-19,29768,2025081904007539,AKPL,Indira securities pvt. ltd,Midas Stock Broking Company Private Limited,21,265.5,5575.5,2025-08-19 13:26:49.621044
2025-08-19,29693,2025081904007557,AKPL,Vision Securities Pvt. Ltd,Midas Stock Broking Company Private Limited,500,265.3,132650.0,2025-08-19 13:27:11.725618
2025-08-19,29658,2025081904007566,AKPL,KALASH STOCK MARKET PVT. LTD.,Midas Stock Broking Company Private Limited,50,265.0,13250.0,2025-08-19 13:27:25.805770
2025-08-19,29657,2025081904007567,AKPL,Ashutosh Brokerage & Securities (PVT) Ltd.,Midas Stock Broking Company Private Limited,202,265.0,53530.0,2025-08-19 13:27:25.806526
2025-08-19,29116,2025081904007741,AKPL,Ashutosh Brokerage & Securities (PVT) Ltd.,Online Securities Pvt. Ltd.,98,265.0,25970.0,2025-08-19 13:30:24.974122
2025-08-19,29115,2025081904007742,AKPL,Nabil Stock Dealer Ltd.,Online Securities Pvt. Ltd.,55,265.0,14575.0,2025-08-19 13:30:24.974441
2025-08-19,29114,2025081904007743,AKPL,Sumeru Securities Pvt. Ltd.,Online Securities Pvt. Ltd.,100,265.0,26500.0,2025-08-19 13:30:24.974556
2025-08-19,29113,2025081904007744,AKPL,Naasa Securities Co. Ltd.,Online Securities Pvt. Ltd.,50,265.0,13250.0,2025-08-19 13:30:24.974667
2025-08-19,28606,2025081904007889,AKPL,Imperial Securities Company Pvt. Ltd.,Naasa Securities Co. Ltd.,167,264.6,44188.2,2025-08-19 13:32:47.773536
2025-08-19,28605,2025081904007890,AKPL,South Asian Bulls Pvt. Ltd.,Naasa Securities Co. Ltd.,33,264.6,8731.8,2025-08-19 13:32:47.773889
2025-08-19,28461,2025081904007932,AKPL,South Asian Bulls Pvt. Ltd.,Aakashbhairab Securities Ltd.,67,264.6,17728.2,2025-08-19 13:33:21.639049
2025-08-19,28460,2025081904007933,AKPL,K.B.L. Securities Limited ,Aakashbhairab Securities Ltd.,100,264.5,26450.0,2025-08-19 13:33:21.639648
2025-08-19,28459,2025081904007934,AKPL,Trishakti Securities Public Limited,Aakashbhairab Securities Ltd.,333,264.5,88078.5,2025-08-19 13:33:21.639993
2025-08-19,28239,2025081904007983,AKPL,Trishakti Securities Public Limited,Naasa Securities Co. Ltd.,1467,264.5,388021.5,2025-08-19 13:34:15.514934
2025-08-19,28238,2025081904007984,AKPL,Sundhara Securities Limited,Naasa Securities Co. Ltd.,333,264.5,88078.5,2025-08-19 13:34:15.515263
2025-08-19,27956,2025081904008041,AKPL,Sweta Securities Private Limited,Online Securities Pvt. Ltd.,500,265.0,132500.0,2025-08-19 13:35:22.220047
2025-08-19,27676,2025081904008098,AKPL,Aryatara Investment & Securities,Citizens Share Broker Limited,100,264.6,26460.0,2025-08-19 13:36:38.188895
2025-08-19,27675,2025081904008099,AKPL,Sundhara Securities Limited,Citizens Share Broker Limited,400,264.5,105800.0,2025-08-19 13:36:38.189219
2025-08-19,27400,2025081904008161,AKPL,Dakshinkali Investment & Securities Pvt. Ltd.,Online Securities Pvt. Ltd.,1197,265.0,317205.0,2025-08-19 13:38:07.901502
2025-08-19,27399,2025081904008162,AKPL,Dakshinkali Investment & Securities Pvt. Ltd.,Deevyaa Securities & Stock House Pvt. Ltd,50,265.0,13250.0,2025-08-19 13:38:07.902047
2025-08-19,27398,2025081904008163,AKPL,Dakshinkali Investment & Securities Pvt. Ltd.,Deevyaa Securities & Stock House Pvt. Ltd,800,265.0,212000.0,2025-08-19 13:38:07.902410
2025-08-19,27241,2025081904008214,AKPL,Sri Hari Securities Pvt. Ltd.,Sri Hari Securities Pvt. Ltd.,500,265.0,132500.0,2025-08-19 13:38:57.520202
2025-08-19,27131,2025081904008237,AKPL,Sundhara Securities Limited,Sharepro Securities Private Limited,250,264.5,66125.0,2025-08-19 13:39:30.631370
2025-08-19,26452,2025081904008493,AKPL,Asian Securities Private Ltd.,SHUBHAKAMANA SECURITIES PVT. LTD,500,265.0,132500.0,2025-08-19 13:41:41.871513
2025-08-19,26059,2025081904008610,AKPL,Premier Securities Company Ltd.,Capital Hub P. Ltd,120,265.0,31800.0,2025-08-19 13:43:18.011233
2025-08-19,25606,2025081904008737,AKPL,Secured Securities Ltd.,Capital Hub P. Ltd,300,265.0,79500.0,2025-08-19 13:45:06.548450
2025-08-19,24782,2025081904008979,AKPL,Imperial Securities Company Pvt. Ltd.,Capital Hub P. Ltd,80,265.0,21200.0,2025-08-19 13:48:52.679513
2025-08-19,24781,2025081904008980,AKPL,Imperial Securities Company Pvt. Ltd.,Opal Securities Investment (PVT) Ltd.,348,265.0,92220.0,2025-08-19 13:48:52.679872
2025-08-19,24780,2025081904008981,AKPL,Imperial Securities Company Pvt. Ltd.,Capital Hub P. Ltd,272,265.0,72080.0,2025-08-19 13:48:52.680011
2025-08-19,24651,2025081904009029,AKPL,Secured Securities Ltd.,Capital Hub P. Ltd,228,265.0,60420.0,2025-08-19 13:49:33.913363
2025-08-19,24650,2025081904009030,AKPL,Secured Securities Ltd.,Thrive Brokerage House Pvt. Ltd,272,265.0,72080.0,2025-08-19 13:49:33.913970
2025-08-19,24164,2025081904009124,AKPL,Ashutosh Brokerage & Securities (PVT) Ltd.,Thrive Brokerage House Pvt. Ltd,20,265.0,5300.0,2025-08-19 13:51:21.623571
2025-08-19,23582,2025081904009293,AKPL,Sundhara Securities Limited,Market Securities & Exchange (PVT) Ltd.,17,264.5,4496.5,2025-08-19 13:53:21.487665
2025-08-19,23581,2025081904009294,AKPL,Sani Securities Company Ltd.,Market Securities & Exchange (PVT) Ltd.,10,264.5,2645.0,2025-08-19 13:53:21.488217
2025-08-19,23580,2025081904009295,AKPL,Online Securities Pvt. Ltd.,Market Securities & Exchange (PVT) Ltd.,53,264.2,14002.6,2025-08-19 13:53:21.488755
2025-08-19,23558,2025081904009298,AKPL,Opal Securities Investment (PVT) Ltd.,Thrive Brokerage House Pvt. Ltd,147,265.0,38955.0,2025-08-19 13:53:25.405696
2025-08-19,23437,2025081904009337,AKPL,Online Securities Pvt. Ltd.,Agrawal Securities (PVT) Ltd.,237,264.2,62615.4,2025-08-19 13:53:52.498615
2025-08-19,23436,2025081904009338,AKPL,Property Wiard Limited,Agrawal Securities (PVT) Ltd.,600,264.1,158460.0,2025-08-19 13:53:52.498904
2025-08-19,23435,2025081904009339,AKPL,Neev Securities Pvt. Ltd.,Agrawal Securities (PVT) Ltd.,50,264.0,13200.0,2025-08-19 13:53:52.499058
2025-08-19,23434,2025081904009340,AKPL,Imperial Securities Company Pvt. Ltd.,Agrawal Securities (PVT) Ltd.,20,264.0,5280.0,2025-08-19 13:53:52.499175
2025-08-19,23433,2025081904009341,AKPL,Sri Hari Securities Pvt. Ltd.,Agrawal Securities (PVT) Ltd.,200,264.0,52800.0,2025-08-19 13:53:52.499290
2025-08-19,23432,2025081904009342,AKPL,Naasa Securities Co. Ltd.,Agrawal Securities (PVT) Ltd.,65,264.0,17160.0,2025-08-19 13:53:52.499420
2025-08-19,23431,2025081904009343,AKPL,Midas Stock Broking Company Private Limited,Agrawal Securities (PVT) Ltd.,220,264.0,58080.0,2025-08-19 13:53:52.499550
2025-08-19,23430,2025081904009344,AKPL,Premier Securities Company Ltd.,Agrawal Securities (PVT) Ltd.,12,264.0,3168.0,2025-08-19 13:53:52.499679
2025-08-19,23429,2025081904009345,AKPL,Sani Securities Company Ltd.,Agrawal Securities (PVT) Ltd.,100,264.0,26400.0,2025-08-19 13:53:52.499791
2025-08-19,23428,2025081904009346,AKPL,Dakshinkali Investment & Securities Pvt. Ltd.,Agrawal Securities (PVT) Ltd.,3496,264.0,922944.0,2025-08-19 13:53:52.499906
2025-08-19,22943,2025081904009493,AKPL,Dakshinkali Investment & Securities Pvt. Ltd.,SUN SECURITIES PVT LTD,250,264.0,66000.0,2025-08-19 13:55:44.671045
2025-08-19,22549,2025081904009629,AKPL,Dakshinkali Investment & Securities Pvt. Ltd.,Online Securities Pvt. Ltd.,33,264.0,8712.0,2025-08-19 13:57:15.797929
2025-08-19,22459,2025081904009654,AKPL,Sumeru Securities Pvt. Ltd.,Kumari Securities Private Limited,1,259.7,259.7,2025-08-19 13:57:34.402340
2025-08-19,22398,2025081904009681,AKPL,Dakshinkali Investment & Securities Pvt. Ltd.,ABC Securities Private Limited,10,264.0,2640.0,2025-08-19 13:57:49.001068
2025-08-19,22336,2025081904009704,AKPL,Dakshinkali Investment & Securities Pvt. Ltd.,South Asian Bulls Pvt. Ltd.,1000,264.0,264000.0,2025-08-19 13:58:03.482496
2025-08-19,22237,2025081904009766,AKPL,Dakshinkali Investment & Securities Pvt. Ltd.,Naasa Securities Co. Ltd.,3298,264.0,870672.0,2025-08-19 13:58:21.182106
2025-08-19,21187,2025081904010142,AKPL,Naasa Securities Co. Ltd.,Naasa Securities Co. Ltd.,10,264.5,2645.0,2025-08-19 14:03:12.878644
2025-08-19,21060,2025081904010180,AKPL,Nepal Investment And Securities Trading Private Limited,Bhrikuti Stock Broking Co. Pvt. Ltd.,100,264.0,26400.0,2025-08-19 14:03:41.201564
2025-08-19,21059,2025081904010181,AKPL,Aryatara Investment & Securities,Bhrikuti Stock Broking Co. Pvt. Ltd.,150,264.0,39600.0,2025-08-19 14:03:41.201916
2025-08-19,20833,2025081904010252,AKPL,Trisul Securities & Invt. Ltd.,Bhrikuti Stock Broking Co. Pvt. Ltd.,100,264.0,26400.0,2025-08-19 14:04:58.769154
2025-08-19,20360,2025081904010456,AKPL,Oxford Securities Pvt. Ltd.,Sani Securities Company Ltd.,680,263.5,179180.0,2025-08-19 14:06:39.157180
2025-08-19,20198,2025081904010510,AKPL,Bhrikuti Stock Broking Co. Pvt. Ltd.,Naasa Securities Co. Ltd.,100,264.5,26450.0,2025-08-19 14:07:16.803918
2025-08-19,18707,2025081904010943,AKPL,Online Securities Pvt. Ltd.,Online Securities Pvt. Ltd.,1,260.5,260.5,2025-08-19 14:13:02.316670
2025-08-19,18403,2025081904010992,AKPL,Deevyaa Securities & Stock House Pvt. Ltd,ABC Securities Private Limited,150,264.4,39660.0,2025-08-19 14:14:34.580391
2025-08-19,18290,2025081904011021,AKPL,Sani Securities Company Ltd.,Prabhu Stock Market Limited,172,264.0,45408.0,2025-08-19 14:15:10.739525
2025-08-19,17656,2025081904011169,AKPL,Capital Max Securities Ltd,South Asian Bulls Pvt. Ltd.,200,264.3,52860.0,2025-08-19 14:18:34.556446
2025-08-19,17655,2025081904011170,AKPL,Capital Max Securities Ltd,ABC Securities Private Limited,50,264.4,13220.0,2025-08-19 14:18:34.556514
2025-08-19,17602,2025081904011188,AKPL,Capital Max Securities Ltd,Online Securities Pvt. Ltd.,50,264.5,13225.0,2025-08-19 14:18:49.618870
2025-08-19,17601,2025081904011189,AKPL,Capital Max Securities Ltd,Nagarik Stock Dealer ,50,264.8,13240.0,2025-08-19 14:18:49.618974
2025-08-19,17474,2025081904011212,AKPL,Trisul Securities & Invt. Ltd.,Nagarik Stock Dealer ,500,264.8,132400.0,2025-08-19 14:19:27.599669
2025-08-19,17360,2025081904011245,AKPL,Kumari Securities Private Limited,Nagarik Stock Dealer ,370,264.8,97976.0,2025-08-19 14:20:07.725094
2025-08-19,16845,2025081904011350,AKPL,Kumari Securities Private Limited,Nagarik Stock Dealer ,80,264.8,21184.0,2025-08-19 14:22:41.578277
2025-08-19,16844,2025081904011351,AKPL,Kumari Securities Private Limited,Nagarik Stock Dealer ,1000,264.8,264800.0,2025-08-19 14:22:41.578948
2025-08-19,16843,2025081904011352,AKPL,Kumari Securities Private Limited,Linch Stock Market Ltd.,200,264.9,52980.0,2025-08-19 14:22:41.579390
2025-08-19,16842,2025081904011353,AKPL,Kumari Securities Private Limited,Creative Securities Pvt Ltd,1800,264.9,476820.0,2025-08-19 14:22:41.579793
2025-08-19,16841,2025081904011354,AKPL,Kumari Securities Private Limited,Thrive Brokerage House Pvt. Ltd,561,265.0,148665.0,2025-08-19 14:22:41.580213
2025-08-19,16683,2025081904011399,AKPL,Capital Max Securities Ltd,Kohinoor Investment & Securities Pvt. Ltd.,25,264.5,6612.5,2025-08-19 14:23:19.691525
2025-08-19,16563,2025081904011452,AKPL,Imperial Securities Company Pvt. Ltd.,Creative Securities Pvt Ltd,200,264.9,52980.0,2025-08-19 14:23:59.060364
2025-08-19,16562,2025081904011453,AKPL,Imperial Securities Company Pvt. Ltd.,Dipshikha Dhitopatra Karobar Co. Pvt Ltd.,50,265.0,13250.0,2025-08-19 14:23:59.060663
2025-08-19,16385,2025081904011541,AKPL,Capital Max Securities Ltd,Secured Securities Ltd.,75,264.5,19837.5,2025-08-19 14:24:39.195961
2025-08-19,16297,2025081904011567,AKPL,Capital Max Securities Ltd,Secured Securities Ltd.,25,264.5,6612.5,2025-08-19 14:25:06.795654
2025-08-19,16296,2025081904011568,AKPL,Capital Max Securities Ltd,Dipshikha Dhitopatra Karobar Co. Pvt Ltd.,25,265.0,6625.0,2025-08-19 14:25:06.795755
2025-08-19,15936,2025081904011688,AKPL,Capital Max Securities Ltd,Agrawal Securities (PVT) Ltd.,10,264.5,2645.0,2025-08-19 14:26:20.974213
2025-08-19,15935,2025081904011689,AKPL,Dipshikha Dhitopatra Karobar Co. Pvt Ltd.,Agrawal Securities (PVT) Ltd.,930,264.2,245706.0,2025-08-19 14:26:20.974281
2025-08-19,15934,2025081904011690,AKPL,Aryatara Investment & Securities,Agrawal Securities (PVT) Ltd.,60,264.1,15846.0,2025-08-19 14:26:20.974309
2025-08-19,15885,2025081904011706,AKPL,Aryatara Investment & Securities,Agrawal Securities (PVT) Ltd.,40,264.1,10564.0,2025-08-19 14:26:32.088839
2025-08-19,15884,2025081904011707,AKPL,Sani Securities Company Ltd.,Agrawal Securities (PVT) Ltd.,38,264.0,10032.0,2025-08-19 14:26:32.088947
2025-08-19,15883,2025081904011708,AKPL,Linch Stock Market Ltd.,Agrawal Securities (PVT) Ltd.,900,264.0,237600.0,2025-08-19 14:26:32.089027
2025-08-19,15882,2025081904011709,AKPL,Neev Securities Pvt. Ltd.,Agrawal Securities (PVT) Ltd.,22,264.0,5808.0,2025-08-19 14:26:32.089102
2025-08-19,15724,2025081904011759,AKPL,Neev Securities Pvt. Ltd.,Agrawal Securities (PVT) Ltd.,1000,264.0,264000.0,2025-08-19 14:27:11.467910
2025-08-19,15706,2025081904011765,AKPL,Neev Securities Pvt. Ltd.,Neev Securities Pvt. Ltd.,1100,264.0,290400.0,2025-08-19 14:27:16.893522
2025-08-19,15557,2025081904011831,AKPL,Neev Securities Pvt. Ltd.,Premier Securities Company Ltd.,378,264.0,99792.0,2025-08-19 14:27:50.025796
2025-08-19,15556,2025081904011832,AKPL,NIMB Stock Markets Limited,Premier Securities Company Ltd.,157,264.0,41448.0,2025-08-19 14:27:50.026167
2025-08-19,15534,2025081904011840,AKPL,NIMB Stock Markets Limited,Dakshinkali Investment & Securities Pvt. Ltd.,843,264.0,222552.0,2025-08-19 14:27:53.518405
2025-08-19,15429,2025081904011873,AKPL,Oxford Securities Pvt. Ltd.,Midas Stock Broking Company Private Limited,33,263.5,8695.5,2025-08-19 14:28:07.226254
2025-08-19,15295,2025081904011939,AKPL,Sani Securities Company Ltd.,Dakshinkali Investment & Securities Pvt. Ltd.,20,264.0,5280.0,2025-08-19 14:28:27.916044
2025-08-19,15184,2025081904011961,AKPL,Sani Securities Company Ltd.,Dakshinkali Investment & Securities Pvt. Ltd.,128,264.0,33792.0,2025-08-19 14:28:50.155875
2025-08-19,14987,2025081904012023,AKPL,Oxford Securities Pvt. Ltd.,Thrive Brokerage House Pvt. Ltd,287,263.5,75624.5,2025-08-19 14:29:22.756382
2025-08-19,14986,2025081904012024,AKPL,Bhrikuti Stock Broking Co. Pvt. Ltd.,Thrive Brokerage House Pvt. Ltd,13,263.5,3425.5,2025-08-19 14:29:22.756669
2025-08-19,14827,2025081904012082,AKPL,Bhrikuti Stock Broking Co. Pvt. Ltd.,Investment Management Nepal Pvt. Ltd.,87,263.5,22924.5,2025-08-19 14:29:56.152641
2025-08-19,14826,2025081904012083,AKPL,Online Securities Pvt. Ltd.,Investment Management Nepal Pvt. Ltd.,13,263.5,3425.5,2025-08-19 14:29:56.153203
2025-08-19,14493,2025081904012169,AKPL,Linch Stock Market Ltd.,Imperial Securities Company Pvt. Ltd.,10,263.8,2638.0,2025-08-19 14:30:44.259685
2025-08-19,14426,2025081904012199,AKPL,Linch Stock Market Ltd.,Kohinoor Investment & Securities Pvt. Ltd.,490,263.8,129262.0,2025-08-19 14:31:02.796433
2025-08-19,14425,2025081904012200,AKPL,Premier Securities Company Ltd.,Kohinoor Investment & Securities Pvt. Ltd.,300,263.5,79050.0,2025-08-19 14:31:02.796751
2025-08-19,14424,2025081904012201,AKPL,Vision Securities Pvt. Ltd,Kohinoor Investment & Securities Pvt. Ltd.,1710,263.3,450243.0,2025-08-19 14:31:02.796871
2025-08-19,14160,2025081904012289,AKPL,Vision Securities Pvt. Ltd,Kohinoor Investment & Securities Pvt. Ltd.,300,263.3,78990.0,2025-08-19 14:31:57.103690
2025-08-19,13971,2025081904012345,AKPL,Sumeru Securities Pvt. Ltd.,Naasa Securities Co. Ltd.,1,260.0,260.0,2025-08-19 14:32:37.517375
2025-08-19,13757,2025081904012398,AKPL,Vision Securities Pvt. Ltd,Trishakti Securities Public Limited,490,263.3,129017.0,2025-08-19 14:33:19.355277
2025-08-19,13756,2025081904012399,AKPL,Nabil Stock Dealer Ltd.,Trishakti Securities Public Limited,10,263.2,2632.0,2025-08-19 14:33:19.355928
2025-08-19,13362,2025081904012525,AKPL,Premier Securities Company Ltd.,Nepal Investment And Securities Trading Private Limited,10,263.8,2638.0,2025-08-19 14:34:42.775332
2025-08-19,13206,2025081904012556,AKPL,Linch Stock Market Ltd.,Sundhara Securities Limited,20,263.5,5270.0,2025-08-19 14:35:11.791503
2025-08-19,13040,2025081904012607,AKPL,Linch Stock Market Ltd.,Trademow Securities Private Limited,500,263.5,131750.0,2025-08-19 14:35:46.335890
2025-08-19,12836,2025081904012652,AKPL,Linch Stock Market Ltd.,Trademow Securities Private Limited,500,263.5,131750.0,2025-08-19 14:36:16.454510
2025-08-19,12713,2025081904012685,AKPL,Linch Stock Market Ltd.,Trademow Securities Private Limited,480,263.5,126480.0,2025-08-19 14:36:36.521908
2025-08-19,12694,2025081904012687,AKPL,Sani Securities Company Ltd.,Trademow Securities Private Limited,20,263.5,5270.0,2025-08-19 14:36:39.218145
2025-08-19,12061,2025081904012879,AKPL,Sundhara Securities Limited,Arun Securities (PVT) Ltd.,38,263.3,10005.4,2025-08-19 14:38:27.424134
2025-08-19,11818,2025081904012941,AKPL,Sundhara Securities Limited,Premier Securities Company Ltd.,12,263.3,3159.6,2025-08-19 14:39:07.723880
2025-08-19,10820,2025081904013242,AKPL,Trishakti Securities Public Limited,NIMB Stock Markets Limited,1000,263.2,263200.0,2025-08-19 14:41:32.631940
2025-08-19,10581,2025081904013348,AKPL,J.F. Securites (PVT) Ltd.,Nagarik Stock Dealer ,50,263.2,13160.0,2025-08-19 14:42:04.280764
2025-08-19,10580,2025081904013349,AKPL,Property Wiard Limited,Nagarik Stock Dealer ,1000,263.1,263100.0,2025-08-19 14:42:04.281378
2025-08-19,10579,2025081904013350,AKPL,Linch Stock Market Ltd.,Nagarik Stock Dealer ,100,263.1,26310.0,2025-08-19 14:42:04.281833
2025-08-19,10578,2025081904013351,AKPL,Imperial Securities Company Pvt. Ltd.,Nagarik Stock Dealer ,1500,263.1,394650.0,2025-08-19 14:42:04.282266
2025-08-19,10577,2025081904013352,AKPL,Bhrikuti Stock Broking Co. Pvt. Ltd.,Nagarik Stock Dealer ,850,263.1,223635.0,2025-08-19 14:42:04.282680
2025-08-19,10219,2025081904013422,AKPL,Premier Securities Company Ltd.,Nepal Investment And Securities Trading Private Limited,10,263.8,2638.0,2025-08-19 14:43:02.769777
2025-08-19,9950,2025081904013503,AKPL,Bhrikuti Stock Broking Co. Pvt. Ltd.,Pragyan Securities (PVT) Ltd.,292,263.1,76825.2,2025-08-19 14:43:45.113353
2025-08-19,9949,2025081904013504,AKPL,Dipshikha Dhitopatra Karobar Co. Pvt Ltd.,Pragyan Securities (PVT) Ltd.,110,263.0,28930.0,2025-08-19 14:43:45.113716
2025-08-19,9948,2025081904013505,AKPL,Kohinoor Investment & Securities Pvt. Ltd.,Pragyan Securities (PVT) Ltd.,20,263.0,5260.0,2025-08-19 14:43:45.113845
2025-08-19,9947,2025081904013506,AKPL,Online Securities Pvt. Ltd.,Pragyan Securities (PVT) Ltd.,78,263.0,20514.0,2025-08-19 14:43:45.113968
2025-08-19,9650,2025081904013598,AKPL,Oxford Securities Pvt. Ltd.,South Asian Bulls Pvt. Ltd.,25,263.1,6577.5,2025-08-19 14:44:24.464307
2025-08-19,9385,2025081904013672,AKPL,Oxford Securities Pvt. Ltd.,Premier Securities Company Ltd.,25,263.1,6577.5,2025-08-19 14:44:51.549652
2025-08-19,9314,2025081904013698,AKPL,Malla & Malla Stock Broking Company Pvt. Limited,Premier Securities Company Ltd.,125,263.1,32887.5,2025-08-19 14:45:00.468248
2025-08-19,8736,2025081904013889,AKPL,Malla & Malla Stock Broking Company Pvt. Limited,Infinity Securities Limited,75,263.1,19732.5,2025-08-19 14:46:02.727730
2025-08-19,8735,2025081904013890,AKPL,Ashutosh Brokerage & Securities (PVT) Ltd.,Infinity Securities Limited,250,263.1,65775.0,2025-08-19 14:46:02.728423
2025-08-19,8734,2025081904013891,AKPL,Online Securities Pvt. Ltd.,Infinity Securities Limited,422,263.0,110986.0,2025-08-19 14:46:02.728891
2025-08-19,8733,2025081904013892,AKPL,Sani Securities Company Ltd.,Infinity Securities Limited,10,263.0,2630.0,2025-08-19 14:46:02.729348
2025-08-19,8732,2025081904013893,AKPL,Trisul Securities & Invt. Ltd.,Infinity Securities Limited,1000,263.0,263000.0,2025-08-19 14:46:02.729764
2025-08-19,8731,2025081904013894,AKPL,Naasa Securities Co. Ltd.,Infinity Securities Limited,500,263.0,131500.0,2025-08-19 14:46:02.730215
2025-08-19,8730,2025081904013895,AKPL,Dakshinkali Investment & Securities Pvt. Ltd.,Infinity Securities Limited,175,263.0,46025.0,2025-08-19 14:46:02.730631
2025-08-19,8629,2025081904013935,AKPL,Dakshinkali Investment & Securities Pvt. Ltd.,SUN SECURITIES PVT LTD,100,263.0,26300.0,2025-08-19 14:46:21.415463
2025-08-19,8576,2025081904013951,AKPL,Dakshinkali Investment & Securities Pvt. Ltd.,Bhrikuti Stock Broking Co. Pvt. Ltd.,200,263.0,52600.0,2025-08-19 14:46:27.198415
2025-08-19,8531,2025081904013969,AKPL,Dakshinkali Investment & Securities Pvt. Ltd.,Sewa Securities Pvt. Ltd.,50,263.0,13150.0,2025-08-19 14:46:34.073902
2025-08-19,7557,2025081904014225,AKPL,Dakshinkali Investment & Securities Pvt. Ltd.,Naasa Securities Co. Ltd.,19475,263.0,5121925.0,2025-08-19 14:48:47.750275
2025-08-19,7556,2025081904014226,AKPL,Midas Stock Broking Company Private Limited,Naasa Securities Co. Ltd.,20,263.0,5260.0,2025-08-19 14:48:47.751006
2025-08-19,7555,2025081904014227,AKPL,Property Wiard Limited,Naasa Securities Co. Ltd.,100,263.0,26300.0,2025-08-19 14:48:47.751545
2025-08-19,7554,2025081904014228,AKPL,Vision Securities Pvt. Ltd,Naasa Securities Co. Ltd.,75,263.0,19725.0,2025-08-19 14:48:47.752094
2025-08-19,7553,2025081904014229,AKPL,Aryatara Investment & Securities,Naasa Securities Co. Ltd.,500,263.0,131500.0,2025-08-19 14:48:47.752620
2025-08-19,7552,2025081904014230,AKPL,Investment Management Nepal Pvt. Ltd.,Naasa Securities Co. Ltd.,500,263.0,131500.0,2025-08-19 14:48:47.753161
2025-08-19,7551,2025081904014231,AKPL,Bhrikuti Stock Broking Co. Pvt. Ltd.,Naasa Securities Co. Ltd.,1000,263.0,263000.0,2025-08-19 14:48:47.753673
2025-08-19,7550,2025081904014232,AKPL,Aryatara Investment & Securities,Naasa Securities Co. Ltd.,500,263.0,131500.0,2025-08-19 14:48:47.754150
2025-08-19,7549,2025081904014233,AKPL,Secured Securities Ltd.,Naasa Securities Co. Ltd.,100,263.0,26300.0,2025-08-19 14:48:47.754679
2025-08-19,7548,2025081904014234,AKPL,Deevyaa Securities & Stock House Pvt. Ltd,Naasa Securities Co. Ltd.,500,263.0,131500.0,2025-08-19 14:48:47.754924
2025-08-19,7387,2025081904014274,AKPL,Dynamic Money Managers Securities Pvt. Ltd.,Siprabi Securities Pvt. Ltd.,1,259.7,259.7,2025-08-19 14:49:09.671010
2025-08-19,7225,2025081904014313,AKPL,Sani Securities Company Ltd.,Secured Securities Ltd.,250,262.9,65725.0,2025-08-19 14:49:34.692566
2025-08-19,7219,2025081904014319,AKPL,Sewa Securities Pvt. Ltd.,Naasa Securities Co. Ltd.,230,263.0,60490.0,2025-08-19 14:49:35.180525
2025-08-19,7218,2025081904014320,AKPL,Sewa Securities Pvt. Ltd.,Kumari Securities Private Limited,270,263.0,71010.0,2025-08-19 14:49:35.181079
2025-08-19,7115,2025081904014348,AKPL,Nepal Investment And Securities Trading Private Limited,Kumari Securities Private Limited,40,263.0,10520.0,2025-08-19 14:49:52.254193
2025-08-19,7067,2025081904014373,AKPL,Sani Securities Company Ltd.,Secured Securities Ltd.,100,262.9,26290.0,2025-08-19 14:49:57.694925
2025-08-19,6959,2025081904014401,AKPL,Dipshikha Dhitopatra Karobar Co. Pvt Ltd.,Kumari Securities Private Limited,320,263.0,84160.0,2025-08-19 14:50:15.538689
2025-08-19,6757,2025081904014443,AKPL,Sani Securities Company Ltd.,Secured Securities Ltd.,150,262.9,39435.0,2025-08-19 14:50:50.906802
2025-08-19,6633,2025081904014474,AKPL,Naasa Securities Co. Ltd.,Kumari Securities Private Limited,300,263.0,78900.0,2025-08-19 14:51:07.558991
2025-08-19,6061,2025081904014649,AKPL,Sani Securities Company Ltd.,Kumari Securities Private Limited,40,262.9,10516.0,2025-08-19 14:52:25.915750
2025-08-19,6059,2025081904014650,AKPL,Sani Securities Company Ltd.,Kumari Securities Private Limited,1000,263.0,263000.0,2025-08-19 14:52:26.895342
2025-08-19,5961,2025081904014680,AKPL,Sani Securities Company Ltd.,Citizens Share Broker Limited,100,262.9,26290.0,2025-08-19 14:52:35.441091
2025-08-19,5575,2025081904014828,AKPL,Global IME Securities Limited,Kumari Securities Private Limited,10,263.0,2630.0,2025-08-19 14:53:20.778814
2025-08-19,5572,2025081904014829,AKPL,Asian Securities Private Ltd.,Kumari Securities Private Limited,70,263.0,18410.0,2025-08-19 14:53:20.946959
2025-08-19,5571,2025081904014830,AKPL,Asian Securities Private Ltd.,Imperial Securities Company Pvt. Ltd.,30,263.0,7890.0,2025-08-19 14:53:20.947294
2025-08-19,5382,2025081904014892,AKPL,Sani Securities Company Ltd.,Sumeru Securities Pvt. Ltd.,100,262.9,26290.0,2025-08-19 14:53:50.248886
2025-08-19,5201,2025081904014929,AKPL,Sani Securities Company Ltd.,Dakshinkali Investment & Securities Pvt. Ltd.,50,262.9,13145.0,2025-08-19 14:54:11.035860
2025-08-19,5160,2025081904014950,AKPL,Sani Securities Company Ltd.,Siprabi Securities Pvt. Ltd.,210,262.9,55209.0,2025-08-19 14:54:15.720767
2025-08-19,5159,2025081904014951,AKPL,Sumeru Securities Pvt. Ltd.,Siprabi Securities Pvt. Ltd.,50,262.5,13125.0,2025-08-19 14:54:15.721087
2025-08-19,5158,2025081904014952,AKPL,Investment Management Nepal Pvt. Ltd.,Siprabi Securities Pvt. Ltd.,500,262.5,131250.0,2025-08-19 14:54:15.721206
2025-08-19,5157,2025081904014953,AKPL,Sani Securities Company Ltd.,Siprabi Securities Pvt. Ltd.,13,262.5,3412.5,2025-08-19 14:54:15.721331
2025-08-19,5156,2025081904014954,AKPL,Aryatara Investment & Securities,Siprabi Securities Pvt. Ltd.,27,262.5,7087.5,2025-08-19 14:54:15.721445
2025-08-19,5154,2025081904014955,AKPL,K.B.L. Securities Limited ,Imperial Securities Company Pvt. Ltd.,130,263.0,34190.0,2025-08-19 14:54:17.218790
2025-08-19,4776,2025081904015076,AKPL,Aryatara Investment & Securities,Nagarik Stock Dealer ,160,262.5,42000.0,2025-08-19 14:54:56.795978
2025-08-19,4775,2025081904015077,AKPL,Kohinoor Investment & Securities Pvt. Ltd.,Nagarik Stock Dealer ,500,262.5,131250.0,2025-08-19 14:54:56.796348
2025-08-19,4774,2025081904015078,AKPL,Vision Securities Pvt. Ltd,Nagarik Stock Dealer ,1440,262.5,378000.0,2025-08-19 14:54:56.796470
2025-08-19,4578,2025081904015119,AKPL,Sani Securities Company Ltd.,Naasa Securities Co. Ltd.,50,262.6,13130.0,2025-08-19 14:55:15.710184
2025-08-19,4577,2025081904015120,AKPL,Vision Securities Pvt. Ltd,Naasa Securities Co. Ltd.,60,262.5,15750.0,2025-08-19 14:55:15.710493
2025-08-19,4576,2025081904015121,AKPL,Deevyaa Securities & Stock House Pvt. Ltd,Naasa Securities Co. Ltd.,200,262.4,52480.0,2025-08-19 14:55:15.710613
2025-08-19,4575,2025081904015122,AKPL,Opal Securities Investment (PVT) Ltd.,Naasa Securities Co. Ltd.,50,262.4,13120.0,2025-08-19 14:55:15.710724
2025-08-19,4574,2025081904015123,AKPL,Trishakti Securities Public Limited,Naasa Securities Co. Ltd.,1000,262.4,262400.0,2025-08-19 14:55:15.710842
2025-08-19,4573,2025081904015124,AKPL,Neev Securities Pvt. Ltd.,Naasa Securities Co. Ltd.,640,262.3,167872.0,2025-08-19 14:55:15.710970
2025-08-19,4430,2025081904015177,AKPL,Imperial Securities Company Pvt. Ltd.,Dipshikha Dhitopatra Karobar Co. Pvt Ltd.,500,262.9,131450.0,2025-08-19 14:55:28.557796
2025-08-19,4429,2025081904015178,AKPL,Imperial Securities Company Pvt. Ltd.,Imperial Securities Company Pvt. Ltd.,200,263.0,52600.0,2025-08-19 14:55:28.558066
2025-08-19,4248,2025081904015218,AKPL,Neev Securities Pvt. Ltd.,Naasa Securities Co. Ltd.,800,262.3,209840.0,2025-08-19 14:55:49.049056
2025-08-19,4002,2025081904015307,AKPL,Cristal Kanchanjanga Securites Pvt. Ltd.,Imperial Securities Company Pvt. Ltd.,140,263.0,36820.0,2025-08-19 14:56:11.648582
2025-08-19,4001,2025081904015308,AKPL,Cristal Kanchanjanga Securites Pvt. Ltd.,Imperial Securities Company Pvt. Ltd.,100,263.0,26300.0,2025-08-19 14:56:11.648905
2025-08-19,4000,2025081904015309,AKPL,Cristal Kanchanjanga Securites Pvt. Ltd.,N.M.B. SECURITIES LIMITED,260,263.0,68380.0,2025-08-19 14:56:11.649020
2025-08-19,3902,2025081904015342,AKPL,Neev Securities Pvt. Ltd.,Miyo Securities Pvt Ltd,500,262.3,131150.0,2025-08-19 14:56:21.634914
2025-08-19,3816,2025081904015372,AKPL,Neev Securities Pvt. Ltd.,Miyo Securities Pvt Ltd,500,262.3,131150.0,2025-08-19 14:56:29.691668
2025-08-19,3712,2025081904015392,AKPL,Linch Stock Market Ltd.,N.M.B. SECURITIES LIMITED,360,263.0,94680.0,2025-08-19 14:56:39.882183
2025-08-19,3549,2025081904015429,AKPL,Online Securities Pvt. Ltd.,Dipshikha Dhitopatra Karobar Co. Pvt Ltd.,10,262.9,2629.0,2025-08-19 14:56:52.957247
2025-08-19,3360,2025081904015492,AKPL,Kumari Securities Private Limited,Dipshikha Dhitopatra Karobar Co. Pvt Ltd.,90,262.9,23661.0,2025-08-19 14:57:09.437107
2025-08-19,3359,2025081904015493,AKPL,Kumari Securities Private Limited,Sumeru Securities Pvt. Ltd.,150,262.9,39435.0,2025-08-19 14:57:09.437417
2025-08-19,3358,2025081904015494,AKPL,Kumari Securities Private Limited,N.M.B. SECURITIES LIMITED,2240,263.0,589120.0,2025-08-19 14:57:09.437538
2025-08-19,3357,2025081904015495,AKPL,Kumari Securities Private Limited,Citizens Share Broker Limited,1000,263.0,263000.0,2025-08-19 14:57:09.437664
2025-08-19,3187,2025081904015566,AKPL,Kumari Securities Private Limited,Dipshikha Dhitopatra Karobar Co. Pvt Ltd.,20,263.0,5260.0,2025-08-19 14:57:25.116643
2025-08-19,2811,2025081904015681,AKPL,Kumari Securities Private Limited,Capital Max Securities Ltd,100,263.0,26300.0,2025-08-19 14:57:52.316000
2025-08-19,1872,2025081904015938,AKPL,Aryatara Investment & Securities,Linch Stock Market Ltd.,50,263.0,13150.0,2025-08-19 14:58:55.968269
2025-08-19,1867,2025081904015939,AKPL,Kumari Securities Private Limited,Dipshikha Dhitopatra Karobar Co. Pvt Ltd.,100,263.3,26330.0,2025-08-19 14:58:56.364554
2025-08-19,1559,2025081904016042,AKPL,Sundhara Securities Limited,Capital Max Securities Ltd,500,263.0,131500.0,2025-08-19 14:59:11.729086
2025-08-19,1439,2025081904016081,AKPL,Naasa Securities Co. Ltd.,SUN SECURITIES PVT LTD,500,263.1,131550.0,2025-08-19 14:59:18.383772
2025-08-19,1368,2025081904016101,AKPL,Nepal Investment And Securities Trading Private Limited,Sundhara Securities Limited,100,263.0,26300.0,2025-08-19 14:59:21.488916
2025-08-19,1292,2025081904016117,AKPL,Ashutosh Brokerage & Securities (PVT) Ltd.,Sundhara Securities Limited,500,263.0,131500.0,2025-08-19 14:59:23.821356
2025-08-19,1286,2025081904016118,AKPL,Aryatara Investment & Securities,Sundhara Securities Limited,500,263.0,131500.0,2025-08-19 14:59:24.387413
2025-08-19,852,2025081904016251,AKPL,Dipshikha Dhitopatra Karobar Co. Pvt Ltd.,Miyo Securities Pvt Ltd,50,263.0,13150.0,2025-08-19 14:59:36.620618
2025-08-19,851,2025081904016252,AKPL,Secured Securities Ltd.,Miyo Securities Pvt Ltd,200,263.0,52600.0,2025-08-19 14:59:36.621195
2025-08-19,417,2025081904016348,AKPL,Nepal Investment And Securities Trading Private Limited,Miyo Securities Pvt Ltd,250,263.0,65750.0,2025-08-19 14:59:47.663193
2025-08-19,416,2025081904016349,AKPL,Nepal Investment And Securities Trading Private Limited,Capital Max Securities Ltd,250,263.0,65750.0,2025-08-19 14:59:47.663552
2025-08-19,300,2025081904016391,AKPL,Kumari Securities Private Limited,Capital Max Securities Ltd,400,263.0,105200.0,2025-08-19 14:59:51.413114
2025-08-19,117,2025081904016439,AKPL,Aryatara Investment & Securities,Capital Max Securities Ltd,350,263.0,92050.0,2025-08-19 14:59:56.993654
