Date,S.N.,Contract ID,Symbol,Buyer Broker,Seller Broker,quantity,rate,amount,transaction_time
2025-08-24,57960,2025082403000011,NLICL,Sipla Securities Private Limited,Trishakti Securities Public Limited,500,612.5,306250.0,2025-08-24 11:00:32.357839
2025-08-24,57763,2025082403000028,NLICL,Nepal Stock House (PVT) Ltd.,ABC Securities Private Limited,10,594.0,5940.0,2025-08-24 11:02:43.543488
2025-08-24,55775,2025082403000269,NLICL,ABC Securities Private Limited,Dynamic Money Managers Securities Pvt. Ltd.,10,619.0,6190.0,2025-08-24 11:14:36.213043
2025-08-24,54888,2025082403000415,NLICL,Dynamic Money Managers Securities Pvt. Ltd.,Cristal Kanchanjanga Securites Pvt. Ltd.,100,607.0,60700.0,2025-08-24 11:18:29.802321
2025-08-24,54026,2025082403000554,NLICL,Sewa Securities Pvt. Ltd.,Naasa Securities Co. Ltd.,10,600.2,6002.0,2025-08-24 11:23:04.211270
2025-08-24,52558,2025082403000739,NLICL,Nepal Stock House (PVT) Ltd.,Linch Stock Market Ltd.,12,600.2,7202.4,2025-08-24 11:30:06.623636
2025-08-24,52302,2025082403000766,NLICL,Nepal Stock House (PVT) Ltd.,Shree Krishna Securities Ltd.,91,600.5,54645.5,2025-08-24 11:31:19.940248
2025-08-24,51671,2025082403000857,NLICL,Naasa Securities Co. Ltd.,Naasa Securities Co. Ltd.,20,603.0,12060.0,2025-08-24 11:34:46.413033
2025-08-24,51504,2025082403000874,NLICL,Naasa Securities Co. Ltd.,K.B.L. Securities Limited ,17,603.0,10251.0,2025-08-24 11:35:51.289665
2025-08-24,50780,2025082403000961,NLICL,Naasa Securities Co. Ltd.,Dipshikha Dhitopatra Karobar Co. Pvt Ltd.,20,604.0,12080.0,2025-08-24 11:39:52.116559
2025-08-24,50769,2025082403000964,NLICL,Naasa Securities Co. Ltd.,Dynamic Money Managers Securities Pvt. Ltd.,10,603.0,6030.0,2025-08-24 11:39:57.223308
2025-08-24,49769,2025082403001147,NLICL,Machhapuchchhre Securities Limited,Trishakti Securities Public Limited,100,600.3,60030.0,2025-08-24 11:44:39.234535
2025-08-24,49674,2025082403001157,NLICL,Nepal Stock House (PVT) Ltd.,Trishakti Securities Public Limited,12,600.2,7202.4,2025-08-24 11:45:12.496612
2025-08-24,49668,2025082403001158,NLICL,Nepal Stock House (PVT) Ltd.,Dynamic Money Managers Securities Pvt. Ltd.,80,600.2,48016.0,2025-08-24 11:45:13.891439
2025-08-24,46211,2025082403001652,NLICL,Naasa Securities Co. Ltd.,Malla & Malla Stock Broking Company Pvt. Limited,50,600.3,30015.0,2025-08-24 12:02:54.951166
2025-08-24,46108,2025082403001672,NLICL,Nepal Stock House (PVT) Ltd.,Malla & Malla Stock Broking Company Pvt. Limited,58,600.2,34811.6,2025-08-24 12:03:31.158703
2025-08-24,45023,2025082403001851,NLICL,Naasa Securities Co. Ltd.,Dipshikha Dhitopatra Karobar Co. Pvt Ltd.,6,590.0,3540.0,2025-08-24 12:10:07.511265
2025-08-24,40420,2025082403002618,NLICL,Trisul Securities & Invt. Ltd.,Trishakti Securities Public Limited,32,603.8,19321.6,2025-08-24 12:36:38.013805
2025-08-24,40419,2025082403002619,NLICL,Trisul Securities & Invt. Ltd.,South Asian Bulls Pvt. Ltd.,60,603.9,36234.0,2025-08-24 12:36:38.013920
2025-08-24,39670,2025082403002728,NLICL,Aryatara Investment & Securities,J.F. Securites (PVT) Ltd.,9,600.0,5400.0,2025-08-24 12:40:33.789417
2025-08-24,39622,2025082403002752,NLICL,Premier Securities Company Ltd.,K.B.L. Securities Limited ,100,602.0,60200.0,2025-08-24 12:40:52.963176
2025-08-24,39045,2025082403002843,NLICL,Sani Securities Company Ltd.,Dipshikha Dhitopatra Karobar Co. Pvt Ltd.,10,604.0,6040.0,2025-08-24 12:44:14.741899
2025-08-24,38541,2025082403002941,NLICL,Creative Securities Pvt Ltd,Creative Securities Pvt Ltd,105,601.1,63115.5,2025-08-24 12:47:14.935387
2025-08-24,38060,2025082403003030,NLICL,Creative Securities Pvt Ltd,Vision Securities Pvt. Ltd,45,601.1,27049.5,2025-08-24 12:50:16.311820
2025-08-24,38059,2025082403003031,NLICL,Nepal Stock House (PVT) Ltd.,Vision Securities Pvt. Ltd,50,601.0,30050.0,2025-08-24 12:50:16.311949
2025-08-24,38058,2025082403003032,NLICL,Dynamic Money Managers Securities Pvt. Ltd.,Vision Securities Pvt. Ltd,41,601.0,24641.0,2025-08-24 12:50:16.312014
2025-08-24,36484,2025082403003352,NLICL,Bhrikuti Stock Broking Co. Pvt. Ltd.,Online Securities Pvt. Ltd.,5,589.0,2945.0,2025-08-24 12:56:50.177641
2025-08-24,36155,2025082403003415,NLICL,Aryatara Investment & Securities,Dipshikha Dhitopatra Karobar Co. Pvt Ltd.,2,590.0,1180.0,2025-08-24 12:58:12.697902
2025-08-24,36061,2025082403003422,NLICL,Aryatara Investment & Securities,Naasa Securities Co. Ltd.,2,590.0,1180.0,2025-08-24 12:58:32.931419
2025-08-24,36019,2025082403003424,NLICL,Aryatara Investment & Securities,Dipshikha Dhitopatra Karobar Co. Pvt Ltd.,2,590.0,1180.0,2025-08-24 12:58:44.001714
2025-08-24,32869,2025082403003903,NLICL,Nepal Stock House (PVT) Ltd.,Aryatara Investment & Securities,200,603.5,120700.0,2025-08-24 13:13:01.603343
2025-08-24,32820,2025082403003904,NLICL,Nepal Stock House (PVT) Ltd.,Dynamic Money Managers Securities Pvt. Ltd.,100,603.8,60380.0,2025-08-24 13:13:18.733356
2025-08-24,32819,2025082403003905,NLICL,Nepal Stock House (PVT) Ltd.,Kalika Securities Pvt. Ltd.,110,603.8,66418.0,2025-08-24 13:13:18.733479
2025-08-24,32365,2025082403003998,NLICL,Imperial Securities Company Pvt. Ltd.,Property Wiard Limited,50,603.9,30195.0,2025-08-24 13:15:36.848553
2025-08-24,32364,2025082403003999,NLICL,Imperial Securities Company Pvt. Ltd.,Dipshikha Dhitopatra Karobar Co. Pvt Ltd.,70,604.0,42280.0,2025-08-24 13:15:36.848669
2025-08-24,32363,2025082403004000,NLICL,Imperial Securities Company Pvt. Ltd.,Sagarmatha Securities Private Limited,13,604.0,7852.0,2025-08-24 13:15:36.848722
2025-08-24,30551,2025082403004277,NLICL,Imperial Securities Company Pvt. Ltd.,Dakshinkali Investment & Securities Pvt. Ltd.,200,604.0,120800.0,2025-08-24 13:23:25.455561
2025-08-24,28102,2025082403004691,NLICL,Imperial Securities Company Pvt. Ltd.,Sumeru Securities Pvt. Ltd.,39,604.0,23556.0,2025-08-24 13:37:02.605515
2025-08-24,28088,2025082403004695,NLICL,Imperial Securities Company Pvt. Ltd.,Sri Hari Securities Pvt. Ltd.,59,604.0,35636.0,2025-08-24 13:37:07.346418
2025-08-24,26558,2025082403004953,NLICL,Imperial Securities Company Pvt. Ltd.,Premier Securities Company Ltd.,69,604.0,41676.0,2025-08-24 13:45:39.234062
2025-08-24,26557,2025082403004954,NLICL,Market Securities & Exchange (PVT) Ltd.,Premier Securities Company Ltd.,31,604.0,18724.0,2025-08-24 13:45:39.234281
2025-08-24,25408,2025082403005098,NLICL,Oxford Securities Pvt. Ltd.,Online Securities Pvt. Ltd.,12,606.0,7272.0,2025-08-24 13:50:37.391196
2025-08-24,25407,2025082403005099,NLICL,Oxford Securities Pvt. Ltd.,Roadshow securities limited,65,607.9,39513.5,2025-08-24 13:50:37.391441
2025-08-24,20717,2025082403006038,NLICL,Market Securities & Exchange (PVT) Ltd.,Roadshow securities limited,29,604.0,17516.0,2025-08-24 14:08:42.049072
2025-08-24,20399,2025082403006100,NLICL,Naasa Securities Co. Ltd.,Roadshow securities limited,11,604.0,6644.0,2025-08-24 14:09:46.205910
2025-08-24,15393,2025082403007020,NLICL,Sani Securities Company Ltd.,Imperial Securities Company Pvt. Ltd.,10,605.0,6050.0,2025-08-24 14:26:11.895116
2025-08-24,11470,2025082403007789,NLICL,Cristal Kanchanjanga Securites Pvt. Ltd.,ABC Securities Private Limited,5,593.0,2965.0,2025-08-24 14:39:10.894836
2025-08-24,10138,2025082403007993,NLICL,Nepal Investment And Securities Trading Private Limited,Imperial Securities Company Pvt. Ltd.,21,602.0,12642.0,2025-08-24 14:43:34.525359
2025-08-24,10137,2025082403007994,NLICL,Dipshikha Dhitopatra Karobar Co. Pvt Ltd.,Imperial Securities Company Pvt. Ltd.,469,602.0,282338.0,2025-08-24 14:43:34.525602
2025-08-24,9143,2025082403008154,NLICL,Vision Securities Pvt. Ltd,Oxford Securities Pvt. Ltd.,10,604.9,6049.0,2025-08-24 14:45:55.464124
2025-08-24,6816,2025082403008559,NLICL,Dipshikha Dhitopatra Karobar Co. Pvt Ltd.,Premier Securities Company Ltd.,31,604.0,18724.0,2025-08-24 14:50:39.617831
2025-08-24,6815,2025082403008560,NLICL,Naasa Securities Co. Ltd.,Premier Securities Company Ltd.,73,602.0,43946.0,2025-08-24 14:50:39.617979
2025-08-24,5510,2025082403008821,NLICL,Naasa Securities Co. Ltd.,Deevyaa Securities & Stock House Pvt. Ltd,90,602.0,54180.0,2025-08-24 14:53:00.159909
2025-08-24,5183,2025082403008889,NLICL,Nepal Stock House (PVT) Ltd.,Deevyaa Securities & Stock House Pvt. Ltd,10,601.7,6017.0,2025-08-24 14:53:38.383826
2025-08-24,4414,2025082403009033,NLICL,Nepal Stock House (PVT) Ltd.,Trishakti Securities Public Limited,190,601.7,114323.0,2025-08-24 14:55:00.807119
2025-08-24,4413,2025082403009034,NLICL,Dipshikha Dhitopatra Karobar Co. Pvt Ltd.,Trishakti Securities Public Limited,10,601.6,6016.0,2025-08-24 14:55:00.807284
2025-08-24,3838,2025082403009116,NLICL,Bhrikuti Stock Broking Co. Pvt. Ltd.,Thrive Brokerage House Pvt. Ltd,10,603.5,6035.0,2025-08-24 14:55:55.405358
2025-08-24,2464,2025082403009326,NLICL,Dipshikha Dhitopatra Karobar Co. Pvt Ltd.,Midas Stock Broking Company Private Limited,10,601.6,6016.0,2025-08-24 14:57:45.776198
2025-08-24,2016,2025082403009437,NLICL,Aryatara Investment & Securities,Online Securities Pvt. Ltd.,10,601.5,6015.0,2025-08-24 14:58:18.045019
2025-08-24,2015,2025082403009438,NLICL,Nepal Stock House (PVT) Ltd.,Online Securities Pvt. Ltd.,90,601.5,54135.0,2025-08-24 14:58:18.045140
2025-08-24,896,2025082403009681,NLICL,Nepal Stock House (PVT) Ltd.,J.F. Securites (PVT) Ltd.,10,601.5,6015.0,2025-08-24 14:59:26.808416
2025-08-24,895,2025082403009682,NLICL,Nepal Stock House (PVT) Ltd.,J.F. Securites (PVT) Ltd.,20,601.3,12026.0,2025-08-24 14:59:26.808591
2025-08-24,894,2025082403009683,NLICL,Nepal Stock House (PVT) Ltd.,J.F. Securites (PVT) Ltd.,60,601.2,36072.0,2025-08-24 14:59:26.808642
2025-08-24,893,2025082403009684,NLICL,Secured Securities Ltd.,J.F. Securites (PVT) Ltd.,10,601.1,6011.0,2025-08-24 14:59:26.808685
2025-08-24,892,2025082403009685,NLICL,Dynamic Money Managers Securities Pvt. Ltd.,J.F. Securites (PVT) Ltd.,50,601.0,30050.0,2025-08-24 14:59:26.808731
