Date,S.N.,Contract ID,Symbol,Buyer Broker,Seller Broker,volume,rate,amount,transaction_time
2025-09-28,39665,2025092805000045,MKJC,R.B.B. Securities Company Ltd,Trademow Securities Private Limited,500,593.2,296600.0,2025-09-28 11:01:29.806949
2025-09-28,39154,2025092805000153,MKJC,Pragyan Securities (PVT) Ltd.,Dipshikha Dhitopatra Karobar Co. Pvt Ltd.,50,605.0,30250.0,2025-09-28 11:04:32.742484
2025-09-28,38189,2025092805000355,MKJC,Indira securities pvt. ltd,Hatemalo Financial Services Private Limited,10,611.0,6110.0,2025-09-28 11:09:30.100010
2025-09-28,36440,2025092805000796,MKJC,Linch Stock Market Ltd.,Aryatara Investment & Securities,10,608.0,6080.0,2025-09-28 11:19:09.411738
2025-09-28,36275,2025092805000825,MKJC,Kohinoor Investment & Securities Pvt. Ltd.,Vision Securities Pvt. Ltd,500,602.2,301100.0,2025-09-28 11:20:00.059171
2025-09-28,36274,2025092805000826,MKJC,Kohinoor Investment & Securities Pvt. Ltd.,Vision Securities Pvt. Ltd,500,602.2,301100.0,2025-09-28 11:20:00.059408
2025-09-28,35863,2025092805000886,MKJC,Sri Hari Securities Pvt. Ltd.,Elite Stock House Limited,100,602.3,60230.0,2025-09-28 11:21:55.737468
2025-09-28,35792,2025092805000905,MKJC,Sundhara Securities Limited,Vision Securities Pvt. Ltd,200,603.0,120600.0,2025-09-28 11:22:12.608396
2025-09-28,35791,2025092805000906,MKJC,Kohinoor Investment & Securities Pvt. Ltd.,Vision Securities Pvt. Ltd,600,602.2,361320.0,2025-09-28 11:22:12.608488
2025-09-28,35790,2025092805000907,MKJC,Sumeru Securities Pvt. Ltd.,Vision Securities Pvt. Ltd,100,602.1,60210.0,2025-09-28 11:22:12.608559
2025-09-28,35789,2025092805000908,MKJC,Pragyan Securities (PVT) Ltd.,Vision Securities Pvt. Ltd,300,602.0,180600.0,2025-09-28 11:22:12.608637
2025-09-28,35788,2025092805000909,MKJC,Hatemalo Financial Services Private Limited,Vision Securities Pvt. Ltd,236,601.0,141836.0,2025-09-28 11:22:12.608714
2025-09-28,34538,2025092805001161,MKJC,Imperial Securities Company Pvt. Ltd.,Market Securities & Exchange (PVT) Ltd.,50,603.0,30150.0,2025-09-28 11:28:15.435211
2025-09-28,34536,2025092805001162,MKJC,Stoxkarts Securities Limited,Hatemalo Financial Services Private Limited,40,605.0,24200.0,2025-09-28 11:28:16.749891
2025-09-28,34535,2025092805001163,MKJC,Stoxkarts Securities Limited,Cristal Kanchanjanga Securites Pvt. Ltd.,20,605.8,12116.0,2025-09-28 11:28:16.750130
2025-09-28,34534,2025092805001164,MKJC,Stoxkarts Securities Limited,Deevyaa Securities & Stock House Pvt. Ltd,20,606.0,12120.0,2025-09-28 11:28:16.750280
2025-09-28,34533,2025092805001165,MKJC,Stoxkarts Securities Limited,Asian Securities Private Ltd.,175,606.9,106207.5,2025-09-28 11:28:16.750444
2025-09-28,34532,2025092805001166,MKJC,Stoxkarts Securities Limited,Linch Stock Market Ltd.,745,607.0,452215.0,2025-09-28 11:28:16.750496
2025-09-28,33699,2025092805001381,MKJC,Sumeru Securities Pvt. Ltd.,Aryatara Investment & Securities,50,605.0,30250.0,2025-09-28 11:33:49.284635
2025-09-28,33471,2025092805001447,MKJC,Indira securities pvt. ltd,Linch Stock Market Ltd.,10,607.0,6070.0,2025-09-28 11:35:00.789706
2025-09-28,33230,2025092805001522,MKJC,Aryatara Investment & Securities,Naasa Securities Co. Ltd.,1000,603.2,603200.0,2025-09-28 11:36:29.032874
2025-09-28,33152,2025092805001553,MKJC,Property Wiard Limited,Sumeru Securities Pvt. Ltd.,20,603.2,12064.0,2025-09-28 11:36:46.285121
2025-09-28,33151,2025092805001554,MKJC,Agrawal Securities (PVT) Ltd.,Sumeru Securities Pvt. Ltd.,500,603.1,301550.0,2025-09-28 11:36:46.285397
2025-09-28,33150,2025092805001555,MKJC,Agrawal Securities (PVT) Ltd.,Sumeru Securities Pvt. Ltd.,480,603.1,289488.0,2025-09-28 11:36:46.285547
2025-09-28,33080,2025092805001566,MKJC,Sumeru Securities Pvt. Ltd.,Sumeru Securities Pvt. Ltd.,300,603.2,180960.0,2025-09-28 11:37:19.075652
2025-09-28,33079,2025092805001567,MKJC,Agrawal Securities (PVT) Ltd.,Sumeru Securities Pvt. Ltd.,270,603.1,162837.0,2025-09-28 11:37:19.075816
2025-09-28,33078,2025092805001568,MKJC,Agrawal Securities (PVT) Ltd.,Sumeru Securities Pvt. Ltd.,430,603.1,259333.0,2025-09-28 11:37:19.075871
2025-09-28,33019,2025092805001584,MKJC,J.F. Securites (PVT) Ltd.,Market Securities & Exchange (PVT) Ltd.,10,603.2,6032.0,2025-09-28 11:37:51.394677
2025-09-28,32902,2025092805001619,MKJC,Agrawal Securities (PVT) Ltd.,Market Securities & Exchange (PVT) Ltd.,40,603.1,24124.0,2025-09-28 11:38:38.616395
2025-09-28,32763,2025092805001648,MKJC,Agrawal Securities (PVT) Ltd.,Sumeru Securities Pvt. Ltd.,280,603.1,168868.0,2025-09-28 11:39:21.708593
2025-09-28,32762,2025092805001649,MKJC,Imperial Securities Company Pvt. Ltd.,Sumeru Securities Pvt. Ltd.,150,603.0,90450.0,2025-09-28 11:39:21.708690
2025-09-28,32761,2025092805001650,MKJC,Hatemalo Financial Services Private Limited,Sumeru Securities Pvt. Ltd.,264,603.0,159192.0,2025-09-28 11:39:21.708768
2025-09-28,32760,2025092805001651,MKJC,Stoxkarts Securities Limited,Sumeru Securities Pvt. Ltd.,1306,601.4,785428.4,2025-09-28 11:39:21.708844
2025-09-28,32251,2025092805001743,MKJC,Sani Securities Company Ltd.,Hatemalo Financial Services Private Limited,50,604.9,30245.0,2025-09-28 11:42:40.473836
2025-09-28,32250,2025092805001744,MKJC,Sani Securities Company Ltd.,Infinity Securities Limited,150,604.9,90735.0,2025-09-28 11:42:40.473977
2025-09-28,31268,2025092805001986,MKJC,Aryatara Investment & Securities,Market Securities & Exchange (PVT) Ltd.,40,602.0,24080.0,2025-09-28 11:49:54.974396
2025-09-28,31258,2025092805001990,MKJC,Aryatara Investment & Securities,Dynamic Money Managers Securities Pvt. Ltd.,100,602.0,60200.0,2025-09-28 11:50:00.717337
2025-09-28,30401,2025092805002194,MKJC,Aryatara Investment & Securities,Premier Securities Company Ltd.,10,602.0,6020.0,2025-09-28 11:55:39.115521
2025-09-28,29488,2025092805002431,MKJC,South Asian Bulls Pvt. Ltd.,Indira securities pvt. ltd,100,603.0,60300.0,2025-09-28 12:01:26.760043
2025-09-28,29468,2025092805002436,MKJC,Sumeru Securities Pvt. Ltd.,Indira securities pvt. ltd,400,603.0,241200.0,2025-09-28 12:01:39.126877
2025-09-28,29316,2025092805002482,MKJC,Sumeru Securities Pvt. Ltd.,Infinity Securities Limited,170,604.9,102833.0,2025-09-28 12:02:55.180062
2025-09-28,29006,2025092805002545,MKJC,Sumeru Securities Pvt. Ltd.,ABC Securities Private Limited,100,604.8,60480.0,2025-09-28 12:05:06.317059
2025-09-28,28953,2025092805002556,MKJC,Sumeru Securities Pvt. Ltd.,Infinity Securities Limited,100,604.9,60490.0,2025-09-28 12:05:28.043879
2025-09-28,28559,2025092805002693,MKJC,Sumeru Securities Pvt. Ltd.,Infinity Securities Limited,110,604.9,66539.0,2025-09-28 12:08:34.848152
2025-09-28,28558,2025092805002694,MKJC,Sumeru Securities Pvt. Ltd.,Naasa Securities Co. Ltd.,229,604.9,138522.1,2025-09-28 12:08:34.848227
2025-09-28,28527,2025092805002708,MKJC,Sumeru Securities Pvt. Ltd.,Market Securities & Exchange (PVT) Ltd.,100,602.1,60210.0,2025-09-28 12:08:49.307333
2025-09-28,28331,2025092805002763,MKJC,Aryatara Investment & Securities,Nagarik Stock Dealer ,15,605.0,9075.0,2025-09-28 12:10:36.130527
2025-09-28,26614,2025092805003152,MKJC,Sumeru Securities Pvt. Ltd.,Investment Management Nepal Pvt. Ltd.,100,601.6,60160.0,2025-09-28 12:23:32.355140
2025-09-28,26545,2025092805003180,MKJC,Sri Hari Securities Pvt. Ltd.,Investment Management Nepal Pvt. Ltd.,2900,601.6,1744640.0,2025-09-28 12:23:55.738883
2025-09-28,26372,2025092805003226,MKJC,Kohinoor Investment & Securities Pvt. Ltd.,Investment Management Nepal Pvt. Ltd.,490,601.5,294735.0,2025-09-28 12:25:10.688185
2025-09-28,26371,2025092805003227,MKJC,Stoxkarts Securities Limited,Investment Management Nepal Pvt. Ltd.,694,601.4,417371.6,2025-09-28 12:25:10.688384
2025-09-28,26370,2025092805003228,MKJC,SUN SECURITIES PVT LTD,Investment Management Nepal Pvt. Ltd.,500,601.0,300500.0,2025-09-28 12:25:10.688555
2025-09-28,26369,2025092805003229,MKJC,Naasa Securities Co. Ltd.,Investment Management Nepal Pvt. Ltd.,10,600.8,6008.0,2025-09-28 12:25:10.688641
2025-09-28,26368,2025092805003230,MKJC,Sumeru Securities Pvt. Ltd.,Investment Management Nepal Pvt. Ltd.,1000,600.8,600800.0,2025-09-28 12:25:10.688741
2025-09-28,26367,2025092805003231,MKJC,Naasa Securities Co. Ltd.,Investment Management Nepal Pvt. Ltd.,10,600.7,6007.0,2025-09-28 12:25:10.688939
2025-09-28,26366,2025092805003232,MKJC,Sumeru Securities Pvt. Ltd.,Investment Management Nepal Pvt. Ltd.,296,600.7,177807.2,2025-09-28 12:25:10.689111
2025-09-28,26299,2025092805003249,MKJC,Sumeru Securities Pvt. Ltd.,Sani Securities Company Ltd.,200,600.7,120140.0,2025-09-28 12:25:54.918434
2025-09-28,26158,2025092805003283,MKJC,Sumeru Securities Pvt. Ltd.,Investment Management Nepal Pvt. Ltd.,504,600.7,302752.8,2025-09-28 12:26:47.227432
2025-09-28,26100,2025092805003298,MKJC,Sumeru Securities Pvt. Ltd.,Market Securities & Exchange (PVT) Ltd.,500,600.5,300250.0,2025-09-28 12:27:14.026860
2025-09-28,26094,2025092805003300,MKJC,Sri Hari Securities Pvt. Ltd.,Investment Management Nepal Pvt. Ltd.,900,600.7,540630.0,2025-09-28 12:27:15.208224
2025-09-28,25984,2025092805003328,MKJC,Sumeru Securities Pvt. Ltd.,Dynamic Money Managers Securities Pvt. Ltd.,500,600.6,300300.0,2025-09-28 12:28:00.472274
2025-09-28,25906,2025092805003339,MKJC,Sumeru Securities Pvt. Ltd.,Online Securities Pvt. Ltd.,10,600.5,6005.0,2025-09-28 12:28:27.715351
2025-09-28,25818,2025092805003361,MKJC,Sumeru Securities Pvt. Ltd.,Sani Securities Company Ltd.,52,600.5,31226.0,2025-09-28 12:28:55.063210
2025-09-28,25766,2025092805003380,MKJC,Sumeru Securities Pvt. Ltd.,Vision Securities Pvt. Ltd,438,600.5,263019.0,2025-09-28 12:29:15.833324
2025-09-28,25765,2025092805003381,MKJC,Aryatara Investment & Securities,Vision Securities Pvt. Ltd,2000,600.0,1200000.0,2025-09-28 12:29:15.833367
2025-09-28,25764,2025092805003382,MKJC,Hatemalo Financial Services Private Limited,Vision Securities Pvt. Ltd,62,599.0,37138.0,2025-09-28 12:29:15.833407
2025-09-28,25436,2025092805003465,MKJC,Sri Hari Securities Pvt. Ltd.,Vision Securities Pvt. Ltd,700,600.0,420000.0,2025-09-28 12:31:22.807794
2025-09-28,25404,2025092805003471,MKJC,Hatemalo Financial Services Private Limited,Investment Management Nepal Pvt. Ltd.,38,599.0,22762.0,2025-09-28 12:31:47.462821
2025-09-28,25343,2025092805003483,MKJC,Sumeru Securities Pvt. Ltd.,Sharepro Securities Private Limited,200,598.0,119600.0,2025-09-28 12:32:02.086374
2025-09-28,25342,2025092805003484,MKJC,Sumeru Securities Pvt. Ltd.,Sharepro Securities Private Limited,100,597.0,59700.0,2025-09-28 12:32:02.086494
2025-09-28,25341,2025092805003485,MKJC,Sumeru Securities Pvt. Ltd.,Sharepro Securities Private Limited,100,597.0,59700.0,2025-09-28 12:32:02.086551
2025-09-28,24980,2025092805003587,MKJC,Siprabi Securities Pvt. Ltd.,Nepal Stock House (PVT) Ltd.,150,597.0,89550.0,2025-09-28 12:34:18.103415
2025-09-28,21884,2025092805004388,MKJC,Sani Securities Company Ltd.,Dipshikha Dhitopatra Karobar Co. Pvt Ltd.,30,600.0,18000.0,2025-09-28 12:55:20.348723
2025-09-28,21883,2025092805004389,MKJC,Siprabi Securities Pvt. Ltd.,Dipshikha Dhitopatra Karobar Co. Pvt Ltd.,70,600.0,42000.0,2025-09-28 12:55:20.349013
2025-09-28,21881,2025092805004390,MKJC,Siprabi Securities Pvt. Ltd.,Kumari Securities Private Limited,100,600.0,60000.0,2025-09-28 12:55:21.012785
2025-09-28,21747,2025092805004444,MKJC,R.B.B. Securities Company Ltd,ABC Securities Private Limited,50,600.1,30005.0,2025-09-28 12:56:38.931139
2025-09-28,21746,2025092805004445,MKJC,Siprabi Securities Pvt. Ltd.,ABC Securities Private Limited,150,600.0,90000.0,2025-09-28 12:56:38.931421
2025-09-28,21019,2025092805004589,MKJC,Naasa Securities Co. Ltd.,Midas Stock Broking Company Private Limited,175,604.4,105770.0,2025-09-28 13:02:31.778938
2025-09-28,21018,2025092805004590,MKJC,Naasa Securities Co. Ltd.,ABC Securities Private Limited,200,604.5,120900.0,2025-09-28 13:02:31.779084
2025-09-28,21017,2025092805004591,MKJC,Naasa Securities Co. Ltd.,Sharepro Securities Private Limited,38,604.6,22974.8,2025-09-28 13:02:31.779153
2025-09-28,21016,2025092805004592,MKJC,Naasa Securities Co. Ltd.,Nagarik Stock Dealer ,587,604.6,354900.2,2025-09-28 13:02:31.779222
2025-09-28,20955,2025092805004606,MKJC,Sani Securities Company Ltd.,Nagarik Stock Dealer ,800,604.6,483680.0,2025-09-28 13:02:57.182061
2025-09-28,20932,2025092805004609,MKJC,Sani Securities Company Ltd.,Nagarik Stock Dealer ,800,604.6,483680.0,2025-09-28 13:03:06.012753
2025-09-28,20922,2025092805004614,MKJC,Sani Securities Company Ltd.,Nagarik Stock Dealer ,800,604.6,483680.0,2025-09-28 13:03:11.415870
2025-09-28,20907,2025092805004620,MKJC,Sani Securities Company Ltd.,Nagarik Stock Dealer ,800,604.6,483680.0,2025-09-28 13:03:17.945589
2025-09-28,20894,2025092805004626,MKJC,Sani Securities Company Ltd.,Nagarik Stock Dealer ,800,604.6,483680.0,2025-09-28 13:03:25.791654
2025-09-28,20836,2025092805004652,MKJC,Sani Securities Company Ltd.,Nagarik Stock Dealer ,398,604.6,240630.8,2025-09-28 13:03:45.189430
2025-09-28,20835,2025092805004653,MKJC,Sani Securities Company Ltd.,Kumari Securities Private Limited,100,605.0,60500.0,2025-09-28 13:03:45.189601
2025-09-28,20582,2025092805004713,MKJC,Naasa Securities Co. Ltd.,Naasa Securities Co. Ltd.,10,605.0,6050.0,2025-09-28 13:05:36.133374
2025-09-28,20581,2025092805004714,MKJC,Naasa Securities Co. Ltd.,Shree Krishna Securities Ltd.,20,606.9,12138.0,2025-09-28 13:05:36.133417
2025-09-28,20383,2025092805004773,MKJC,Sumeru Securities Pvt. Ltd.,Investment Management Nepal Pvt. Ltd.,8,600.1,4800.8,2025-09-28 13:07:24.471900
2025-09-28,19978,2025092805004873,MKJC,Imperial Securities Company Pvt. Ltd.,Asian Securities Private Ltd.,500,606.0,303000.0,2025-09-28 13:10:16.039991
2025-09-28,19764,2025092805004929,MKJC,Vision Securities Pvt. Ltd,Sri Hari Securities Pvt. Ltd.,50,605.0,30250.0,2025-09-28 13:12:22.157638
2025-09-28,19763,2025092805004930,MKJC,Sumeru Securities Pvt. Ltd.,Sri Hari Securities Pvt. Ltd.,500,603.0,301500.0,2025-09-28 13:12:22.157840
2025-09-28,19762,2025092805004931,MKJC,Nabil Stock Dealer Ltd.,Sri Hari Securities Pvt. Ltd.,500,602.0,301000.0,2025-09-28 13:12:22.157908
2025-09-28,19761,2025092805004932,MKJC,Nagarik Stock Dealer ,Sri Hari Securities Pvt. Ltd.,3450,602.0,2076900.0,2025-09-28 13:12:22.157967
2025-09-28,19481,2025092805004989,MKJC,Sani Securities Company Ltd.,Capital Max Securities Ltd,10,605.0,6050.0,2025-09-28 13:14:34.972219
2025-09-28,19025,2025092805005092,MKJC,Imperial Securities Company Pvt. Ltd.,Capital Max Securities Ltd,300,605.0,181500.0,2025-09-28 13:17:57.842055
2025-09-28,18958,2025092805005112,MKJC,Sumeru Securities Pvt. Ltd.,Capital Max Securities Ltd,490,605.0,296450.0,2025-09-28 13:18:41.865815
2025-09-28,18957,2025092805005113,MKJC,Sumeru Securities Pvt. Ltd.,Capital Max Securities Ltd,10,605.0,6050.0,2025-09-28 13:18:41.866117
2025-09-28,18787,2025092805005156,MKJC,Sani Securities Company Ltd.,Capital Max Securities Ltd,490,605.0,296450.0,2025-09-28 13:20:14.423707
2025-09-28,18786,2025092805005157,MKJC,Sani Securities Company Ltd.,Indira securities pvt. ltd,10,605.9,6059.0,2025-09-28 13:20:14.423996
2025-09-28,18434,2025092805005247,MKJC,Sani Securities Company Ltd.,Cristal Kanchanjanga Securites Pvt. Ltd.,50,604.9,30245.0,2025-09-28 13:23:22.903571
2025-09-28,18433,2025092805005248,MKJC,Sani Securities Company Ltd.,Sri Hari Securities Pvt. Ltd.,200,605.0,121000.0,2025-09-28 13:23:22.903809
2025-09-28,18249,2025092805005318,MKJC,Sani Securities Company Ltd.,Sri Hari Securities Pvt. Ltd.,250,605.0,151250.0,2025-09-28 13:24:48.412958
2025-09-28,17981,2025092805005394,MKJC,Shree Krishna Securities Ltd.,Sri Hari Securities Pvt. Ltd.,60,605.0,36300.0,2025-09-28 13:27:47.257525
2025-09-28,17980,2025092805005395,MKJC,Shree Krishna Securities Ltd.,Trademow Securities Private Limited,500,605.0,302500.0,2025-09-28 13:27:47.257836
2025-09-28,17888,2025092805005411,MKJC,Shree Krishna Securities Ltd.,Dynamic Money Managers Securities Pvt. Ltd.,33,605.0,19965.0,2025-09-28 13:29:03.212593
2025-09-28,17877,2025092805005415,MKJC,Shree Krishna Securities Ltd.,Dynamic Money Managers Securities Pvt. Ltd.,100,605.0,60500.0,2025-09-28 13:29:11.443518
2025-09-28,17866,2025092805005419,MKJC,Imperial Securities Company Pvt. Ltd.,Indira securities pvt. ltd,40,605.9,24236.0,2025-09-28 13:29:20.449183
2025-09-28,17865,2025092805005420,MKJC,Imperial Securities Company Pvt. Ltd.,Kumari Securities Private Limited,398,606.0,241188.0,2025-09-28 13:29:20.449537
2025-09-28,17864,2025092805005421,MKJC,Imperial Securities Company Pvt. Ltd.,Aryatara Investment & Securities,83,606.0,50298.0,2025-09-28 13:29:20.449715
2025-09-28,17857,2025092805005422,MKJC,Imperial Securities Company Pvt. Ltd.,Dynamic Money Managers Securities Pvt. Ltd.,100,606.0,60600.0,2025-09-28 13:29:25.014920
2025-09-28,17854,2025092805005423,MKJC,Sani Securities Company Ltd.,Indira securities pvt. ltd,100,606.9,60690.0,2025-09-28 13:29:27.081577
2025-09-28,17853,2025092805005424,MKJC,Sani Securities Company Ltd.,Linch Stock Market Ltd.,50,607.0,30350.0,2025-09-28 13:29:27.081749
2025-09-28,17741,2025092805005454,MKJC,Imperial Securities Company Pvt. Ltd.,Linch Stock Market Ltd.,195,607.0,118365.0,2025-09-28 13:30:26.798691
2025-09-28,17740,2025092805005455,MKJC,Imperial Securities Company Pvt. Ltd.,Vision Securities Pvt. Ltd,105,607.0,63735.0,2025-09-28 13:30:26.798905
2025-09-28,17738,2025092805005456,MKJC,Sani Securities Company Ltd.,Vision Securities Pvt. Ltd,895,607.0,543265.0,2025-09-28 13:30:28.784646
2025-09-28,17737,2025092805005457,MKJC,Sani Securities Company Ltd.,Cristal Kanchanjanga Securites Pvt. Ltd.,50,607.0,30350.0,2025-09-28 13:30:28.784831
2025-09-28,17702,2025092805005462,MKJC,Prabhu Stock Market Limited,Linch Stock Market Ltd.,1000,607.9,607900.0,2025-09-28 13:30:47.185079
2025-09-28,17701,2025092805005463,MKJC,Prabhu Stock Market Limited,Infinity Securities Limited,20,607.9,12158.0,2025-09-28 13:30:47.185237
2025-09-28,17700,2025092805005464,MKJC,Prabhu Stock Market Limited,Aryatara Investment & Securities,1000,608.0,608000.0,2025-09-28 13:30:47.185299
2025-09-28,17699,2025092805005465,MKJC,Prabhu Stock Market Limited,Midas Stock Broking Company Private Limited,50,608.0,30400.0,2025-09-28 13:30:47.185371
2025-09-28,17698,2025092805005466,MKJC,Prabhu Stock Market Limited,Indira securities pvt. ltd,930,608.0,565440.0,2025-09-28 13:30:47.185430
2025-09-28,17648,2025092805005481,MKJC,Prabhu Stock Market Limited,Indira securities pvt. ltd,70,608.0,42560.0,2025-09-28 13:31:13.183532
2025-09-28,17596,2025092805005484,MKJC,Vision Securities Pvt. Ltd,KALASH STOCK MARKET PVT. LTD.,100,608.9,60890.0,2025-09-28 13:31:17.141362
2025-09-28,17595,2025092805005485,MKJC,Vision Securities Pvt. Ltd,Indira securities pvt. ltd,200,609.7,121940.0,2025-09-28 13:31:17.141541
2025-09-28,17594,2025092805005486,MKJC,Vision Securities Pvt. Ltd,Indira securities pvt. ltd,90,609.9,54891.0,2025-09-28 13:31:17.141612
2025-09-28,17593,2025092805005487,MKJC,Vision Securities Pvt. Ltd,Indira securities pvt. ltd,100,610.0,61000.0,2025-09-28 13:31:17.141671
2025-09-28,17592,2025092805005488,MKJC,Vision Securities Pvt. Ltd,Nepal Stock House (PVT) Ltd.,10,610.0,6100.0,2025-09-28 13:31:17.141724
2025-09-28,17481,2025092805005505,MKJC,Kohinoor Investment & Securities Pvt. Ltd.,Nepal Stock House (PVT) Ltd.,483,610.0,294630.0,2025-09-28 13:32:09.213760
2025-09-28,17480,2025092805005506,MKJC,Kohinoor Investment & Securities Pvt. Ltd.,Prabhu Stock Market Limited,10,610.0,6100.0,2025-09-28 13:32:09.213901
2025-09-28,17479,2025092805005507,MKJC,Kohinoor Investment & Securities Pvt. Ltd.,Naasa Securities Co. Ltd.,10,610.0,6100.0,2025-09-28 13:32:09.213956
2025-09-28,17478,2025092805005508,MKJC,Kohinoor Investment & Securities Pvt. Ltd.,Siprabi Securities Pvt. Ltd.,10,610.0,6100.0,2025-09-28 13:32:09.214018
2025-09-28,17477,2025092805005509,MKJC,Kohinoor Investment & Securities Pvt. Ltd.,Linch Stock Market Ltd.,104,610.0,63440.0,2025-09-28 13:32:09.214073
2025-09-28,17476,2025092805005510,MKJC,Kohinoor Investment & Securities Pvt. Ltd.,Sumeru Securities Pvt. Ltd.,200,610.0,122000.0,2025-09-28 13:32:09.214129
2025-09-28,17475,2025092805005511,MKJC,Kohinoor Investment & Securities Pvt. Ltd.,Sumeru Securities Pvt. Ltd.,500,610.0,305000.0,2025-09-28 13:32:09.214183
2025-09-28,17474,2025092805005512,MKJC,Kohinoor Investment & Securities Pvt. Ltd.,Primo Securities (PVT) Ltd.,100,610.9,61090.0,2025-09-28 13:32:09.214238
2025-09-28,17473,2025092805005513,MKJC,Kohinoor Investment & Securities Pvt. Ltd.,Imperial Securities Company Pvt. Ltd.,200,611.0,122200.0,2025-09-28 13:32:09.214290
2025-09-28,17472,2025092805005514,MKJC,Kohinoor Investment & Securities Pvt. Ltd.,Deevyaa Securities & Stock House Pvt. Ltd,100,611.0,61100.0,2025-09-28 13:32:09.214360
2025-09-28,17471,2025092805005515,MKJC,Kohinoor Investment & Securities Pvt. Ltd.,Asian Securities Private Ltd.,10,611.0,6110.0,2025-09-28 13:32:09.214415
2025-09-28,17470,2025092805005516,MKJC,Kohinoor Investment & Securities Pvt. Ltd.,Vision Securities Pvt. Ltd,40,611.0,24440.0,2025-09-28 13:32:09.214473
2025-09-28,17469,2025092805005517,MKJC,Kohinoor Investment & Securities Pvt. Ltd.,Sani Securities Company Ltd.,200,611.0,122200.0,2025-09-28 13:32:09.214525
2025-09-28,17468,2025092805005518,MKJC,Kohinoor Investment & Securities Pvt. Ltd.,Trademow Securities Private Limited,133,612.0,81396.0,2025-09-28 13:32:09.214572
2025-09-28,17251,2025092805005561,MKJC,Thrive Brokerage House Pvt. Ltd,Trademow Securities Private Limited,367,612.0,224604.0,2025-09-28 13:34:13.055692
2025-09-28,17250,2025092805005562,MKJC,Thrive Brokerage House Pvt. Ltd,Premier Securities Company Ltd.,500,612.0,306000.0,2025-09-28 13:34:13.055964
2025-09-28,17249,2025092805005563,MKJC,Thrive Brokerage House Pvt. Ltd,Indira securities pvt. ltd,133,612.0,81396.0,2025-09-28 13:34:13.056123
2025-09-28,17185,2025092805005569,MKJC,Vision Securities Pvt. Ltd,Sewa Securities Pvt. Ltd.,500,610.0,305000.0,2025-09-28 13:34:39.891364
2025-09-28,17165,2025092805005582,MKJC,Asian Securities Private Ltd.,Sewa Securities Pvt. Ltd.,300,610.0,183000.0,2025-09-28 13:34:47.177121
2025-09-28,17131,2025092805005593,MKJC,Asian Securities Private Ltd.,Market Securities & Exchange (PVT) Ltd.,100,610.0,61000.0,2025-09-28 13:35:05.342027
2025-09-28,17095,2025092805005610,MKJC,Sani Securities Company Ltd.,Indira securities pvt. ltd,82,612.0,50184.0,2025-09-28 13:35:15.598578
2025-09-28,17094,2025092805005611,MKJC,Sani Securities Company Ltd.,Investment Management Nepal Pvt. Ltd.,18,613.0,11034.0,2025-09-28 13:35:15.598717
2025-09-28,17034,2025092805005624,MKJC,N.I.M.B. Stock Markets Limited,Investment Management Nepal Pvt. Ltd.,82,613.0,50266.0,2025-09-28 13:35:54.320492
2025-09-28,17033,2025092805005625,MKJC,N.I.M.B. Stock Markets Limited,Elite Stock House Limited,300,613.0,183900.0,2025-09-28 13:35:54.320737
2025-09-28,17032,2025092805005626,MKJC,N.I.M.B. Stock Markets Limited,Kumari Securities Private Limited,150,614.0,92100.0,2025-09-28 13:35:54.320913
2025-09-28,17031,2025092805005627,MKJC,N.I.M.B. Stock Markets Limited,Dipshikha Dhitopatra Karobar Co. Pvt Ltd.,100,614.0,61400.0,2025-09-28 13:35:54.321057
2025-09-28,17030,2025092805005628,MKJC,N.I.M.B. Stock Markets Limited,Elite Stock House Limited,300,614.0,184200.0,2025-09-28 13:35:54.321195
2025-09-28,17029,2025092805005629,MKJC,N.I.M.B. Stock Markets Limited,Online Securities Pvt. Ltd.,60,614.0,36840.0,2025-09-28 13:35:54.321358
2025-09-28,17028,2025092805005630,MKJC,N.I.M.B. Stock Markets Limited,Imperial Securities Company Pvt. Ltd.,50,614.0,30700.0,2025-09-28 13:35:54.321501
2025-09-28,17027,2025092805005631,MKJC,N.I.M.B. Stock Markets Limited,Dynamic Money Managers Securities Pvt. Ltd.,253,614.0,155342.0,2025-09-28 13:35:54.321657
2025-09-28,16987,2025092805005639,MKJC,Naasa Securities Co. Ltd.,Dynamic Money Managers Securities Pvt. Ltd.,47,614.0,28858.0,2025-09-28 13:36:16.803059
2025-09-28,16986,2025092805005640,MKJC,Naasa Securities Co. Ltd.,Sani Securities Company Ltd.,13,615.0,7995.0,2025-09-28 13:36:16.803152
2025-09-28,16980,2025092805005641,MKJC,R.B.B. Securities Company Ltd,Elite Stock House Limited,50,613.0,30650.0,2025-09-28 13:36:19.193400
2025-09-28,16846,2025092805005681,MKJC,Cristal Kanchanjanga Securites Pvt. Ltd.,Sani Securities Company Ltd.,219,615.0,134685.0,2025-09-28 13:37:12.930026
2025-09-28,16845,2025092805005682,MKJC,Cristal Kanchanjanga Securites Pvt. Ltd.,Sundhara Securities Limited,100,615.0,61500.0,2025-09-28 13:37:12.930280
2025-09-28,16844,2025092805005683,MKJC,Cristal Kanchanjanga Securites Pvt. Ltd.,Sundhara Securities Limited,100,615.0,61500.0,2025-09-28 13:37:12.930450
2025-09-28,16843,2025092805005684,MKJC,Cristal Kanchanjanga Securites Pvt. Ltd.,Imperial Securities Company Pvt. Ltd.,150,615.0,92250.0,2025-09-28 13:37:12.930607
2025-09-28,16842,2025092805005685,MKJC,Cristal Kanchanjanga Securites Pvt. Ltd.,Oxford Securities Pvt. Ltd.,241,615.0,148215.0,2025-09-28 13:37:12.930749
2025-09-28,16784,2025092805005697,MKJC,KALASH STOCK MARKET PVT. LTD.,Oxford Securities Pvt. Ltd.,500,615.0,307500.0,2025-09-28 13:37:48.179287
2025-09-28,16782,2025092805005698,MKJC,Thrive Brokerage House Pvt. Ltd,Oxford Securities Pvt. Ltd.,259,615.0,159285.0,2025-09-28 13:37:49.625169
2025-09-28,16781,2025092805005699,MKJC,Thrive Brokerage House Pvt. Ltd,Thrive Brokerage House Pvt. Ltd,25,615.0,15375.0,2025-09-28 13:37:49.625428
2025-09-28,16780,2025092805005700,MKJC,Thrive Brokerage House Pvt. Ltd,Kohinoor Investment & Securities Pvt. Ltd.,216,615.0,132840.0,2025-09-28 13:37:49.625582
2025-09-28,16388,2025092805005827,MKJC,R.B.B. Securities Company Ltd,Trademow Securities Private Limited,20,614.0,12280.0,2025-09-28 13:41:05.249263
2025-09-28,16149,2025092805005898,MKJC,Trishakti Securities Public Limited,Infinity Securities Limited,100,612.0,61200.0,2025-09-28 13:43:34.362179
2025-09-28,15678,2025092805006068,MKJC,Sani Securities Company Ltd.,Nagarik Stock Dealer ,50,612.0,30600.0,2025-09-28 13:47:07.100827
2025-09-28,15647,2025092805006071,MKJC,Capital Max Securities Ltd,Nagarik Stock Dealer ,366,612.0,223992.0,2025-09-28 13:47:12.557504
2025-09-28,15644,2025092805006072,MKJC,Magnet Securities and Investment Company Private Limited,Nagarik Stock Dealer ,134,612.0,82008.0,2025-09-28 13:47:15.317598
2025-09-28,15643,2025092805006073,MKJC,Magnet Securities and Investment Company Private Limited,Trademow Securities Private Limited,500,612.0,306000.0,2025-09-28 13:47:15.317866
2025-09-28,15612,2025092805006085,MKJC,Magnet Securities and Investment Company Private Limited,Infinity Securities Limited,300,612.0,183600.0,2025-09-28 13:47:29.569757
2025-09-28,15596,2025092805006088,MKJC,Magnet Securities and Investment Company Private Limited,Indira securities pvt. ltd,66,612.0,40392.0,2025-09-28 13:47:39.369684
2025-09-28,15595,2025092805006089,MKJC,Sani Securities Company Ltd.,Indira securities pvt. ltd,34,610.9,20770.6,2025-09-28 13:47:39.369790
2025-09-28,15562,2025092805006101,MKJC,Trishakti Securities Public Limited,Indira securities pvt. ltd,50,612.1,30605.0,2025-09-28 13:48:05.448299
2025-09-28,15522,2025092805006112,MKJC,Trishakti Securities Public Limited,Citizens Share Broker Limited,50,612.1,30605.0,2025-09-28 13:48:19.614234
2025-09-28,15494,2025092805006119,MKJC,Indira securities pvt. ltd,Citizens Share Broker Limited,50,612.1,30605.0,2025-09-28 13:48:34.617500
2025-09-28,15493,2025092805006120,MKJC,Indira securities pvt. ltd,Infinity Securities Limited,10,612.9,6129.0,2025-09-28 13:48:34.617602
2025-09-28,15343,2025092805006143,MKJC,Sani Securities Company Ltd.,Sundhara Securities Limited,100,610.9,61090.0,2025-09-28 13:49:57.447240
2025-09-28,15142,2025092805006214,MKJC,Sani Securities Company Ltd.,Nepal Stock House (PVT) Ltd.,10,610.8,6108.0,2025-09-28 13:51:28.469667
2025-09-28,15124,2025092805006225,MKJC,Sani Securities Company Ltd.,Infinity Securities Limited,90,610.8,54972.0,2025-09-28 13:51:32.382487
2025-09-28,15123,2025092805006226,MKJC,Indira securities pvt. ltd,Arun Securities (PVT) Ltd.,10,612.5,6125.0,2025-09-28 13:51:32.603187
2025-09-28,14568,2025092805006389,MKJC,Sani Securities Company Ltd.,Sumeru Securities Pvt. Ltd.,2066,610.8,1261912.8,2025-09-28 13:56:04.094682
2025-09-28,14567,2025092805006390,MKJC,Nagarik Stock Dealer ,Sumeru Securities Pvt. Ltd.,2434,610.7,1486443.8,2025-09-28 13:56:04.094817
2025-09-28,14295,2025092805006463,MKJC,Nagarik Stock Dealer ,Nagarik Stock Dealer ,1000,610.7,610700.0,2025-09-28 13:57:55.492814
2025-09-28,13930,2025092805006566,MKJC,Nagarik Stock Dealer ,Agrawal Securities (PVT) Ltd.,15,610.7,9160.5,2025-09-28 14:01:05.904837
2025-09-28,13491,2025092805006700,MKJC,Asian Securities Private Ltd.,Arun Securities (PVT) Ltd.,100,611.0,61100.0,2025-09-28 14:04:53.753188
2025-09-28,13441,2025092805006715,MKJC,Nagarik Stock Dealer ,Midas Stock Broking Company Private Limited,51,610.7,31145.7,2025-09-28 14:05:11.163476
2025-09-28,13440,2025092805006716,MKJC,Kohinoor Investment & Securities Pvt. Ltd.,Midas Stock Broking Company Private Limited,20,610.5,12210.0,2025-09-28 14:05:11.163750
2025-09-28,13439,2025092805006717,MKJC,Asian Securities Private Ltd.,Midas Stock Broking Company Private Limited,429,610.3,261818.7,2025-09-28 14:05:11.163920
2025-09-28,13402,2025092805006727,MKJC,Asian Securities Private Ltd.,Midas Stock Broking Company Private Limited,71,610.3,43331.3,2025-09-28 14:05:31.440417
2025-09-28,13401,2025092805006728,MKJC,Indira securities pvt. ltd,Midas Stock Broking Company Private Limited,200,610.3,122060.0,2025-09-28 14:05:31.440582
2025-09-28,13400,2025092805006729,MKJC,Vision Securities Pvt. Ltd,Midas Stock Broking Company Private Limited,10,610.2,6102.0,2025-09-28 14:05:31.440648
2025-09-28,13399,2025092805006730,MKJC,Naasa Securities Co. Ltd.,Midas Stock Broking Company Private Limited,19,610.0,11590.0,2025-09-28 14:05:31.440705
2025-09-28,13346,2025092805006738,MKJC,Naasa Securities Co. Ltd.,Indira securities pvt. ltd,200,610.0,122000.0,2025-09-28 14:05:49.897258
2025-09-28,13342,2025092805006740,MKJC,Naasa Securities Co. Ltd.,Vision Securities Pvt. Ltd,500,610.0,305000.0,2025-09-28 14:05:53.457505
2025-09-28,13337,2025092805006741,MKJC,Indira securities pvt. ltd,Arun Securities (PVT) Ltd.,50,611.0,30550.0,2025-09-28 14:05:56.040839
2025-09-28,13324,2025092805006746,MKJC,Naasa Securities Co. Ltd.,Elite Stock House Limited,780,610.0,475800.0,2025-09-28 14:06:02.165806
2025-09-28,13266,2025092805006764,MKJC,Sani Securities Company Ltd.,Elite Stock House Limited,300,609.0,182700.0,2025-09-28 14:06:30.319507
2025-09-28,12416,2025092805006977,MKJC,Sani Securities Company Ltd.,Arun Securities (PVT) Ltd.,20,610.0,12200.0,2025-09-28 14:13:25.976087
2025-09-28,12359,2025092805006984,MKJC,Sumeru Securities Pvt. Ltd.,Arun Securities (PVT) Ltd.,382,610.0,233020.0,2025-09-28 14:13:44.458375
2025-09-28,12104,2025092805007067,MKJC,Naasa Securities Co. Ltd.,N.I.M.B. Stock Markets Limited,100,610.0,61000.0,2025-09-28 14:15:43.449541
2025-09-28,11793,2025092805007157,MKJC,Sani Securities Company Ltd.,Sri Hari Securities Pvt. Ltd.,793,610.0,483730.0,2025-09-28 14:18:06.392092
2025-09-28,11213,2025092805007330,MKJC,Indira securities pvt. ltd,Asian Securities Private Ltd.,50,612.0,30600.0,2025-09-28 14:22:28.110056
2025-09-28,11201,2025092805007338,MKJC,Sani Securities Company Ltd.,N.I.M.B. Stock Markets Limited,10,610.0,6100.0,2025-09-28 14:22:32.714751
2025-09-28,11165,2025092805007348,MKJC,Sani Securities Company Ltd.,N.I.M.B. Stock Markets Limited,20,610.0,12200.0,2025-09-28 14:22:48.054486
2025-09-28,10786,2025092805007465,MKJC,Sani Securities Company Ltd.,Opal Securities Investment (PVT) Ltd.,10,608.0,6080.0,2025-09-28 14:25:26.426552
2025-09-28,10688,2025092805007480,MKJC,Swarna Laxmi Securities Pvt. Ltd.,Opal Securities Investment (PVT) Ltd.,12,607.0,7284.0,2025-09-28 14:26:01.326426
2025-09-28,10418,2025092805007560,MKJC,Sumeru Securities Pvt. Ltd.,Primo Securities (PVT) Ltd.,100,606.0,60600.0,2025-09-28 14:27:39.002867
2025-09-28,10189,2025092805007627,MKJC,Sri Hari Securities Pvt. Ltd.,Indira securities pvt. ltd,50,606.0,30300.0,2025-09-28 14:29:02.695588
2025-09-28,10172,2025092805007630,MKJC,Indira securities pvt. ltd,Vision Securities Pvt. Ltd,50,608.0,30400.0,2025-09-28 14:29:09.218502
2025-09-28,10126,2025092805007642,MKJC,Swarna Laxmi Securities Pvt. Ltd.,Vision Securities Pvt. Ltd,150,608.0,91200.0,2025-09-28 14:29:33.495949
2025-09-28,10073,2025092805007666,MKJC,Sri Hari Securities Pvt. Ltd.,Sri Hari Securities Pvt. Ltd.,10,606.0,6060.0,2025-09-28 14:29:56.127625
2025-09-28,10056,2025092805007670,MKJC,Sri Hari Securities Pvt. Ltd.,Indira securities pvt. ltd,40,606.0,24240.0,2025-09-28 14:30:03.494320
2025-09-28,10055,2025092805007671,MKJC,Swarna Laxmi Securities Pvt. Ltd.,Indira securities pvt. ltd,60,606.0,36360.0,2025-09-28 14:30:03.494382
2025-09-28,10036,2025092805007676,MKJC,Indira securities pvt. ltd,N.I.M.B. Stock Markets Limited,50,610.0,30500.0,2025-09-28 14:30:09.890990
2025-09-28,9552,2025092805007835,MKJC,Nabil Stock Dealer Ltd.,Indira securities pvt. ltd,200,607.0,121400.0,2025-09-28 14:33:00.703185
2025-09-28,9538,2025092805007837,MKJC,Indira securities pvt. ltd,N.I.M.B. Stock Markets Limited,150,610.0,91500.0,2025-09-28 14:33:07.392389
2025-09-28,9156,2025092805007944,MKJC,Kohinoor Investment & Securities Pvt. Ltd.,Indira securities pvt. ltd,200,607.1,121420.0,2025-09-28 14:35:05.971294
2025-09-28,9145,2025092805007948,MKJC,Indira securities pvt. ltd,N.I.M.B. Stock Markets Limited,100,610.0,61000.0,2025-09-28 14:35:11.347958
2025-09-28,9067,2025092805007978,MKJC,Aryatara Investment & Securities,Indira securities pvt. ltd,30,608.0,18240.0,2025-09-28 14:35:40.686652
2025-09-28,9054,2025092805007983,MKJC,Indira securities pvt. ltd,N.I.M.B. Stock Markets Limited,30,610.0,18300.0,2025-09-28 14:35:46.544252
2025-09-28,8900,2025092805008037,MKJC,Sani Securities Company Ltd.,Dynamic Money Managers Securities Pvt. Ltd.,10,608.1,6081.0,2025-09-28 14:36:32.541270
2025-09-28,8899,2025092805008038,MKJC,Aryatara Investment & Securities,Dynamic Money Managers Securities Pvt. Ltd.,70,608.0,42560.0,2025-09-28 14:36:32.541509
2025-09-28,8898,2025092805008039,MKJC,Sumeru Securities Pvt. Ltd.,Dynamic Money Managers Securities Pvt. Ltd.,500,607.5,303750.0,2025-09-28 14:36:32.541575
2025-09-28,8897,2025092805008040,MKJC,Kohinoor Investment & Securities Pvt. Ltd.,Dynamic Money Managers Securities Pvt. Ltd.,790,607.1,479609.0,2025-09-28 14:36:32.541636
2025-09-28,8896,2025092805008041,MKJC,Nabil Stock Dealer Ltd.,Dynamic Money Managers Securities Pvt. Ltd.,130,607.0,78910.0,2025-09-28 14:36:32.541700
2025-09-28,8877,2025092805008048,MKJC,Sumeru Securities Pvt. Ltd.,N.I.M.B. Stock Markets Limited,500,610.0,305000.0,2025-09-28 14:36:41.350884
2025-09-28,8652,2025092805008103,MKJC,Nabil Stock Dealer Ltd.,Indira securities pvt. ltd,60,607.0,36420.0,2025-09-28 14:37:54.885057
2025-09-28,8649,2025092805008105,MKJC,Indira securities pvt. ltd,N.I.M.B. Stock Markets Limited,40,610.0,24400.0,2025-09-28 14:37:59.532673
2025-09-28,8648,2025092805008106,MKJC,Indira securities pvt. ltd,N.I.M.B. Stock Markets Limited,10,610.0,6100.0,2025-09-28 14:37:59.532779
2025-09-28,8457,2025092805008152,MKJC,Sumeru Securities Pvt. Ltd.,N.I.M.B. Stock Markets Limited,90,610.0,54900.0,2025-09-28 14:38:55.128561
2025-09-28,8456,2025092805008153,MKJC,Sumeru Securities Pvt. Ltd.,Sundhara Securities Limited,100,610.0,61000.0,2025-09-28 14:38:55.128761
2025-09-28,8455,2025092805008154,MKJC,Sumeru Securities Pvt. Ltd.,Malla & Malla Stock Broking Company Pvt. Limited,500,612.0,306000.0,2025-09-28 14:38:55.128832
2025-09-28,8454,2025092805008155,MKJC,Sumeru Securities Pvt. Ltd.,Indira securities pvt. ltd,200,612.9,122580.0,2025-09-28 14:38:55.128928
2025-09-28,8312,2025092805008196,MKJC,Swarna Laxmi Securities Pvt. Ltd.,Trademow Securities Private Limited,480,609.0,292320.0,2025-09-28 14:39:27.004376
2025-09-28,8105,2025092805008264,MKJC,Indira securities pvt. ltd,South Asian Bulls Pvt. Ltd.,20,613.0,12260.0,2025-09-28 14:40:44.520340
2025-09-28,7936,2025092805008346,MKJC,Sumeru Securities Pvt. Ltd.,N.I.M.B. Stock Markets Limited,170,612.0,104040.0,2025-09-28 14:41:24.432984
2025-09-28,7935,2025092805008347,MKJC,Sumeru Securities Pvt. Ltd.,Trademow Securities Private Limited,500,612.9,306450.0,2025-09-28 14:41:24.433089
2025-09-28,7934,2025092805008348,MKJC,Sumeru Securities Pvt. Ltd.,South Asian Bulls Pvt. Ltd.,30,613.0,18390.0,2025-09-28 14:41:24.433193
2025-09-28,7864,2025092805008364,MKJC,Sani Securities Company Ltd.,Dipshikha Dhitopatra Karobar Co. Pvt Ltd.,10,608.1,6081.0,2025-09-28 14:41:37.745532
2025-09-28,7863,2025092805008365,MKJC,Sani Securities Company Ltd.,Dipshikha Dhitopatra Karobar Co. Pvt Ltd.,10,608.0,6080.0,2025-09-28 14:41:37.745627
2025-09-28,7862,2025092805008366,MKJC,Aryatara Investment & Securities,Dipshikha Dhitopatra Karobar Co. Pvt Ltd.,50,607.1,30355.0,2025-09-28 14:41:37.745696
2025-09-28,7861,2025092805008367,MKJC,Nabil Stock Dealer Ltd.,Dipshikha Dhitopatra Karobar Co. Pvt Ltd.,10,607.0,6070.0,2025-09-28 14:41:37.745759
2025-09-28,7745,2025092805008398,MKJC,Nagarik Stock Dealer ,Indira securities pvt. ltd,500,608.0,304000.0,2025-09-28 14:42:05.408538
2025-09-28,7729,2025092805008400,MKJC,Indira securities pvt. ltd,South Asian Bulls Pvt. Ltd.,150,613.0,91950.0,2025-09-28 14:42:09.910345
2025-09-28,7728,2025092805008401,MKJC,Indira securities pvt. ltd,Deevyaa Securities & Stock House Pvt. Ltd,100,613.0,61300.0,2025-09-28 14:42:09.910454
2025-09-28,7727,2025092805008402,MKJC,Indira securities pvt. ltd,Sani Securities Company Ltd.,115,614.0,70610.0,2025-09-28 14:42:09.910485
2025-09-28,7726,2025092805008403,MKJC,Indira securities pvt. ltd,Indira securities pvt. ltd,35,614.0,21490.0,2025-09-28 14:42:09.910508
2025-09-28,7530,2025092805008455,MKJC,Naasa Securities Co. Ltd.,Indira securities pvt. ltd,75,614.0,46050.0,2025-09-28 14:43:08.997906
2025-09-28,7050,2025092805008617,MKJC,Naasa Securities Co. Ltd.,Indira securities pvt. ltd,10,608.5,6085.0,2025-09-28 14:45:19.972279
2025-09-28,7049,2025092805008618,MKJC,Kohinoor Investment & Securities Pvt. Ltd.,Indira securities pvt. ltd,190,608.5,115615.0,2025-09-28 14:45:19.972446
2025-09-28,6783,2025092805008695,MKJC,Naasa Securities Co. Ltd.,Online Securities Pvt. Ltd.,10,612.9,6129.0,2025-09-28 14:46:27.672520
2025-09-28,6702,2025092805008719,MKJC,Indira securities pvt. ltd,Kohinoor Investment & Securities Pvt. Ltd.,80,612.0,48960.0,2025-09-28 14:46:50.451753
2025-09-28,6701,2025092805008720,MKJC,Indira securities pvt. ltd,N.I.M.B. Stock Markets Limited,100,612.0,61200.0,2025-09-28 14:46:50.451849
2025-09-28,6700,2025092805008721,MKJC,Indira securities pvt. ltd,Online Securities Pvt. Ltd.,10,612.9,6129.0,2025-09-28 14:46:50.451953
2025-09-28,6590,2025092805008756,MKJC,Kohinoor Investment & Securities Pvt. Ltd.,Indira securities pvt. ltd,200,608.8,121760.0,2025-09-28 14:47:21.753305
2025-09-28,6556,2025092805008760,MKJC,Indira securities pvt. ltd,Cristal Kanchanjanga Securites Pvt. Ltd.,20,611.9,12238.0,2025-09-28 14:47:26.769167
2025-09-28,6555,2025092805008761,MKJC,Indira securities pvt. ltd,Naasa Securities Co. Ltd.,30,612.8,18384.0,2025-09-28 14:47:26.769218
2025-09-28,6378,2025092805008810,MKJC,Kohinoor Investment & Securities Pvt. Ltd.,N.I.M.B. Stock Markets Limited,300,608.8,182640.0,2025-09-28 14:48:04.627976
2025-09-28,6377,2025092805008811,MKJC,Sumeru Securities Pvt. Ltd.,N.I.M.B. Stock Markets Limited,200,608.7,121740.0,2025-09-28 14:48:04.628333
2025-09-28,6304,2025092805008831,MKJC,Swarna Laxmi Securities Pvt. Ltd.,S.P.S.A. Securities Limited,11,610.0,6710.0,2025-09-28 14:48:26.451889
2025-09-28,6200,2025092805008859,MKJC,Sumeru Securities Pvt. Ltd.,Hatemalo Financial Services Private Limited,500,608.7,304350.0,2025-09-28 14:48:59.557989
2025-09-28,6176,2025092805008864,MKJC,Sumeru Securities Pvt. Ltd.,Dynamic Money Managers Securities Pvt. Ltd.,300,608.7,182610.0,2025-09-28 14:49:06.714856
2025-09-28,6175,2025092805008865,MKJC,Sri Hari Securities Pvt. Ltd.,Dynamic Money Managers Securities Pvt. Ltd.,700,608.6,426020.0,2025-09-28 14:49:06.715182
2025-09-28,6174,2025092805008866,MKJC,Naasa Securities Co. Ltd.,Dynamic Money Managers Securities Pvt. Ltd.,10,608.4,6084.0,2025-09-28 14:49:06.715402
2025-09-28,6173,2025092805008867,MKJC,Opal Securities Investment (PVT) Ltd.,Dynamic Money Managers Securities Pvt. Ltd.,100,608.4,60840.0,2025-09-28 14:49:06.715599
2025-09-28,6172,2025092805008868,MKJC,Online Securities Pvt. Ltd.,Dynamic Money Managers Securities Pvt. Ltd.,890,608.3,541387.0,2025-09-28 14:49:06.715790
2025-09-28,6122,2025092805008883,MKJC,Online Securities Pvt. Ltd.,Indira securities pvt. ltd,50,608.3,30415.0,2025-09-28 14:49:15.996050
2025-09-28,6094,2025092805008892,MKJC,Indira securities pvt. ltd,S.P.S.A. Securities Limited,10,610.0,6100.0,2025-09-28 14:49:22.498831
2025-09-28,5985,2025092805008917,MKJC,Kohinoor Investment & Securities Pvt. Ltd.,S.P.S.A. Securities Limited,2979,610.0,1817190.0,2025-09-28 14:49:44.802004
2025-09-28,5924,2025092805008926,MKJC,Indira securities pvt. ltd,Naasa Securities Co. Ltd.,20,612.8,12256.0,2025-09-28 14:49:57.037885
2025-09-28,5165,2025092805009161,MKJC,Swarna Laxmi Securities Pvt. Ltd.,Agrawal Securities (PVT) Ltd.,10,612.0,6120.0,2025-09-28 14:52:20.196544
2025-09-28,4952,2025092805009227,MKJC,Capital Max Securities Ltd,Agrawal Securities (PVT) Ltd.,100,612.0,61200.0,2025-09-28 14:52:55.283623
2025-09-28,4876,2025092805009235,MKJC,Kohinoor Investment & Securities Pvt. Ltd.,Sweta Securities Private Limited,21,610.0,12810.0,2025-09-28 14:53:09.754126
2025-09-28,4875,2025092805009236,MKJC,Online Securities Pvt. Ltd.,Sweta Securities Private Limited,60,609.2,36552.0,2025-09-28 14:53:09.754277
2025-09-28,4874,2025092805009237,MKJC,Sri Hari Securities Pvt. Ltd.,Sweta Securities Private Limited,300,609.1,182730.0,2025-09-28 14:53:09.754353
2025-09-28,4873,2025092805009238,MKJC,Sundhara Securities Limited,Sweta Securities Private Limited,882,609.0,537138.0,2025-09-28 14:53:09.754419
2025-09-28,4786,2025092805009262,MKJC,Sundhara Securities Limited,Indira securities pvt. ltd,118,609.0,71862.0,2025-09-28 14:53:22.650939
2025-09-28,4785,2025092805009263,MKJC,Sri Hari Securities Pvt. Ltd.,Indira securities pvt. ltd,82,607.6,49823.2,2025-09-28 14:53:22.650986
2025-09-28,4768,2025092805009266,MKJC,Indira securities pvt. ltd,Agrawal Securities (PVT) Ltd.,200,612.0,122400.0,2025-09-28 14:53:26.742243
2025-09-28,4310,2025092805009417,MKJC,Naasa Securities Co. Ltd.,Imperial Securities Company Pvt. Ltd.,14,610.0,8540.0,2025-09-28 14:54:37.170463
2025-09-28,4303,2025092805009421,MKJC,Online Securities Pvt. Ltd.,Nagarik Stock Dealer ,560,609.0,341040.0,2025-09-28 14:54:38.192441
2025-09-28,4096,2025092805009493,MKJC,Sri Hari Securities Pvt. Ltd.,Indira securities pvt. ltd,218,607.6,132456.8,2025-09-28 14:55:08.093829
2025-09-28,4095,2025092805009494,MKJC,Nepal Stock House (PVT) Ltd.,Indira securities pvt. ltd,200,607.1,121420.0,2025-09-28 14:55:08.093887
2025-09-28,4094,2025092805009495,MKJC,Nabil Stock Dealer Ltd.,Indira securities pvt. ltd,82,607.0,49774.0,2025-09-28 14:55:08.093921
2025-09-28,4090,2025092805009498,MKJC,Naasa Securities Co. Ltd.,Nagarik Stock Dealer ,300,609.0,182700.0,2025-09-28 14:55:09.126011
2025-09-28,4049,2025092805009514,MKJC,Indira securities pvt. ltd,Nagarik Stock Dealer ,140,609.0,85260.0,2025-09-28 14:55:13.924566
2025-09-28,4048,2025092805009515,MKJC,Indira securities pvt. ltd,N.I.M.B. Stock Markets Limited,500,609.0,304500.0,2025-09-28 14:55:13.924642
2025-09-28,4047,2025092805009516,MKJC,Indira securities pvt. ltd,Agrawal Securities (PVT) Ltd.,510,609.0,310590.0,2025-09-28 14:55:13.924669
2025-09-28,4046,2025092805009517,MKJC,Indira securities pvt. ltd,Imperial Securities Company Pvt. Ltd.,236,610.0,143960.0,2025-09-28 14:55:13.924699
2025-09-28,4045,2025092805009518,MKJC,Indira securities pvt. ltd,Neev Securities Pvt. Ltd.,100,612.0,61200.0,2025-09-28 14:55:13.924723
2025-09-28,4044,2025092805009519,MKJC,Indira securities pvt. ltd,Oxford Securities Pvt. Ltd.,14,612.0,8568.0,2025-09-28 14:55:13.924750
2025-09-28,3573,2025092805009654,MKJC,Sumeru Securities Pvt. Ltd.,Agrawal Securities (PVT) Ltd.,25,607.5,15187.5,2025-09-28 14:56:07.897716
2025-09-28,3384,2025092805009692,MKJC,Swarna Laxmi Securities Pvt. Ltd.,Capital Max Securities Ltd,10,611.7,6117.0,2025-09-28 14:56:22.932821
2025-09-28,3294,2025092805009741,MKJC,Indira securities pvt. ltd,Capital Max Securities Ltd,10,611.7,6117.0,2025-09-28 14:56:29.458594
2025-09-28,3264,2025092805009751,MKJC,Sumeru Securities Pvt. Ltd.,Indira securities pvt. ltd,400,607.5,243000.0,2025-09-28 14:56:34.703284
2025-09-28,3219,2025092805009753,MKJC,Indira securities pvt. ltd,Capital Max Securities Ltd,380,611.7,232446.0,2025-09-28 14:56:38.581751
2025-09-28,3218,2025092805009754,MKJC,Indira securities pvt. ltd,Midas Stock Broking Company Private Limited,20,611.8,12236.0,2025-09-28 14:56:38.581841
2025-09-28,2778,2025092805009891,MKJC,Nabil Stock Dealer Ltd.,Dipshikha Dhitopatra Karobar Co. Pvt Ltd.,18,611.6,11008.8,2025-09-28 14:57:31.339548
2025-09-28,2636,2025092805009932,MKJC,Secured Securities Ltd.,Kumari Securities Private Limited,100,610.0,61000.0,2025-09-28 14:57:47.200072
2025-09-28,2054,2025092805010112,MKJC,Naasa Securities Co. Ltd.,Dipshikha Dhitopatra Karobar Co. Pvt Ltd.,10,609.0,6090.0,2025-09-28 14:58:32.947107
2025-09-28,1952,2025092805010150,MKJC,Sumeru Securities Pvt. Ltd.,South Asian Bulls Pvt. Ltd.,75,607.5,45562.5,2025-09-28 14:58:38.422245
2025-09-28,1951,2025092805010151,MKJC,Sumeru Securities Pvt. Ltd.,South Asian Bulls Pvt. Ltd.,425,606.5,257762.5,2025-09-28 14:58:38.422638
2025-09-28,1930,2025092805010159,MKJC,Capital Max Securities Ltd,Dipshikha Dhitopatra Karobar Co. Pvt Ltd.,196,609.0,119364.0,2025-09-28 14:58:40.670899
2025-09-28,1701,2025092805010238,MKJC,Indira securities pvt. ltd,Dipshikha Dhitopatra Karobar Co. Pvt Ltd.,194,609.0,118146.0,2025-09-28 14:58:58.198001
2025-09-28,1628,2025092805010263,MKJC,Sumeru Securities Pvt. Ltd.,Dipshikha Dhitopatra Karobar Co. Pvt Ltd.,75,606.5,45487.5,2025-09-28 14:59:04.621611
2025-09-28,1627,2025092805010264,MKJC,Sri Hari Securities Pvt. Ltd.,Dipshikha Dhitopatra Karobar Co. Pvt Ltd.,75,606.2,45465.0,2025-09-28 14:59:04.621705
2025-09-28,1314,2025092805010336,MKJC,Indira securities pvt. ltd,Kumari Securities Private Limited,10,610.0,6100.0,2025-09-28 14:59:18.189898
2025-09-28,328,2025092805010679,MKJC,Vision Securities Pvt. Ltd,Dynamic Money Managers Securities Pvt. Ltd.,10,609.0,6090.0,2025-09-28 14:59:53.906765
2025-09-28,271,2025092805010699,MKJC,Sri Hari Securities Pvt. Ltd.,South Asian Bulls Pvt. Ltd.,125,608.0,76000.0,2025-09-28 14:59:55.560998
2025-09-28,208,2025092805010710,MKJC,Nagarik Stock Dealer ,South Asian Bulls Pvt. Ltd.,20,608.0,12160.0,2025-09-28 14:59:57.022114
