Date,S.N.,contract_id,symbol,buyer_broker,seller_broker,volume,price,amount,transaction_time
2025-09-28,39324,2025092804000094,UPCL,Sajilo Broker Limited,Creative Securities Pvt Ltd,70,384.0,26880.0,2025-09-28 11:03:33.633698
2025-09-28,39015,2025092804000154,UPCL,ABC Securities Private Limited,Vision Securities Pvt. Ltd,600,385.8,231480.0,2025-09-28 11:05:13.629293
2025-09-28,39014,2025092804000155,UPCL,ABC Securities Private Limited,Sani Securities Company Ltd.,270,385.9,104193.0,2025-09-28 11:05:13.629453
2025-09-28,39013,2025092804000156,UPCL,ABC Securities Private Limited,Sani Securities Company Ltd.,330,386.0,127380.0,2025-09-28 11:05:13.629549
2025-09-28,38713,2025092804000199,UPCL,Oxford Securities Pvt. Ltd.,Sani Securities Company Ltd.,2300,386.0,887800.0,2025-09-28 11:06:40.398830
2025-09-28,38596,2025092804000243,UPCL,Dipshikha Dhitopatra Karobar Co. Pvt Ltd.,Sani Securities Company Ltd.,3370,386.0,1300820.0,2025-09-28 11:07:16.723867
2025-09-28,38595,2025092804000244,UPCL,Dipshikha Dhitopatra Karobar Co. Pvt Ltd.,Bhrikuti Stock Broking Co. Pvt. Ltd.,300,386.0,115800.0,2025-09-28 11:07:16.723965
2025-09-28,38481,2025092804000260,UPCL,Linch Stock Market Ltd.,Sani Securities Company Ltd.,250,385.0,96250.0,2025-09-28 11:07:56.118230
2025-09-28,38480,2025092804000261,UPCL,Dipshikha Dhitopatra Karobar Co. Pvt Ltd.,Sani Securities Company Ltd.,1330,385.0,512050.0,2025-09-28 11:07:56.118308
2025-09-28,38479,2025092804000262,UPCL,Online Securities Pvt. Ltd.,Sani Securities Company Ltd.,253,385.0,97405.0,2025-09-28 11:07:56.118351
2025-09-28,38117,2025092804000315,UPCL,Nepal Stock House (PVT) Ltd.,Sani Securities Company Ltd.,1000,385.0,385000.0,2025-09-28 11:09:50.069056
2025-09-28,37951,2025092804000349,UPCL,Trisul Securities & Invt. Ltd.,Sani Securities Company Ltd.,130,385.0,50050.0,2025-09-28 11:10:48.304760
2025-09-28,37846,2025092804000366,UPCL,Midas Stock Broking Company Private Limited,Sani Securities Company Ltd.,1000,385.0,385000.0,2025-09-28 11:11:09.097711
2025-09-28,37792,2025092804000381,UPCL,Vision Securities Pvt. Ltd,Sani Securities Company Ltd.,1000,385.0,385000.0,2025-09-28 11:11:26.544164
2025-09-28,37657,2025092804000409,UPCL,Oxford Securities Pvt. Ltd.,Sani Securities Company Ltd.,37,385.0,14245.0,2025-09-28 11:12:20.563257
2025-09-28,37656,2025092804000410,UPCL,Oxford Securities Pvt. Ltd.,Oxford Securities Pvt. Ltd.,163,385.0,62755.0,2025-09-28 11:12:20.563357
2025-09-28,37325,2025092804000462,UPCL,Naasa Securities Co. Ltd.,Oxford Securities Pvt. Ltd.,237,385.0,91245.0,2025-09-28 11:14:01.545766
2025-09-28,36508,2025092804000614,UPCL,Online Securities Pvt. Ltd.,Kohinoor Investment & Securities Pvt. Ltd.,50,387.7,19385.0,2025-09-28 11:18:40.401002
2025-09-28,36287,2025092804000671,UPCL,Naasa Securities Co. Ltd.,Sajilo Broker Limited,70,386.0,27020.0,2025-09-28 11:19:55.897693
2025-09-28,36142,2025092804000700,UPCL,Naasa Securities Co. Ltd.,Kohinoor Investment & Securities Pvt. Ltd.,1600,386.0,617600.0,2025-09-28 11:20:47.773193
2025-09-28,36090,2025092804000725,UPCL,Naasa Securities Co. Ltd.,Naasa Securities Co. Ltd.,50,386.0,19300.0,2025-09-28 11:20:59.492094
2025-09-28,35971,2025092804000746,UPCL,Naasa Securities Co. Ltd.,Dipshikha Dhitopatra Karobar Co. Pvt Ltd.,43,386.0,16598.0,2025-09-28 11:21:32.739879
2025-09-28,35602,2025092804000801,UPCL,Online Securities Pvt. Ltd.,South Asian Bulls Pvt. Ltd.,270,384.5,103815.0,2025-09-28 11:23:07.949230
2025-09-28,35408,2025092804000829,UPCL,Online Securities Pvt. Ltd.,Sundhara Securities Limited,50,384.5,19225.0,2025-09-28 11:23:53.154298
2025-09-28,35393,2025092804000831,UPCL,Online Securities Pvt. Ltd.,Shree Krishna Securities Ltd.,10,384.5,3845.0,2025-09-28 11:23:58.760211
2025-09-28,35299,2025092804000844,UPCL,Global IME Securities Limited,Naasa Securities Co. Ltd.,10,386.5,3865.0,2025-09-28 11:24:22.006809
2025-09-28,34630,2025092804000966,UPCL,Online Securities Pvt. Ltd.,Nepal Stock House (PVT) Ltd.,170,384.5,65365.0,2025-09-28 11:27:45.004949
2025-09-28,34629,2025092804000967,UPCL,Sharepro Securities Private Limited,Nepal Stock House (PVT) Ltd.,30,384.5,11535.0,2025-09-28 11:27:45.005074
2025-09-28,34540,2025092804000986,UPCL,Sani Securities Company Ltd.,Linch Stock Market Ltd.,300,384.1,115230.0,2025-09-28 11:28:15.328870
2025-09-28,34524,2025092804000987,UPCL,Sundhara Securities Limited,Nepal Stock House (PVT) Ltd.,25,384.5,9612.5,2025-09-28 11:28:19.543110
2025-09-28,34449,2025092804001004,UPCL,Sani Securities Company Ltd.,Nepal Stock House (PVT) Ltd.,500,384.1,192050.0,2025-09-28 11:28:43.722805
2025-09-28,34345,2025092804001019,UPCL,Deevyaa Securities & Stock House Pvt. Ltd,Nepal Stock House (PVT) Ltd.,175,384.5,67287.5,2025-09-28 11:29:29.620576
2025-09-28,34323,2025092804001027,UPCL,Sani Securities Company Ltd.,Linch Stock Market Ltd.,200,384.1,76820.0,2025-09-28 11:29:45.500266
2025-09-28,34252,2025092804001034,UPCL,Dipshikha Dhitopatra Karobar Co. Pvt Ltd.,Siprabi Securities Pvt. Ltd.,100,384.0,38400.0,2025-09-28 11:30:11.567114
2025-09-28,33038,2025092804001247,UPCL,Cristal Kanchanjanga Securites Pvt. Ltd.,Nepal Stock House (PVT) Ltd.,200,383.6,76720.0,2025-09-28 11:37:41.868239
2025-09-28,33018,2025092804001250,UPCL,Midas Stock Broking Company Private Limited,Nepal Stock House (PVT) Ltd.,500,383.5,191750.0,2025-09-28 11:37:52.276180
2025-09-28,32986,2025092804001255,UPCL,Trishakti Securities Public Limited,Nepal Stock House (PVT) Ltd.,50,383.3,19165.0,2025-09-28 11:38:03.715598
2025-09-28,32971,2025092804001257,UPCL,Trishakti Securities Public Limited,Sumeru Securities Pvt. Ltd.,250,383.3,95825.0,2025-09-28 11:38:10.989775
2025-09-28,32954,2025092804001259,UPCL,Midas Stock Broking Company Private Limited,Nepal Stock House (PVT) Ltd.,300,383.6,115080.0,2025-09-28 11:38:18.151307
2025-09-28,32397,2025092804001350,UPCL,Trishakti Securities Public Limited,Naasa Securities Co. Ltd.,50,383.3,19165.0,2025-09-28 11:41:31.689852
2025-09-28,31930,2025092804001444,UPCL,Naasa Securities Co. Ltd.,Linch Stock Market Ltd.,90,383.2,34488.0,2025-09-28 11:45:02.190767
2025-09-28,30647,2025092804001690,UPCL,Oxford Securities Pvt. Ltd.,Imperial Securities Company Pvt. Ltd.,50,382.2,19110.0,2025-09-28 11:53:49.273738
2025-09-28,29898,2025092804001805,UPCL,Aryatara Investment & Securities,Naasa Securities Co. Ltd.,50,382.0,19100.0,2025-09-28 11:59:08.289257
2025-09-28,29813,2025092804001815,UPCL,Aryatara Investment & Securities,Imperial Securities Company Pvt. Ltd.,50,382.0,19100.0,2025-09-28 11:59:36.175842
2025-09-28,29812,2025092804001816,UPCL,Siprabi Securities Pvt. Ltd.,Imperial Securities Company Pvt. Ltd.,900,382.0,343800.0,2025-09-28 11:59:36.175992
2025-09-28,29748,2025092804001837,UPCL,Siprabi Securities Pvt. Ltd.,Naasa Securities Co. Ltd.,100,382.0,38200.0,2025-09-28 11:59:54.516587
2025-09-28,29471,2025092804001885,UPCL,Midas Stock Broking Company Private Limited,Naasa Securities Co. Ltd.,10,381.1,3811.0,2025-09-28 12:01:37.803795
2025-09-28,29386,2025092804001900,UPCL,Sajilo Broker Limited,Naasa Securities Co. Ltd.,50,382.0,19100.0,2025-09-28 12:02:17.930393
2025-09-28,28148,2025092804002075,UPCL,Investment Management Nepal Pvt. Ltd.,Naasa Securities Co. Ltd.,60,382.5,22950.0,2025-09-28 12:11:30.651972
2025-09-28,28048,2025092804002094,UPCL,Nagarik Stock Dealer ,Magnet Securities and Investment Company Private Limited,500,381.6,190800.0,2025-09-28 12:12:24.074816
2025-09-28,28047,2025092804002095,UPCL,Dynamic Money Managers Securities Pvt. Ltd.,Magnet Securities and Investment Company Private Limited,200,381.5,76300.0,2025-09-28 12:12:24.074881
2025-09-28,28046,2025092804002096,UPCL,J.F. Securites (PVT) Ltd.,Magnet Securities and Investment Company Private Limited,200,381.2,76240.0,2025-09-28 12:12:24.074908
2025-09-28,28045,2025092804002097,UPCL,Midas Stock Broking Company Private Limited,Magnet Securities and Investment Company Private Limited,100,381.1,38110.0,2025-09-28 12:12:24.074935
2025-09-28,27834,2025092804002130,UPCL,Midas Stock Broking Company Private Limited,Trishakti Securities Public Limited,90,381.1,34299.0,2025-09-28 12:14:00.640976
2025-09-28,27833,2025092804002131,UPCL,J.F. Securites (PVT) Ltd.,Trishakti Securities Public Limited,200,381.1,76220.0,2025-09-28 12:14:00.641069
2025-09-28,27832,2025092804002132,UPCL,Sundhara Securities Limited,Trishakti Securities Public Limited,50,381.0,19050.0,2025-09-28 12:14:00.641102
2025-09-28,27831,2025092804002133,UPCL,Opal Securities Investment (PVT) Ltd.,Trishakti Securities Public Limited,1500,381.0,571500.0,2025-09-28 12:14:00.641131
2025-09-28,27830,2025092804002134,UPCL,Sani Securities Company Ltd.,Trishakti Securities Public Limited,100,381.0,38100.0,2025-09-28 12:14:00.641157
2025-09-28,27829,2025092804002135,UPCL,Naasa Securities Co. Ltd.,Trishakti Securities Public Limited,30,381.0,11430.0,2025-09-28 12:14:00.641184
2025-09-28,27828,2025092804002136,UPCL,ABC Securities Private Limited,Trishakti Securities Public Limited,30,381.0,11430.0,2025-09-28 12:14:00.641208
2025-09-28,27365,2025092804002234,UPCL,ABC Securities Private Limited,Trishakti Securities Public Limited,220,381.0,83820.0,2025-09-28 12:18:03.514441
2025-09-28,27364,2025092804002235,UPCL,Trishakti Securities Public Limited,Trishakti Securities Public Limited,60,381.0,22860.0,2025-09-28 12:18:03.514542
2025-09-28,27363,2025092804002236,UPCL,Vision Securities Pvt. Ltd,Trishakti Securities Public Limited,108,380.3,41072.4,2025-09-28 12:18:03.514624
2025-09-28,27362,2025092804002237,UPCL,Dynamic Money Managers Securities Pvt. Ltd.,Trishakti Securities Public Limited,500,380.2,190100.0,2025-09-28 12:18:03.514699
2025-09-28,27361,2025092804002238,UPCL,Sani Securities Company Ltd.,Trishakti Securities Public Limited,526,380.1,199932.6,2025-09-28 12:18:03.514770
2025-09-28,27360,2025092804002239,UPCL,Dynamic Money Managers Securities Pvt. Ltd.,Trishakti Securities Public Limited,91,380.1,34589.1,2025-09-28 12:18:03.514842
2025-09-28,27359,2025092804002240,UPCL,Opal Securities Investment (PVT) Ltd.,Trishakti Securities Public Limited,1385,380.1,526438.5,2025-09-28 12:18:03.514911
2025-09-28,27164,2025092804002264,UPCL,Opal Securities Investment (PVT) Ltd.,Property Wiard Limited,115,380.1,43711.5,2025-09-28 12:19:37.989798
2025-09-28,27163,2025092804002265,UPCL,Opal Securities Investment (PVT) Ltd.,Property Wiard Limited,1500,380.1,570150.0,2025-09-28 12:19:37.989895
2025-09-28,27162,2025092804002266,UPCL,Sweta Securities Private Limited,Property Wiard Limited,100,380.0,38000.0,2025-09-28 12:19:37.989966
2025-09-28,27161,2025092804002267,UPCL,Nepal Investment And Securities Trading Private Limited,Property Wiard Limited,85,380.0,32300.0,2025-09-28 12:19:37.990057
2025-09-28,26956,2025092804002300,UPCL,Nepal Investment And Securities Trading Private Limited,Premier Securities Company Ltd.,415,380.0,157700.0,2025-09-28 12:21:21.990203
2025-09-28,26955,2025092804002301,UPCL,Midas Stock Broking Company Private Limited,Premier Securities Company Ltd.,500,380.0,190000.0,2025-09-28 12:21:21.990268
2025-09-28,26954,2025092804002302,UPCL,ABC Securities Private Limited,Premier Securities Company Ltd.,200,380.0,76000.0,2025-09-28 12:21:21.990294
2025-09-28,26953,2025092804002303,UPCL,Pragyan Securities (PVT) Ltd.,Premier Securities Company Ltd.,100,380.0,38000.0,2025-09-28 12:21:21.990330
2025-09-28,26952,2025092804002304,UPCL,Vision Securities Pvt. Ltd,Premier Securities Company Ltd.,500,380.0,190000.0,2025-09-28 12:21:21.990355
2025-09-28,26951,2025092804002305,UPCL,J.F. Securites (PVT) Ltd.,Premier Securities Company Ltd.,750,380.0,285000.0,2025-09-28 12:21:21.990388
2025-09-28,26950,2025092804002306,UPCL,Dipshikha Dhitopatra Karobar Co. Pvt Ltd.,Premier Securities Company Ltd.,500,380.0,190000.0,2025-09-28 12:21:21.990416
2025-09-28,26949,2025092804002307,UPCL,Nepal Stock House (PVT) Ltd.,Premier Securities Company Ltd.,35,380.0,13300.0,2025-09-28 12:21:21.990441
2025-09-28,26917,2025092804002316,UPCL,Nepal Stock House (PVT) Ltd.,Sharepro Securities Private Limited,11,380.0,4180.0,2025-09-28 12:21:42.491484
2025-09-28,26916,2025092804002317,UPCL,Sundhara Securities Limited,Sharepro Securities Private Limited,10,380.0,3800.0,2025-09-28 12:21:42.491620
2025-09-28,26915,2025092804002318,UPCL,Aryatara Investment & Securities,Sharepro Securities Private Limited,349,380.0,132620.0,2025-09-28 12:21:42.491677
2025-09-28,26850,2025092804002326,UPCL,Aryatara Investment & Securities,Trishakti Securities Public Limited,101,380.0,38380.0,2025-09-28 12:22:06.298278
2025-09-28,26849,2025092804002327,UPCL,Himalayan Brokerage Company Limited,Trishakti Securities Public Limited,10,380.0,3800.0,2025-09-28 12:22:06.298354
2025-09-28,26848,2025092804002328,UPCL,Online Securities Pvt. Ltd.,Trishakti Securities Public Limited,60,380.0,22800.0,2025-09-28 12:22:06.298380
2025-09-28,26847,2025092804002329,UPCL,Online Securities Pvt. Ltd.,Trishakti Securities Public Limited,10,380.0,3800.0,2025-09-28 12:22:06.298403
2025-09-28,26846,2025092804002330,UPCL,Aryatara Investment & Securities,Trishakti Securities Public Limited,200,379.0,75800.0,2025-09-28 12:22:06.298429
2025-09-28,26845,2025092804002331,UPCL,Primo Securities (PVT) Ltd.,Trishakti Securities Public Limited,1000,379.0,379000.0,2025-09-28 12:22:06.298459
2025-09-28,26844,2025092804002332,UPCL,Dynamic Money Managers Securities Pvt. Ltd.,Trishakti Securities Public Limited,1000,378.8,378800.0,2025-09-28 12:22:06.298481
2025-09-28,26843,2025092804002333,UPCL,Aryatara Investment & Securities,Trishakti Securities Public Limited,50,378.8,18940.0,2025-09-28 12:22:06.298504
2025-09-28,26842,2025092804002334,UPCL,MILKY WAY SHARE BROKER COMPANY LTD ,Trishakti Securities Public Limited,1000,378.3,378300.0,2025-09-28 12:22:06.298531
2025-09-28,26841,2025092804002335,UPCL,K.B.L. Securities Limited ,Trishakti Securities Public Limited,400,378.3,151320.0,2025-09-28 12:22:06.298554
2025-09-28,26840,2025092804002336,UPCL,Trishakti Securities Public Limited,Trishakti Securities Public Limited,169,378.0,63882.0,2025-09-28 12:22:06.298575
2025-09-28,26815,2025092804002339,UPCL,Trishakti Securities Public Limited,Trishakti Securities Public Limited,231,378.0,87318.0,2025-09-28 12:22:17.328049
2025-09-28,26814,2025092804002340,UPCL,Sewa Securities Pvt. Ltd.,Trishakti Securities Public Limited,100,378.0,37800.0,2025-09-28 12:22:17.328125
2025-09-28,26813,2025092804002341,UPCL,Online Securities Pvt. Ltd.,Trishakti Securities Public Limited,285,378.0,107730.0,2025-09-28 12:22:17.328151
2025-09-28,26812,2025092804002342,UPCL,Sumeru Securities Pvt. Ltd.,Trishakti Securities Public Limited,300,378.0,113400.0,2025-09-28 12:22:17.328175
2025-09-28,26811,2025092804002343,UPCL,Opal Securities Investment (PVT) Ltd.,Trishakti Securities Public Limited,1500,378.0,567000.0,2025-09-28 12:22:17.328197
2025-09-28,26810,2025092804002344,UPCL,Property Wiard Limited,Trishakti Securities Public Limited,1800,378.0,680400.0,2025-09-28 12:22:17.328222
2025-09-28,26809,2025092804002345,UPCL,Primo Securities (PVT) Ltd.,Trishakti Securities Public Limited,500,378.0,189000.0,2025-09-28 12:22:17.328247
2025-09-28,26808,2025092804002346,UPCL,Nepal Stock House (PVT) Ltd.,Trishakti Securities Public Limited,359,378.0,135702.0,2025-09-28 12:22:17.328270
2025-09-28,25465,2025092804002575,UPCL,Trishakti Securities Public Limited,Sri Hari Securities Pvt. Ltd.,200,378.2,75640.0,2025-09-28 12:31:11.776615
2025-09-28,25317,2025092804002625,UPCL,Siprabi Securities Pvt. Ltd.,Imperial Securities Company Pvt. Ltd.,500,378.2,189100.0,2025-09-28 12:32:03.685785
2025-09-28,25316,2025092804002626,UPCL,Sweta Securities Private Limited,Imperial Securities Company Pvt. Ltd.,200,378.2,75640.0,2025-09-28 12:32:03.685942
2025-09-28,25315,2025092804002627,UPCL,Nagarik Stock Dealer ,Imperial Securities Company Pvt. Ltd.,200,378.1,75620.0,2025-09-28 12:32:03.686009
2025-09-28,25314,2025092804002628,UPCL,Opal Securities Investment (PVT) Ltd.,Imperial Securities Company Pvt. Ltd.,250,378.1,94525.0,2025-09-28 12:32:03.686067
2025-09-28,24692,2025092804002711,UPCL,Nepal Stock House (PVT) Ltd.,Malla & Malla Stock Broking Company Pvt. Limited,250,378.9,94725.0,2025-09-28 12:35:51.221103
2025-09-28,24640,2025092804002716,UPCL,Sani Securities Company Ltd.,Malla & Malla Stock Broking Company Pvt. Limited,149,378.9,56456.1,2025-09-28 12:36:03.985147
2025-09-28,24351,2025092804002760,UPCL,J.F. Securites (PVT) Ltd.,S.P.S.A. Securities Limited,200,379.0,75800.0,2025-09-28 12:37:41.212282
2025-09-28,24278,2025092804002765,UPCL,Ashutosh Brokerage & Securities (PVT) Ltd.,S.P.S.A. Securities Limited,200,379.0,75800.0,2025-09-28 12:38:07.926673
2025-09-28,24226,2025092804002773,UPCL,Sweta Securities Private Limited,S.P.S.A. Securities Limited,660,379.0,250140.0,2025-09-28 12:38:26.696138
2025-09-28,24021,2025092804002850,UPCL,KALASH STOCK MARKET PVT. LTD.,S.P.S.A. Securities Limited,940,379.0,356260.0,2025-09-28 12:39:05.279205
2025-09-28,24020,2025092804002851,UPCL,KALASH STOCK MARKET PVT. LTD.,Linch Stock Market Ltd.,60,379.0,22740.0,2025-09-28 12:39:05.279381
2025-09-28,23978,2025092804002858,UPCL,Midas Stock Broking Company Private Limited,Linch Stock Market Ltd.,100,379.0,37900.0,2025-09-28 12:39:22.007529
2025-09-28,23959,2025092804002861,UPCL,Agrawal Securities (PVT) Ltd.,Linch Stock Market Ltd.,10,379.0,3790.0,2025-09-28 12:39:36.338828
2025-09-28,23921,2025092804002868,UPCL,Agrawal Securities (PVT) Ltd.,Premier Securities Company Ltd.,45,379.0,17055.0,2025-09-28 12:40:00.620538
2025-09-28,23644,2025092804002930,UPCL,Agrawal Securities (PVT) Ltd.,S.P.S.A. Securities Limited,1000,379.0,379000.0,2025-09-28 12:41:59.772101
2025-09-28,23552,2025092804002945,UPCL,Agrawal Securities (PVT) Ltd.,Capital Max Securities Ltd,20,380.0,7600.0,2025-09-28 12:42:37.267372
2025-09-28,23551,2025092804002946,UPCL,Agrawal Securities (PVT) Ltd.,Elite Stock House Limited,10,380.0,3800.0,2025-09-28 12:42:37.267531
2025-09-28,23431,2025092804002986,UPCL,Agrawal Securities (PVT) Ltd.,Elite Stock House Limited,40,380.0,15200.0,2025-09-28 12:43:22.088282
2025-09-28,23271,2025092804003024,UPCL,Trishakti Securities Public Limited,Elite Stock House Limited,300,380.0,114000.0,2025-09-28 12:44:15.937637
2025-09-28,23138,2025092804003052,UPCL,Vision Securities Pvt. Ltd,Naasa Securities Co. Ltd.,90,379.5,34155.0,2025-09-28 12:44:57.325609
2025-09-28,22894,2025092804003135,UPCL,Vision Securities Pvt. Ltd,Naasa Securities Co. Ltd.,10,379.5,3795.0,2025-09-28 12:46:28.171280
2025-09-28,22893,2025092804003136,UPCL,KALASH STOCK MARKET PVT. LTD.,Naasa Securities Co. Ltd.,90,379.5,34155.0,2025-09-28 12:46:28.171447
2025-09-28,22748,2025092804003191,UPCL,Ashutosh Brokerage & Securities (PVT) Ltd.,Elite Stock House Limited,200,380.0,76000.0,2025-09-28 12:47:26.137358
2025-09-28,22721,2025092804003196,UPCL,Sajilo Broker Limited,Elite Stock House Limited,250,380.0,95000.0,2025-09-28 12:47:48.230838
2025-09-28,22720,2025092804003197,UPCL,Sajilo Broker Limited,S.P.S.A. Securities Limited,750,380.0,285000.0,2025-09-28 12:47:48.231144
2025-09-28,22691,2025092804003208,UPCL,Sani Securities Company Ltd.,S.P.S.A. Securities Limited,96,380.0,36480.0,2025-09-28 12:48:03.671544
2025-09-28,22663,2025092804003220,UPCL,Agrawal Securities (PVT) Ltd.,S.P.S.A. Securities Limited,35,380.0,13300.0,2025-09-28 12:48:22.972171
2025-09-28,22487,2025092804003283,UPCL,Malla & Malla Stock Broking Company Pvt. Limited,S.P.S.A. Securities Limited,50,380.0,19000.0,2025-09-28 12:50:09.472334
2025-09-28,22486,2025092804003284,UPCL,Naasa Securities Co. Ltd.,S.P.S.A. Securities Limited,69,380.0,26220.0,2025-09-28 12:50:09.539076
2025-09-28,22485,2025092804003285,UPCL,Naasa Securities Co. Ltd.,Aryatara Investment & Securities,200,380.0,76000.0,2025-09-28 12:50:09.539393
2025-09-28,22462,2025092804003289,UPCL,Naasa Securities Co. Ltd.,Investment Management Nepal Pvt. Ltd.,111,380.0,42180.0,2025-09-28 12:50:25.626210
2025-09-28,22420,2025092804003301,UPCL,Agrawal Securities (PVT) Ltd.,Investment Management Nepal Pvt. Ltd.,15,380.0,5700.0,2025-09-28 12:50:54.166874
2025-09-28,22399,2025092804003307,UPCL,South Asian Bulls Pvt. Ltd.,Investment Management Nepal Pvt. Ltd.,500,380.0,190000.0,2025-09-28 12:51:06.791352
2025-09-28,22393,2025092804003309,UPCL,Imperial Securities Company Pvt. Ltd.,Investment Management Nepal Pvt. Ltd.,30,380.0,11400.0,2025-09-28 12:51:10.785417
2025-09-28,22381,2025092804003318,UPCL,KALASH STOCK MARKET PVT. LTD.,Naasa Securities Co. Ltd.,50,379.5,18975.0,2025-09-28 12:51:16.875901
2025-09-28,22379,2025092804003319,UPCL,Midas Stock Broking Company Private Limited,Investment Management Nepal Pvt. Ltd.,200,380.0,76000.0,2025-09-28 12:51:19.000078
2025-09-28,22378,2025092804003320,UPCL,Asian Securities Private Ltd.,Investment Management Nepal Pvt. Ltd.,27,380.0,10260.0,2025-09-28 12:51:20.912628
2025-09-28,21920,2025092804003435,UPCL,Vision Securities Pvt. Ltd,Nepal Stock House (PVT) Ltd.,200,381.0,76200.0,2025-09-28 12:55:06.035356
2025-09-28,21919,2025092804003436,UPCL,Vision Securities Pvt. Ltd,Imperial Securities Company Pvt. Ltd.,115,381.0,43815.0,2025-09-28 12:55:06.035470
2025-09-28,21918,2025092804003437,UPCL,Vision Securities Pvt. Ltd,Premier Securities Company Ltd.,500,382.0,191000.0,2025-09-28 12:55:06.035548
2025-09-28,21917,2025092804003438,UPCL,Vision Securities Pvt. Ltd,Sharepro Securities Private Limited,200,382.0,76400.0,2025-09-28 12:55:06.035621
2025-09-28,21916,2025092804003439,UPCL,Vision Securities Pvt. Ltd,Sagarmatha Securities Private Limited,50,382.0,19100.0,2025-09-28 12:55:06.035693
2025-09-28,21915,2025092804003440,UPCL,Vision Securities Pvt. Ltd,Sajilo Broker Limited,935,382.0,357170.0,2025-09-28 12:55:06.035768
2025-09-28,21740,2025092804003471,UPCL,Ashutosh Brokerage & Securities (PVT) Ltd.,Sajilo Broker Limited,65,382.0,24830.0,2025-09-28 12:56:40.271834
2025-09-28,21739,2025092804003472,UPCL,Ashutosh Brokerage & Securities (PVT) Ltd.,Sweta Securities Private Limited,35,382.0,13370.0,2025-09-28 12:56:40.271960
2025-09-28,21631,2025092804003498,UPCL,Vision Securities Pvt. Ltd,Sweta Securities Private Limited,163,382.0,62266.0,2025-09-28 12:57:57.232442
2025-09-28,21529,2025092804003529,UPCL,ABC Securities Private Limited,Premier Securities Company Ltd.,300,382.8,114840.0,2025-09-28 12:58:52.777377
2025-09-28,21528,2025092804003530,UPCL,ABC Securities Private Limited,Aryatara Investment & Securities,60,382.8,22968.0,2025-09-28 12:58:52.777655
2025-09-28,21527,2025092804003531,UPCL,ABC Securities Private Limited,Miyo Securities Pvt Ltd,200,382.9,76580.0,2025-09-28 12:58:52.777825
2025-09-28,21526,2025092804003532,UPCL,ABC Securities Private Limited,Investment Management Nepal Pvt. Ltd.,40,383.0,15320.0,2025-09-28 12:58:52.777987
2025-09-28,21370,2025092804003593,UPCL,Kumari Securities Private Limited,Investment Management Nepal Pvt. Ltd.,960,383.0,367680.0,2025-09-28 13:00:08.734696
2025-09-28,21369,2025092804003594,UPCL,Kumari Securities Private Limited,Arun Securities (PVT) Ltd.,40,383.0,15320.0,2025-09-28 13:00:08.734849
2025-09-28,21243,2025092804003641,UPCL,Vision Securities Pvt. Ltd,Arun Securities (PVT) Ltd.,20,383.0,7660.0,2025-09-28 13:01:05.518071
2025-09-28,21204,2025092804003657,UPCL,KALASH STOCK MARKET PVT. LTD.,Market Securities & Exchange (PVT) Ltd.,440,384.0,168960.0,2025-09-28 13:01:24.516689
2025-09-28,21203,2025092804003658,UPCL,KALASH STOCK MARKET PVT. LTD.,Investment Management Nepal Pvt. Ltd.,43,384.0,16512.0,2025-09-28 13:01:24.516942
2025-09-28,21144,2025092804003663,UPCL,Malla & Malla Stock Broking Company Pvt. Limited,Investment Management Nepal Pvt. Ltd.,957,384.0,367488.0,2025-09-28 13:01:37.999383
2025-09-28,21124,2025092804003667,UPCL,Vision Securities Pvt. Ltd,Nepal Stock House (PVT) Ltd.,100,384.5,38450.0,2025-09-28 13:01:45.568794
2025-09-28,21123,2025092804003668,UPCL,Vision Securities Pvt. Ltd,Trishakti Securities Public Limited,50,385.0,19250.0,2025-09-28 13:01:45.568930
2025-09-28,21085,2025092804003681,UPCL,ABC Securities Private Limited,Trishakti Securities Public Limited,1950,385.0,750750.0,2025-09-28 13:02:00.246555
2025-09-28,21084,2025092804003682,UPCL,ABC Securities Private Limited,Dipshikha Dhitopatra Karobar Co. Pvt Ltd.,3050,385.0,1174250.0,2025-09-28 13:02:00.246644
2025-09-28,21074,2025092804003684,UPCL,Imperial Securities Company Pvt. Ltd.,Dipshikha Dhitopatra Karobar Co. Pvt Ltd.,646,385.0,248710.0,2025-09-28 13:02:07.494967
2025-09-28,21073,2025092804003685,UPCL,Imperial Securities Company Pvt. Ltd.,Sumeru Securities Pvt. Ltd.,250,385.0,96250.0,2025-09-28 13:02:07.495242
2025-09-28,21041,2025092804003699,UPCL,ABC Securities Private Limited,N.I.M.B. Stock Markets Limited,50,386.0,19300.0,2025-09-28 13:02:24.671646
2025-09-28,21040,2025092804003700,UPCL,ABC Securities Private Limited,Sani Securities Company Ltd.,493,386.0,190298.0,2025-09-28 13:02:24.671728
2025-09-28,21039,2025092804003701,UPCL,ABC Securities Private Limited,Vision Securities Pvt. Ltd,300,386.4,115920.0,2025-09-28 13:02:24.671811
2025-09-28,21038,2025092804003702,UPCL,ABC Securities Private Limited,Naasa Securities Co. Ltd.,40,386.5,15460.0,2025-09-28 13:02:24.671911
2025-09-28,21037,2025092804003703,UPCL,ABC Securities Private Limited,Sri Hari Securities Pvt. Ltd.,1000,386.5,386500.0,2025-09-28 13:02:24.671984
2025-09-28,21036,2025092804003704,UPCL,ABC Securities Private Limited,Kohinoor Investment & Securities Pvt. Ltd.,117,386.9,45267.3,2025-09-28 13:02:24.672062
2025-09-28,20984,2025092804003717,UPCL,Vision Securities Pvt. Ltd,Kohinoor Investment & Securities Pvt. Ltd.,17,386.9,6577.3,2025-09-28 13:02:42.593916
2025-09-28,20920,2025092804003731,UPCL,Naasa Securities Co. Ltd.,Kohinoor Investment & Securities Pvt. Ltd.,280,386.9,108332.0,2025-09-28 13:03:12.005096
2025-09-28,20794,2025092804003771,UPCL,Vision Securities Pvt. Ltd,Trisul Securities & Invt. Ltd.,100,386.8,38680.0,2025-09-28 13:04:05.565260
2025-09-28,20793,2025092804003772,UPCL,Vision Securities Pvt. Ltd,Kohinoor Investment & Securities Pvt. Ltd.,86,386.9,33273.4,2025-09-28 13:04:05.565533
2025-09-28,20792,2025092804003773,UPCL,Vision Securities Pvt. Ltd,Aryatara Investment & Securities,50,386.9,19345.0,2025-09-28 13:04:05.565679
2025-09-28,20791,2025092804003774,UPCL,Vision Securities Pvt. Ltd,Dipshikha Dhitopatra Karobar Co. Pvt Ltd.,64,387.0,24768.0,2025-09-28 13:04:05.565833
2025-09-28,20515,2025092804003830,UPCL,Online Securities Pvt. Ltd.,Dipshikha Dhitopatra Karobar Co. Pvt Ltd.,68,387.0,26316.0,2025-09-28 13:06:16.457733
2025-09-28,20514,2025092804003831,UPCL,Online Securities Pvt. Ltd.,INDEX SECURITIES LIMITED,932,387.0,360684.0,2025-09-28 13:06:16.457917
2025-09-28,20450,2025092804003853,UPCL,Online Securities Pvt. Ltd.,Sri Hari Securities Pvt. Ltd.,200,386.9,77380.0,2025-09-28 13:06:47.761751
2025-09-28,20402,2025092804003862,UPCL,Global IME Securities Limited,Sri Hari Securities Pvt. Ltd.,116,386.9,44880.4,2025-09-28 13:07:17.590567
2025-09-28,20331,2025092804003877,UPCL,Global IME Securities Limited,Sri Hari Securities Pvt. Ltd.,684,386.9,264639.6,2025-09-28 13:07:45.675359
2025-09-28,20330,2025092804003878,UPCL,Global IME Securities Limited,INDEX SECURITIES LIMITED,18,387.0,6966.0,2025-09-28 13:07:45.675635
2025-09-28,20329,2025092804003879,UPCL,Global IME Securities Limited,Vision Securities Pvt. Ltd,1500,387.0,580500.0,2025-09-28 13:07:45.675794
2025-09-28,20328,2025092804003880,UPCL,Global IME Securities Limited,K.B.L. Securities Limited ,50,387.0,19350.0,2025-09-28 13:07:45.675970
2025-09-28,20327,2025092804003881,UPCL,Global IME Securities Limited,Sajilo Broker Limited,100,387.0,38700.0,2025-09-28 13:07:45.676224
2025-09-28,20249,2025092804003905,UPCL,Global IME Securities Limited,Asian Securities Private Ltd.,148,387.0,57276.0,2025-09-28 13:08:13.120096
2025-09-28,20244,2025092804003906,UPCL,Kalika Securities Pvt. Ltd.,Asian Securities Private Ltd.,200,387.0,77400.0,2025-09-28 13:08:14.468069
2025-09-28,19952,2025092804003995,UPCL,Ashutosh Brokerage & Securities (PVT) Ltd.,Kohinoor Investment & Securities Pvt. Ltd.,200,386.0,77200.0,2025-09-28 13:10:25.409282
2025-09-28,19566,2025092804004072,UPCL,Imperial Securities Company Pvt. Ltd.,Vision Securities Pvt. Ltd,104,385.0,40040.0,2025-09-28 13:13:59.440378
2025-09-28,19565,2025092804004073,UPCL,Sani Securities Company Ltd.,Vision Securities Pvt. Ltd,386,385.0,148610.0,2025-09-28 13:13:59.440502
2025-09-28,19482,2025092804004085,UPCL,Sani Securities Company Ltd.,Kohinoor Investment & Securities Pvt. Ltd.,500,385.0,192500.0,2025-09-28 13:14:34.781395
2025-09-28,19420,2025092804004103,UPCL,Sani Securities Company Ltd.,S.P.S.A. Securities Limited,14,385.0,5390.0,2025-09-28 13:15:07.513308
2025-09-28,19419,2025092804004104,UPCL,Imperial Securities Company Pvt. Ltd.,S.P.S.A. Securities Limited,50,384.5,19225.0,2025-09-28 13:15:07.513469
2025-09-28,19418,2025092804004105,UPCL,Sani Securities Company Ltd.,S.P.S.A. Securities Limited,936,384.5,359892.0,2025-09-28 13:15:07.513535
2025-09-28,19339,2025092804004115,UPCL,Sani Securities Company Ltd.,S.P.S.A. Securities Limited,64,384.5,24608.0,2025-09-28 13:15:35.832459
2025-09-28,19338,2025092804004116,UPCL,ABC Securities Private Limited,S.P.S.A. Securities Limited,1936,384.2,743811.2,2025-09-28 13:15:35.832634
2025-09-28,19220,2025092804004143,UPCL,ABC Securities Private Limited,Elite Stock House Limited,3000,384.2,1152600.0,2025-09-28 13:16:43.674349
2025-09-28,18154,2025092804004422,UPCL,Midas Stock Broking Company Private Limited,J.F. Securites (PVT) Ltd.,500,384.3,192150.0,2025-09-28 13:25:54.810283
2025-09-28,17765,2025092804004508,UPCL,Midas Stock Broking Company Private Limited,Bhrikuti Stock Broking Co. Pvt. Ltd.,400,384.3,153720.0,2025-09-28 13:30:16.796769
2025-09-28,17705,2025092804004516,UPCL,Midas Stock Broking Company Private Limited,Bhrikuti Stock Broking Co. Pvt. Ltd.,100,384.3,38430.0,2025-09-28 13:30:46.767027
2025-09-28,17704,2025092804004517,UPCL,ABC Securities Private Limited,Bhrikuti Stock Broking Co. Pvt. Ltd.,64,384.2,24588.8,2025-09-28 13:30:46.767222
2025-09-28,17703,2025092804004518,UPCL,Asian Securities Private Ltd.,Bhrikuti Stock Broking Co. Pvt. Ltd.,36,384.2,13831.2,2025-09-28 13:30:46.767281
2025-09-28,17281,2025092804004631,UPCL,Vision Securities Pvt. Ltd,Sweta Securities Private Limited,100,385.5,38550.0,2025-09-28 13:33:55.756551
2025-09-28,17280,2025092804004632,UPCL,Vision Securities Pvt. Ltd,Sumeru Securities Pvt. Ltd.,250,385.6,96400.0,2025-09-28 13:33:55.756860
2025-09-28,17231,2025092804004648,UPCL,Online Securities Pvt. Ltd.,Sumeru Securities Pvt. Ltd.,50,385.6,19280.0,2025-09-28 13:34:22.012518
2025-09-28,17215,2025092804004652,UPCL,Capital Max Securities Ltd,Kohinoor Investment & Securities Pvt. Ltd.,150,385.7,57855.0,2025-09-28 13:34:29.852276
2025-09-28,17214,2025092804004653,UPCL,Capital Max Securities Ltd,Sweta Securities Private Limited,100,385.8,38580.0,2025-09-28 13:34:29.852427
2025-09-28,17213,2025092804004654,UPCL,Capital Max Securities Ltd,Malla & Malla Stock Broking Company Pvt. Limited,278,385.9,107280.2,2025-09-28 13:34:29.852471
2025-09-28,17212,2025092804004655,UPCL,Capital Max Securities Ltd,Dipshikha Dhitopatra Karobar Co. Pvt Ltd.,1472,386.0,568192.0,2025-09-28 13:34:29.852508
2025-09-28,17145,2025092804004670,UPCL,Sajilo Broker Limited,Dipshikha Dhitopatra Karobar Co. Pvt Ltd.,193,386.0,74498.0,2025-09-28 13:34:59.873836
2025-09-28,16936,2025092804004717,UPCL,Kumari Securities Private Limited,Trisul Securities & Invt. Ltd.,100,386.8,38680.0,2025-09-28 13:36:42.287921
2025-09-28,16935,2025092804004718,UPCL,Kumari Securities Private Limited,Ashutosh Brokerage & Securities (PVT) Ltd.,200,386.9,77380.0,2025-09-28 13:36:42.288137
2025-09-28,16876,2025092804004729,UPCL,ABC Securities Private Limited,Asian Securities Private Ltd.,652,387.0,252324.0,2025-09-28 13:37:04.958638
2025-09-28,16875,2025092804004730,UPCL,ABC Securities Private Limited,Imperial Securities Company Pvt. Ltd.,50,387.0,19350.0,2025-09-28 13:37:04.958728
2025-09-28,16874,2025092804004731,UPCL,ABC Securities Private Limited,Ashutosh Brokerage & Securities (PVT) Ltd.,201,387.1,77807.1,2025-09-28 13:37:04.958804
2025-09-28,16873,2025092804004732,UPCL,ABC Securities Private Limited,Ashutosh Brokerage & Securities (PVT) Ltd.,200,387.2,77440.0,2025-09-28 13:37:04.958878
2025-09-28,16872,2025092804004733,UPCL,ABC Securities Private Limited,Sweta Securities Private Limited,200,387.3,77460.0,2025-09-28 13:37:04.958944
2025-09-28,16871,2025092804004734,UPCL,ABC Securities Private Limited,KALASH STOCK MARKET PVT. LTD.,1000,387.4,387400.0,2025-09-28 13:37:04.959016
2025-09-28,16870,2025092804004735,UPCL,ABC Securities Private Limited,N.I.M.B. Stock Markets Limited,197,387.5,76337.5,2025-09-28 13:37:04.959090
2025-09-28,16764,2025092804004755,UPCL,Asian Securities Private Ltd.,N.I.M.B. Stock Markets Limited,303,387.5,117412.5,2025-09-28 13:38:01.636785
2025-09-28,16763,2025092804004756,UPCL,Asian Securities Private Ltd.,Cristal Kanchanjanga Securites Pvt. Ltd.,100,387.5,38750.0,2025-09-28 13:38:01.637052
2025-09-28,16598,2025092804004799,UPCL,Vision Securities Pvt. Ltd,Shree Krishna Securities Ltd.,10,387.7,3877.0,2025-09-28 13:39:15.787902
2025-09-28,16518,2025092804004822,UPCL,Naasa Securities Co. Ltd.,Shree Krishna Securities Ltd.,190,387.7,73663.0,2025-09-28 13:39:56.854808
2025-09-28,16517,2025092804004823,UPCL,Naasa Securities Co. Ltd.,Sani Securities Company Ltd.,600,387.7,232620.0,2025-09-28 13:39:56.855096
2025-09-28,16516,2025092804004824,UPCL,Naasa Securities Co. Ltd.,Ashutosh Brokerage & Securities (PVT) Ltd.,200,387.8,77560.0,2025-09-28 13:39:56.855373
2025-09-28,16397,2025092804004862,UPCL,Naasa Securities Co. Ltd.,Sumeru Securities Pvt. Ltd.,10,387.8,3878.0,2025-09-28 13:40:55.975236
2025-09-28,16342,2025092804004875,UPCL,Kumari Securities Private Limited,Sumeru Securities Pvt. Ltd.,700,387.1,270970.0,2025-09-28 13:41:43.368958
2025-09-28,16292,2025092804004885,UPCL,Secured Securities Ltd.,Sumeru Securities Pvt. Ltd.,440,387.8,170632.0,2025-09-28 13:42:18.652669
2025-09-28,16271,2025092804004890,UPCL,Secured Securities Ltd.,Trishakti Securities Public Limited,58,387.8,22492.4,2025-09-28 13:42:33.107237
2025-09-28,15924,2025092804004964,UPCL,Market Securities & Exchange (PVT) Ltd.,Sri Hari Securities Pvt. Ltd.,500,387.8,193900.0,2025-09-28 13:45:31.142590
2025-09-28,15923,2025092804004965,UPCL,Market Securities & Exchange (PVT) Ltd.,Siprabi Securities Pvt. Ltd.,200,387.8,77560.0,2025-09-28 13:45:31.142862
2025-09-28,15401,2025092804005083,UPCL,Vision Securities Pvt. Ltd,Sani Securities Company Ltd.,100,385.8,38580.0,2025-09-28 13:49:26.871261
2025-09-28,15400,2025092804005084,UPCL,ABC Securities Private Limited,Sani Securities Company Ltd.,400,385.7,154280.0,2025-09-28 13:49:26.871566
2025-09-28,14977,2025092804005171,UPCL,ABC Securities Private Limited,Nepal Stock House (PVT) Ltd.,300,385.7,115710.0,2025-09-28 13:52:51.579389
2025-09-28,14647,2025092804005262,UPCL,Sweta Securities Private Limited,Sumeru Securities Pvt. Ltd.,300,385.6,115680.0,2025-09-28 13:55:33.786411
2025-09-28,14040,2025092804005454,UPCL,Asian Securities Private Ltd.,Trishakti Securities Public Limited,3,385.0,1155.0,2025-09-28 14:00:11.181963
2025-09-28,13760,2025092804005507,UPCL,Vision Securities Pvt. Ltd,Trishakti Securities Public Limited,500,386.0,193000.0,2025-09-28 14:02:38.187906
2025-09-28,13606,2025092804005555,UPCL,Sajilo Broker Limited,ABC Securities Private Limited,7,386.0,2702.0,2025-09-28 14:03:59.376386
2025-09-28,12914,2025092804005691,UPCL,Vision Securities Pvt. Ltd,South Asian Bulls Pvt. Ltd.,12,386.0,4632.0,2025-09-28 14:09:11.343573
2025-09-28,12913,2025092804005692,UPCL,Vision Securities Pvt. Ltd,Vision Securities Pvt. Ltd,18,386.9,6964.2,2025-09-28 14:09:11.343671
2025-09-28,12796,2025092804005720,UPCL,Asian Securities Private Ltd.,Vision Securities Pvt. Ltd,282,386.9,109105.8,2025-09-28 14:10:18.937125
2025-09-28,12759,2025092804005726,UPCL,Nagarik Stock Dealer ,Shree Krishna Securities Ltd.,100,387.0,38700.0,2025-09-28 14:10:38.502667
2025-09-28,12758,2025092804005727,UPCL,Nagarik Stock Dealer ,Dipshikha Dhitopatra Karobar Co. Pvt Ltd.,10,387.0,3870.0,2025-09-28 14:10:38.502825
2025-09-28,12757,2025092804005728,UPCL,Nagarik Stock Dealer ,Naasa Securities Co. Ltd.,23,387.0,8901.0,2025-09-28 14:10:38.502943
2025-09-28,12756,2025092804005729,UPCL,Nagarik Stock Dealer ,Arun Securities (PVT) Ltd.,260,387.0,100620.0,2025-09-28 14:10:38.503015
2025-09-28,12755,2025092804005730,UPCL,Nagarik Stock Dealer ,Siprabi Securities Pvt. Ltd.,800,387.8,310240.0,2025-09-28 14:10:38.503079
2025-09-28,12754,2025092804005731,UPCL,Nagarik Stock Dealer ,Vision Securities Pvt. Ltd,200,387.8,77560.0,2025-09-28 14:10:38.503138
2025-09-28,12753,2025092804005732,UPCL,Nagarik Stock Dealer ,Market Securities & Exchange (PVT) Ltd.,607,387.9,235455.3,2025-09-28 14:10:38.503206
2025-09-28,12597,2025092804005779,UPCL,Kalika Securities Pvt. Ltd.,Naasa Securities Co. Ltd.,100,387.8,38780.0,2025-09-28 14:11:39.243828
2025-09-28,12545,2025092804005788,UPCL,Vision Securities Pvt. Ltd,Market Securities & Exchange (PVT) Ltd.,100,387.9,38790.0,2025-09-28 14:12:09.252990
2025-09-28,12523,2025092804005793,UPCL,Capital Max Securities Ltd,Market Securities & Exchange (PVT) Ltd.,293,387.9,113654.7,2025-09-28 14:12:24.415539
2025-09-28,12522,2025092804005794,UPCL,Capital Max Securities Ltd,Bhrikuti Stock Broking Co. Pvt. Ltd.,300,388.0,116400.0,2025-09-28 14:12:24.415646
2025-09-28,12521,2025092804005795,UPCL,Capital Max Securities Ltd,Sani Securities Company Ltd.,407,388.0,157916.0,2025-09-28 14:12:24.415714
2025-09-28,12476,2025092804005813,UPCL,Asian Securities Private Ltd.,Siprabi Securities Pvt. Ltd.,466,387.9,180761.4,2025-09-28 14:12:50.685885
2025-09-28,12466,2025092804005816,UPCL,Vision Securities Pvt. Ltd,Siprabi Securities Pvt. Ltd.,34,387.9,13188.6,2025-09-28 14:12:58.486826
2025-09-28,12465,2025092804005817,UPCL,Vision Securities Pvt. Ltd,Sani Securities Company Ltd.,16,388.0,6208.0,2025-09-28 14:12:58.486882
2025-09-28,12457,2025092804005820,UPCL,Online Securities Pvt. Ltd.,Sani Securities Company Ltd.,2577,388.0,999876.0,2025-09-28 14:13:02.215392
2025-09-28,12456,2025092804005821,UPCL,Online Securities Pvt. Ltd.,Sri Hari Securities Pvt. Ltd.,423,388.0,164124.0,2025-09-28 14:13:02.215691
2025-09-28,12452,2025092804005823,UPCL,Property Wiard Limited,Sri Hari Securities Pvt. Ltd.,577,388.0,223876.0,2025-09-28 14:13:04.774843
2025-09-28,12451,2025092804005824,UPCL,Property Wiard Limited,Malla & Malla Stock Broking Company Pvt. Limited,40,388.0,15520.0,2025-09-28 14:13:04.774925
2025-09-28,12450,2025092804005825,UPCL,Property Wiard Limited,Imperial Securities Company Pvt. Ltd.,300,388.0,116400.0,2025-09-28 14:13:04.774965
2025-09-28,12449,2025092804005826,UPCL,Property Wiard Limited,J.F. Securites (PVT) Ltd.,40,389.0,15560.0,2025-09-28 14:13:04.774992
2025-09-28,12448,2025092804005827,UPCL,Property Wiard Limited,Malla & Malla Stock Broking Company Pvt. Limited,43,389.0,16727.0,2025-09-28 14:13:04.775020
2025-09-28,12382,2025092804005840,UPCL,Midas Stock Broking Company Private Limited,Malla & Malla Stock Broking Company Pvt. Limited,57,389.0,22173.0,2025-09-28 14:13:41.326935
2025-09-28,12381,2025092804005841,UPCL,Midas Stock Broking Company Private Limited,Vision Securities Pvt. Ltd,200,389.0,77800.0,2025-09-28 14:13:41.327222
2025-09-28,12380,2025092804005842,UPCL,Midas Stock Broking Company Private Limited,Online Securities Pvt. Ltd.,200,389.0,77800.0,2025-09-28 14:13:41.327435
2025-09-28,12379,2025092804005843,UPCL,Midas Stock Broking Company Private Limited,Investment Management Nepal Pvt. Ltd.,43,389.0,16727.0,2025-09-28 14:13:41.327650
2025-09-28,12344,2025092804005852,UPCL,Premier Securities Company Ltd.,Investment Management Nepal Pvt. Ltd.,300,389.0,116700.0,2025-09-28 14:13:49.242963
2025-09-28,12307,2025092804005855,UPCL,Kalika Securities Pvt. Ltd.,Investment Management Nepal Pvt. Ltd.,50,389.0,19450.0,2025-09-28 14:14:00.575976
2025-09-28,12237,2025092804005881,UPCL,Global IME Securities Limited,Aryatara Investment & Securities,500,388.1,194050.0,2025-09-28 14:14:35.803476
2025-09-28,12236,2025092804005882,UPCL,Asian Securities Private Ltd.,Aryatara Investment & Securities,500,388.0,194000.0,2025-09-28 14:14:35.803838
2025-09-28,12142,2025092804005918,UPCL,Capital Max Securities Ltd,Investment Management Nepal Pvt. Ltd.,600,389.0,233400.0,2025-09-28 14:15:12.891039
2025-09-28,12028,2025092804005931,UPCL,Global IME Securities Limited,Dipshikha Dhitopatra Karobar Co. Pvt Ltd.,24,389.0,9336.0,2025-09-28 14:16:22.994122
2025-09-28,12027,2025092804005932,UPCL,Global IME Securities Limited,Naasa Securities Co. Ltd.,50,389.6,19480.0,2025-09-28 14:16:22.994305
2025-09-28,11628,2025092804006019,UPCL,Vision Securities Pvt. Ltd,Primo Securities (PVT) Ltd.,40,389.0,15560.0,2025-09-28 14:19:22.722282
2025-09-28,11385,2025092804006070,UPCL,Dakshinkali Investment & Securities Pvt. Ltd.,Shree Krishna Securities Ltd.,120,387.5,46500.0,2025-09-28 14:21:20.189063
2025-09-28,10805,2025092804006226,UPCL,Naasa Securities Co. Ltd.,Shree Krishna Securities Ltd.,200,387.5,77500.0,2025-09-28 14:25:16.715706
2025-09-28,10804,2025092804006227,UPCL,Asian Securities Private Ltd.,Shree Krishna Securities Ltd.,300,387.5,116250.0,2025-09-28 14:25:16.715998
2025-09-28,10803,2025092804006228,UPCL,Cristal Kanchanjanga Securites Pvt. Ltd.,Shree Krishna Securities Ltd.,150,387.5,58125.0,2025-09-28 14:25:16.716179
2025-09-28,10781,2025092804006234,UPCL,Cristal Kanchanjanga Securites Pvt. Ltd.,Capital Max Securities Ltd,100,387.5,38750.0,2025-09-28 14:25:29.266549
2025-09-28,10749,2025092804006239,UPCL,Cristal Kanchanjanga Securites Pvt. Ltd.,Siprabi Securities Pvt. Ltd.,150,387.5,58125.0,2025-09-28 14:25:39.579303
2025-09-28,10446,2025092804006326,UPCL,Premier Securities Company Ltd.,Sajilo Broker Limited,10,388.0,3880.0,2025-09-28 14:27:29.486545
2025-09-28,10350,2025092804006352,UPCL,Asian Securities Private Ltd.,Sajilo Broker Limited,50,387.3,19365.0,2025-09-28 14:28:02.534017
2025-09-28,10187,2025092804006384,UPCL,Asian Securities Private Ltd.,Vision Securities Pvt. Ltd,168,387.3,65066.4,2025-09-28 14:29:03.340289
2025-09-28,10186,2025092804006385,UPCL,Siprabi Securities Pvt. Ltd.,Vision Securities Pvt. Ltd,200,387.3,77460.0,2025-09-28 14:29:03.340487
2025-09-28,10185,2025092804006386,UPCL,Aakashbhairab Securities Ltd.,Vision Securities Pvt. Ltd,200,387.1,77420.0,2025-09-28 14:29:03.340555
2025-09-28,10184,2025092804006387,UPCL,Capital Hub P. Ltd,Vision Securities Pvt. Ltd,1432,387.0,554184.0,2025-09-28 14:29:03.340615
2025-09-28,10160,2025092804006392,UPCL,Capital Hub P. Ltd,Citizens Share Broker Limited,568,387.0,219816.0,2025-09-28 14:29:15.208531
2025-09-28,10159,2025092804006393,UPCL,Linch Stock Market Ltd.,Citizens Share Broker Limited,432,387.0,167184.0,2025-09-28 14:29:15.208694
2025-09-28,10154,2025092804006394,UPCL,Linch Stock Market Ltd.,Deevyaa Securities & Stock House Pvt. Ltd,68,387.0,26316.0,2025-09-28 14:29:16.089719
2025-09-28,9133,2025092804006609,UPCL,ABC Securities Private Limited,Online Securities Pvt. Ltd.,135,386.1,52123.5,2025-09-28 14:35:14.810798
2025-09-28,9105,2025092804006611,UPCL,ABC Securities Private Limited,Capital Max Securities Ltd,65,386.1,25096.5,2025-09-28 14:35:29.311792
2025-09-28,8996,2025092804006634,UPCL,Vision Securities Pvt. Ltd,Capital Max Securities Ltd,250,386.0,96500.0,2025-09-28 14:36:06.713779
2025-09-28,8980,2025092804006637,UPCL,Kumari Securities Private Limited,Capital Max Securities Ltd,685,386.0,264410.0,2025-09-28 14:36:12.087439
2025-09-28,8785,2025092804006676,UPCL,Naasa Securities Co. Ltd.,Trisul Securities & Invt. Ltd.,500,386.8,193400.0,2025-09-28 14:37:13.223811
2025-09-28,8784,2025092804006677,UPCL,Naasa Securities Co. Ltd.,Sanima Securities Limited,500,386.9,193450.0,2025-09-28 14:37:13.223993
2025-09-28,8708,2025092804006688,UPCL,Kumari Securities Private Limited,Naasa Securities Co. Ltd.,15,385.6,5784.0,2025-09-28 14:37:36.811126
2025-09-28,8440,2025092804006742,UPCL,Kumari Securities Private Limited,Online Securities Pvt. Ltd.,50,385.6,19280.0,2025-09-28 14:39:01.056695
2025-09-28,8333,2025092804006769,UPCL,Agrawal Securities (PVT) Ltd.,Sumeru Securities Pvt. Ltd.,1500,386.0,579000.0,2025-09-28 14:39:23.611554
2025-09-28,8262,2025092804006787,UPCL,J.F. Securites (PVT) Ltd.,Sanima Securities Limited,30,386.9,11607.0,2025-09-28 14:39:48.247409
2025-09-28,8059,2025092804006828,UPCL,Kumari Securities Private Limited,Sanima Securities Limited,250,386.9,96725.0,2025-09-28 14:40:52.629199
2025-09-28,8049,2025092804006830,UPCL,Agrawal Securities (PVT) Ltd.,Sanima Securities Limited,220,386.9,85118.0,2025-09-28 14:40:57.693046
2025-09-28,7990,2025092804006836,UPCL,Agrawal Securities (PVT) Ltd.,Sumeru Securities Pvt. Ltd.,300,387.0,116100.0,2025-09-28 14:41:12.685102
2025-09-28,7984,2025092804006837,UPCL,Agrawal Securities (PVT) Ltd.,Opal Securities Investment (PVT) Ltd.,250,387.0,96750.0,2025-09-28 14:41:14.789447
2025-09-28,7952,2025092804006844,UPCL,Capital Max Securities Ltd,Kumari Securities Private Limited,1000,388.0,388000.0,2025-09-28 14:41:22.520398
2025-09-28,7543,2025092804006935,UPCL,Siprabi Securities Pvt. Ltd.,Siprabi Securities Pvt. Ltd.,350,388.4,135940.0,2025-09-28 14:43:04.263452
2025-09-28,7542,2025092804006936,UPCL,Kumari Securities Private Limited,Deevyaa Securities & Stock House Pvt. Ltd,432,387.2,167270.4,2025-09-28 14:43:04.609331
2025-09-28,7416,2025092804006970,UPCL,Kumari Securities Private Limited,Sani Securities Company Ltd.,68,388.8,26438.4,2025-09-28 14:43:38.295605
2025-09-28,7238,2025092804006989,UPCL,Vision Securities Pvt. Ltd,Sani Securities Company Ltd.,32,388.8,12441.6,2025-09-28 14:44:25.774878
2025-09-28,7237,2025092804006990,UPCL,Vision Securities Pvt. Ltd,Ashutosh Brokerage & Securities (PVT) Ltd.,18,388.9,7000.2,2025-09-28 14:44:25.775003
2025-09-28,7077,2025092804007019,UPCL,Agrawal Securities (PVT) Ltd.,Ashutosh Brokerage & Securities (PVT) Ltd.,182,388.9,70779.8,2025-09-28 14:45:13.668225
2025-09-28,7076,2025092804007020,UPCL,Agrawal Securities (PVT) Ltd.,Primo Securities (PVT) Ltd.,18,389.0,7002.0,2025-09-28 14:45:13.668346
2025-09-28,6991,2025092804007039,UPCL,Agrawal Securities (PVT) Ltd.,Primo Securities (PVT) Ltd.,10,389.0,3890.0,2025-09-28 14:45:35.156923
2025-09-28,6788,2025092804007098,UPCL,Siprabi Securities Pvt. Ltd.,Deevyaa Securities & Stock House Pvt. Ltd,400,388.0,155200.0,2025-09-28 14:46:25.754712
2025-09-28,6787,2025092804007099,UPCL,Sagarmatha Securities Private Limited,Deevyaa Securities & Stock House Pvt. Ltd,100,387.3,38730.0,2025-09-28 14:46:25.754903
2025-09-28,6466,2025092804007179,UPCL,Cristal Kanchanjanga Securites Pvt. Ltd.,Dynamic Money Managers Securities Pvt. Ltd.,58,387.5,22475.0,2025-09-28 14:47:44.192080
2025-09-28,6465,2025092804007180,UPCL,Capital Max Securities Ltd,Dynamic Money Managers Securities Pvt. Ltd.,392,387.5,151900.0,2025-09-28 14:47:44.192290
2025-09-28,6454,2025092804007181,UPCL,Dakshinkali Investment & Securities Pvt. Ltd.,Midas Stock Broking Company Private Limited,300,388.0,116400.0,2025-09-28 14:47:47.577805
2025-09-28,6437,2025092804007182,UPCL,Dakshinkali Investment & Securities Pvt. Ltd.,Capital Max Securities Ltd,200,388.0,77600.0,2025-09-28 14:47:49.344485
2025-09-28,6436,2025092804007183,UPCL,Capital Max Securities Ltd,Capital Max Securities Ltd,300,387.5,116250.0,2025-09-28 14:47:49.344550
2025-09-28,6340,2025092804007203,UPCL,Trademow Securities Private Limited,Swarna Laxmi Securities Pvt. Ltd.,1000,388.8,388800.0,2025-09-28 14:48:15.459299
2025-09-28,6299,2025092804007213,UPCL,Siprabi Securities Pvt. Ltd.,Swarna Laxmi Securities Pvt. Ltd.,200,388.8,77760.0,2025-09-28 14:48:28.125421
2025-09-28,6012,2025092804007261,UPCL,Siprabi Securities Pvt. Ltd.,Premier Securities Company Ltd.,100,387.8,38780.0,2025-09-28 14:49:41.322082
2025-09-28,6011,2025092804007262,UPCL,Imperial Securities Company Pvt. Ltd.,Premier Securities Company Ltd.,65,387.7,25200.5,2025-09-28 14:49:41.322272
2025-09-28,6010,2025092804007263,UPCL,Indira securities pvt. ltd,Premier Securities Company Ltd.,200,387.6,77520.0,2025-09-28 14:49:41.322368
2025-09-28,6009,2025092804007264,UPCL,Sumeru Securities Pvt. Ltd.,Premier Securities Company Ltd.,135,387.6,52326.0,2025-09-28 14:49:41.322437
2025-09-28,5988,2025092804007272,UPCL,Sagarmatha Securities Private Limited,Trisul Securities & Invt. Ltd.,500,387.7,193850.0,2025-09-28 14:49:44.252185
2025-09-28,5987,2025092804007273,UPCL,Sumeru Securities Pvt. Ltd.,Trisul Securities & Invt. Ltd.,1015,387.6,393414.0,2025-09-28 14:49:44.252388
2025-09-28,5914,2025092804007295,UPCL,Capital Max Securities Ltd,Capital Max Securities Ltd,200,387.5,77500.0,2025-09-28 14:49:58.218167
2025-09-28,5880,2025092804007310,UPCL,Capital Max Securities Ltd,Trisul Securities & Invt. Ltd.,108,387.5,41850.0,2025-09-28 14:50:08.803010
2025-09-28,5879,2025092804007311,UPCL,Siprabi Securities Pvt. Ltd.,Trisul Securities & Invt. Ltd.,77,387.5,29837.5,2025-09-28 14:50:08.803361
2025-09-28,5815,2025092804007317,UPCL,Siprabi Securities Pvt. Ltd.,Citizens Share Broker Limited,123,387.5,47662.5,2025-09-28 14:50:20.136738
2025-09-28,5814,2025092804007318,UPCL,Dakshinkali Investment & Securities Pvt. Ltd.,Citizens Share Broker Limited,500,387.4,193700.0,2025-09-28 14:50:20.136913
2025-09-28,5813,2025092804007319,UPCL,Linch Stock Market Ltd.,Citizens Share Broker Limited,500,387.4,193700.0,2025-09-28 14:50:20.136986
2025-09-28,5812,2025092804007320,UPCL,Sagarmatha Securities Private Limited,Citizens Share Broker Limited,800,387.3,309840.0,2025-09-28 14:50:20.137054
2025-09-28,5811,2025092804007321,UPCL,Trishakti Securities Public Limited,Citizens Share Broker Limited,1200,387.3,464760.0,2025-09-28 14:50:20.137117
2025-09-28,5810,2025092804007322,UPCL,ABC Securities Private Limited,Citizens Share Broker Limited,877,387.2,339574.4,2025-09-28 14:50:20.137179
2025-09-28,5779,2025092804007343,UPCL,Property Wiard Limited,Capital Max Securities Ltd,10,388.0,3880.0,2025-09-28 14:50:28.578660
2025-09-28,5569,2025092804007393,UPCL,Property Wiard Limited,Capital Max Securities Ltd,10,388.5,3885.0,2025-09-28 14:51:11.160577
2025-09-28,5202,2025092804007489,UPCL,Primo Securities (PVT) Ltd.,Swarna Laxmi Securities Pvt. Ltd.,200,388.0,77600.0,2025-09-28 14:52:13.544977
2025-09-28,5055,2025092804007536,UPCL,ABC Securities Private Limited,Trishakti Securities Public Limited,1800,387.2,696960.0,2025-09-28 14:52:32.472646
2025-09-28,5023,2025092804007546,UPCL,ABC Securities Private Limited,Swarna Laxmi Securities Pvt. Ltd.,200,387.2,77440.0,2025-09-28 14:52:37.004480
2025-09-28,4664,2025092804007644,UPCL,Property Wiard Limited,Capital Max Securities Ltd,10,388.0,3880.0,2025-09-28 14:53:43.242400
2025-09-28,4573,2025092804007657,UPCL,Naasa Securities Co. Ltd.,Capital Max Securities Ltd,970,388.0,376360.0,2025-09-28 14:53:54.055391
2025-09-28,4572,2025092804007658,UPCL,Naasa Securities Co. Ltd.,Naasa Securities Co. Ltd.,30,388.4,11652.0,2025-09-28 14:53:54.055590
2025-09-28,4352,2025092804007730,UPCL,Imperial Securities Company Pvt. Ltd.,Naasa Securities Co. Ltd.,20,388.4,7768.0,2025-09-28 14:54:30.310129
2025-09-28,4351,2025092804007731,UPCL,Imperial Securities Company Pvt. Ltd.,Sri Hari Securities Pvt. Ltd.,480,388.4,186432.0,2025-09-28 14:54:30.310483
2025-09-28,4228,2025092804007761,UPCL,Siprabi Securities Pvt. Ltd.,Midas Stock Broking Company Private Limited,11,388.0,4268.0,2025-09-28 14:54:48.255618
2025-09-28,3819,2025092804007869,UPCL,Imperial Securities Company Pvt. Ltd.,Vision Securities Pvt. Ltd,73,387.3,28272.9,2025-09-28 14:55:39.292578
2025-09-28,3785,2025092804007884,UPCL,Linch Stock Market Ltd.,Midas Stock Broking Company Private Limited,289,388.0,112132.0,2025-09-28 14:55:44.112125
2025-09-28,3784,2025092804007885,UPCL,Linch Stock Market Ltd.,N.I.M.B. Stock Markets Limited,100,388.0,38800.0,2025-09-28 14:55:44.112345
2025-09-28,3533,2025092804007957,UPCL,Linch Stock Market Ltd.,Trisul Securities & Invt. Ltd.,111,388.0,43068.0,2025-09-28 14:56:11.936992
2025-09-28,3245,2025092804008027,UPCL,INDEX SECURITIES LIMITED,Trisul Securities & Invt. Ltd.,10,388.0,3880.0,2025-09-28 14:56:36.145799
2025-09-28,3119,2025092804008073,UPCL,Secured Securities Ltd.,Trisul Securities & Invt. Ltd.,100,388.0,38800.0,2025-09-28 14:56:49.041762
2025-09-28,3023,2025092804008105,UPCL,Imperial Securities Company Pvt. Ltd.,Capital Max Securities Ltd,227,387.3,87917.1,2025-09-28 14:57:02.301345
2025-09-28,3022,2025092804008106,UPCL,ABC Securities Private Limited,Capital Max Securities Ltd,73,387.2,28265.6,2025-09-28 14:57:02.301507
2025-09-28,3021,2025092804008107,UPCL,ABC Securities Private Limited,Capital Max Securities Ltd,25,387.2,9680.0,2025-09-28 14:57:02.301574
2025-09-28,3020,2025092804008108,UPCL,Siprabi Securities Pvt. Ltd.,Capital Max Securities Ltd,100,387.2,38720.0,2025-09-28 14:57:02.301635
2025-09-28,3019,2025092804008109,UPCL,Siprabi Securities Pvt. Ltd.,Capital Max Securities Ltd,32,387.1,12387.2,2025-09-28 14:57:02.301698
2025-09-28,2262,2025092804008337,UPCL,Citizens Share Broker Limited,Trisul Securities & Invt. Ltd.,10,388.0,3880.0,2025-09-28 14:58:18.503240
2025-09-28,2195,2025092804008359,UPCL,Siprabi Securities Pvt. Ltd.,Naasa Securities Co. Ltd.,10,387.1,3871.0,2025-09-28 14:58:23.541171
2025-09-28,2184,2025092804008360,UPCL,Dipshikha Dhitopatra Karobar Co. Pvt Ltd.,Trisul Securities & Invt. Ltd.,200,388.0,77600.0,2025-09-28 14:58:24.605537
2025-09-28,2029,2025092804008413,UPCL,Naasa Securities Co. Ltd.,Trisul Securities & Invt. Ltd.,15,388.0,5820.0,2025-09-28 14:58:33.140670
2025-09-28,1848,2025092804008464,UPCL,Creative Securities Pvt Ltd,Trisul Securities & Invt. Ltd.,854,388.0,331352.0,2025-09-28 14:58:47.393318
2025-09-28,1847,2025092804008465,UPCL,Creative Securities Pvt Ltd,Sri Hari Securities Pvt. Ltd.,520,388.4,201968.0,2025-09-28 14:58:47.393367
2025-09-28,1846,2025092804008466,UPCL,Creative Securities Pvt Ltd,Dynamic Money Managers Securities Pvt. Ltd.,177,388.6,68782.2,2025-09-28 14:58:47.393402
2025-09-28,1810,2025092804008473,UPCL,Siprabi Securities Pvt. Ltd.,Naasa Securities Co. Ltd.,10,387.1,3871.0,2025-09-28 14:58:50.932323
2025-09-28,1708,2025092804008506,UPCL,Citizens Share Broker Limited,Dynamic Money Managers Securities Pvt. Ltd.,10,388.6,3886.0,2025-09-28 14:58:57.999531
2025-09-28,1606,2025092804008537,UPCL,Siprabi Securities Pvt. Ltd.,Dipshikha Dhitopatra Karobar Co. Pvt Ltd.,248,387.1,96000.8,2025-09-28 14:59:05.616124
2025-09-28,1605,2025092804008538,UPCL,Sagarmatha Securities Private Limited,Dipshikha Dhitopatra Karobar Co. Pvt Ltd.,102,387.1,39484.2,2025-09-28 14:59:05.616489
2025-09-28,1363,2025092804008620,UPCL,Citizens Share Broker Limited,Dynamic Money Managers Securities Pvt. Ltd.,304,388.6,118134.4,2025-09-28 14:59:15.793576
2025-09-28,1291,2025092804008640,UPCL,Sagarmatha Securities Private Limited,KALASH STOCK MARKET PVT. LTD.,898,387.1,347615.8,2025-09-28 14:59:19.288418
2025-09-28,1290,2025092804008641,UPCL,Nagarik Stock Dealer ,KALASH STOCK MARKET PVT. LTD.,60,387.1,23226.0,2025-09-28 14:59:19.288572
2025-09-28,1289,2025092804008642,UPCL,Nabil Stock Dealer Ltd.,KALASH STOCK MARKET PVT. LTD.,250,387.0,96750.0,2025-09-28 14:59:19.288641
2025-09-28,1288,2025092804008643,UPCL,Online Securities Pvt. Ltd.,KALASH STOCK MARKET PVT. LTD.,250,387.0,96750.0,2025-09-28 14:59:19.288706
2025-09-28,1287,2025092804008644,UPCL,Naasa Securities Co. Ltd.,KALASH STOCK MARKET PVT. LTD.,20,387.0,7740.0,2025-09-28 14:59:19.288770
2025-09-28,1286,2025092804008645,UPCL,Creative Securities Pvt Ltd,KALASH STOCK MARKET PVT. LTD.,522,387.0,202014.0,2025-09-28 14:59:19.288830
2025-09-28,1201,2025092804008654,UPCL,Citizens Share Broker Limited,Nepal Stock House (PVT) Ltd.,10,388.9,3889.0,2025-09-28 14:59:22.223267
2025-09-28,1199,2025092804008656,UPCL,Siprabi Securities Pvt. Ltd.,Nepal Stock House (PVT) Ltd.,11,388.9,4277.9,2025-09-28 14:59:22.280255
2025-09-28,1096,2025092804008687,UPCL,Imperial Securities Company Pvt. Ltd.,Trishakti Securities Public Limited,65,388.0,25220.0,2025-09-28 14:59:26.447100
2025-09-28,1095,2025092804008688,UPCL,Creative Securities Pvt Ltd,Trishakti Securities Public Limited,78,387.0,30186.0,2025-09-28 14:59:26.447162
2025-09-28,1094,2025092804008689,UPCL,Nepal Stock House (PVT) Ltd.,Trishakti Securities Public Limited,1000,387.0,387000.0,2025-09-28 14:59:26.447191
2025-09-28,1093,2025092804008690,UPCL,Agrawal Securities (PVT) Ltd.,Trishakti Securities Public Limited,127,387.0,49149.0,2025-09-28 14:59:26.447220
2025-09-28,926,2025092804008746,UPCL,Siprabi Securities Pvt. Ltd.,Sri Hari Securities Pvt. Ltd.,11,388.8,4276.8,2025-09-28 14:59:34.569434
2025-09-28,813,2025092804008772,UPCL,Citizens Share Broker Limited,Sri Hari Securities Pvt. Ltd.,489,388.8,190123.2,2025-09-28 14:59:39.846922
2025-09-28,812,2025092804008773,UPCL,Citizens Share Broker Limited,Nepal Stock House (PVT) Ltd.,111,388.9,43167.9,2025-09-28 14:59:39.847046
2025-09-28,793,2025092804008778,UPCL,Vision Securities Pvt. Ltd,Nepal Stock House (PVT) Ltd.,10,388.9,3889.0,2025-09-28 14:59:40.898346
2025-09-28,548,2025092804008843,UPCL,Citizens Share Broker Limited,Nepal Stock House (PVT) Ltd.,58,388.9,22556.2,2025-09-28 14:59:49.390769
2025-09-28,547,2025092804008844,UPCL,Citizens Share Broker Limited,Primo Securities (PVT) Ltd.,10,389.0,3890.0,2025-09-28 14:59:49.390827
