contractId,stockSymbol,buyerMemberId,sellerMemberId,quantity,rate,amount,businessDate,tradeBookId,stockId,buyerBrokerName,sellerBrokerName,transaction_time,securityName
2026040901000849,ADBL,56,49,70,312.0,21840.0,2026-04-09,185671016,397,Sri Hari Securities Pvt. Ltd.,Online Securities Pvt. Ltd.,2026-04-09 11:04:10.575145,Agricultural Development Bank Limited
2026040901001798,ADBL,39,35,13,311.0,4043.0,2026-04-09,185674564,397,Sumeru Securities Pvt. Ltd.,Kohinoor Investment & Securities Pvt. Ltd.,2026-04-09 11:08:40.300845,Agricultural Development Bank Limited
2026040901001825,ADBL,39,49,47,311.0,14617.0,2026-04-09,185674651,397,Sumeru Securities Pvt. Ltd.,Online Securities Pvt. Ltd.,2026-04-09 11:08:45.954175,Agricultural Development Bank Limited
2026040901001971,ADBL,42,49,13,311.0,4043.0,2026-04-09,185675371,397,Sani Securities Company Ltd.,Online Securities Pvt. Ltd.,2026-04-09 11:09:30.749557,Agricultural Development Bank Limited
2026040901002209,ADBL,42,14,100,313.0,31300.0,2026-04-09,185676452,397,Sani Securities Company Ltd.,Nepal Stock House (PVT) Ltd.,2026-04-09 11:10:41.188369,Agricultural Development Bank Limited
2026040901002503,ADBL,58,49,179,311.0,55669.0,2026-04-09,185677770,397,Naasa Securities Co. Ltd.,Online Securities Pvt. Ltd.,2026-04-09 11:12:11.574448,Agricultural Development Bank Limited
2026040901002579,ADBL,42,58,10,313.0,3130.0,2026-04-09,185678078,397,Sani Securities Company Ltd.,Naasa Securities Co. Ltd.,2026-04-09 11:12:34.883784,Agricultural Development Bank Limited
2026040901002580,ADBL,42,34,10,313.0,3130.0,2026-04-09,185678081,397,Sani Securities Company Ltd.,Vision Securities Pvt. Ltd,2026-04-09 11:12:34.883947,Agricultural Development Bank Limited
2026040901002686,ADBL,42,45,20,313.0,6260.0,2026-04-09,185678555,397,Sani Securities Company Ltd.,Imperial Securities Company Pvt. Ltd.,2026-04-09 11:13:19.710590,Agricultural Development Bank Limited
2026040901002881,ADBL,42,58,31,313.0,9703.0,2026-04-09,185679153,397,Sani Securities Company Ltd.,Naasa Securities Co. Ltd.,2026-04-09 11:14:15.105198,Agricultural Development Bank Limited
2026040901002963,ADBL,58,58,100,313.0,31300.0,2026-04-09,185679439,397,Naasa Securities Co. Ltd.,Naasa Securities Co. Ltd.,2026-04-09 11:14:40.300051,Agricultural Development Bank Limited
2026040901003206,ADBL,58,66,233,311.0,72463.0,2026-04-09,185680244,397,Naasa Securities Co. Ltd.,Miyo Securities Pvt Ltd,2026-04-09 11:15:32.155687,Agricultural Development Bank Limited
2026040901004728,ADBL,58,7,100,311.2,31120.0,2026-04-09,185685062,397,Naasa Securities Co. Ltd.,J.F. Securites (PVT) Ltd.,2026-04-09 11:20:11.812953,Agricultural Development Bank Limited
2026040901005424,ADBL,58,48,89,311.2,27696.8,2026-04-09,185687720,397,Naasa Securities Co. Ltd.,Trishakti Securities Public Limited,2026-04-09 11:23:14.468512,Agricultural Development Bank Limited
2026040901005736,ADBL,58,57,138,311.2,42945.6,2026-04-09,185688790,397,Naasa Securities Co. Ltd.,Aryatara Investment & Securities,2026-04-09 11:24:25.081352,Agricultural Development Bank Limited
2026040901005787,ADBL,42,42,14,313.0,4382.0,2026-04-09,185688960,397,Sani Securities Company Ltd.,Sani Securities Company Ltd.,2026-04-09 11:24:33.104562,Agricultural Development Bank Limited
2026040901005788,ADBL,42,57,486,313.0,152118.0,2026-04-09,185688963,397,Sani Securities Company Ltd.,Aryatara Investment & Securities,2026-04-09 11:24:33.104640,Agricultural Development Bank Limited
2026040901006319,ADBL,58,33,170,311.2,52904.0,2026-04-09,185690982,397,Naasa Securities Co. Ltd.,Dakshinkali Investment & Securities Pvt. Ltd.,2026-04-09 11:27:10.268162,Agricultural Development Bank Limited
2026040901006489,ADBL,58,44,91,311.2,28319.2,2026-04-09,185691635,397,Naasa Securities Co. Ltd.,Dynamic Money Managers Securities Pvt. Ltd.,2026-04-09 11:28:08.468065,Agricultural Development Bank Limited
2026040901006490,ADBL,62,44,15,311.2,4668.0,2026-04-09,185691637,397,Capital Max Securities Ltd,Dynamic Money Managers Securities Pvt. Ltd.,2026-04-09 11:28:08.468145,Agricultural Development Bank Limited
2026040901006491,ADBL,57,44,494,311.0,153634.0,2026-04-09,185691638,397,Aryatara Investment & Securities,Dynamic Money Managers Securities Pvt. Ltd.,2026-04-09 11:28:08.468187,Agricultural Development Bank Limited
2026040901007199,ADBL,17,42,169,313.0,52897.0,2026-04-09,185694586,397,ABC Securities Private Limited,Sani Securities Company Ltd.,2026-04-09 11:32:25.804166,Agricultural Development Bank Limited
2026040901007200,ADBL,17,58,174,313.0,54462.0,2026-04-09,185694588,397,ABC Securities Private Limited,Naasa Securities Co. Ltd.,2026-04-09 11:32:25.804280,Agricultural Development Bank Limited
2026040901007201,ADBL,17,52,57,313.0,17841.0,2026-04-09,185694591,397,ABC Securities Private Limited,Sundhara Securities Limited,2026-04-09 11:32:25.804335,Agricultural Development Bank Limited
2026040901007295,ADBL,17,52,43,313.0,13459.0,2026-04-09,185695008,397,ABC Securities Private Limited,Sundhara Securities Limited,2026-04-09 11:32:55.324152,Agricultural Development Bank Limited
2026040901007296,ADBL,17,45,7,313.0,2191.0,2026-04-09,185695010,397,ABC Securities Private Limited,Imperial Securities Company Pvt. Ltd.,2026-04-09 11:32:55.324383,Agricultural Development Bank Limited
2026040901008667,ADBL,8,1,75,313.0,23475.0,2026-04-09,185701075,397,Brilliant Securities Pvt. Ltd.,Kumari Securities Private Limited,2026-04-09 11:40:08.621769,Agricultural Development Bank Limited
2026040901008668,ADBL,17,1,197,313.0,61661.0,2026-04-09,185701076,397,ABC Securities Private Limited,Kumari Securities Private Limited,2026-04-09 11:40:08.621873,Agricultural Development Bank Limited
2026040901009029,ADBL,42,57,15,313.0,4695.0,2026-04-09,185702280,397,Sani Securities Company Ltd.,Aryatara Investment & Securities,2026-04-09 11:41:30.225957,Agricultural Development Bank Limited
2026040901009030,ADBL,42,52,125,313.8,39225.0,2026-04-09,185702283,397,Sani Securities Company Ltd.,Sundhara Securities Limited,2026-04-09 11:41:30.226163,Agricultural Development Bank Limited
2026040901009173,ADBL,17,52,75,313.8,23535.0,2026-04-09,185702740,397,ABC Securities Private Limited,Sundhara Securities Limited,2026-04-09 11:42:07.435981,Agricultural Development Bank Limited
2026040901009174,ADBL,17,1,125,313.8,39225.0,2026-04-09,185702743,397,ABC Securities Private Limited,Kumari Securities Private Limited,2026-04-09 11:42:07.436091,Agricultural Development Bank Limited
2026040901009232,ADBL,17,19,200,313.7,62740.0,2026-04-09,185703011,397,ABC Securities Private Limited,Nepal Investment And Securities Trading Private Limited,2026-04-09 11:42:29.558215,Agricultural Development Bank Limited
2026040901009306,ADBL,17,19,200,313.7,62740.0,2026-04-09,185703293,397,ABC Securities Private Limited,Nepal Investment And Securities Trading Private Limited,2026-04-09 11:42:51.942628,Agricultural Development Bank Limited
2026040901009423,ADBL,17,19,100,313.7,31370.0,2026-04-09,185703643,397,ABC Securities Private Limited,Nepal Investment And Securities Trading Private Limited,2026-04-09 11:43:13.872366,Agricultural Development Bank Limited
2026040901009500,ADBL,17,1,100,313.8,31380.0,2026-04-09,185703991,397,ABC Securities Private Limited,Kumari Securities Private Limited,2026-04-09 11:43:34.868622,Agricultural Development Bank Limited
2026040901009574,ADBL,40,1,775,313.8,243195.0,2026-04-09,185704362,397,Creative Securities Pvt Ltd,Kumari Securities Private Limited,2026-04-09 11:43:53.637624,Agricultural Development Bank Limited
2026040901009575,ADBL,40,52,133,313.8,41735.4,2026-04-09,185704365,397,Creative Securities Pvt Ltd,Sundhara Securities Limited,2026-04-09 11:43:53.637817,Agricultural Development Bank Limited
2026040901009595,ADBL,65,14,1000,313.9,313900.0,2026-04-09,185704448,397,Sharepro Securities Private Limited,Nepal Stock House (PVT) Ltd.,2026-04-09 11:43:56.296813,Agricultural Development Bank Limited
2026040901009596,ADBL,65,52,200,313.9,62780.0,2026-04-09,185704450,397,Sharepro Securities Private Limited,Sundhara Securities Limited,2026-04-09 11:43:56.296926,Agricultural Development Bank Limited
2026040901009597,ADBL,65,41,108,314.0,33912.0,2026-04-09,185704452,397,Sharepro Securities Private Limited,Linch Stock Market Ltd.,2026-04-09 11:43:56.296973,Agricultural Development Bank Limited
2026040901010239,ADBL,17,14,200,314.1,62820.0,2026-04-09,185707436,397,ABC Securities Private Limited,Nepal Stock House (PVT) Ltd.,2026-04-09 11:47:01.992695,Agricultural Development Bank Limited
2026040901010347,ADBL,17,58,250,314.1,78525.0,2026-04-09,185707886,397,ABC Securities Private Limited,Naasa Securities Co. Ltd.,2026-04-09 11:47:30.921656,Agricultural Development Bank Limited
2026040901010395,ADBL,65,14,1000,314.5,314500.0,2026-04-09,185708128,397,Sharepro Securities Private Limited,Nepal Stock House (PVT) Ltd.,2026-04-09 11:47:41.303367,Agricultural Development Bank Limited
2026040901010396,ADBL,65,52,100,314.6,31460.0,2026-04-09,185708130,397,Sharepro Securities Private Limited,Sundhara Securities Limited,2026-04-09 11:47:41.303587,Agricultural Development Bank Limited
2026040901010397,ADBL,65,42,4306,314.6,1354667.6,2026-04-09,185708132,397,Sharepro Securities Private Limited,Sani Securities Company Ltd.,2026-04-09 11:47:41.303721,Agricultural Development Bank Limited
2026040901010398,ADBL,65,94,500,314.8,157400.0,2026-04-09,185708134,397,Sharepro Securities Private Limited,K.B.L. Securities Limited ,2026-04-09 11:47:41.303853,Agricultural Development Bank Limited
2026040901010399,ADBL,65,3,2000,314.8,629600.0,2026-04-09,185708136,397,Sharepro Securities Private Limited,Arun Securities (PVT) Ltd.,2026-04-09 11:47:41.303983,Agricultural Development Bank Limited
2026040901010400,ADBL,65,19,118,315.0,37170.0,2026-04-09,185708138,397,Sharepro Securities Private Limited,Nepal Investment And Securities Trading Private Limited,2026-04-09 11:47:41.304135,Agricultural Development Bank Limited
2026040901010401,ADBL,65,58,17,315.0,5355.0,2026-04-09,185708140,397,Sharepro Securities Private Limited,Naasa Securities Co. Ltd.,2026-04-09 11:47:41.304262,Agricultural Development Bank Limited
2026040901010402,ADBL,65,38,10,315.0,3150.0,2026-04-09,185708142,397,Sharepro Securities Private Limited,Dipshikha Dhitopatra Karobar Co. Pvt Ltd.,2026-04-09 11:47:41.304368,Agricultural Development Bank Limited
2026040901010403,ADBL,65,33,1949,315.0,613935.0,2026-04-09,185708145,397,Sharepro Securities Private Limited,Dakshinkali Investment & Securities Pvt. Ltd.,2026-04-09 11:47:41.304489,Agricultural Development Bank Limited
2026040901010664,ADBL,39,19,216,316.0,68256.0,2026-04-09,185709544,397,Sumeru Securities Pvt. Ltd.,Nepal Investment And Securities Trading Private Limited,2026-04-09 11:49:06.336525,Agricultural Development Bank Limited
2026040901010665,ADBL,39,42,130,316.0,41080.0,2026-04-09,185709546,397,Sumeru Securities Pvt. Ltd.,Sani Securities Company Ltd.,2026-04-09 11:49:06.336666,Agricultural Development Bank Limited
2026040901010666,ADBL,39,47,514,316.0,162424.0,2026-04-09,185709548,397,Sumeru Securities Pvt. Ltd.,Neev Securities Pvt. Ltd.,2026-04-09 11:49:06.336712,Agricultural Development Bank Limited
2026040901011589,ADBL,65,25,300,315.1,94530.0,2026-04-09,185714328,397,Sharepro Securities Private Limited,Sweta Securities Private Limited,2026-04-09 11:54:07.150153,Agricultural Development Bank Limited
2026040901011626,ADBL,58,57,10,316.0,3160.0,2026-04-09,185714607,397,Naasa Securities Co. Ltd.,Aryatara Investment & Securities,2026-04-09 11:54:24.289542,Agricultural Development Bank Limited
2026040901011642,ADBL,39,57,490,316.0,154840.0,2026-04-09,185714668,397,Sumeru Securities Pvt. Ltd.,Aryatara Investment & Securities,2026-04-09 11:54:27.916396,Agricultural Development Bank Limited
2026040901011877,ADBL,39,18,10,316.0,3160.0,2026-04-09,185715995,397,Sumeru Securities Pvt. Ltd.,Sagarmatha Securities Private Limited,2026-04-09 11:55:43.741053,Agricultural Development Bank Limited
2026040901011878,ADBL,57,18,10,316.0,3160.0,2026-04-09,185715997,397,Aryatara Investment & Securities,Sagarmatha Securities Private Limited,2026-04-09 11:55:43.741162,Agricultural Development Bank Limited
2026040901011879,ADBL,33,18,10,316.0,3160.0,2026-04-09,185715999,397,Dakshinkali Investment & Securities Pvt. Ltd.,Sagarmatha Securities Private Limited,2026-04-09 11:55:43.741212,Agricultural Development Bank Limited
2026040901011953,ADBL,50,18,10,316.0,3160.0,2026-04-09,185716435,397,Cristal Kanchanjanga Securites Pvt. Ltd.,Sagarmatha Securities Private Limited,2026-04-09 11:56:03.733249,Agricultural Development Bank Limited
2026040901011994,ADBL,34,18,200,316.0,63200.0,2026-04-09,185716647,397,Vision Securities Pvt. Ltd,Sagarmatha Securities Private Limited,2026-04-09 11:56:12.159858,Agricultural Development Bank Limited
2026040901012038,ADBL,65,18,10,316.0,3160.0,2026-04-09,185716934,397,Sharepro Securities Private Limited,Sagarmatha Securities Private Limited,2026-04-09 11:56:24.476880,Agricultural Development Bank Limited
2026040901012101,ADBL,65,53,11,316.2,3478.2,2026-04-09,185717232,397,Sharepro Securities Private Limited,Investment Management Nepal Pvt. Ltd.,2026-04-09 11:56:40.704161,Agricultural Development Bank Limited
2026040901012172,ADBL,65,6,500,317.0,158500.0,2026-04-09,185717590,397,Sharepro Securities Private Limited,Agrawal Securities (PVT) Ltd.,2026-04-09 11:56:55.052992,Agricultural Development Bank Limited
2026040901012173,ADBL,65,25,1000,317.0,317000.0,2026-04-09,185717592,397,Sharepro Securities Private Limited,Sweta Securities Private Limited,2026-04-09 11:56:55.053112,Agricultural Development Bank Limited
2026040901012174,ADBL,65,22,250,317.0,79250.0,2026-04-09,185717594,397,Sharepro Securities Private Limited,Siprabi Securities Pvt. Ltd.,2026-04-09 11:56:55.053179,Agricultural Development Bank Limited
2026040901012175,ADBL,65,14,533,317.0,168961.0,2026-04-09,185717596,397,Sharepro Securities Private Limited,Nepal Stock House (PVT) Ltd.,2026-04-09 11:56:55.053227,Agricultural Development Bank Limited
2026040901012176,ADBL,65,67,717,317.0,227289.0,2026-04-09,185717599,397,Sharepro Securities Private Limited,Property Wiard Limited,2026-04-09 11:56:55.053274,Agricultural Development Bank Limited
2026040901012221,ADBL,65,6,83,316.2,26244.6,2026-04-09,185717802,397,Sharepro Securities Private Limited,Agrawal Securities (PVT) Ltd.,2026-04-09 11:57:03.872742,Agricultural Development Bank Limited
2026040901012236,ADBL,63,67,315,317.0,99855.0,2026-04-09,185717892,397,Himalayan Brokerage Company Limited,Property Wiard Limited,2026-04-09 11:57:08.884625,Agricultural Development Bank Limited
2026040901012237,ADBL,63,45,13,317.1,4122.3,2026-04-09,185717894,397,Himalayan Brokerage Company Limited,Imperial Securities Company Pvt. Ltd.,2026-04-09 11:57:08.884758,Agricultural Development Bank Limited
2026040901012238,ADBL,63,7,10,317.1,3171.0,2026-04-09,185717896,397,Himalayan Brokerage Company Limited,J.F. Securites (PVT) Ltd.,2026-04-09 11:57:08.884811,Agricultural Development Bank Limited
2026040901012239,ADBL,63,36,1000,317.1,317100.0,2026-04-09,185717898,397,Himalayan Brokerage Company Limited,Secured Securities Ltd.,2026-04-09 11:57:08.884873,Agricultural Development Bank Limited
2026040901012240,ADBL,63,38,10,317.1,3171.0,2026-04-09,185717900,397,Himalayan Brokerage Company Limited,Dipshikha Dhitopatra Karobar Co. Pvt Ltd.,2026-04-09 11:57:08.884920,Agricultural Development Bank Limited
2026040901012241,ADBL,63,58,139,317.2,44090.8,2026-04-09,185717902,397,Himalayan Brokerage Company Limited,Naasa Securities Co. Ltd.,2026-04-09 11:57:08.884965,Agricultural Development Bank Limited
2026040901012242,ADBL,63,25,33,317.2,10467.6,2026-04-09,185717904,397,Himalayan Brokerage Company Limited,Sweta Securities Private Limited,2026-04-09 11:57:08.885011,Agricultural Development Bank Limited
2026040901012243,ADBL,63,36,1000,317.2,317200.0,2026-04-09,185717906,397,Himalayan Brokerage Company Limited,Secured Securities Ltd.,2026-04-09 11:57:08.885062,Agricultural Development Bank Limited
2026040901012244,ADBL,63,14,250,317.9,79475.0,2026-04-09,185717908,397,Himalayan Brokerage Company Limited,Nepal Stock House (PVT) Ltd.,2026-04-09 11:57:08.885105,Agricultural Development Bank Limited
2026040901012245,ADBL,63,42,3500,318.0,1113000.0,2026-04-09,185717910,397,Himalayan Brokerage Company Limited,Sani Securities Company Ltd.,2026-04-09 11:57:08.885150,Agricultural Development Bank Limited
2026040901012246,ADBL,63,33,730,318.0,232140.0,2026-04-09,185717913,397,Himalayan Brokerage Company Limited,Dakshinkali Investment & Securities Pvt. Ltd.,2026-04-09 11:57:08.885206,Agricultural Development Bank Limited
2026040901012490,ADBL,65,50,1000,316.3,316300.0,2026-04-09,185719158,397,Sharepro Securities Private Limited,Cristal Kanchanjanga Securites Pvt. Ltd.,2026-04-09 11:58:21.876810,Agricultural Development Bank Limited
2026040901012551,ADBL,65,48,400,316.3,126520.0,2026-04-09,185719488,397,Sharepro Securities Private Limited,Trishakti Securities Public Limited,2026-04-09 11:58:47.402903,Agricultural Development Bank Limited
2026040901012687,ADBL,25,11,131,317.0,41527.0,2026-04-09,185720308,397,Sweta Securities Private Limited,Malla & Malla Stock Broking Company Pvt. Limited,2026-04-09 11:59:39.015274,Agricultural Development Bank Limited
2026040901012695,ADBL,25,33,321,317.0,101757.0,2026-04-09,185720350,397,Sweta Securities Private Limited,Dakshinkali Investment & Securities Pvt. Ltd.,2026-04-09 11:59:40.723852,Agricultural Development Bank Limited
2026040901012764,ADBL,65,1,1000,317.1,317100.0,2026-04-09,185720678,397,Sharepro Securities Private Limited,Kumari Securities Private Limited,2026-04-09 12:00:08.152173,Agricultural Development Bank Limited
2026040901013390,ADBL,65,7,20,317.8,6356.0,2026-04-09,185723178,397,Sharepro Securities Private Limited,J.F. Securites (PVT) Ltd.,2026-04-09 12:03:16.964771,Agricultural Development Bank Limited
2026040901013391,ADBL,65,53,13,317.8,4131.4,2026-04-09,185723180,397,Sharepro Securities Private Limited,Investment Management Nepal Pvt. Ltd.,2026-04-09 12:03:16.965002,Agricultural Development Bank Limited
2026040901013392,ADBL,65,22,86,317.9,27339.4,2026-04-09,185723182,397,Sharepro Securities Private Limited,Siprabi Securities Pvt. Ltd.,2026-04-09 12:03:16.965196,Agricultural Development Bank Limited
2026040901013393,ADBL,65,3,1881,317.9,597969.9,2026-04-09,185723185,397,Sharepro Securities Private Limited,Arun Securities (PVT) Ltd.,2026-04-09 12:03:16.965328,Agricultural Development Bank Limited
2026040901013431,ADBL,40,39,112,317.2,35526.4,2026-04-09,185723382,397,Creative Securities Pvt Ltd,Sumeru Securities Pvt. Ltd.,2026-04-09 12:03:34.371979,Agricultural Development Bank Limited
2026040901013597,ADBL,40,11,75,317.2,23790.0,2026-04-09,185724166,397,Creative Securities Pvt Ltd,Malla & Malla Stock Broking Company Pvt. Limited,2026-04-09 12:04:47.787182,Agricultural Development Bank Limited
2026040901013832,ADBL,25,1,1000,317.8,317800.0,2026-04-09,185725827,397,Sweta Securities Private Limited,Kumari Securities Private Limited,2026-04-09 12:06:47.170905,Agricultural Development Bank Limited
2026040901014036,ADBL,65,3,216,317.9,68666.4,2026-04-09,185726750,397,Sharepro Securities Private Limited,Arun Securities (PVT) Ltd.,2026-04-09 12:08:00.282421,Agricultural Development Bank Limited
2026040901014037,ADBL,65,22,20,317.9,6358.0,2026-04-09,185726752,397,Sharepro Securities Private Limited,Siprabi Securities Pvt. Ltd.,2026-04-09 12:08:00.282560,Agricultural Development Bank Limited
2026040901014038,ADBL,65,34,200,318.0,63600.0,2026-04-09,185726754,397,Sharepro Securities Private Limited,Vision Securities Pvt. Ltd,2026-04-09 12:08:00.282610,Agricultural Development Bank Limited
2026040901014039,ADBL,65,58,64,318.0,20352.0,2026-04-09,185726757,397,Sharepro Securities Private Limited,Naasa Securities Co. Ltd.,2026-04-09 12:08:00.282654,Agricultural Development Bank Limited
2026040901014513,ADBL,58,50,50,317.5,15875.0,2026-04-09,185728939,397,Naasa Securities Co. Ltd.,Cristal Kanchanjanga Securites Pvt. Ltd.,2026-04-09 12:10:18.089218,Agricultural Development Bank Limited
2026040901014514,ADBL,40,50,13,317.2,4123.6,2026-04-09,185728941,397,Creative Securities Pvt Ltd,Cristal Kanchanjanga Securites Pvt. Ltd.,2026-04-09 12:10:18.089414,Agricultural Development Bank Limited
2026040901014515,ADBL,65,50,40,317.1,12684.0,2026-04-09,185728942,397,Sharepro Securities Private Limited,Cristal Kanchanjanga Securites Pvt. Ltd.,2026-04-09 12:10:18.089550,Agricultural Development Bank Limited
2026040901014886,ADBL,14,58,187,318.0,59466.0,2026-04-09,185730614,397,Nepal Stock House (PVT) Ltd.,Naasa Securities Co. Ltd.,2026-04-09 12:11:46.263113,Agricultural Development Bank Limited
2026040901014887,ADBL,14,21,13,318.0,4134.0,2026-04-09,185730616,397,Nepal Stock House (PVT) Ltd.,Midas Stock Broking Company Private Limited,2026-04-09 12:11:46.263234,Agricultural Development Bank Limited
2026040901014888,ADBL,14,39,70,318.0,22260.0,2026-04-09,185730618,397,Nepal Stock House (PVT) Ltd.,Sumeru Securities Pvt. Ltd.,2026-04-09 12:11:46.263282,Agricultural Development Bank Limited
2026040901014937,ADBL,14,50,300,318.0,95400.0,2026-04-09,185730996,397,Nepal Stock House (PVT) Ltd.,Cristal Kanchanjanga Securites Pvt. Ltd.,2026-04-09 12:12:18.436664,Agricultural Development Bank Limited
2026040901015165,ADBL,65,40,140,318.1,44534.0,2026-04-09,185732070,397,Sharepro Securities Private Limited,Creative Securities Pvt Ltd,2026-04-09 12:13:46.503916,Agricultural Development Bank Limited
2026040901015548,ADBL,65,53,50,318.1,15905.0,2026-04-09,185734344,397,Sharepro Securities Private Limited,Investment Management Nepal Pvt. Ltd.,2026-04-09 12:16:37.455475,Agricultural Development Bank Limited
2026040901015624,ADBL,7,34,160,318.8,51008.0,2026-04-09,185734792,397,J.F. Securites (PVT) Ltd.,Vision Securities Pvt. Ltd,2026-04-09 12:17:10.112592,Agricultural Development Bank Limited
2026040901015625,ADBL,7,26,100,318.9,31890.0,2026-04-09,185734794,397,J.F. Securites (PVT) Ltd.,Asian Securities Private Ltd.,2026-04-09 12:17:10.112690,Agricultural Development Bank Limited
2026040901015626,ADBL,7,49,10,319.0,3190.0,2026-04-09,185734796,397,J.F. Securites (PVT) Ltd.,Online Securities Pvt. Ltd.,2026-04-09 12:17:10.112738,Agricultural Development Bank Limited
2026040901015627,ADBL,7,54,40,319.0,12760.0,2026-04-09,185734798,397,J.F. Securites (PVT) Ltd.,Sewa Securities Pvt. Ltd.,2026-04-09 12:17:10.112784,Agricultural Development Bank Limited
2026040901015628,ADBL,7,6,190,319.0,60610.0,2026-04-09,185734801,397,J.F. Securites (PVT) Ltd.,Agrawal Securities (PVT) Ltd.,2026-04-09 12:17:10.112828,Agricultural Development Bank Limited
2026040901015940,ADBL,64,6,100,319.0,31900.0,2026-04-09,185736213,397,SUN SECURITIES PVT LTD,Agrawal Securities (PVT) Ltd.,2026-04-09 12:18:24.931265,Agricultural Development Bank Limited
2026040901016123,ADBL,65,46,122,318.1,38808.2,2026-04-09,185737172,397,Sharepro Securities Private Limited,Kalika Securities Pvt. Ltd.,2026-04-09 12:19:32.833210,Agricultural Development Bank Limited
2026040901016199,ADBL,65,59,100,318.1,31810.0,2026-04-09,185737748,397,Sharepro Securities Private Limited,Deevyaa Securities & Stock House Pvt. Ltd,2026-04-09 12:20:11.087223,Agricultural Development Bank Limited
2026040901016431,ADBL,65,22,100,318.9,31890.0,2026-04-09,185739040,397,Sharepro Securities Private Limited,Siprabi Securities Pvt. Ltd.,2026-04-09 12:21:54.333531,Agricultural Development Bank Limited
2026040901016432,ADBL,65,1,1000,318.9,318900.0,2026-04-09,185739042,397,Sharepro Securities Private Limited,Kumari Securities Private Limited,2026-04-09 12:21:54.333638,Agricultural Development Bank Limited
2026040901016433,ADBL,65,6,210,319.0,66990.0,2026-04-09,185739044,397,Sharepro Securities Private Limited,Agrawal Securities (PVT) Ltd.,2026-04-09 12:21:54.333691,Agricultural Development Bank Limited
2026040901016434,ADBL,65,1,200,319.0,63800.0,2026-04-09,185739046,397,Sharepro Securities Private Limited,Kumari Securities Private Limited,2026-04-09 12:21:54.333742,Agricultural Development Bank Limited
2026040901016435,ADBL,65,85,542,319.0,172898.0,2026-04-09,185739048,397,Sharepro Securities Private Limited,Capital Hub P. Ltd,2026-04-09 12:21:54.333788,Agricultural Development Bank Limited
2026040901016436,ADBL,65,25,448,319.0,142912.0,2026-04-09,185739051,397,Sharepro Securities Private Limited,Sweta Securities Private Limited,2026-04-09 12:21:54.333833,Agricultural Development Bank Limited
2026040901016618,ADBL,7,25,20,319.0,6380.0,2026-04-09,185739933,397,J.F. Securites (PVT) Ltd.,Sweta Securities Private Limited,2026-04-09 12:23:01.135999,Agricultural Development Bank Limited
2026040901016857,ADBL,42,1,50,318.2,15910.0,2026-04-09,185741058,397,Sani Securities Company Ltd.,Kumari Securities Private Limited,2026-04-09 12:24:11.160078,Agricultural Development Bank Limited
2026040901016863,ADBL,65,36,500,318.5,159250.0,2026-04-09,185741093,397,Sharepro Securities Private Limited,Secured Securities Ltd.,2026-04-09 12:24:13.117874,Agricultural Development Bank Limited
2026040901017572,ADBL,41,35,200,318.5,63700.0,2026-04-09,185744947,397,Linch Stock Market Ltd.,Kohinoor Investment & Securities Pvt. Ltd.,2026-04-09 12:28:52.248096,Agricultural Development Bank Limited
2026040901017573,ADBL,42,35,50,318.2,15910.0,2026-04-09,185744949,397,Sani Securities Company Ltd.,Kohinoor Investment & Securities Pvt. Ltd.,2026-04-09 12:28:52.248342,Agricultural Development Bank Limited
2026040901017574,ADBL,65,35,784,318.1,249390.4,2026-04-09,185744950,397,Sharepro Securities Private Limited,Kohinoor Investment & Securities Pvt. Ltd.,2026-04-09 12:28:52.248494,Agricultural Development Bank Limited
2026040901017630,ADBL,33,16,32,318.5,10192.0,2026-04-09,185745274,397,Dakshinkali Investment & Securities Pvt. Ltd.,Primo Securities (PVT) Ltd.,2026-04-09 12:29:14.198159,Agricultural Development Bank Limited
2026040901017632,ADBL,33,17,56,318.5,17836.0,2026-04-09,185745284,397,Dakshinkali Investment & Securities Pvt. Ltd.,ABC Securities Private Limited,2026-04-09 12:29:15.113073,Agricultural Development Bank Limited
2026040901017720,ADBL,33,51,500,318.5,159250.0,2026-04-09,185745864,397,Dakshinkali Investment & Securities Pvt. Ltd.,Oxford Securities Pvt. Ltd.,2026-04-09 12:29:51.673751,Agricultural Development Bank Limited
2026040901017791,ADBL,33,51,500,318.5,159250.0,2026-04-09,185746286,397,Dakshinkali Investment & Securities Pvt. Ltd.,Oxford Securities Pvt. Ltd.,2026-04-09 12:30:15.409880,Agricultural Development Bank Limited
2026040901018159,ADBL,33,36,549,318.5,174856.5,2026-04-09,185748426,397,Dakshinkali Investment & Securities Pvt. Ltd.,Secured Securities Ltd.,2026-04-09 12:32:29.953040,Agricultural Development Bank Limited
2026040901018167,ADBL,33,51,100,318.5,31850.0,2026-04-09,185748456,397,Dakshinkali Investment & Securities Pvt. Ltd.,Oxford Securities Pvt. Ltd.,2026-04-09 12:32:32.782888,Agricultural Development Bank Limited
2026040901018175,ADBL,33,50,1500,318.5,477750.0,2026-04-09,185748504,397,Dakshinkali Investment & Securities Pvt. Ltd.,Cristal Kanchanjanga Securites Pvt. Ltd.,2026-04-09 12:32:36.471620,Agricultural Development Bank Limited
2026040901018207,ADBL,33,57,171,318.5,54463.5,2026-04-09,185748684,397,Dakshinkali Investment & Securities Pvt. Ltd.,Aryatara Investment & Securities,2026-04-09 12:32:47.923725,Agricultural Development Bank Limited
2026040901018208,ADBL,33,35,1500,318.5,477750.0,2026-04-09,185748718,397,Dakshinkali Investment & Securities Pvt. Ltd.,Kohinoor Investment & Securities Pvt. Ltd.,2026-04-09 12:32:50.977179,Agricultural Development Bank Limited
2026040901018262,ADBL,33,22,92,318.5,29302.0,2026-04-09,185749091,397,Dakshinkali Investment & Securities Pvt. Ltd.,Siprabi Securities Pvt. Ltd.,2026-04-09 12:33:14.029299,Agricultural Development Bank Limited
2026040901018263,ADBL,49,22,40,318.5,12740.0,2026-04-09,185749093,397,Online Securities Pvt. Ltd.,Siprabi Securities Pvt. Ltd.,2026-04-09 12:33:14.029551,Agricultural Development Bank Limited
2026040901018289,ADBL,65,32,149,318.1,47396.9,2026-04-09,185749265,397,Sharepro Securities Private Limited,Premier Securities Company Ltd.,2026-04-09 12:33:28.831313,Agricultural Development Bank Limited
2026040901018330,ADBL,65,40,655,318.1,208355.5,2026-04-09,185749559,397,Sharepro Securities Private Limited,Creative Securities Pvt Ltd,2026-04-09 12:33:50.493164,Agricultural Development Bank Limited
2026040901018331,ADBL,14,40,345,318.0,109710.0,2026-04-09,185749560,397,Nepal Stock House (PVT) Ltd.,Creative Securities Pvt Ltd,2026-04-09 12:33:50.493308,Agricultural Development Bank Limited
2026040901018490,ADBL,14,35,2500,318.0,795000.0,2026-04-09,185750618,397,Nepal Stock House (PVT) Ltd.,Kohinoor Investment & Securities Pvt. Ltd.,2026-04-09 12:35:04.749864,Agricultural Development Bank Limited
2026040901018582,ADBL,14,58,10,318.0,3180.0,2026-04-09,185750948,397,Nepal Stock House (PVT) Ltd.,Naasa Securities Co. Ltd.,2026-04-09 12:35:29.815819,Agricultural Development Bank Limited
2026040901018616,ADBL,14,16,1575,318.0,500850.0,2026-04-09,185751143,397,Nepal Stock House (PVT) Ltd.,Primo Securities (PVT) Ltd.,2026-04-09 12:35:47.630122,Agricultural Development Bank Limited
2026040901018617,ADBL,58,16,35,318.0,11130.0,2026-04-09,185751145,397,Naasa Securities Co. Ltd.,Primo Securities (PVT) Ltd.,2026-04-09 12:35:47.630343,Agricultural Development Bank Limited
2026040901018672,ADBL,65,33,100,317.1,31710.0,2026-04-09,185751512,397,Sharepro Securities Private Limited,Dakshinkali Investment & Securities Pvt. Ltd.,2026-04-09 12:36:13.513192,Agricultural Development Bank Limited
2026040901018771,ADBL,65,32,860,317.1,272706.0,2026-04-09,185752241,397,Sharepro Securities Private Limited,Premier Securities Company Ltd.,2026-04-09 12:37:07.849315,Agricultural Development Bank Limited
2026040901018977,ADBL,65,16,1490,317.0,472330.0,2026-04-09,185753214,397,Sharepro Securities Private Limited,Primo Securities (PVT) Ltd.,2026-04-09 12:38:13.333475,Agricultural Development Bank Limited
2026040901019132,ADBL,65,62,13,317.1,4122.3,2026-04-09,185754228,397,Sharepro Securities Private Limited,Capital Max Securities Ltd,2026-04-09 12:39:16.708467,Agricultural Development Bank Limited
2026040901019151,ADBL,65,34,819,317.1,259704.9,2026-04-09,185754348,397,Sharepro Securities Private Limited,Vision Securities Pvt. Ltd,2026-04-09 12:39:27.527764,Agricultural Development Bank Limited
2026040901019163,ADBL,65,7,50,317.1,15855.0,2026-04-09,185754398,397,Sharepro Securities Private Limited,J.F. Securites (PVT) Ltd.,2026-04-09 12:39:32.797669,Agricultural Development Bank Limited
2026040901019177,ADBL,65,45,12,317.1,3805.2,2026-04-09,185754456,397,Sharepro Securities Private Limited,Imperial Securities Company Pvt. Ltd.,2026-04-09 12:39:37.686604,Agricultural Development Bank Limited
2026040901019783,ADBL,65,1,100,317.1,31710.0,2026-04-09,185757462,397,Sharepro Securities Private Limited,Kumari Securities Private Limited,2026-04-09 12:43:41.754191,Agricultural Development Bank Limited
2026040901019803,ADBL,65,34,20,317.1,6342.0,2026-04-09,185757566,397,Sharepro Securities Private Limited,Vision Securities Pvt. Ltd,2026-04-09 12:43:52.667649,Agricultural Development Bank Limited
2026040901019854,ADBL,40,26,200,317.9,63580.0,2026-04-09,185757878,397,Creative Securities Pvt Ltd,Asian Securities Private Ltd.,2026-04-09 12:44:18.802114,Agricultural Development Bank Limited
2026040901019855,ADBL,40,26,50,318.0,15900.0,2026-04-09,185757880,397,Creative Securities Pvt Ltd,Asian Securities Private Ltd.,2026-04-09 12:44:18.802386,Agricultural Development Bank Limited
2026040901019856,ADBL,40,48,45,318.0,14310.0,2026-04-09,185757882,397,Creative Securities Pvt Ltd,Trishakti Securities Public Limited,2026-04-09 12:44:18.802550,Agricultural Development Bank Limited
2026040901019857,ADBL,40,11,100,318.0,31800.0,2026-04-09,185757884,397,Creative Securities Pvt Ltd,Malla & Malla Stock Broking Company Pvt. Limited,2026-04-09 12:44:18.802709,Agricultural Development Bank Limited
2026040901019961,ADBL,40,26,200,318.0,63600.0,2026-04-09,185758490,397,Creative Securities Pvt Ltd,Asian Securities Private Ltd.,2026-04-09 12:45:18.179854,Agricultural Development Bank Limited
2026040901020082,ADBL,40,52,400,318.0,127200.0,2026-04-09,185758838,397,Creative Securities Pvt Ltd,Sundhara Securities Limited,2026-04-09 12:45:33.155733,Agricultural Development Bank Limited
2026040901020131,ADBL,65,51,120,317.1,38052.0,2026-04-09,185759054,397,Sharepro Securities Private Limited,Oxford Securities Pvt. Ltd.,2026-04-09 12:45:54.967852,Agricultural Development Bank Limited
2026040901022452,ADBL,43,58,12,317.2,3806.4,2026-04-09,185765564,397,South Asian Bulls Pvt. Ltd.,Naasa Securities Co. Ltd.,2026-04-09 12:50:27.827955,Agricultural Development Bank Limited
2026040901022769,ADBL,43,3,588,317.2,186513.6,2026-04-09,185767278,397,South Asian Bulls Pvt. Ltd.,Arun Securities (PVT) Ltd.,2026-04-09 12:53:01.770762,Agricultural Development Bank Limited
2026040901023467,ADBL,65,58,100,317.1,31710.0,2026-04-09,185769564,397,Sharepro Securities Private Limited,Naasa Securities Co. Ltd.,2026-04-09 12:55:22.271156,Agricultural Development Bank Limited
2026040901023586,ADBL,58,3,100,317.9,31790.0,2026-04-09,185770154,397,Naasa Securities Co. Ltd.,Arun Securities (PVT) Ltd.,2026-04-09 12:56:04.791616,Agricultural Development Bank Limited
2026040901023746,ADBL,58,26,38,318.4,12099.2,2026-04-09,185770659,397,Naasa Securities Co. Ltd.,Asian Securities Private Ltd.,2026-04-09 12:56:29.098555,Agricultural Development Bank Limited
2026040901023797,ADBL,65,41,100,317.1,31710.0,2026-04-09,185770870,397,Sharepro Securities Private Limited,Linch Stock Market Ltd.,2026-04-09 12:56:49.968701,Agricultural Development Bank Limited
2026040901023798,ADBL,65,42,102,317.1,32344.2,2026-04-09,185770874,397,Sharepro Securities Private Limited,Sani Securities Company Ltd.,2026-04-09 12:56:50.117535,Agricultural Development Bank Limited
2026040901024907,ADBL,65,13,100,317.1,31710.0,2026-04-09,185775176,397,Sharepro Securities Private Limited,Thrive Brokerage House Pvt. Ltd,2026-04-09 13:01:30.681117,Agricultural Development Bank Limited
2026040901025318,ADBL,66,6,3,310.8,932.4,2026-04-09,185777112,397,Miyo Securities Pvt Ltd,Agrawal Securities (PVT) Ltd.,2026-04-09 13:03:43.586268,Agricultural Development Bank Limited
2026040901026404,ADBL,65,3,464,317.1,147134.4,2026-04-09,185781999,397,Sharepro Securities Private Limited,Arun Securities (PVT) Ltd.,2026-04-09 13:09:51.649525,Agricultural Development Bank Limited
2026040901026405,ADBL,65,3,336,317.1,106545.6,2026-04-09,185782000,397,Sharepro Securities Private Limited,Arun Securities (PVT) Ltd.,2026-04-09 13:09:51.649734,Agricultural Development Bank Limited
2026040901026484,ADBL,65,22,100,317.1,31710.0,2026-04-09,185782482,397,Sharepro Securities Private Limited,Siprabi Securities Pvt. Ltd.,2026-04-09 13:10:24.846750,Agricultural Development Bank Limited
2026040901027299,ADBL,58,57,10,318.0,3180.0,2026-04-09,185786425,397,Naasa Securities Co. Ltd.,Aryatara Investment & Securities,2026-04-09 13:15:19.473831,Agricultural Development Bank Limited
2026040901027843,ADBL,65,29,46,317.1,14586.6,2026-04-09,185789128,397,Sharepro Securities Private Limited,Trisul Securities & Invt. Ltd.,2026-04-09 13:19:02.492393,Agricultural Development Bank Limited
2026040901027874,ADBL,65,70,95,317.1,30124.5,2026-04-09,185789392,397,Sharepro Securities Private Limited,Infinity Securities Limited,2026-04-09 13:19:18.290227,Agricultural Development Bank Limited
2026040901028007,ADBL,65,13,117,317.1,37100.7,2026-04-09,185790060,397,Sharepro Securities Private Limited,Thrive Brokerage House Pvt. Ltd,2026-04-09 13:20:07.926595,Agricultural Development Bank Limited
2026040901028107,ADBL,34,57,3,312.0,936.0,2026-04-09,185790656,397,Vision Securities Pvt. Ltd,Aryatara Investment & Securities,2026-04-09 13:20:55.719080,Agricultural Development Bank Limited
2026040901028394,ADBL,75,70,50,317.2,15860.0,2026-04-09,185792111,397,N.I.M.B. Stock Markets Limited,Infinity Securities Limited,2026-04-09 13:22:38.611237,Agricultural Development Bank Limited
2026040901028395,ADBL,65,70,150,317.1,47565.0,2026-04-09,185792112,397,Sharepro Securities Private Limited,Infinity Securities Limited,2026-04-09 13:22:38.611572,Agricultural Development Bank Limited
2026040901028413,ADBL,65,17,1156,317.1,366567.6,2026-04-09,185792245,397,Sharepro Securities Private Limited,ABC Securities Private Limited,2026-04-09 13:22:50.372236,Agricultural Development Bank Limited
2026040901028414,ADBL,65,17,644,317.1,204212.4,2026-04-09,185792246,397,Sharepro Securities Private Limited,ABC Securities Private Limited,2026-04-09 13:22:50.372426,Agricultural Development Bank Limited
2026040901028519,ADBL,65,16,13,317.1,4122.3,2026-04-09,185792972,397,Sharepro Securities Private Limited,Primo Securities (PVT) Ltd.,2026-04-09 13:23:33.376741,Agricultural Development Bank Limited
2026040901028694,ADBL,65,57,100,317.1,31710.0,2026-04-09,185794390,397,Sharepro Securities Private Limited,Aryatara Investment & Securities,2026-04-09 13:25:07.631417,Agricultural Development Bank Limited
2026040901028744,ADBL,65,43,167,317.1,52955.7,2026-04-09,185794706,397,Sharepro Securities Private Limited,South Asian Bulls Pvt. Ltd.,2026-04-09 13:25:29.165191,Agricultural Development Bank Limited
2026040901028828,ADBL,65,35,55,317.1,17440.5,2026-04-09,185795384,397,Sharepro Securities Private Limited,Kohinoor Investment & Securities Pvt. Ltd.,2026-04-09 13:26:07.609186,Agricultural Development Bank Limited
2026040901028845,ADBL,65,29,48,317.1,15220.8,2026-04-09,185795480,397,Sharepro Securities Private Limited,Trisul Securities & Invt. Ltd.,2026-04-09 13:26:13.700831,Agricultural Development Bank Limited
2026040901029083,ADBL,65,57,500,317.1,158550.0,2026-04-09,185797114,397,Sharepro Securities Private Limited,Aryatara Investment & Securities,2026-04-09 13:28:10.981271,Agricultural Development Bank Limited
2026040901030368,ADBL,48,45,200,317.7,63540.0,2026-04-09,185803959,397,Trishakti Securities Public Limited,Imperial Securities Company Pvt. Ltd.,2026-04-09 13:38:29.934470,Agricultural Development Bank Limited
2026040901030445,ADBL,34,40,5,316.0,1580.0,2026-04-09,185804396,397,Vision Securities Pvt. Ltd,Creative Securities Pvt Ltd,2026-04-09 13:39:11.422246,Agricultural Development Bank Limited
2026040901031051,ADBL,1,45,10,317.2,3172.0,2026-04-09,185808268,397,Kumari Securities Private Limited,Imperial Securities Company Pvt. Ltd.,2026-04-09 13:46:10.345282,Agricultural Development Bank Limited
2026040901031224,ADBL,1,25,15,317.2,4758.0,2026-04-09,185809198,397,Kumari Securities Private Limited,Sweta Securities Private Limited,2026-04-09 13:47:52.859252,Agricultural Development Bank Limited
2026040901031307,ADBL,65,25,11,317.1,3488.1,2026-04-09,185809688,397,Sharepro Securities Private Limited,Sweta Securities Private Limited,2026-04-09 13:48:35.061005,Agricultural Development Bank Limited
2026040901031631,ADBL,54,75,90,317.5,28575.0,2026-04-09,185810736,397,Sewa Securities Pvt. Ltd.,N.I.M.B. Stock Markets Limited,2026-04-09 13:49:47.559617,Agricultural Development Bank Limited
2026040901031632,ADBL,65,75,383,317.1,121449.3,2026-04-09,185810737,397,Sharepro Securities Private Limited,N.I.M.B. Stock Markets Limited,2026-04-09 13:49:47.559963,Agricultural Development Bank Limited
2026040901033265,ADBL,5,8,25,317.7,7942.5,2026-04-09,185821216,397,Market Securities & Exchange (PVT) Ltd.,Brilliant Securities Pvt. Ltd.,2026-04-09 14:05:08.818145,Agricultural Development Bank Limited
2026040901033266,ADBL,5,58,75,317.7,23827.5,2026-04-09,185821219,397,Market Securities & Exchange (PVT) Ltd.,Naasa Securities Co. Ltd.,2026-04-09 14:05:08.818485,Agricultural Development Bank Limited
2026040901033415,ADBL,58,58,15,317.7,4765.5,2026-04-09,185822319,397,Naasa Securities Co. Ltd.,Naasa Securities Co. Ltd.,2026-04-09 14:06:55.164280,Agricultural Development Bank Limited
2026040901033536,ADBL,57,58,50,317.2,15860.0,2026-04-09,185823100,397,Aryatara Investment & Securities,Naasa Securities Co. Ltd.,2026-04-09 14:08:08.129564,Agricultural Development Bank Limited
2026040901033766,ADBL,65,58,13,317.1,4122.3,2026-04-09,185824374,397,Sharepro Securities Private Limited,Naasa Securities Co. Ltd.,2026-04-09 14:10:02.142449,Agricultural Development Bank Limited
2026040901034096,ADBL,65,38,60,317.3,19038.0,2026-04-09,185826398,397,Sharepro Securities Private Limited,Dipshikha Dhitopatra Karobar Co. Pvt Ltd.,2026-04-09 14:12:53.123852,Agricultural Development Bank Limited
2026040901034101,ADBL,65,58,89,317.3,28239.7,2026-04-09,185826514,397,Sharepro Securities Private Limited,Naasa Securities Co. Ltd.,2026-04-09 14:13:02.112950,Agricultural Development Bank Limited
2026040901034282,ADBL,65,57,50,317.3,15865.0,2026-04-09,185828030,397,Sharepro Securities Private Limited,Aryatara Investment & Securities,2026-04-09 14:14:35.113050,Agricultural Development Bank Limited
2026040901034342,ADBL,65,54,13,317.3,4124.9,2026-04-09,185828620,397,Sharepro Securities Private Limited,Sewa Securities Pvt. Ltd.,2026-04-09 14:15:29.251666,Agricultural Development Bank Limited
2026040901034571,ADBL,65,34,10,317.3,3173.0,2026-04-09,185830038,397,Sharepro Securities Private Limited,Vision Securities Pvt. Ltd,2026-04-09 14:17:24.745743,Agricultural Development Bank Limited
2026040901034811,ADBL,59,42,10,317.5,3175.0,2026-04-09,185832029,397,Deevyaa Securities & Stock House Pvt. Ltd,Sani Securities Company Ltd.,2026-04-09 14:19:46.993754,Agricultural Development Bank Limited
2026040901034821,ADBL,65,53,40,317.3,12692.0,2026-04-09,185832056,397,Sharepro Securities Private Limited,Investment Management Nepal Pvt. Ltd.,2026-04-09 14:19:48.768700,Agricultural Development Bank Limited
2026040901034900,ADBL,58,42,17,317.5,5397.5,2026-04-09,185832643,397,Naasa Securities Co. Ltd.,Sani Securities Company Ltd.,2026-04-09 14:20:31.328103,Agricultural Development Bank Limited
2026040901034950,ADBL,67,42,73,317.5,23177.5,2026-04-09,185832918,397,Property Wiard Limited,Sani Securities Company Ltd.,2026-04-09 14:20:44.977332,Agricultural Development Bank Limited
2026040901035010,ADBL,29,58,10,317.7,3177.0,2026-04-09,185833438,397,Trisul Securities & Invt. Ltd.,Naasa Securities Co. Ltd.,2026-04-09 14:21:17.391281,Agricultural Development Bank Limited
2026040901035011,ADBL,29,58,10,317.8,3178.0,2026-04-09,185833441,397,Trisul Securities & Invt. Ltd.,Naasa Securities Co. Ltd.,2026-04-09 14:21:17.391382,Agricultural Development Bank Limited
2026040901035320,ADBL,7,58,41,317.8,13029.8,2026-04-09,185835728,397,J.F. Securites (PVT) Ltd.,Naasa Securities Co. Ltd.,2026-04-09 14:23:34.144651,Agricultural Development Bank Limited
2026040901035512,ADBL,67,1,27,317.5,8572.5,2026-04-09,185837657,397,Property Wiard Limited,Kumari Securities Private Limited,2026-04-09 14:25:32.307164,Agricultural Development Bank Limited
2026040901035631,ADBL,65,58,50,317.3,15865.0,2026-04-09,185838690,397,Sharepro Securities Private Limited,Naasa Securities Co. Ltd.,2026-04-09 14:26:45.300905,Agricultural Development Bank Limited
2026040901035729,ADBL,65,38,40,317.3,12692.0,2026-04-09,185839450,397,Sharepro Securities Private Limited,Dipshikha Dhitopatra Karobar Co. Pvt Ltd.,2026-04-09 14:27:37.621935,Agricultural Development Bank Limited
2026040901035867,ADBL,22,1,91,317.5,28892.5,2026-04-09,185840720,397,Siprabi Securities Pvt. Ltd.,Kumari Securities Private Limited,2026-04-09 14:28:57.261668,Agricultural Development Bank Limited
2026040901036088,ADBL,6,14,10,317.8,3178.0,2026-04-09,185842767,397,Agrawal Securities (PVT) Ltd.,Nepal Stock House (PVT) Ltd.,2026-04-09 14:30:45.153069,Agricultural Development Bank Limited
2026040901036613,ADBL,32,38,49,317.4,15552.6,2026-04-09,185846388,397,Premier Securities Company Ltd.,Dipshikha Dhitopatra Karobar Co. Pvt Ltd.,2026-04-09 14:35:56.589858,Agricultural Development Bank Limited
2026040901036649,ADBL,32,57,50,317.4,15870.0,2026-04-09,185846702,397,Premier Securities Company Ltd.,Aryatara Investment & Securities,2026-04-09 14:36:15.202435,Agricultural Development Bank Limited
2026040901036737,ADBL,39,14,40,317.8,12712.0,2026-04-09,185847624,397,Sumeru Securities Pvt. Ltd.,Nepal Stock House (PVT) Ltd.,2026-04-09 14:37:08.847331,Agricultural Development Bank Limited
2026040901036738,ADBL,39,41,300,317.9,95370.0,2026-04-09,185847626,397,Sumeru Securities Pvt. Ltd.,Linch Stock Market Ltd.,2026-04-09 14:37:08.847699,Agricultural Development Bank Limited
2026040901036739,ADBL,39,57,100,318.0,31800.0,2026-04-09,185847629,397,Sumeru Securities Pvt. Ltd.,Aryatara Investment & Securities,2026-04-09 14:37:08.847927,Agricultural Development Bank Limited
2026040901036841,ADBL,32,42,500,317.4,158700.0,2026-04-09,185848330,397,Premier Securities Company Ltd.,Sani Securities Company Ltd.,2026-04-09 14:37:41.150630,Agricultural Development Bank Limited
2026040901037113,ADBL,65,57,400,318.0,127200.0,2026-04-09,185850364,397,Sharepro Securities Private Limited,Aryatara Investment & Securities,2026-04-09 14:39:19.881775,Agricultural Development Bank Limited
2026040901037114,ADBL,65,49,300,318.0,95400.0,2026-04-09,185850366,397,Sharepro Securities Private Limited,Online Securities Pvt. Ltd.,2026-04-09 14:39:19.882177,Agricultural Development Bank Limited
2026040901037115,ADBL,65,14,350,318.0,111300.0,2026-04-09,185850368,397,Sharepro Securities Private Limited,Nepal Stock House (PVT) Ltd.,2026-04-09 14:39:19.882578,Agricultural Development Bank Limited
2026040901037116,ADBL,65,19,20,318.0,6360.0,2026-04-09,185850370,397,Sharepro Securities Private Limited,Nepal Investment And Securities Trading Private Limited,2026-04-09 14:39:19.882667,Agricultural Development Bank Limited
2026040901037117,ADBL,65,45,10,318.0,3180.0,2026-04-09,185850372,397,Sharepro Securities Private Limited,Imperial Securities Company Pvt. Ltd.,2026-04-09 14:39:19.882747,Agricultural Development Bank Limited
2026040901037118,ADBL,65,59,260,318.0,82680.0,2026-04-09,185850374,397,Sharepro Securities Private Limited,Deevyaa Securities & Stock House Pvt. Ltd,2026-04-09 14:39:19.882854,Agricultural Development Bank Limited
2026040901037119,ADBL,65,19,54,318.0,17172.0,2026-04-09,185850376,397,Sharepro Securities Private Limited,Nepal Investment And Securities Trading Private Limited,2026-04-09 14:39:19.882934,Agricultural Development Bank Limited
2026040901037284,ADBL,65,67,10,318.0,3180.0,2026-04-09,185851934,397,Sharepro Securities Private Limited,Property Wiard Limited,2026-04-09 14:40:33.147184,Agricultural Development Bank Limited
2026040901037341,ADBL,42,42,100,318.1,31810.0,2026-04-09,185852489,397,Sani Securities Company Ltd.,Sani Securities Company Ltd.,2026-04-09 14:40:59.501711,Agricultural Development Bank Limited
2026040901037780,ADBL,65,54,53,318.0,16854.0,2026-04-09,185855700,397,Sharepro Securities Private Limited,Sewa Securities Pvt. Ltd.,2026-04-09 14:43:41.175397,Agricultural Development Bank Limited
2026040901037872,ADBL,65,5,11,318.0,3498.0,2026-04-09,185856348,397,Sharepro Securities Private Limited,Market Securities & Exchange (PVT) Ltd.,2026-04-09 14:44:18.778354,Agricultural Development Bank Limited
2026040901037918,ADBL,58,16,76,318.2,24183.2,2026-04-09,185856734,397,Naasa Securities Co. Ltd.,Primo Securities (PVT) Ltd.,2026-04-09 14:44:45.660304,Agricultural Development Bank Limited
2026040901037919,ADBL,58,54,24,318.3,7639.2,2026-04-09,185856737,397,Naasa Securities Co. Ltd.,Sewa Securities Pvt. Ltd.,2026-04-09 14:44:45.660519,Agricultural Development Bank Limited
2026040901038011,ADBL,65,52,532,318.0,169176.0,2026-04-09,185857449,397,Sharepro Securities Private Limited,Sundhara Securities Limited,2026-04-09 14:45:19.280921,Agricultural Development Bank Limited
2026040901038012,ADBL,41,52,100,318.0,31800.0,2026-04-09,185857451,397,Linch Stock Market Ltd.,Sundhara Securities Limited,2026-04-09 14:45:19.281153,Agricultural Development Bank Limited
2026040901038013,ADBL,36,52,1355,318.0,430890.0,2026-04-09,185857453,397,Secured Securities Ltd.,Sundhara Securities Limited,2026-04-09 14:45:19.281235,Agricultural Development Bank Limited
2026040901038236,ADBL,32,52,13,318.0,4134.0,2026-04-09,185859006,397,Premier Securities Company Ltd.,Sundhara Securities Limited,2026-04-09 14:46:38.991332,Agricultural Development Bank Limited
2026040901038237,ADBL,32,17,388,318.0,123384.0,2026-04-09,185859009,397,Premier Securities Company Ltd.,ABC Securities Private Limited,2026-04-09 14:46:38.991547,Agricultural Development Bank Limited
2026040901038539,ADBL,25,58,314,317.6,99726.4,2026-04-09,185861610,397,Sweta Securities Private Limited,Naasa Securities Co. Ltd.,2026-04-09 14:48:32.296894,Agricultural Development Bank Limited
2026040901038580,ADBL,25,44,216,317.6,68601.6,2026-04-09,185861966,397,Sweta Securities Private Limited,Dynamic Money Managers Securities Pvt. Ltd.,2026-04-09 14:48:50.366059,Agricultural Development Bank Limited
2026040901038990,ADBL,25,58,100,317.6,31760.0,2026-04-09,185865114,397,Sweta Securities Private Limited,Naasa Securities Co. Ltd.,2026-04-09 14:50:53.792851,Agricultural Development Bank Limited
2026040901039620,ADBL,25,42,20,317.6,6352.0,2026-04-09,185869502,397,Sweta Securities Private Limited,Sani Securities Company Ltd.,2026-04-09 14:53:56.078467,Agricultural Development Bank Limited
2026040901039731,ADBL,25,35,50,317.6,15880.0,2026-04-09,185870387,397,Sweta Securities Private Limited,Kohinoor Investment & Securities Pvt. Ltd.,2026-04-09 14:54:28.357801,Agricultural Development Bank Limited
2026040901039732,ADBL,45,35,20,317.6,6352.0,2026-04-09,185870389,397,Imperial Securities Company Pvt. Ltd.,Kohinoor Investment & Securities Pvt. Ltd.,2026-04-09 14:54:28.358012,Agricultural Development Bank Limited
2026040901039733,ADBL,65,35,930,317.5,295275.0,2026-04-09,185870390,397,Sharepro Securities Private Limited,Kohinoor Investment & Securities Pvt. Ltd.,2026-04-09 14:54:28.358106,Agricultural Development Bank Limited
2026040901039762,ADBL,65,17,338,317.5,107315.0,2026-04-09,185870552,397,Sharepro Securities Private Limited,ABC Securities Private Limited,2026-04-09 14:54:32.946544,Agricultural Development Bank Limited
2026040901039911,ADBL,57,49,10,317.7,3177.0,2026-04-09,185871929,397,Aryatara Investment & Securities,Online Securities Pvt. Ltd.,2026-04-09 14:55:23.708495,Agricultural Development Bank Limited
2026040901040348,ADBL,65,35,1000,317.5,317500.0,2026-04-09,185874868,397,Sharepro Securities Private Limited,Kohinoor Investment & Securities Pvt. Ltd.,2026-04-09 14:56:41.291757,Agricultural Development Bank Limited
2026040901040531,ADBL,65,49,382,317.5,121285.0,2026-04-09,185876450,397,Sharepro Securities Private Limited,Online Securities Pvt. Ltd.,2026-04-09 14:57:24.146121,Agricultural Development Bank Limited
2026040901040549,ADBL,42,32,20,317.6,6352.0,2026-04-09,185876657,397,Sani Securities Company Ltd.,Premier Securities Company Ltd.,2026-04-09 14:57:29.535096,Agricultural Development Bank Limited
2026040901040592,ADBL,65,32,2080,317.6,660608.0,2026-04-09,185877080,397,Sharepro Securities Private Limited,Premier Securities Company Ltd.,2026-04-09 14:57:40.795903,Agricultural Development Bank Limited
2026040901040840,ADBL,65,19,1000,317.6,317600.0,2026-04-09,185879078,397,Sharepro Securities Private Limited,Nepal Investment And Securities Trading Private Limited,2026-04-09 14:58:31.579830,Agricultural Development Bank Limited
2026040901040965,ADBL,65,35,1000,317.6,317600.0,2026-04-09,185880086,397,Sharepro Securities Private Limited,Kohinoor Investment & Securities Pvt. Ltd.,2026-04-09 14:58:53.967907,Agricultural Development Bank Limited
2026040901041104,ADBL,65,33,918,317.6,291556.8,2026-04-09,185881147,397,Sharepro Securities Private Limited,Dakshinkali Investment & Securities Pvt. Ltd.,2026-04-09 14:59:14.818202,Agricultural Development Bank Limited
2026040901041319,ADBL,38,33,10,317.6,3176.0,2026-04-09,185882900,397,Dipshikha Dhitopatra Karobar Co. Pvt Ltd.,Dakshinkali Investment & Securities Pvt. Ltd.,2026-04-09 14:59:38.922198,Agricultural Development Bank Limited
