contractId,stockSymbol,buyerMemberId,sellerMemberId,quantity,rate,amount,businessDate,tradeBookId,stockId,buyerBrokerName,sellerBrokerName,transaction_time,securityName
2026040904000048,AKJCL,58,75,10,395.0,3950.0,2026-04-09,185668855,2788,Naasa Securities Co. Ltd.,N.I.M.B. Stock Markets Limited,2026-04-09 11:01:22.097923,Ankhu Khola Jalvidhyut Company Ltd
2026040904000053,AKJCL,45,38,10,394.0,3940.0,2026-04-09,185669011,2788,Imperial Securities Company Pvt. Ltd.,Dipshikha Dhitopatra Karobar Co. Pvt Ltd.,2026-04-09 11:01:37.817187,Ankhu Khola Jalvidhyut Company Ltd
2026040904000111,AKJCL,59,47,50,390.0,19500.0,2026-04-09,185670074,2788,Deevyaa Securities & Stock House Pvt. Ltd,Neev Securities Pvt. Ltd.,2026-04-09 11:03:00.243280,Ankhu Khola Jalvidhyut Company Ltd
2026040904000117,AKJCL,59,17,10,390.0,3900.0,2026-04-09,185670180,2788,Deevyaa Securities & Stock House Pvt. Ltd,ABC Securities Private Limited,2026-04-09 11:03:07.064064,Ankhu Khola Jalvidhyut Company Ltd
2026040904000134,AKJCL,33,58,50,390.1,19505.0,2026-04-09,185670492,2788,Dakshinkali Investment & Securities Pvt. Ltd.,Naasa Securities Co. Ltd.,2026-04-09 11:03:34.392436,Ankhu Khola Jalvidhyut Company Ltd
2026040904000140,AKJCL,33,58,100,390.1,39010.0,2026-04-09,185670562,2788,Dakshinkali Investment & Securities Pvt. Ltd.,Naasa Securities Co. Ltd.,2026-04-09 11:03:39.925388,Ankhu Khola Jalvidhyut Company Ltd
2026040904000177,AKJCL,33,75,790,390.3,308337.0,2026-04-09,185670892,2788,Dakshinkali Investment & Securities Pvt. Ltd.,N.I.M.B. Stock Markets Limited,2026-04-09 11:04:01.937234,Ankhu Khola Jalvidhyut Company Ltd
2026040904000194,AKJCL,72,58,100,391.0,39100.0,2026-04-09,185671060,2788,Hatemalo Financial Services Private Limited,Naasa Securities Co. Ltd.,2026-04-09 11:04:14.668275,Ankhu Khola Jalvidhyut Company Ltd
2026040904000235,AKJCL,64,38,4990,392.0,1956080.0,2026-04-09,185671553,2788,SUN SECURITIES PVT LTD,Dipshikha Dhitopatra Karobar Co. Pvt Ltd.,2026-04-09 11:04:58.114291,Ankhu Khola Jalvidhyut Company Ltd
2026040904000255,AKJCL,8,58,50,392.9,19645.0,2026-04-09,185671722,2788,Brilliant Securities Pvt. Ltd.,Naasa Securities Co. Ltd.,2026-04-09 11:05:12.063715,Ankhu Khola Jalvidhyut Company Ltd
2026040904000256,AKJCL,8,77,450,392.9,176805.0,2026-04-09,185671725,2788,Brilliant Securities Pvt. Ltd.,Nabil Stock Dealer Ltd.,2026-04-09 11:05:12.063825,Ankhu Khola Jalvidhyut Company Ltd
2026040904000273,AKJCL,32,58,1000,392.0,392000.0,2026-04-09,185671963,2788,Premier Securities Company Ltd.,Naasa Securities Co. Ltd.,2026-04-09 11:05:36.046231,Ankhu Khola Jalvidhyut Company Ltd
2026040904000301,AKJCL,42,58,50,391.1,19555.0,2026-04-09,185672248,2788,Sani Securities Company Ltd.,Naasa Securities Co. Ltd.,2026-04-09 11:05:58.860100,Ankhu Khola Jalvidhyut Company Ltd
2026040904000320,AKJCL,42,70,450,391.1,175995.0,2026-04-09,185672521,2788,Sani Securities Company Ltd.,Infinity Securities Limited,2026-04-09 11:06:20.925871,Ankhu Khola Jalvidhyut Company Ltd
2026040904000321,AKJCL,72,70,200,391.0,78200.0,2026-04-09,185672523,2788,Hatemalo Financial Services Private Limited,Infinity Securities Limited,2026-04-09 11:06:20.926053,Ankhu Khola Jalvidhyut Company Ltd
2026040904000322,AKJCL,33,70,350,391.0,136850.0,2026-04-09,185672524,2788,Dakshinkali Investment & Securities Pvt. Ltd.,Infinity Securities Limited,2026-04-09 11:06:20.926202,Ankhu Khola Jalvidhyut Company Ltd
2026040904000330,AKJCL,33,70,1000,391.0,391000.0,2026-04-09,185672642,2788,Dakshinkali Investment & Securities Pvt. Ltd.,Infinity Securities Limited,2026-04-09 11:06:28.442493,Ankhu Khola Jalvidhyut Company Ltd
2026040904000370,AKJCL,8,58,50,391.1,19555.0,2026-04-09,185673054,2788,Brilliant Securities Pvt. Ltd.,Naasa Securities Co. Ltd.,2026-04-09 11:06:54.844885,Ankhu Khola Jalvidhyut Company Ltd
2026040904000397,AKJCL,8,42,30,391.1,11733.0,2026-04-09,185673326,2788,Brilliant Securities Pvt. Ltd.,Sani Securities Company Ltd.,2026-04-09 11:07:13.858394,Ankhu Khola Jalvidhyut Company Ltd
2026040904000490,AKJCL,8,58,10,391.1,3911.0,2026-04-09,185674056,2788,Brilliant Securities Pvt. Ltd.,Naasa Securities Co. Ltd.,2026-04-09 11:08:11.277325,Ankhu Khola Jalvidhyut Company Ltd
2026040904000510,AKJCL,8,3,190,391.1,74309.0,2026-04-09,185674154,2788,Brilliant Securities Pvt. Ltd.,Arun Securities (PVT) Ltd.,2026-04-09 11:08:15.179192,Ankhu Khola Jalvidhyut Company Ltd
2026040904000567,AKJCL,8,58,100,391.1,39110.0,2026-04-09,185674674,2788,Brilliant Securities Pvt. Ltd.,Naasa Securities Co. Ltd.,2026-04-09 11:08:47.329160,Ankhu Khola Jalvidhyut Company Ltd
2026040904000655,AKJCL,8,34,40,391.1,15644.0,2026-04-09,185675270,2788,Brilliant Securities Pvt. Ltd.,Vision Securities Pvt. Ltd,2026-04-09 11:09:26.174884,Ankhu Khola Jalvidhyut Company Ltd
2026040904000697,AKJCL,72,58,100,391.2,39120.0,2026-04-09,185675680,2788,Hatemalo Financial Services Private Limited,Naasa Securities Co. Ltd.,2026-04-09 11:09:52.932488,Ankhu Khola Jalvidhyut Company Ltd
2026040904000762,AKJCL,72,46,200,391.2,78240.0,2026-04-09,185676215,2788,Hatemalo Financial Services Private Limited,Kalika Securities Pvt. Ltd.,2026-04-09 11:10:21.414485,Ankhu Khola Jalvidhyut Company Ltd
2026040904000763,AKJCL,8,46,80,391.1,31288.0,2026-04-09,185676217,2788,Brilliant Securities Pvt. Ltd.,Kalika Securities Pvt. Ltd.,2026-04-09 11:10:21.414700,Ankhu Khola Jalvidhyut Company Ltd
2026040904000764,AKJCL,22,46,65,391.1,25421.5,2026-04-09,185676219,2788,Siprabi Securities Pvt. Ltd.,Kalika Securities Pvt. Ltd.,2026-04-09 11:10:21.414828,Ankhu Khola Jalvidhyut Company Ltd
2026040904000765,AKJCL,33,46,655,391.0,256105.0,2026-04-09,185676220,2788,Dakshinkali Investment & Securities Pvt. Ltd.,Kalika Securities Pvt. Ltd.,2026-04-09 11:10:21.414950,Ankhu Khola Jalvidhyut Company Ltd
2026040904000799,AKJCL,33,48,55,391.0,21505.0,2026-04-09,185676583,2788,Dakshinkali Investment & Securities Pvt. Ltd.,Trishakti Securities Public Limited,2026-04-09 11:10:52.271866,Ankhu Khola Jalvidhyut Company Ltd
2026040904000800,AKJCL,58,48,100,391.0,39100.0,2026-04-09,185676585,2788,Naasa Securities Co. Ltd.,Trishakti Securities Public Limited,2026-04-09 11:10:52.272007,Ankhu Khola Jalvidhyut Company Ltd
2026040904000876,AKJCL,52,48,100,391.0,39100.0,2026-04-09,185677037,2788,Sundhara Securities Limited,Trishakti Securities Public Limited,2026-04-09 11:11:20.168027,Ankhu Khola Jalvidhyut Company Ltd
2026040904000878,AKJCL,58,58,100,390.0,39000.0,2026-04-09,185677045,2788,Naasa Securities Co. Ltd.,Naasa Securities Co. Ltd.,2026-04-09 11:11:20.709793,Ankhu Khola Jalvidhyut Company Ltd
2026040904000879,AKJCL,33,58,100,390.0,39000.0,2026-04-09,185677046,2788,Dakshinkali Investment & Securities Pvt. Ltd.,Naasa Securities Co. Ltd.,2026-04-09 11:11:20.709897,Ankhu Khola Jalvidhyut Company Ltd
2026040904000904,AKJCL,33,62,1900,390.0,741000.0,2026-04-09,185677223,2788,Dakshinkali Investment & Securities Pvt. Ltd.,Capital Max Securities Ltd,2026-04-09 11:11:32.151082,Ankhu Khola Jalvidhyut Company Ltd
2026040904000905,AKJCL,92,62,2000,389.0,778000.0,2026-04-09,185677225,2788,Roadshow securities limited,Capital Max Securities Ltd,2026-04-09 11:11:32.151136,Ankhu Khola Jalvidhyut Company Ltd
2026040904000906,AKJCL,48,62,87,388.0,33756.0,2026-04-09,185677227,2788,Trishakti Securities Public Limited,Capital Max Securities Ltd,2026-04-09 11:11:32.151170,Ankhu Khola Jalvidhyut Company Ltd
2026040904000907,AKJCL,64,62,500,386.0,193000.0,2026-04-09,185677229,2788,SUN SECURITIES PVT LTD,Capital Max Securities Ltd,2026-04-09 11:11:32.151198,Ankhu Khola Jalvidhyut Company Ltd
2026040904000908,AKJCL,60,62,513,386.0,198018.0,2026-04-09,185677230,2788,Nagarik Stock Dealer ,Capital Max Securities Ltd,2026-04-09 11:11:32.151229,Ankhu Khola Jalvidhyut Company Ltd
2026040904000924,AKJCL,65,32,600,387.0,232200.0,2026-04-09,185677473,2788,Sharepro Securities Private Limited,Premier Securities Company Ltd.,2026-04-09 11:11:46.264891,Ankhu Khola Jalvidhyut Company Ltd
2026040904000925,AKJCL,60,32,747,386.0,288342.0,2026-04-09,185677475,2788,Nagarik Stock Dealer ,Premier Securities Company Ltd.,2026-04-09 11:11:46.264988,Ankhu Khola Jalvidhyut Company Ltd
2026040904000959,AKJCL,64,38,5000,389.0,1945000.0,2026-04-09,185677957,2788,SUN SECURITIES PVT LTD,Dipshikha Dhitopatra Karobar Co. Pvt Ltd.,2026-04-09 11:12:26.351977,Ankhu Khola Jalvidhyut Company Ltd
2026040904001096,AKJCL,65,77,2000,390.0,780000.0,2026-04-09,185679526,2788,Sharepro Securities Private Limited,Nabil Stock Dealer Ltd.,2026-04-09 11:14:42.530988,Ankhu Khola Jalvidhyut Company Ltd
2026040904001097,AKJCL,65,47,100,390.0,39000.0,2026-04-09,185679528,2788,Sharepro Securities Private Limited,Neev Securities Pvt. Ltd.,2026-04-09 11:14:42.531218,Ankhu Khola Jalvidhyut Company Ltd
2026040904001098,AKJCL,65,48,495,391.0,193545.0,2026-04-09,185679530,2788,Sharepro Securities Private Limited,Trishakti Securities Public Limited,2026-04-09 11:14:42.531391,Ankhu Khola Jalvidhyut Company Ltd
2026040904001099,AKJCL,65,77,550,391.0,215050.0,2026-04-09,185679532,2788,Sharepro Securities Private Limited,Nabil Stock Dealer Ltd.,2026-04-09 11:14:42.531530,Ankhu Khola Jalvidhyut Company Ltd
2026040904001268,AKJCL,65,38,100,392.5,39250.0,2026-04-09,185681500,2788,Sharepro Securities Private Limited,Dipshikha Dhitopatra Karobar Co. Pvt Ltd.,2026-04-09 11:16:40.093270,Ankhu Khola Jalvidhyut Company Ltd
2026040904001269,AKJCL,65,38,755,394.8,298074.0,2026-04-09,185681503,2788,Sharepro Securities Private Limited,Dipshikha Dhitopatra Karobar Co. Pvt Ltd.,2026-04-09 11:16:40.093390,Ankhu Khola Jalvidhyut Company Ltd
2026040904001529,AKJCL,62,38,1000,394.0,394000.0,2026-04-09,185683832,2788,Capital Max Securities Ltd,Dipshikha Dhitopatra Karobar Co. Pvt Ltd.,2026-04-09 11:18:55.052585,Ankhu Khola Jalvidhyut Company Ltd
2026040904001530,AKJCL,62,49,100,394.4,39440.0,2026-04-09,185683834,2788,Capital Max Securities Ltd,Online Securities Pvt. Ltd.,2026-04-09 11:18:55.052855,Ankhu Khola Jalvidhyut Company Ltd
2026040904001531,AKJCL,62,21,1000,394.5,394500.0,2026-04-09,185683836,2788,Capital Max Securities Ltd,Midas Stock Broking Company Private Limited,2026-04-09 11:18:55.053079,Ankhu Khola Jalvidhyut Company Ltd
2026040904001532,AKJCL,62,87,2000,394.7,789400.0,2026-04-09,185683838,2788,Capital Max Securities Ltd,S.P.S.A. Securities Limited,2026-04-09 11:18:55.053331,Ankhu Khola Jalvidhyut Company Ltd
2026040904001533,AKJCL,62,38,1245,394.8,491526.0,2026-04-09,185683840,2788,Capital Max Securities Ltd,Dipshikha Dhitopatra Karobar Co. Pvt Ltd.,2026-04-09 11:18:55.053570,Ankhu Khola Jalvidhyut Company Ltd
2026040904001534,AKJCL,62,87,2000,395.0,790000.0,2026-04-09,185683842,2788,Capital Max Securities Ltd,S.P.S.A. Securities Limited,2026-04-09 11:18:55.053789,Ankhu Khola Jalvidhyut Company Ltd
2026040904001535,AKJCL,62,45,100,395.0,39500.0,2026-04-09,185683844,2788,Capital Max Securities Ltd,Imperial Securities Company Pvt. Ltd.,2026-04-09 11:18:55.054004,Ankhu Khola Jalvidhyut Company Ltd
2026040904001536,AKJCL,62,64,1000,395.0,395000.0,2026-04-09,185683846,2788,Capital Max Securities Ltd,SUN SECURITIES PVT LTD,2026-04-09 11:18:55.054214,Ankhu Khola Jalvidhyut Company Ltd
2026040904001586,AKJCL,64,38,1000,392.4,392400.0,2026-04-09,185684702,2788,SUN SECURITIES PVT LTD,Dipshikha Dhitopatra Karobar Co. Pvt Ltd.,2026-04-09 11:19:49.205573,Ankhu Khola Jalvidhyut Company Ltd
2026040904001651,AKJCL,62,38,1000,393.1,393100.0,2026-04-09,185685260,2788,Capital Max Securities Ltd,Dipshikha Dhitopatra Karobar Co. Pvt Ltd.,2026-04-09 11:20:28.651753,Ankhu Khola Jalvidhyut Company Ltd
2026040904001719,AKJCL,62,91,800,395.0,316000.0,2026-04-09,185685970,2788,Capital Max Securities Ltd,Citizens Share Broker Limited,2026-04-09 11:21:16.428545,Ankhu Khola Jalvidhyut Company Ltd
2026040904001720,AKJCL,62,49,200,395.0,79000.0,2026-04-09,185685973,2788,Capital Max Securities Ltd,Online Securities Pvt. Ltd.,2026-04-09 11:21:16.428698,Ankhu Khola Jalvidhyut Company Ltd
2026040904001880,AKJCL,39,58,23,395.1,9087.3,2026-04-09,185686976,2788,Sumeru Securities Pvt. Ltd.,Naasa Securities Co. Ltd.,2026-04-09 11:22:12.202381,Ankhu Khola Jalvidhyut Company Ltd
2026040904001931,AKJCL,39,66,477,395.1,188462.7,2026-04-09,185687521,2788,Sumeru Securities Pvt. Ltd.,Miyo Securities Pvt Ltd,2026-04-09 11:22:49.591989,Ankhu Khola Jalvidhyut Company Ltd
2026040904001932,AKJCL,3,66,150,395.0,59250.0,2026-04-09,185687523,2788,Arun Securities (PVT) Ltd.,Miyo Securities Pvt Ltd,2026-04-09 11:22:49.592126,Ankhu Khola Jalvidhyut Company Ltd
2026040904002027,AKJCL,62,66,373,393.1,146626.3,2026-04-09,185688486,2788,Capital Max Securities Ltd,Miyo Securities Pvt Ltd,2026-04-09 11:24:07.318852,Ankhu Khola Jalvidhyut Company Ltd
2026040904002137,AKJCL,62,94,627,393.1,246473.7,2026-04-09,185689695,2788,Capital Max Securities Ltd,K.B.L. Securities Limited ,2026-04-09 11:25:22.295458,Ankhu Khola Jalvidhyut Company Ltd
2026040904002138,AKJCL,64,94,1000,393.0,393000.0,2026-04-09,185689697,2788,SUN SECURITIES PVT LTD,K.B.L. Securities Limited ,2026-04-09 11:25:22.295765,Ankhu Khola Jalvidhyut Company Ltd
2026040904002139,AKJCL,64,94,273,393.0,107289.0,2026-04-09,185689698,2788,SUN SECURITIES PVT LTD,K.B.L. Securities Limited ,2026-04-09 11:25:22.295953,Ankhu Khola Jalvidhyut Company Ltd
2026040904002189,AKJCL,64,19,27,393.0,10611.0,2026-04-09,185690125,2788,SUN SECURITIES PVT LTD,Nepal Investment And Securities Trading Private Limited,2026-04-09 11:25:54.330345,Ankhu Khola Jalvidhyut Company Ltd
2026040904002231,AKJCL,62,19,500,393.0,196500.0,2026-04-09,185690547,2788,Capital Max Securities Ltd,Nepal Investment And Securities Trading Private Limited,2026-04-09 11:26:34.378512,Ankhu Khola Jalvidhyut Company Ltd
2026040904002240,AKJCL,61,19,900,393.0,353700.0,2026-04-09,185690599,2788,BHOLE GANESH SECURITIES LTD,Nepal Investment And Securities Trading Private Limited,2026-04-09 11:26:40.717196,Ankhu Khola Jalvidhyut Company Ltd
2026040904002274,AKJCL,46,100,980,392.7,384846.0,2026-04-09,185690771,2788,Kalika Securities Pvt. Ltd.,Sunrise Securities Limited,2026-04-09 11:26:58.044287,Ankhu Khola Jalvidhyut Company Ltd
2026040904002275,AKJCL,28,100,20,392.6,7852.0,2026-04-09,185690772,2788,Shree Krishna Securities Ltd.,Sunrise Securities Limited,2026-04-09 11:26:58.044504,Ankhu Khola Jalvidhyut Company Ltd
2026040904002327,AKJCL,62,19,67,393.0,26331.0,2026-04-09,185691221,2788,Capital Max Securities Ltd,Nepal Investment And Securities Trading Private Limited,2026-04-09 11:27:31.938859,Ankhu Khola Jalvidhyut Company Ltd
2026040904002392,AKJCL,42,58,25,392.7,9817.5,2026-04-09,185691862,2788,Sani Securities Company Ltd.,Naasa Securities Co. Ltd.,2026-04-09 11:28:29.508742,Ankhu Khola Jalvidhyut Company Ltd
2026040904002434,AKJCL,6,29,1000,392.9,392900.0,2026-04-09,185692153,2788,Agrawal Securities (PVT) Ltd.,Trisul Securities & Invt. Ltd.,2026-04-09 11:29:08.251473,Ankhu Khola Jalvidhyut Company Ltd
2026040904002435,AKJCL,67,29,200,392.8,78560.0,2026-04-09,185692155,2788,Property Wiard Limited,Trisul Securities & Invt. Ltd.,2026-04-09 11:29:08.251675,Ankhu Khola Jalvidhyut Company Ltd
2026040904002436,AKJCL,42,29,475,392.7,186532.5,2026-04-09,185692157,2788,Sani Securities Company Ltd.,Trisul Securities & Invt. Ltd.,2026-04-09 11:29:08.251749,Ankhu Khola Jalvidhyut Company Ltd
2026040904002437,AKJCL,28,29,180,392.6,70668.0,2026-04-09,185692159,2788,Shree Krishna Securities Ltd.,Trisul Securities & Invt. Ltd.,2026-04-09 11:29:08.251864,Ankhu Khola Jalvidhyut Company Ltd
2026040904002438,AKJCL,65,29,20,392.6,7852.0,2026-04-09,185692161,2788,Sharepro Securities Private Limited,Trisul Securities & Invt. Ltd.,2026-04-09 11:29:08.251933,Ankhu Khola Jalvidhyut Company Ltd
2026040904002439,AKJCL,62,29,1000,392.5,392500.0,2026-04-09,185692163,2788,Capital Max Securities Ltd,Trisul Securities & Invt. Ltd.,2026-04-09 11:29:08.252002,Ankhu Khola Jalvidhyut Company Ltd
2026040904002440,AKJCL,62,29,1555,392.2,609871.0,2026-04-09,185692165,2788,Capital Max Securities Ltd,Trisul Securities & Invt. Ltd.,2026-04-09 11:29:08.252068,Ankhu Khola Jalvidhyut Company Ltd
2026040904002441,AKJCL,46,29,500,392.0,196000.0,2026-04-09,185692167,2788,Kalika Securities Pvt. Ltd.,Trisul Securities & Invt. Ltd.,2026-04-09 11:29:08.252138,Ankhu Khola Jalvidhyut Company Ltd
2026040904002442,AKJCL,46,29,70,392.0,27440.0,2026-04-09,185692168,2788,Kalika Securities Pvt. Ltd.,Trisul Securities & Invt. Ltd.,2026-04-09 11:29:08.252204,Ankhu Khola Jalvidhyut Company Ltd
2026040904002447,AKJCL,6,19,1500,394.0,591000.0,2026-04-09,185692241,2788,Agrawal Securities (PVT) Ltd.,Nepal Investment And Securities Trading Private Limited,2026-04-09 11:29:19.327089,Ankhu Khola Jalvidhyut Company Ltd
2026040904002542,AKJCL,58,42,15,394.5,5917.5,2026-04-09,185693137,2788,Naasa Securities Co. Ltd.,Sani Securities Company Ltd.,2026-04-09 11:30:48.478195,Ankhu Khola Jalvidhyut Company Ltd
2026040904002647,AKJCL,66,32,1000,394.4,394400.0,2026-04-09,185693909,2788,Miyo Securities Pvt Ltd,Premier Securities Company Ltd.,2026-04-09 11:31:41.363133,Ankhu Khola Jalvidhyut Company Ltd
2026040904002676,AKJCL,62,42,85,394.5,33532.5,2026-04-09,185694124,2788,Capital Max Securities Ltd,Sani Securities Company Ltd.,2026-04-09 11:31:56.627879,Ankhu Khola Jalvidhyut Company Ltd
2026040904002677,AKJCL,62,34,110,394.5,43395.0,2026-04-09,185694126,2788,Capital Max Securities Ltd,Vision Securities Pvt. Ltd,2026-04-09 11:31:56.628061,Ankhu Khola Jalvidhyut Company Ltd
2026040904002678,AKJCL,62,34,10,394.9,3949.0,2026-04-09,185694128,2788,Capital Max Securities Ltd,Vision Securities Pvt. Ltd,2026-04-09 11:31:56.628137,Ankhu Khola Jalvidhyut Company Ltd
2026040904002679,AKJCL,62,6,500,394.9,197450.0,2026-04-09,185694130,2788,Capital Max Securities Ltd,Agrawal Securities (PVT) Ltd.,2026-04-09 11:31:56.628209,Ankhu Khola Jalvidhyut Company Ltd
2026040904002680,AKJCL,62,87,2000,394.9,789800.0,2026-04-09,185694132,2788,Capital Max Securities Ltd,S.P.S.A. Securities Limited,2026-04-09 11:31:56.628281,Ankhu Khola Jalvidhyut Company Ltd
2026040904002681,AKJCL,62,49,500,395.0,197500.0,2026-04-09,185694134,2788,Capital Max Securities Ltd,Online Securities Pvt. Ltd.,2026-04-09 11:31:56.628361,Ankhu Khola Jalvidhyut Company Ltd
2026040904002682,AKJCL,62,66,1000,395.0,395000.0,2026-04-09,185694136,2788,Capital Max Securities Ltd,Miyo Securities Pvt Ltd,2026-04-09 11:31:56.628436,Ankhu Khola Jalvidhyut Company Ltd
2026040904002683,AKJCL,62,58,1795,395.0,709025.0,2026-04-09,185694139,2788,Capital Max Securities Ltd,Naasa Securities Co. Ltd.,2026-04-09 11:31:56.628507,Ankhu Khola Jalvidhyut Company Ltd
2026040904002718,AKJCL,62,58,705,395.0,278475.0,2026-04-09,185694338,2788,Capital Max Securities Ltd,Naasa Securities Co. Ltd.,2026-04-09 11:32:08.808846,Ankhu Khola Jalvidhyut Company Ltd
2026040904002719,AKJCL,62,22,25,395.0,9875.0,2026-04-09,185694340,2788,Capital Max Securities Ltd,Siprabi Securities Pvt. Ltd.,2026-04-09 11:32:08.809031,Ankhu Khola Jalvidhyut Company Ltd
2026040904002720,AKJCL,62,58,200,395.0,79000.0,2026-04-09,185694342,2788,Capital Max Securities Ltd,Naasa Securities Co. Ltd.,2026-04-09 11:32:08.809107,Ankhu Khola Jalvidhyut Company Ltd
2026040904002721,AKJCL,62,29,70,395.5,27685.0,2026-04-09,185694345,2788,Capital Max Securities Ltd,Trisul Securities & Invt. Ltd.,2026-04-09 11:32:08.809179,Ankhu Khola Jalvidhyut Company Ltd
2026040904002760,AKJCL,48,29,30,395.5,11865.0,2026-04-09,185694670,2788,Trishakti Securities Public Limited,Trisul Securities & Invt. Ltd.,2026-04-09 11:32:34.556156,Ankhu Khola Jalvidhyut Company Ltd
2026040904002761,AKJCL,48,58,20,395.5,7910.0,2026-04-09,185694672,2788,Trishakti Securities Public Limited,Naasa Securities Co. Ltd.,2026-04-09 11:32:34.556200,Ankhu Khola Jalvidhyut Company Ltd
2026040904002762,AKJCL,48,50,200,395.7,79140.0,2026-04-09,185694674,2788,Trishakti Securities Public Limited,Cristal Kanchanjanga Securites Pvt. Ltd.,2026-04-09 11:32:34.556233,Ankhu Khola Jalvidhyut Company Ltd
2026040904002763,AKJCL,48,14,200,395.8,79160.0,2026-04-09,185694676,2788,Trishakti Securities Public Limited,Nepal Stock House (PVT) Ltd.,2026-04-09 11:32:34.556259,Ankhu Khola Jalvidhyut Company Ltd
2026040904002764,AKJCL,48,49,100,395.9,39590.0,2026-04-09,185694678,2788,Trishakti Securities Public Limited,Online Securities Pvt. Ltd.,2026-04-09 11:32:34.556280,Ankhu Khola Jalvidhyut Company Ltd
2026040904002765,AKJCL,48,77,1000,395.9,395900.0,2026-04-09,185694680,2788,Trishakti Securities Public Limited,Nabil Stock Dealer Ltd.,2026-04-09 11:32:34.556302,Ankhu Khola Jalvidhyut Company Ltd
2026040904002766,AKJCL,48,38,50,396.0,19800.0,2026-04-09,185694682,2788,Trishakti Securities Public Limited,Dipshikha Dhitopatra Karobar Co. Pvt Ltd.,2026-04-09 11:32:34.556337,Ankhu Khola Jalvidhyut Company Ltd
2026040904002767,AKJCL,48,6,1400,396.0,554400.0,2026-04-09,185694685,2788,Trishakti Securities Public Limited,Agrawal Securities (PVT) Ltd.,2026-04-09 11:32:34.556358,Ankhu Khola Jalvidhyut Company Ltd
2026040904002784,AKJCL,58,6,20,396.0,7920.0,2026-04-09,185694793,2788,Naasa Securities Co. Ltd.,Agrawal Securities (PVT) Ltd.,2026-04-09 11:32:45.214830,Ankhu Khola Jalvidhyut Company Ltd
2026040904002877,AKJCL,101,29,100,395.5,39550.0,2026-04-09,185695412,2788,APPLE SECURITIES PRIVATE LIMITED,Trisul Securities & Invt. Ltd.,2026-04-09 11:33:29.255802,Ankhu Khola Jalvidhyut Company Ltd
2026040904002878,AKJCL,101,6,580,396.0,229680.0,2026-04-09,185695414,2788,APPLE SECURITIES PRIVATE LIMITED,Agrawal Securities (PVT) Ltd.,2026-04-09 11:33:29.255984,Ankhu Khola Jalvidhyut Company Ltd
2026040904002879,AKJCL,101,19,50,396.0,19800.0,2026-04-09,185695416,2788,APPLE SECURITIES PRIVATE LIMITED,Nepal Investment And Securities Trading Private Limited,2026-04-09 11:33:29.256050,Ankhu Khola Jalvidhyut Company Ltd
2026040904002880,AKJCL,101,49,100,396.0,39600.0,2026-04-09,185695418,2788,APPLE SECURITIES PRIVATE LIMITED,Online Securities Pvt. Ltd.,2026-04-09 11:33:29.256119,Ankhu Khola Jalvidhyut Company Ltd
2026040904002881,AKJCL,101,49,100,396.0,39600.0,2026-04-09,185695420,2788,APPLE SECURITIES PRIVATE LIMITED,Online Securities Pvt. Ltd.,2026-04-09 11:33:29.256186,Ankhu Khola Jalvidhyut Company Ltd
2026040904002882,AKJCL,101,29,100,396.0,39600.0,2026-04-09,185695432,2788,APPLE SECURITIES PRIVATE LIMITED,Trisul Securities & Invt. Ltd.,2026-04-09 11:33:30.120044,Ankhu Khola Jalvidhyut Company Ltd
2026040904002895,AKJCL,67,87,300,396.4,118920.0,2026-04-09,185695505,2788,Property Wiard Limited,S.P.S.A. Securities Limited,2026-04-09 11:33:34.744483,Ankhu Khola Jalvidhyut Company Ltd
2026040904002896,AKJCL,101,58,30,396.0,11880.0,2026-04-09,185695520,2788,APPLE SECURITIES PRIVATE LIMITED,Naasa Securities Co. Ltd.,2026-04-09 11:33:40.217810,Ankhu Khola Jalvidhyut Company Ltd
2026040904002931,AKJCL,101,29,100,396.0,39600.0,2026-04-09,185695810,2788,APPLE SECURITIES PRIVATE LIMITED,Trisul Securities & Invt. Ltd.,2026-04-09 11:34:02.321465,Ankhu Khola Jalvidhyut Company Ltd
2026040904002970,AKJCL,101,87,100,396.3,39630.0,2026-04-09,185696164,2788,APPLE SECURITIES PRIVATE LIMITED,S.P.S.A. Securities Limited,2026-04-09 11:34:32.660849,Ankhu Khola Jalvidhyut Company Ltd
2026040904002971,AKJCL,101,87,240,396.4,95136.0,2026-04-09,185696167,2788,APPLE SECURITIES PRIVATE LIMITED,S.P.S.A. Securities Limited,2026-04-09 11:34:32.661186,Ankhu Khola Jalvidhyut Company Ltd
2026040904002999,AKJCL,6,6,100,396.0,39600.0,2026-04-09,185696247,2788,Agrawal Securities (PVT) Ltd.,Agrawal Securities (PVT) Ltd.,2026-04-09 11:34:35.407466,Ankhu Khola Jalvidhyut Company Ltd
2026040904003053,AKJCL,62,6,200,396.0,79200.0,2026-04-09,185696734,2788,Capital Max Securities Ltd,Agrawal Securities (PVT) Ltd.,2026-04-09 11:35:08.913272,Ankhu Khola Jalvidhyut Company Ltd
2026040904003054,AKJCL,62,87,300,396.4,118920.0,2026-04-09,185696737,2788,Capital Max Securities Ltd,S.P.S.A. Securities Limited,2026-04-09 11:35:08.913769,Ankhu Khola Jalvidhyut Company Ltd
2026040904003150,AKJCL,34,87,50,396.4,19820.0,2026-04-09,185697511,2788,Vision Securities Pvt. Ltd,S.P.S.A. Securities Limited,2026-04-09 11:36:05.132217,Ankhu Khola Jalvidhyut Company Ltd
2026040904003154,AKJCL,16,40,10,395.0,3950.0,2026-04-09,185697560,2788,Primo Securities (PVT) Ltd.,Creative Securities Pvt Ltd,2026-04-09 11:36:08.191001,Ankhu Khola Jalvidhyut Company Ltd
2026040904003166,AKJCL,62,87,20,396.4,7928.0,2026-04-09,185697735,2788,Capital Max Securities Ltd,S.P.S.A. Securities Limited,2026-04-09 11:36:18.604864,Ankhu Khola Jalvidhyut Company Ltd
2026040904003184,AKJCL,43,87,1000,396.4,396400.0,2026-04-09,185697829,2788,South Asian Bulls Pvt. Ltd.,S.P.S.A. Securities Limited,2026-04-09 11:36:25.012448,Ankhu Khola Jalvidhyut Company Ltd
2026040904003228,AKJCL,51,87,90,396.4,35676.0,2026-04-09,185698188,2788,Oxford Securities Pvt. Ltd.,S.P.S.A. Securities Limited,2026-04-09 11:36:50.525933,Ankhu Khola Jalvidhyut Company Ltd
2026040904003263,AKJCL,17,36,600,396.5,237900.0,2026-04-09,185698454,2788,ABC Securities Private Limited,Secured Securities Ltd.,2026-04-09 11:37:10.698194,Ankhu Khola Jalvidhyut Company Ltd
2026040904003264,AKJCL,17,29,100,396.5,39650.0,2026-04-09,185698456,2788,ABC Securities Private Limited,Trisul Securities & Invt. Ltd.,2026-04-09 11:37:10.698424,Ankhu Khola Jalvidhyut Company Ltd
2026040904003265,AKJCL,17,45,800,397.0,317600.0,2026-04-09,185698459,2788,ABC Securities Private Limited,Imperial Securities Company Pvt. Ltd.,2026-04-09 11:37:10.698512,Ankhu Khola Jalvidhyut Company Ltd
2026040904003284,AKJCL,62,45,200,397.0,79400.0,2026-04-09,185698794,2788,Capital Max Securities Ltd,Imperial Securities Company Pvt. Ltd.,2026-04-09 11:37:22.959356,Ankhu Khola Jalvidhyut Company Ltd
2026040904003285,AKJCL,62,28,20,397.0,7940.0,2026-04-09,185698796,2788,Capital Max Securities Ltd,Shree Krishna Securities Ltd.,2026-04-09 11:37:22.959395,Ankhu Khola Jalvidhyut Company Ltd
2026040904003286,AKJCL,62,68,1000,397.0,397000.0,2026-04-09,185698798,2788,Capital Max Securities Ltd,Elite Stock House Limited,2026-04-09 11:37:22.959424,Ankhu Khola Jalvidhyut Company Ltd
2026040904003287,AKJCL,62,74,280,397.0,111160.0,2026-04-09,185698801,2788,Capital Max Securities Ltd,KALASH STOCK MARKET PVT. LTD.,2026-04-09 11:37:22.959453,Ankhu Khola Jalvidhyut Company Ltd
2026040904003321,AKJCL,58,74,15,397.0,5955.0,2026-04-09,185699047,2788,Naasa Securities Co. Ltd.,KALASH STOCK MARKET PVT. LTD.,2026-04-09 11:37:42.672221,Ankhu Khola Jalvidhyut Company Ltd
2026040904003352,AKJCL,51,59,25,397.0,9925.0,2026-04-09,185699166,2788,Oxford Securities Pvt. Ltd.,Deevyaa Securities & Stock House Pvt. Ltd,2026-04-09 11:37:53.461593,Ankhu Khola Jalvidhyut Company Ltd
2026040904003368,AKJCL,56,29,100,397.5,39750.0,2026-04-09,185699243,2788,Sri Hari Securities Pvt. Ltd.,Trisul Securities & Invt. Ltd.,2026-04-09 11:37:58.287447,Ankhu Khola Jalvidhyut Company Ltd
2026040904003390,AKJCL,49,14,200,397.9,79580.0,2026-04-09,185699586,2788,Online Securities Pvt. Ltd.,Nepal Stock House (PVT) Ltd.,2026-04-09 11:38:22.916272,Ankhu Khola Jalvidhyut Company Ltd
2026040904003391,AKJCL,49,87,100,397.9,39790.0,2026-04-09,185699589,2788,Online Securities Pvt. Ltd.,S.P.S.A. Securities Limited,2026-04-09 11:38:22.916487,Ankhu Khola Jalvidhyut Company Ltd
2026040904003539,AKJCL,49,29,70,397.8,27846.0,2026-04-09,185700871,2788,Online Securities Pvt. Ltd.,Trisul Securities & Invt. Ltd.,2026-04-09 11:39:51.773245,Ankhu Khola Jalvidhyut Company Ltd
2026040904003650,AKJCL,16,29,90,396.3,35667.0,2026-04-09,185702023,2788,Primo Securities (PVT) Ltd.,Trisul Securities & Invt. Ltd.,2026-04-09 11:41:10.289278,Ankhu Khola Jalvidhyut Company Ltd
2026040904003651,AKJCL,56,29,10,396.1,3961.0,2026-04-09,185702024,2788,Sri Hari Securities Pvt. Ltd.,Trisul Securities & Invt. Ltd.,2026-04-09 11:41:10.289397,Ankhu Khola Jalvidhyut Company Ltd
2026040904003680,AKJCL,56,29,30,396.1,11883.0,2026-04-09,185702198,2788,Sri Hari Securities Pvt. Ltd.,Trisul Securities & Invt. Ltd.,2026-04-09 11:41:26.900819,Ankhu Khola Jalvidhyut Company Ltd
2026040904003691,AKJCL,56,32,10,396.1,3961.0,2026-04-09,185702285,2788,Sri Hari Securities Pvt. Ltd.,Premier Securities Company Ltd.,2026-04-09 11:41:30.518767,Ankhu Khola Jalvidhyut Company Ltd
2026040904003692,AKJCL,67,32,100,396.1,39610.0,2026-04-09,185702287,2788,Property Wiard Limited,Premier Securities Company Ltd.,2026-04-09 11:41:30.518869,Ankhu Khola Jalvidhyut Company Ltd
2026040904003693,AKJCL,67,32,890,396.0,352440.0,2026-04-09,185702288,2788,Property Wiard Limited,Premier Securities Company Ltd.,2026-04-09 11:41:30.518967,Ankhu Khola Jalvidhyut Company Ltd
2026040904003700,AKJCL,67,45,110,396.0,43560.0,2026-04-09,185702358,2788,Property Wiard Limited,Imperial Securities Company Pvt. Ltd.,2026-04-09 11:41:39.219048,Ankhu Khola Jalvidhyut Company Ltd
2026040904003730,AKJCL,44,58,83,396.0,32868.0,2026-04-09,185702757,2788,Dynamic Money Managers Securities Pvt. Ltd.,Naasa Securities Co. Ltd.,2026-04-09 11:42:09.457435,Ankhu Khola Jalvidhyut Company Ltd
2026040904003731,AKJCL,49,58,417,396.0,165132.0,2026-04-09,185702758,2788,Online Securities Pvt. Ltd.,Naasa Securities Co. Ltd.,2026-04-09 11:42:09.457704,Ankhu Khola Jalvidhyut Company Ltd
2026040904003744,AKJCL,49,42,50,396.0,19800.0,2026-04-09,185702890,2788,Online Securities Pvt. Ltd.,Sani Securities Company Ltd.,2026-04-09 11:42:20.549635,Ankhu Khola Jalvidhyut Company Ltd
2026040904003762,AKJCL,49,29,100,396.0,39600.0,2026-04-09,185702976,2788,Online Securities Pvt. Ltd.,Trisul Securities & Invt. Ltd.,2026-04-09 11:42:28.079454,Ankhu Khola Jalvidhyut Company Ltd
2026040904003905,AKJCL,49,58,250,396.0,99000.0,2026-04-09,185704118,2788,Online Securities Pvt. Ltd.,Naasa Securities Co. Ltd.,2026-04-09 11:43:41.541376,Ankhu Khola Jalvidhyut Company Ltd
2026040904004113,AKJCL,22,6,10,396.7,3967.0,2026-04-09,185705858,2788,Siprabi Securities Pvt. Ltd.,Agrawal Securities (PVT) Ltd.,2026-04-09 11:45:27.457238,Ankhu Khola Jalvidhyut Company Ltd
2026040904004114,AKJCL,22,45,100,396.8,39680.0,2026-04-09,185705860,2788,Siprabi Securities Pvt. Ltd.,Imperial Securities Company Pvt. Ltd.,2026-04-09 11:45:27.457295,Ankhu Khola Jalvidhyut Company Ltd
2026040904004115,AKJCL,22,87,390,396.8,154752.0,2026-04-09,185705863,2788,Siprabi Securities Pvt. Ltd.,S.P.S.A. Securities Limited,2026-04-09 11:45:27.457324,Ankhu Khola Jalvidhyut Company Ltd
2026040904004186,AKJCL,48,87,1510,396.8,599168.0,2026-04-09,185706460,2788,Trishakti Securities Public Limited,S.P.S.A. Securities Limited,2026-04-09 11:45:58.396024,Ankhu Khola Jalvidhyut Company Ltd
2026040904004187,AKJCL,48,62,1490,396.9,591381.0,2026-04-09,185706463,2788,Trishakti Securities Public Limited,Capital Max Securities Ltd,2026-04-09 11:45:58.396161,Ankhu Khola Jalvidhyut Company Ltd
2026040904004366,AKJCL,56,87,100,396.1,39610.0,2026-04-09,185707460,2788,Sri Hari Securities Pvt. Ltd.,S.P.S.A. Securities Limited,2026-04-09 11:47:04.241634,Ankhu Khola Jalvidhyut Company Ltd
2026040904004403,AKJCL,67,94,100,396.1,39610.0,2026-04-09,185707753,2788,Property Wiard Limited,K.B.L. Securities Limited ,2026-04-09 11:47:20.810580,Ankhu Khola Jalvidhyut Company Ltd
2026040904004404,AKJCL,49,94,183,396.0,72468.0,2026-04-09,185707755,2788,Online Securities Pvt. Ltd.,K.B.L. Securities Limited ,2026-04-09 11:47:20.810965,Ankhu Khola Jalvidhyut Company Ltd
2026040904004405,AKJCL,32,94,20,396.0,7920.0,2026-04-09,185707757,2788,Premier Securities Company Ltd.,K.B.L. Securities Limited ,2026-04-09 11:47:20.811226,Ankhu Khola Jalvidhyut Company Ltd
2026040904004406,AKJCL,32,94,1000,396.0,396000.0,2026-04-09,185707759,2788,Premier Securities Company Ltd.,K.B.L. Securities Limited ,2026-04-09 11:47:20.811496,Ankhu Khola Jalvidhyut Company Ltd
2026040904004510,AKJCL,22,94,500,396.0,198000.0,2026-04-09,185708385,2788,Siprabi Securities Pvt. Ltd.,K.B.L. Securities Limited ,2026-04-09 11:47:52.358507,Ankhu Khola Jalvidhyut Company Ltd
2026040904004511,AKJCL,58,94,1197,395.9,473892.3,2026-04-09,185708386,2788,Naasa Securities Co. Ltd.,K.B.L. Securities Limited ,2026-04-09 11:47:52.358711,Ankhu Khola Jalvidhyut Company Ltd
2026040904004818,AKJCL,58,62,207,395.9,81951.3,2026-04-09,185710384,2788,Naasa Securities Co. Ltd.,Capital Max Securities Ltd,2026-04-09 11:50:02.476482,Ankhu Khola Jalvidhyut Company Ltd
2026040904004874,AKJCL,62,19,50,396.0,19800.0,2026-04-09,185710830,2788,Capital Max Securities Ltd,Nepal Investment And Securities Trading Private Limited,2026-04-09 11:50:30.838543,Ankhu Khola Jalvidhyut Company Ltd
2026040904004880,AKJCL,68,58,20,396.1,7922.0,2026-04-09,185710862,2788,Elite Stock House Limited,Naasa Securities Co. Ltd.,2026-04-09 11:50:34.184801,Ankhu Khola Jalvidhyut Company Ltd
2026040904004958,AKJCL,68,45,300,396.1,118830.0,2026-04-09,185711474,2788,Elite Stock House Limited,Imperial Securities Company Pvt. Ltd.,2026-04-09 11:51:14.843191,Ankhu Khola Jalvidhyut Company Ltd
2026040904005019,AKJCL,62,29,100,396.2,39620.0,2026-04-09,185711962,2788,Capital Max Securities Ltd,Trisul Securities & Invt. Ltd.,2026-04-09 11:51:47.833398,Ankhu Khola Jalvidhyut Company Ltd
2026040904005135,AKJCL,56,80,200,396.4,79280.0,2026-04-09,185712707,2788,Sri Hari Securities Pvt. Ltd.,Indira securities pvt. ltd,2026-04-09 11:52:31.575683,Ankhu Khola Jalvidhyut Company Ltd
2026040904005136,AKJCL,19,80,100,396.3,39630.0,2026-04-09,185712708,2788,Nepal Investment And Securities Trading Private Limited,Indira securities pvt. ltd,2026-04-09 11:52:31.575793,Ankhu Khola Jalvidhyut Company Ltd
2026040904005138,AKJCL,19,39,596,396.3,236194.8,2026-04-09,185712718,2788,Nepal Investment And Securities Trading Private Limited,Sumeru Securities Pvt. Ltd.,2026-04-09 11:52:32.299817,Ankhu Khola Jalvidhyut Company Ltd
2026040904005157,AKJCL,66,29,100,396.6,39660.0,2026-04-09,185712784,2788,Miyo Securities Pvt Ltd,Trisul Securities & Invt. Ltd.,2026-04-09 11:52:35.293619,Ankhu Khola Jalvidhyut Company Ltd
2026040904005158,AKJCL,66,62,100,396.6,39660.0,2026-04-09,185712787,2788,Miyo Securities Pvt Ltd,Capital Max Securities Ltd,2026-04-09 11:52:35.294066,Ankhu Khola Jalvidhyut Company Ltd
2026040904005161,AKJCL,6,35,100,396.8,39680.0,2026-04-09,185712796,2788,Agrawal Securities (PVT) Ltd.,Kohinoor Investment & Securities Pvt. Ltd.,2026-04-09 11:52:35.911238,Ankhu Khola Jalvidhyut Company Ltd
2026040904005162,AKJCL,6,42,500,396.9,198450.0,2026-04-09,185712798,2788,Agrawal Securities (PVT) Ltd.,Sani Securities Company Ltd.,2026-04-09 11:52:35.911690,Ankhu Khola Jalvidhyut Company Ltd
2026040904005163,AKJCL,6,58,400,396.9,158760.0,2026-04-09,185712801,2788,Agrawal Securities (PVT) Ltd.,Naasa Securities Co. Ltd.,2026-04-09 11:52:35.911973,Ankhu Khola Jalvidhyut Company Ltd
2026040904005178,AKJCL,68,58,100,396.9,39690.0,2026-04-09,185712880,2788,Elite Stock House Limited,Naasa Securities Co. Ltd.,2026-04-09 11:52:40.649617,Ankhu Khola Jalvidhyut Company Ltd
2026040904005179,AKJCL,68,58,2900,397.0,1151300.0,2026-04-09,185712883,2788,Elite Stock House Limited,Naasa Securities Co. Ltd.,2026-04-09 11:52:40.649894,Ankhu Khola Jalvidhyut Company Ltd
2026040904005196,AKJCL,42,58,1100,397.0,436700.0,2026-04-09,185713080,2788,Sani Securities Company Ltd.,Naasa Securities Co. Ltd.,2026-04-09 11:52:51.957940,Ankhu Khola Jalvidhyut Company Ltd
2026040904005288,AKJCL,64,50,20,397.3,7946.0,2026-04-09,185713631,2788,SUN SECURITIES PVT LTD,Cristal Kanchanjanga Securites Pvt. Ltd.,2026-04-09 11:53:24.540643,Ankhu Khola Jalvidhyut Company Ltd
2026040904005340,AKJCL,62,50,50,397.3,19865.0,2026-04-09,185713989,2788,Capital Max Securities Ltd,Cristal Kanchanjanga Securites Pvt. Ltd.,2026-04-09 11:53:46.373098,Ankhu Khola Jalvidhyut Company Ltd
2026040904005441,AKJCL,57,45,63,396.6,24985.8,2026-04-09,185714656,2788,Aryatara Investment & Securities,Imperial Securities Company Pvt. Ltd.,2026-04-09 11:54:27.180628,Ankhu Khola Jalvidhyut Company Ltd
2026040904005565,AKJCL,57,62,30,396.9,11907.0,2026-04-09,185715604,2788,Aryatara Investment & Securities,Capital Max Securities Ltd,2026-04-09 11:55:20.248556,Ankhu Khola Jalvidhyut Company Ltd
2026040904005619,AKJCL,57,94,970,396.9,384993.0,2026-04-09,185715901,2788,Aryatara Investment & Securities,K.B.L. Securities Limited ,2026-04-09 11:55:38.877755,Ankhu Khola Jalvidhyut Company Ltd
2026040904005642,AKJCL,58,94,25,396.9,9922.5,2026-04-09,185716123,2788,Naasa Securities Co. Ltd.,K.B.L. Securities Limited ,2026-04-09 11:55:47.974159,Ankhu Khola Jalvidhyut Company Ltd
2026040904005677,AKJCL,6,56,300,396.7,119010.0,2026-04-09,185716304,2788,Agrawal Securities (PVT) Ltd.,Sri Hari Securities Pvt. Ltd.,2026-04-09 11:55:58.012431,Ankhu Khola Jalvidhyut Company Ltd
2026040904005678,AKJCL,57,56,137,396.6,54334.2,2026-04-09,185716307,2788,Aryatara Investment & Securities,Sri Hari Securities Pvt. Ltd.,2026-04-09 11:55:58.012654,Ankhu Khola Jalvidhyut Company Ltd
2026040904005679,AKJCL,56,56,100,396.4,39640.0,2026-04-09,185716309,2788,Sri Hari Securities Pvt. Ltd.,Sri Hari Securities Pvt. Ltd.,2026-04-09 11:55:58.012750,Ankhu Khola Jalvidhyut Company Ltd
2026040904005680,AKJCL,56,56,100,396.4,39640.0,2026-04-09,185716311,2788,Sri Hari Securities Pvt. Ltd.,Sri Hari Securities Pvt. Ltd.,2026-04-09 11:55:58.012842,Ankhu Khola Jalvidhyut Company Ltd
2026040904005681,AKJCL,62,56,100,396.2,39620.0,2026-04-09,185716313,2788,Capital Max Securities Ltd,Sri Hari Securities Pvt. Ltd.,2026-04-09 11:55:58.012945,Ankhu Khola Jalvidhyut Company Ltd
2026040904005682,AKJCL,62,56,100,396.2,39620.0,2026-04-09,185716315,2788,Capital Max Securities Ltd,Sri Hari Securities Pvt. Ltd.,2026-04-09 11:55:58.013056,Ankhu Khola Jalvidhyut Company Ltd
2026040904005683,AKJCL,62,56,23,396.2,9112.6,2026-04-09,185716316,2788,Capital Max Securities Ltd,Sri Hari Securities Pvt. Ltd.,2026-04-09 11:55:58.013158,Ankhu Khola Jalvidhyut Company Ltd
2026040904005761,AKJCL,62,94,77,396.2,30507.4,2026-04-09,185716913,2788,Capital Max Securities Ltd,K.B.L. Securities Limited ,2026-04-09 11:56:22.161379,Ankhu Khola Jalvidhyut Company Ltd
2026040904005762,AKJCL,68,94,680,396.1,269348.0,2026-04-09,185716915,2788,Elite Stock House Limited,K.B.L. Securities Limited ,2026-04-09 11:56:22.161606,Ankhu Khola Jalvidhyut Company Ltd
2026040904005860,AKJCL,58,38,96,395.9,38006.4,2026-04-09,185717497,2788,Naasa Securities Co. Ltd.,Dipshikha Dhitopatra Karobar Co. Pvt Ltd.,2026-04-09 11:56:49.669683,Ankhu Khola Jalvidhyut Company Ltd
2026040904005861,AKJCL,66,38,100,395.9,39590.0,2026-04-09,185717499,2788,Miyo Securities Pvt Ltd,Dipshikha Dhitopatra Karobar Co. Pvt Ltd.,2026-04-09 11:56:49.669944,Ankhu Khola Jalvidhyut Company Ltd
2026040904005930,AKJCL,62,58,1000,395.2,395200.0,2026-04-09,185717985,2788,Capital Max Securities Ltd,Naasa Securities Co. Ltd.,2026-04-09 11:57:11.153159,Ankhu Khola Jalvidhyut Company Ltd
2026040904005931,AKJCL,62,58,1000,395.2,395200.0,2026-04-09,185717987,2788,Capital Max Securities Ltd,Naasa Securities Co. Ltd.,2026-04-09 11:57:11.153390,Ankhu Khola Jalvidhyut Company Ltd
2026040904005932,AKJCL,56,58,50,395.1,19755.0,2026-04-09,185717989,2788,Sri Hari Securities Pvt. Ltd.,Naasa Securities Co. Ltd.,2026-04-09 11:57:11.153488,Ankhu Khola Jalvidhyut Company Ltd
2026040904005933,AKJCL,67,58,100,395.1,39510.0,2026-04-09,185717991,2788,Property Wiard Limited,Naasa Securities Co. Ltd.,2026-04-09 11:57:11.153582,Ankhu Khola Jalvidhyut Company Ltd
2026040904005934,AKJCL,68,58,1000,395.1,395100.0,2026-04-09,185717993,2788,Elite Stock House Limited,Naasa Securities Co. Ltd.,2026-04-09 11:57:11.153673,Ankhu Khola Jalvidhyut Company Ltd
2026040904005935,AKJCL,84,58,1050,395.0,414750.0,2026-04-09,185717995,2788,MILKY WAY SHARE BROKER COMPANY LTD ,Naasa Securities Co. Ltd.,2026-04-09 11:57:11.153788,Ankhu Khola Jalvidhyut Company Ltd
2026040904005936,AKJCL,50,58,2000,395.0,790000.0,2026-04-09,185717997,2788,Cristal Kanchanjanga Securites Pvt. Ltd.,Naasa Securities Co. Ltd.,2026-04-09 11:57:11.153903,Ankhu Khola Jalvidhyut Company Ltd
2026040904005937,AKJCL,45,58,253,395.0,99935.0,2026-04-09,185717999,2788,Imperial Securities Company Pvt. Ltd.,Naasa Securities Co. Ltd.,2026-04-09 11:57:11.154002,Ankhu Khola Jalvidhyut Company Ltd
2026040904005938,AKJCL,42,58,3900,395.0,1540500.0,2026-04-09,185718001,2788,Sani Securities Company Ltd.,Naasa Securities Co. Ltd.,2026-04-09 11:57:11.154097,Ankhu Khola Jalvidhyut Company Ltd
2026040904005939,AKJCL,42,58,10,395.0,3950.0,2026-04-09,185718003,2788,Sani Securities Company Ltd.,Naasa Securities Co. Ltd.,2026-04-09 11:57:11.154191,Ankhu Khola Jalvidhyut Company Ltd
2026040904005952,AKJCL,46,58,100,395.0,39500.0,2026-04-09,185718087,2788,Kalika Securities Pvt. Ltd.,Naasa Securities Co. Ltd.,2026-04-09 11:57:16.820554,Ankhu Khola Jalvidhyut Company Ltd
2026040904006098,AKJCL,44,95,84,394.5,33138.0,2026-04-09,185719091,2788,Dynamic Money Managers Securities Pvt. Ltd.,Magnet Securities and Investment Company Private Limited,2026-04-09 11:58:17.889479,Ankhu Khola Jalvidhyut Company Ltd
2026040904006099,AKJCL,48,95,216,394.5,85212.0,2026-04-09,185719092,2788,Trishakti Securities Public Limited,Magnet Securities and Investment Company Private Limited,2026-04-09 11:58:17.889751,Ankhu Khola Jalvidhyut Company Ltd
2026040904006109,AKJCL,48,10,784,394.5,309288.0,2026-04-09,185719219,2788,Trishakti Securities Public Limited,Pragyan Securities (PVT) Ltd.,2026-04-09 11:58:26.434831,Ankhu Khola Jalvidhyut Company Ltd
2026040904006242,AKJCL,57,10,200,394.1,78820.0,2026-04-09,185720137,2788,Aryatara Investment & Securities,Pragyan Securities (PVT) Ltd.,2026-04-09 11:59:30.295006,Ankhu Khola Jalvidhyut Company Ltd
2026040904006243,AKJCL,17,10,1500,394.0,591000.0,2026-04-09,185720139,2788,ABC Securities Private Limited,Pragyan Securities (PVT) Ltd.,2026-04-09 11:59:30.295254,Ankhu Khola Jalvidhyut Company Ltd
2026040904006244,AKJCL,58,10,1800,394.0,709200.0,2026-04-09,185720140,2788,Naasa Securities Co. Ltd.,Pragyan Securities (PVT) Ltd.,2026-04-09 11:59:30.295359,Ankhu Khola Jalvidhyut Company Ltd
2026040904006273,AKJCL,58,41,200,394.0,78800.0,2026-04-09,185720353,2788,Naasa Securities Co. Ltd.,Linch Stock Market Ltd.,2026-04-09 11:59:40.922145,Ankhu Khola Jalvidhyut Company Ltd
2026040904006274,AKJCL,71,41,100,394.0,39400.0,2026-04-09,185720355,2788,SHUBHAKAMANA SECURITIES PVT. LTD,Linch Stock Market Ltd.,2026-04-09 11:59:40.922594,Ankhu Khola Jalvidhyut Company Ltd
2026040904006275,AKJCL,35,41,50,394.0,19700.0,2026-04-09,185720357,2788,Kohinoor Investment & Securities Pvt. Ltd.,Linch Stock Market Ltd.,2026-04-09 11:59:40.922876,Ankhu Khola Jalvidhyut Company Ltd
2026040904006385,AKJCL,63,58,1500,393.8,590700.0,2026-04-09,185721363,2788,Himalayan Brokerage Company Limited,Naasa Securities Co. Ltd.,2026-04-09 12:00:57.737006,Ankhu Khola Jalvidhyut Company Ltd
2026040904006386,AKJCL,46,58,30,392.0,11760.0,2026-04-09,185721365,2788,Kalika Securities Pvt. Ltd.,Naasa Securities Co. Ltd.,2026-04-09 12:00:57.737451,Ankhu Khola Jalvidhyut Company Ltd
2026040904006387,AKJCL,64,58,100,392.0,39200.0,2026-04-09,185721367,2788,SUN SECURITIES PVT LTD,Naasa Securities Co. Ltd.,2026-04-09 12:00:57.737727,Ankhu Khola Jalvidhyut Company Ltd
2026040904006388,AKJCL,35,58,1000,392.0,392000.0,2026-04-09,185721369,2788,Kohinoor Investment & Securities Pvt. Ltd.,Naasa Securities Co. Ltd.,2026-04-09 12:00:57.737996,Ankhu Khola Jalvidhyut Company Ltd
2026040904006389,AKJCL,62,58,160,391.5,62640.0,2026-04-09,185721370,2788,Capital Max Securities Ltd,Naasa Securities Co. Ltd.,2026-04-09 12:00:57.738262,Ankhu Khola Jalvidhyut Company Ltd
2026040904006563,AKJCL,52,58,10,392.0,3920.0,2026-04-09,185722926,2788,Sundhara Securities Limited,Naasa Securities Co. Ltd.,2026-04-09 12:03:00.206871,Ankhu Khola Jalvidhyut Company Ltd
2026040904006613,AKJCL,52,52,50,392.0,19600.0,2026-04-09,185723454,2788,Sundhara Securities Limited,Sundhara Securities Limited,2026-04-09 12:03:42.726416,Ankhu Khola Jalvidhyut Company Ltd
2026040904006621,AKJCL,64,41,150,394.0,59100.0,2026-04-09,185723551,2788,SUN SECURITIES PVT LTD,Linch Stock Market Ltd.,2026-04-09 12:03:57.266534,Ankhu Khola Jalvidhyut Company Ltd
2026040904006681,AKJCL,64,10,61,394.5,24064.5,2026-04-09,185723991,2788,SUN SECURITIES PVT LTD,Pragyan Securities (PVT) Ltd.,2026-04-09 12:04:27.131673,Ankhu Khola Jalvidhyut Company Ltd
2026040904007194,AKJCL,62,10,100,394.5,39450.0,2026-04-09,185727074,2788,Capital Max Securities Ltd,Pragyan Securities (PVT) Ltd.,2026-04-09 12:08:17.761430,Ankhu Khola Jalvidhyut Company Ltd
2026040904007195,AKJCL,62,58,1670,395.0,659650.0,2026-04-09,185727076,2788,Capital Max Securities Ltd,Naasa Securities Co. Ltd.,2026-04-09 12:08:17.761694,Ankhu Khola Jalvidhyut Company Ltd
2026040904007196,AKJCL,62,56,200,395.0,79000.0,2026-04-09,185727078,2788,Capital Max Securities Ltd,Sri Hari Securities Pvt. Ltd.,2026-04-09 12:08:17.761798,Ankhu Khola Jalvidhyut Company Ltd
2026040904007197,AKJCL,62,58,20,395.0,7900.0,2026-04-09,185727080,2788,Capital Max Securities Ltd,Naasa Securities Co. Ltd.,2026-04-09 12:08:17.761894,Ankhu Khola Jalvidhyut Company Ltd
2026040904007198,AKJCL,62,49,1500,395.0,592500.0,2026-04-09,185727082,2788,Capital Max Securities Ltd,Online Securities Pvt. Ltd.,2026-04-09 12:08:17.761993,Ankhu Khola Jalvidhyut Company Ltd
2026040904007199,AKJCL,62,38,804,395.9,318303.6,2026-04-09,185727084,2788,Capital Max Securities Ltd,Dipshikha Dhitopatra Karobar Co. Pvt Ltd.,2026-04-09 12:08:17.762133,Ankhu Khola Jalvidhyut Company Ltd
2026040904007200,AKJCL,62,62,150,395.9,59385.0,2026-04-09,185727086,2788,Capital Max Securities Ltd,Capital Max Securities Ltd,2026-04-09 12:08:17.762280,Ankhu Khola Jalvidhyut Company Ltd
2026040904007201,AKJCL,62,10,556,395.9,220120.4,2026-04-09,185727089,2788,Capital Max Securities Ltd,Pragyan Securities (PVT) Ltd.,2026-04-09 12:08:17.762393,Ankhu Khola Jalvidhyut Company Ltd
2026040904007244,AKJCL,29,10,1000,395.9,395900.0,2026-04-09,185727501,2788,Trisul Securities & Invt. Ltd.,Pragyan Securities (PVT) Ltd.,2026-04-09 12:08:49.911966,Ankhu Khola Jalvidhyut Company Ltd
2026040904007255,AKJCL,38,10,1444,395.9,571679.6,2026-04-09,185727666,2788,Dipshikha Dhitopatra Karobar Co. Pvt Ltd.,Pragyan Securities (PVT) Ltd.,2026-04-09 12:08:58.738029,Ankhu Khola Jalvidhyut Company Ltd
2026040904007256,AKJCL,38,58,500,396.7,198350.0,2026-04-09,185727668,2788,Dipshikha Dhitopatra Karobar Co. Pvt Ltd.,Naasa Securities Co. Ltd.,2026-04-09 12:08:58.738082,Ankhu Khola Jalvidhyut Company Ltd
2026040904007257,AKJCL,38,94,56,396.9,22226.4,2026-04-09,185727671,2788,Dipshikha Dhitopatra Karobar Co. Pvt Ltd.,K.B.L. Securities Limited ,2026-04-09 12:08:58.738115,Ankhu Khola Jalvidhyut Company Ltd
2026040904007276,AKJCL,33,94,1192,396.9,473104.8,2026-04-09,185727886,2788,Dakshinkali Investment & Securities Pvt. Ltd.,K.B.L. Securities Limited ,2026-04-09 12:09:16.691297,Ankhu Khola Jalvidhyut Company Ltd
2026040904007277,AKJCL,33,97,808,397.0,320776.0,2026-04-09,185727889,2788,Dakshinkali Investment & Securities Pvt. Ltd.,R.B.B. Securities Company Ltd,2026-04-09 12:09:16.691800,Ankhu Khola Jalvidhyut Company Ltd
2026040904007390,AKJCL,62,29,100,396.8,39680.0,2026-04-09,185728850,2788,Capital Max Securities Ltd,Trisul Securities & Invt. Ltd.,2026-04-09 12:10:15.065349,Ankhu Khola Jalvidhyut Company Ltd
2026040904007391,AKJCL,62,97,192,397.0,76224.0,2026-04-09,185728852,2788,Capital Max Securities Ltd,R.B.B. Securities Company Ltd,2026-04-09 12:10:15.065844,Ankhu Khola Jalvidhyut Company Ltd
2026040904007392,AKJCL,62,45,500,397.0,198500.0,2026-04-09,185728854,2788,Capital Max Securities Ltd,Imperial Securities Company Pvt. Ltd.,2026-04-09 12:10:15.066148,Ankhu Khola Jalvidhyut Company Ltd
2026040904007393,AKJCL,62,84,50,397.0,19850.0,2026-04-09,185728856,2788,Capital Max Securities Ltd,MILKY WAY SHARE BROKER COMPANY LTD ,2026-04-09 12:10:15.066447,Ankhu Khola Jalvidhyut Company Ltd
2026040904007394,AKJCL,62,95,158,397.0,62726.0,2026-04-09,185728859,2788,Capital Max Securities Ltd,Magnet Securities and Investment Company Private Limited,2026-04-09 12:10:15.066776,Ankhu Khola Jalvidhyut Company Ltd
2026040904007411,AKJCL,62,95,842,397.0,334274.0,2026-04-09,185729302,2788,Capital Max Securities Ltd,Magnet Securities and Investment Company Private Limited,2026-04-09 12:10:30.018260,Ankhu Khola Jalvidhyut Company Ltd
2026040904007412,AKJCL,62,95,158,397.0,62726.0,2026-04-09,185729305,2788,Capital Max Securities Ltd,Magnet Securities and Investment Company Private Limited,2026-04-09 12:10:30.018506,Ankhu Khola Jalvidhyut Company Ltd
2026040904007413,AKJCL,77,95,842,397.0,334274.0,2026-04-09,185729310,2788,Nabil Stock Dealer Ltd.,Magnet Securities and Investment Company Private Limited,2026-04-09 12:10:32.286985,Ankhu Khola Jalvidhyut Company Ltd
2026040904007507,AKJCL,77,29,100,397.0,39700.0,2026-04-09,185730314,2788,Nabil Stock Dealer Ltd.,Trisul Securities & Invt. Ltd.,2026-04-09 12:11:21.813237,Ankhu Khola Jalvidhyut Company Ltd
2026040904007547,AKJCL,38,94,1000,397.1,397100.0,2026-04-09,185730695,2788,Dipshikha Dhitopatra Karobar Co. Pvt Ltd.,K.B.L. Securities Limited ,2026-04-09 12:11:53.486234,Ankhu Khola Jalvidhyut Company Ltd
2026040904007548,AKJCL,77,94,58,397.0,23026.0,2026-04-09,185730697,2788,Nabil Stock Dealer Ltd.,K.B.L. Securities Limited ,2026-04-09 12:11:53.486695,Ankhu Khola Jalvidhyut Company Ltd
2026040904007549,AKJCL,29,94,800,397.0,317600.0,2026-04-09,185730699,2788,Trisul Securities & Invt. Ltd.,K.B.L. Securities Limited ,2026-04-09 12:11:53.487030,Ankhu Khola Jalvidhyut Company Ltd
2026040904007662,AKJCL,48,50,130,397.3,51649.0,2026-04-09,185731574,2788,Trishakti Securities Public Limited,Cristal Kanchanjanga Securites Pvt. Ltd.,2026-04-09 12:13:10.939610,Ankhu Khola Jalvidhyut Company Ltd
2026040904007663,AKJCL,48,101,1000,397.3,397300.0,2026-04-09,185731576,2788,Trishakti Securities Public Limited,APPLE SECURITIES PRIVATE LIMITED,2026-04-09 12:13:10.939714,Ankhu Khola Jalvidhyut Company Ltd
2026040904007664,AKJCL,48,34,100,397.4,39740.0,2026-04-09,185731578,2788,Trishakti Securities Public Limited,Vision Securities Pvt. Ltd,2026-04-09 12:13:10.939798,Ankhu Khola Jalvidhyut Company Ltd
2026040904007665,AKJCL,48,94,1142,397.4,453830.8,2026-04-09,185731580,2788,Trishakti Securities Public Limited,K.B.L. Securities Limited ,2026-04-09 12:13:10.939885,Ankhu Khola Jalvidhyut Company Ltd
2026040904007666,AKJCL,48,42,60,397.5,23850.0,2026-04-09,185731582,2788,Trishakti Securities Public Limited,Sani Securities Company Ltd.,2026-04-09 12:13:10.939968,Ankhu Khola Jalvidhyut Company Ltd
2026040904007667,AKJCL,48,35,1080,397.5,429300.0,2026-04-09,185731584,2788,Trishakti Securities Public Limited,Kohinoor Investment & Securities Pvt. Ltd.,2026-04-09 12:13:10.940044,Ankhu Khola Jalvidhyut Company Ltd
2026040904007668,AKJCL,48,50,88,397.5,34980.0,2026-04-09,185731586,2788,Trishakti Securities Public Limited,Cristal Kanchanjanga Securites Pvt. Ltd.,2026-04-09 12:13:10.940123,Ankhu Khola Jalvidhyut Company Ltd
2026040904007669,AKJCL,48,42,100,397.6,39760.0,2026-04-09,185731588,2788,Trishakti Securities Public Limited,Sani Securities Company Ltd.,2026-04-09 12:13:10.940209,Ankhu Khola Jalvidhyut Company Ltd
2026040904007670,AKJCL,48,29,100,397.6,39760.0,2026-04-09,185731590,2788,Trishakti Securities Public Limited,Trisul Securities & Invt. Ltd.,2026-04-09 12:13:10.940300,Ankhu Khola Jalvidhyut Company Ltd
2026040904007671,AKJCL,48,91,1000,397.7,397700.0,2026-04-09,185731592,2788,Trishakti Securities Public Limited,Citizens Share Broker Limited,2026-04-09 12:13:10.940399,Ankhu Khola Jalvidhyut Company Ltd
2026040904007672,AKJCL,48,38,100,398.0,39800.0,2026-04-09,185731594,2788,Trishakti Securities Public Limited,Dipshikha Dhitopatra Karobar Co. Pvt Ltd.,2026-04-09 12:13:10.940482,Ankhu Khola Jalvidhyut Company Ltd
2026040904007673,AKJCL,48,70,1000,398.0,398000.0,2026-04-09,185731596,2788,Trishakti Securities Public Limited,Infinity Securities Limited,2026-04-09 12:13:10.940564,Ankhu Khola Jalvidhyut Company Ltd
2026040904007674,AKJCL,48,45,1500,398.0,597000.0,2026-04-09,185731598,2788,Trishakti Securities Public Limited,Imperial Securities Company Pvt. Ltd.,2026-04-09 12:13:10.940644,Ankhu Khola Jalvidhyut Company Ltd
2026040904007675,AKJCL,48,41,900,398.0,358200.0,2026-04-09,185731600,2788,Trishakti Securities Public Limited,Linch Stock Market Ltd.,2026-04-09 12:13:10.940732,Ankhu Khola Jalvidhyut Company Ltd
2026040904007676,AKJCL,48,29,100,398.5,39850.0,2026-04-09,185731602,2788,Trishakti Securities Public Limited,Trisul Securities & Invt. Ltd.,2026-04-09 12:13:10.940815,Ankhu Khola Jalvidhyut Company Ltd
2026040904007677,AKJCL,48,58,150,398.5,59775.0,2026-04-09,185731604,2788,Trishakti Securities Public Limited,Naasa Securities Co. Ltd.,2026-04-09 12:13:10.940894,Ankhu Khola Jalvidhyut Company Ltd
2026040904007678,AKJCL,48,45,1450,398.8,578260.0,2026-04-09,185731607,2788,Trishakti Securities Public Limited,Imperial Securities Company Pvt. Ltd.,2026-04-09 12:13:10.940974,Ankhu Khola Jalvidhyut Company Ltd
2026040904007709,AKJCL,48,10,180,397.0,71460.0,2026-04-09,185731884,2788,Trishakti Securities Public Limited,Pragyan Securities (PVT) Ltd.,2026-04-09 12:13:33.559207,Ankhu Khola Jalvidhyut Company Ltd
2026040904007763,AKJCL,48,45,1200,398.8,478560.0,2026-04-09,185732318,2788,Trishakti Securities Public Limited,Imperial Securities Company Pvt. Ltd.,2026-04-09 12:14:10.850385,Ankhu Khola Jalvidhyut Company Ltd
2026040904007764,AKJCL,48,35,30,399.0,11970.0,2026-04-09,185732320,2788,Trishakti Securities Public Limited,Kohinoor Investment & Securities Pvt. Ltd.,2026-04-09 12:14:10.850507,Ankhu Khola Jalvidhyut Company Ltd
2026040904007765,AKJCL,48,42,10,399.0,3990.0,2026-04-09,185732322,2788,Trishakti Securities Public Limited,Sani Securities Company Ltd.,2026-04-09 12:14:10.850535,Ankhu Khola Jalvidhyut Company Ltd
2026040904007766,AKJCL,48,28,100,399.0,39900.0,2026-04-09,185732324,2788,Trishakti Securities Public Limited,Shree Krishna Securities Ltd.,2026-04-09 12:14:10.850561,Ankhu Khola Jalvidhyut Company Ltd
2026040904007767,AKJCL,48,64,423,399.0,168777.0,2026-04-09,185732326,2788,Trishakti Securities Public Limited,SUN SECURITIES PVT LTD,2026-04-09 12:14:10.850585,Ankhu Khola Jalvidhyut Company Ltd
2026040904007768,AKJCL,48,29,200,399.5,79900.0,2026-04-09,185732328,2788,Trishakti Securities Public Limited,Trisul Securities & Invt. Ltd.,2026-04-09 12:14:10.850615,Ankhu Khola Jalvidhyut Company Ltd
2026040904007769,AKJCL,48,42,500,399.8,199900.0,2026-04-09,185732330,2788,Trishakti Securities Public Limited,Sani Securities Company Ltd.,2026-04-09 12:14:10.850657,Ankhu Khola Jalvidhyut Company Ltd
2026040904007770,AKJCL,48,64,1000,399.8,399800.0,2026-04-09,185732332,2788,Trishakti Securities Public Limited,SUN SECURITIES PVT LTD,2026-04-09 12:14:10.850688,Ankhu Khola Jalvidhyut Company Ltd
2026040904007771,AKJCL,48,66,100,399.9,39990.0,2026-04-09,185732334,2788,Trishakti Securities Public Limited,Miyo Securities Pvt Ltd,2026-04-09 12:14:10.850715,Ankhu Khola Jalvidhyut Company Ltd
2026040904007772,AKJCL,48,8,1000,399.9,399900.0,2026-04-09,185732336,2788,Trishakti Securities Public Limited,Brilliant Securities Pvt. Ltd.,2026-04-09 12:14:10.850734,Ankhu Khola Jalvidhyut Company Ltd
2026040904007773,AKJCL,48,14,200,399.9,79980.0,2026-04-09,185732338,2788,Trishakti Securities Public Limited,Nepal Stock House (PVT) Ltd.,2026-04-09 12:14:10.850758,Ankhu Khola Jalvidhyut Company Ltd
2026040904007774,AKJCL,48,64,100,399.9,39990.0,2026-04-09,185732340,2788,Trishakti Securities Public Limited,SUN SECURITIES PVT LTD,2026-04-09 12:14:10.850780,Ankhu Khola Jalvidhyut Company Ltd
2026040904007775,AKJCL,48,8,100,400.0,40000.0,2026-04-09,185732342,2788,Trishakti Securities Public Limited,Brilliant Securities Pvt. Ltd.,2026-04-09 12:14:10.850805,Ankhu Khola Jalvidhyut Company Ltd
2026040904007776,AKJCL,48,77,500,400.0,200000.0,2026-04-09,185732344,2788,Trishakti Securities Public Limited,Nabil Stock Dealer Ltd.,2026-04-09 12:14:10.850839,Ankhu Khola Jalvidhyut Company Ltd
2026040904007777,AKJCL,48,32,1000,400.0,400000.0,2026-04-09,185732346,2788,Trishakti Securities Public Limited,Premier Securities Company Ltd.,2026-04-09 12:14:10.850864,Ankhu Khola Jalvidhyut Company Ltd
2026040904007778,AKJCL,48,92,500,400.0,200000.0,2026-04-09,185732348,2788,Trishakti Securities Public Limited,Roadshow securities limited,2026-04-09 12:14:10.850887,Ankhu Khola Jalvidhyut Company Ltd
2026040904007779,AKJCL,48,62,1040,400.0,416000.0,2026-04-09,185732350,2788,Trishakti Securities Public Limited,Capital Max Securities Ltd,2026-04-09 12:14:10.850911,Ankhu Khola Jalvidhyut Company Ltd
2026040904007780,AKJCL,48,34,1000,400.0,400000.0,2026-04-09,185732352,2788,Trishakti Securities Public Limited,Vision Securities Pvt. Ltd,2026-04-09 12:14:10.850934,Ankhu Khola Jalvidhyut Company Ltd
2026040904007781,AKJCL,48,13,300,400.0,120000.0,2026-04-09,185732354,2788,Trishakti Securities Public Limited,Thrive Brokerage House Pvt. Ltd,2026-04-09 12:14:10.850959,Ankhu Khola Jalvidhyut Company Ltd
2026040904007782,AKJCL,48,29,1000,400.0,400000.0,2026-04-09,185732356,2788,Trishakti Securities Public Limited,Trisul Securities & Invt. Ltd.,2026-04-09 12:14:10.850980,Ankhu Khola Jalvidhyut Company Ltd
2026040904007783,AKJCL,48,48,1000,400.0,400000.0,2026-04-09,185732358,2788,Trishakti Securities Public Limited,Trishakti Securities Public Limited,2026-04-09 12:14:10.851042,Ankhu Khola Jalvidhyut Company Ltd
2026040904007784,AKJCL,48,14,40,400.0,16000.0,2026-04-09,185732360,2788,Trishakti Securities Public Limited,Nepal Stock House (PVT) Ltd.,2026-04-09 12:14:10.851083,Ankhu Khola Jalvidhyut Company Ltd
2026040904007785,AKJCL,48,6,200,400.0,80000.0,2026-04-09,185732362,2788,Trishakti Securities Public Limited,Agrawal Securities (PVT) Ltd.,2026-04-09 12:14:10.851107,Ankhu Khola Jalvidhyut Company Ltd
2026040904007786,AKJCL,48,38,300,400.0,120000.0,2026-04-09,185732364,2788,Trishakti Securities Public Limited,Dipshikha Dhitopatra Karobar Co. Pvt Ltd.,2026-04-09 12:14:10.851128,Ankhu Khola Jalvidhyut Company Ltd
2026040904007787,AKJCL,48,43,20,400.0,8000.0,2026-04-09,185732366,2788,Trishakti Securities Public Limited,South Asian Bulls Pvt. Ltd.,2026-04-09 12:14:10.851152,Ankhu Khola Jalvidhyut Company Ltd
2026040904007788,AKJCL,48,49,500,400.0,200000.0,2026-04-09,185732368,2788,Trishakti Securities Public Limited,Online Securities Pvt. Ltd.,2026-04-09 12:14:10.851175,Ankhu Khola Jalvidhyut Company Ltd
2026040904007789,AKJCL,48,11,300,400.0,120000.0,2026-04-09,185732370,2788,Trishakti Securities Public Limited,Malla & Malla Stock Broking Company Pvt. Limited,2026-04-09 12:14:10.851200,Ankhu Khola Jalvidhyut Company Ltd
2026040904007790,AKJCL,48,89,25,400.0,10000.0,2026-04-09,185732372,2788,Trishakti Securities Public Limited,Global IME Securities Limited,2026-04-09 12:14:10.851226,Ankhu Khola Jalvidhyut Company Ltd
2026040904007791,AKJCL,48,34,1000,400.0,400000.0,2026-04-09,185732374,2788,Trishakti Securities Public Limited,Vision Securities Pvt. Ltd,2026-04-09 12:14:10.851257,Ankhu Khola Jalvidhyut Company Ltd
2026040904007792,AKJCL,48,13,1250,400.0,500000.0,2026-04-09,185732376,2788,Trishakti Securities Public Limited,Thrive Brokerage House Pvt. Ltd,2026-04-09 12:14:10.851281,Ankhu Khola Jalvidhyut Company Ltd
2026040904007793,AKJCL,48,58,10,400.0,4000.0,2026-04-09,185732378,2788,Trishakti Securities Public Limited,Naasa Securities Co. Ltd.,2026-04-09 12:14:10.851301,Ankhu Khola Jalvidhyut Company Ltd
2026040904007794,AKJCL,48,77,500,400.0,200000.0,2026-04-09,185732380,2788,Trishakti Securities Public Limited,Nabil Stock Dealer Ltd.,2026-04-09 12:14:10.851331,Ankhu Khola Jalvidhyut Company Ltd
2026040904007795,AKJCL,48,100,1100,400.0,440000.0,2026-04-09,185732382,2788,Trishakti Securities Public Limited,Sunrise Securities Limited,2026-04-09 12:14:10.851355,Ankhu Khola Jalvidhyut Company Ltd
2026040904007796,AKJCL,48,58,10,400.0,4000.0,2026-04-09,185732384,2788,Trishakti Securities Public Limited,Naasa Securities Co. Ltd.,2026-04-09 12:14:10.851379,Ankhu Khola Jalvidhyut Company Ltd
2026040904007797,AKJCL,48,47,50,400.0,20000.0,2026-04-09,185732386,2788,Trishakti Securities Public Limited,Neev Securities Pvt. Ltd.,2026-04-09 12:14:10.851402,Ankhu Khola Jalvidhyut Company Ltd
2026040904007798,AKJCL,48,62,500,400.4,200200.0,2026-04-09,185732388,2788,Trishakti Securities Public Limited,Capital Max Securities Ltd,2026-04-09 12:14:10.851426,Ankhu Khola Jalvidhyut Company Ltd
2026040904007799,AKJCL,48,80,300,400.5,120150.0,2026-04-09,185732390,2788,Trishakti Securities Public Limited,Indira securities pvt. ltd,2026-04-09 12:14:10.851460,Ankhu Khola Jalvidhyut Company Ltd
2026040904007800,AKJCL,48,25,20,400.8,8016.0,2026-04-09,185732392,2788,Trishakti Securities Public Limited,Sweta Securities Private Limited,2026-04-09 12:14:10.851488,Ankhu Khola Jalvidhyut Company Ltd
2026040904007801,AKJCL,48,35,40,400.8,16032.0,2026-04-09,185732394,2788,Trishakti Securities Public Limited,Kohinoor Investment & Securities Pvt. Ltd.,2026-04-09 12:14:10.851513,Ankhu Khola Jalvidhyut Company Ltd
2026040904007802,AKJCL,48,38,15,401.0,6015.0,2026-04-09,185732396,2788,Trishakti Securities Public Limited,Dipshikha Dhitopatra Karobar Co. Pvt Ltd.,2026-04-09 12:14:10.851542,Ankhu Khola Jalvidhyut Company Ltd
2026040904007803,AKJCL,48,60,2517,401.0,1009317.0,2026-04-09,185732399,2788,Trishakti Securities Public Limited,Nagarik Stock Dealer ,2026-04-09 12:14:10.851564,Ankhu Khola Jalvidhyut Company Ltd
2026040904007870,AKJCL,94,29,100,400.5,40050.0,2026-04-09,185733062,2788,K.B.L. Securities Limited ,Trisul Securities & Invt. Ltd.,2026-04-09 12:15:02.673895,Ankhu Khola Jalvidhyut Company Ltd
2026040904007871,AKJCL,94,60,2483,401.0,995683.0,2026-04-09,185733064,2788,K.B.L. Securities Limited ,Nagarik Stock Dealer ,2026-04-09 12:15:02.674124,Ankhu Khola Jalvidhyut Company Ltd
2026040904007872,AKJCL,94,58,100,401.0,40100.0,2026-04-09,185733066,2788,K.B.L. Securities Limited ,Naasa Securities Co. Ltd.,2026-04-09 12:15:02.674256,Ankhu Khola Jalvidhyut Company Ltd
2026040904007873,AKJCL,94,57,300,401.0,120300.0,2026-04-09,185733068,2788,K.B.L. Securities Limited ,Aryatara Investment & Securities,2026-04-09 12:15:02.674358,Ankhu Khola Jalvidhyut Company Ltd
2026040904007881,AKJCL,94,41,17,401.0,6817.0,2026-04-09,185733121,2788,K.B.L. Securities Limited ,Linch Stock Market Ltd.,2026-04-09 12:15:07.696195,Ankhu Khola Jalvidhyut Company Ltd
2026040904007902,AKJCL,62,48,100,400.0,40000.0,2026-04-09,185733398,2788,Capital Max Securities Ltd,Trishakti Securities Public Limited,2026-04-09 12:15:32.854811,Ankhu Khola Jalvidhyut Company Ltd
2026040904007942,AKJCL,95,41,83,401.0,33283.0,2026-04-09,185733674,2788,Magnet Securities and Investment Company Private Limited,Linch Stock Market Ltd.,2026-04-09 12:15:52.709420,Ankhu Khola Jalvidhyut Company Ltd
2026040904007943,AKJCL,95,62,100,401.0,40100.0,2026-04-09,185733676,2788,Magnet Securities and Investment Company Private Limited,Capital Max Securities Ltd,2026-04-09 12:15:52.709630,Ankhu Khola Jalvidhyut Company Ltd
2026040904007944,AKJCL,95,64,500,401.0,200500.0,2026-04-09,185733678,2788,Magnet Securities and Investment Company Private Limited,SUN SECURITIES PVT LTD,2026-04-09 12:15:52.709712,Ankhu Khola Jalvidhyut Company Ltd
2026040904007945,AKJCL,95,92,317,401.0,127117.0,2026-04-09,185733681,2788,Magnet Securities and Investment Company Private Limited,Roadshow securities limited,2026-04-09 12:15:52.709791,Ankhu Khola Jalvidhyut Company Ltd
2026040904007956,AKJCL,62,48,900,400.0,360000.0,2026-04-09,185733733,2788,Capital Max Securities Ltd,Trishakti Securities Public Limited,2026-04-09 12:15:55.935506,Ankhu Khola Jalvidhyut Company Ltd
2026040904007960,AKJCL,34,48,1100,400.0,440000.0,2026-04-09,185733774,2788,Vision Securities Pvt. Ltd,Trishakti Securities Public Limited,2026-04-09 12:15:57.721209,Ankhu Khola Jalvidhyut Company Ltd
2026040904007965,AKJCL,95,92,183,401.0,73383.0,2026-04-09,185733846,2788,Magnet Securities and Investment Company Private Limited,Roadshow securities limited,2026-04-09 12:16:04.522165,Ankhu Khola Jalvidhyut Company Ltd
2026040904007966,AKJCL,95,28,100,401.5,40150.0,2026-04-09,185733848,2788,Magnet Securities and Investment Company Private Limited,Shree Krishna Securities Ltd.,2026-04-09 12:16:04.522405,Ankhu Khola Jalvidhyut Company Ltd
2026040904007967,AKJCL,95,58,500,401.5,200750.0,2026-04-09,185733850,2788,Magnet Securities and Investment Company Private Limited,Naasa Securities Co. Ltd.,2026-04-09 12:16:04.522495,Ankhu Khola Jalvidhyut Company Ltd
2026040904007968,AKJCL,95,82,217,402.0,87234.0,2026-04-09,185733853,2788,Magnet Securities and Investment Company Private Limited,N.M.B. SECURITIES LIMITED,2026-04-09 12:16:04.522581,Ankhu Khola Jalvidhyut Company Ltd
2026040904008044,AKJCL,34,67,450,400.1,180045.0,2026-04-09,185734242,2788,Vision Securities Pvt. Ltd,Property Wiard Limited,2026-04-09 12:16:29.555079,Ankhu Khola Jalvidhyut Company Ltd
2026040904008053,AKJCL,34,48,450,400.1,180045.0,2026-04-09,185734309,2788,Vision Securities Pvt. Ltd,Trishakti Securities Public Limited,2026-04-09 12:16:34.874653,Ankhu Khola Jalvidhyut Company Ltd
2026040904008054,AKJCL,58,48,5000,400.0,2000000.0,2026-04-09,185734311,2788,Naasa Securities Co. Ltd.,Trishakti Securities Public Limited,2026-04-09 12:16:34.874713,Ankhu Khola Jalvidhyut Company Ltd
2026040904008055,AKJCL,64,48,10000,400.0,4000000.0,2026-04-09,185734313,2788,SUN SECURITIES PVT LTD,Trishakti Securities Public Limited,2026-04-09 12:16:34.874748,Ankhu Khola Jalvidhyut Company Ltd
2026040904008056,AKJCL,19,48,550,399.1,219505.0,2026-04-09,185734314,2788,Nepal Investment And Securities Trading Private Limited,Trishakti Securities Public Limited,2026-04-09 12:16:34.874778,Ankhu Khola Jalvidhyut Company Ltd
2026040904008096,AKJCL,19,32,400,399.1,159640.0,2026-04-09,185734584,2788,Nepal Investment And Securities Trading Private Limited,Premier Securities Company Ltd.,2026-04-09 12:16:56.862700,Ankhu Khola Jalvidhyut Company Ltd
2026040904008210,AKJCL,42,62,200,400.0,80000.0,2026-04-09,185735590,2788,Sani Securities Company Ltd.,Capital Max Securities Ltd,2026-04-09 12:17:50.781696,Ankhu Khola Jalvidhyut Company Ltd
2026040904008211,AKJCL,42,70,20,400.0,8000.0,2026-04-09,185735592,2788,Sani Securities Company Ltd.,Infinity Securities Limited,2026-04-09 12:17:50.781907,Ankhu Khola Jalvidhyut Company Ltd
2026040904008212,AKJCL,42,71,650,400.0,260000.0,2026-04-09,185735595,2788,Sani Securities Company Ltd.,SHUBHAKAMANA SECURITIES PVT. LTD,2026-04-09 12:17:50.782000,Ankhu Khola Jalvidhyut Company Ltd
2026040904008250,AKJCL,10,71,110,400.0,44000.0,2026-04-09,185735775,2788,Pragyan Securities (PVT) Ltd.,SHUBHAKAMANA SECURITIES PVT. LTD,2026-04-09 12:17:58.415825,Ankhu Khola Jalvidhyut Company Ltd
2026040904008442,AKJCL,42,10,3000,399.5,1198500.0,2026-04-09,185737332,2788,Sani Securities Company Ltd.,Pragyan Securities (PVT) Ltd.,2026-04-09 12:19:42.542874,Ankhu Khola Jalvidhyut Company Ltd
2026040904008452,AKJCL,6,71,240,400.0,96000.0,2026-04-09,185737419,2788,Agrawal Securities (PVT) Ltd.,SHUBHAKAMANA SECURITIES PVT. LTD,2026-04-09 12:19:48.440907,Ankhu Khola Jalvidhyut Company Ltd
2026040904008453,AKJCL,6,62,260,400.0,104000.0,2026-04-09,185737427,2788,Agrawal Securities (PVT) Ltd.,Capital Max Securities Ltd,2026-04-09 12:19:48.441162,Ankhu Khola Jalvidhyut Company Ltd
2026040904008471,AKJCL,26,62,1000,400.0,400000.0,2026-04-09,185737511,2788,Asian Securities Private Ltd.,Capital Max Securities Ltd,2026-04-09 12:19:54.005136,Ankhu Khola Jalvidhyut Company Ltd
2026040904008507,AKJCL,42,48,50,399.5,19975.0,2026-04-09,185737761,2788,Sani Securities Company Ltd.,Trishakti Securities Public Limited,2026-04-09 12:20:12.264465,Ankhu Khola Jalvidhyut Company Ltd
2026040904008517,AKJCL,67,63,1000,399.3,399300.0,2026-04-09,185737823,2788,Property Wiard Limited,Himalayan Brokerage Company Limited,2026-04-09 12:20:18.339541,Ankhu Khola Jalvidhyut Company Ltd
2026040904008518,AKJCL,64,63,1000,399.2,399200.0,2026-04-09,185737824,2788,SUN SECURITIES PVT LTD,Himalayan Brokerage Company Limited,2026-04-09 12:20:18.339996,Ankhu Khola Jalvidhyut Company Ltd
2026040904008521,AKJCL,19,29,50,399.1,19955.0,2026-04-09,185737903,2788,Nepal Investment And Securities Trading Private Limited,Trisul Securities & Invt. Ltd.,2026-04-09 12:20:25.268074,Ankhu Khola Jalvidhyut Company Ltd
2026040904008522,AKJCL,64,29,50,399.1,19955.0,2026-04-09,185737904,2788,SUN SECURITIES PVT LTD,Trisul Securities & Invt. Ltd.,2026-04-09 12:20:25.268150,Ankhu Khola Jalvidhyut Company Ltd
2026040904008561,AKJCL,96,48,2450,399.1,977795.0,2026-04-09,185738040,2788,Himalayan Securities Limited,Trishakti Securities Public Limited,2026-04-09 12:20:36.940757,Ankhu Khola Jalvidhyut Company Ltd
2026040904008648,AKJCL,57,62,740,400.0,296000.0,2026-04-09,185738825,2788,Aryatara Investment & Securities,Capital Max Securities Ltd,2026-04-09 12:21:40.596175,Ankhu Khola Jalvidhyut Company Ltd
2026040904008649,AKJCL,57,67,150,400.0,60000.0,2026-04-09,185738827,2788,Aryatara Investment & Securities,Property Wiard Limited,2026-04-09 12:21:40.596460,Ankhu Khola Jalvidhyut Company Ltd
2026040904008650,AKJCL,57,62,200,400.0,80000.0,2026-04-09,185738829,2788,Aryatara Investment & Securities,Capital Max Securities Ltd,2026-04-09 12:21:40.596591,Ankhu Khola Jalvidhyut Company Ltd
2026040904008651,AKJCL,57,62,100,400.0,40000.0,2026-04-09,185738831,2788,Aryatara Investment & Securities,Capital Max Securities Ltd,2026-04-09 12:21:40.596707,Ankhu Khola Jalvidhyut Company Ltd
2026040904008652,AKJCL,57,35,500,400.0,200000.0,2026-04-09,185738833,2788,Aryatara Investment & Securities,Kohinoor Investment & Securities Pvt. Ltd.,2026-04-09 12:21:40.596856,Ankhu Khola Jalvidhyut Company Ltd
2026040904008684,AKJCL,28,42,10,401.0,4010.0,2026-04-09,185739117,2788,Shree Krishna Securities Ltd.,Sani Securities Company Ltd.,2026-04-09 12:21:56.443270,Ankhu Khola Jalvidhyut Company Ltd
2026040904008761,AKJCL,57,29,100,400.0,40000.0,2026-04-09,185739904,2788,Aryatara Investment & Securities,Trisul Securities & Invt. Ltd.,2026-04-09 12:22:58.285404,Ankhu Khola Jalvidhyut Company Ltd
2026040904008808,AKJCL,57,87,210,400.0,84000.0,2026-04-09,185740113,2788,Aryatara Investment & Securities,S.P.S.A. Securities Limited,2026-04-09 12:23:15.406868,Ankhu Khola Jalvidhyut Company Ltd
2026040904008835,AKJCL,44,44,7,395.0,2765.0,2026-04-09,185740244,2788,Dynamic Money Managers Securities Pvt. Ltd.,Dynamic Money Managers Securities Pvt. Ltd.,2026-04-09 12:23:23.387744,Ankhu Khola Jalvidhyut Company Ltd
2026040904008924,AKJCL,75,50,22,399.0,8778.0,2026-04-09,185741354,2788,N.I.M.B. Stock Markets Limited,Cristal Kanchanjanga Securites Pvt. Ltd.,2026-04-09 12:24:30.415106,Ankhu Khola Jalvidhyut Company Ltd
2026040904009167,AKJCL,75,45,78,399.0,31122.0,2026-04-09,185743729,2788,N.I.M.B. Stock Markets Limited,Imperial Securities Company Pvt. Ltd.,2026-04-09 12:27:23.708508,Ankhu Khola Jalvidhyut Company Ltd
2026040904009168,AKJCL,39,45,100,399.0,39900.0,2026-04-09,185743731,2788,Sumeru Securities Pvt. Ltd.,Imperial Securities Company Pvt. Ltd.,2026-04-09 12:27:23.708793,Ankhu Khola Jalvidhyut Company Ltd
2026040904009367,AKJCL,94,19,1000,398.0,398000.0,2026-04-09,185745322,2788,K.B.L. Securities Limited ,Nepal Investment And Securities Trading Private Limited,2026-04-09 12:29:18.446159,Ankhu Khola Jalvidhyut Company Ltd
2026040904009406,AKJCL,94,58,370,398.0,147260.0,2026-04-09,185745840,2788,K.B.L. Securities Limited ,Naasa Securities Co. Ltd.,2026-04-09 12:29:50.004523,Ankhu Khola Jalvidhyut Company Ltd
2026040904009507,AKJCL,94,45,72,398.0,28656.0,2026-04-09,185746510,2788,K.B.L. Securities Limited ,Imperial Securities Company Pvt. Ltd.,2026-04-09 12:30:31.437115,Ankhu Khola Jalvidhyut Company Ltd
2026040904009650,AKJCL,94,19,558,398.0,222084.0,2026-04-09,185747581,2788,K.B.L. Securities Limited ,Nepal Investment And Securities Trading Private Limited,2026-04-09 12:31:37.057505,Ankhu Khola Jalvidhyut Company Ltd
2026040904009651,AKJCL,10,19,250,398.0,99500.0,2026-04-09,185747583,2788,Pragyan Securities (PVT) Ltd.,Nepal Investment And Securities Trading Private Limited,2026-04-09 12:31:37.057789,Ankhu Khola Jalvidhyut Company Ltd
2026040904009692,AKJCL,62,91,100,397.3,39730.0,2026-04-09,185747909,2788,Capital Max Securities Ltd,Citizens Share Broker Limited,2026-04-09 12:31:56.144208,Ankhu Khola Jalvidhyut Company Ltd
2026040904009693,AKJCL,65,91,500,397.3,198650.0,2026-04-09,185747911,2788,Sharepro Securities Private Limited,Citizens Share Broker Limited,2026-04-09 12:31:56.144712,Ankhu Khola Jalvidhyut Company Ltd
2026040904009748,AKJCL,16,19,5000,397.2,1986000.0,2026-04-09,185748236,2788,Primo Securities (PVT) Ltd.,Nepal Investment And Securities Trading Private Limited,2026-04-09 12:32:20.533479,Ankhu Khola Jalvidhyut Company Ltd
2026040904009797,AKJCL,57,64,300,396.1,118830.0,2026-04-09,185748647,2788,Aryatara Investment & Securities,SUN SECURITIES PVT LTD,2026-04-09 12:32:45.104849,Ankhu Khola Jalvidhyut Company Ltd
2026040904009798,AKJCL,58,64,200,396.1,79220.0,2026-04-09,185748648,2788,Naasa Securities Co. Ltd.,SUN SECURITIES PVT LTD,2026-04-09 12:32:45.105165,Ankhu Khola Jalvidhyut Company Ltd
2026040904009811,AKJCL,58,19,3600,396.1,1425960.0,2026-04-09,185748701,2788,Naasa Securities Co. Ltd.,Nepal Investment And Securities Trading Private Limited,2026-04-09 12:32:48.859255,Ankhu Khola Jalvidhyut Company Ltd
2026040904009812,AKJCL,21,19,1200,396.0,475200.0,2026-04-09,185748703,2788,Midas Stock Broking Company Private Limited,Nepal Investment And Securities Trading Private Limited,2026-04-09 12:32:48.859552,Ankhu Khola Jalvidhyut Company Ltd
2026040904009947,AKJCL,42,14,500,395.1,197550.0,2026-04-09,185749767,2788,Sani Securities Company Ltd.,Nepal Stock House (PVT) Ltd.,2026-04-09 12:34:04.588850,Ankhu Khola Jalvidhyut Company Ltd
2026040904009948,AKJCL,14,14,1500,395.0,592500.0,2026-04-09,185749769,2788,Nepal Stock House (PVT) Ltd.,Nepal Stock House (PVT) Ltd.,2026-04-09 12:34:04.589455,Ankhu Khola Jalvidhyut Company Ltd
2026040904009949,AKJCL,39,14,60,395.0,23700.0,2026-04-09,185749771,2788,Sumeru Securities Pvt. Ltd.,Nepal Stock House (PVT) Ltd.,2026-04-09 12:34:04.589832,Ankhu Khola Jalvidhyut Company Ltd
2026040904009950,AKJCL,83,14,380,395.0,150100.0,2026-04-09,185749772,2788,Sanima Securities Limited,Nepal Stock House (PVT) Ltd.,2026-04-09 12:34:04.590169,Ankhu Khola Jalvidhyut Company Ltd
2026040904010338,AKJCL,83,49,50,395.0,19750.0,2026-04-09,185752662,2788,Sanima Securities Limited,Online Securities Pvt. Ltd.,2026-04-09 12:37:39.905356,Ankhu Khola Jalvidhyut Company Ltd
2026040904010479,AKJCL,47,19,200,396.0,79200.0,2026-04-09,185753772,2788,Neev Securities Pvt. Ltd.,Nepal Investment And Securities Trading Private Limited,2026-04-09 12:38:46.597435,Ankhu Khola Jalvidhyut Company Ltd
2026040904010480,AKJCL,47,48,100,396.0,39600.0,2026-04-09,185753775,2788,Neev Securities Pvt. Ltd.,Trishakti Securities Public Limited,2026-04-09 12:38:46.597728,Ankhu Khola Jalvidhyut Company Ltd
2026040904010541,AKJCL,42,81,100,396.0,39600.0,2026-04-09,185754133,2788,Sani Securities Company Ltd.,Aakashbhairab Securities Ltd.,2026-04-09 12:39:10.231906,Ankhu Khola Jalvidhyut Company Ltd
2026040904010675,AKJCL,64,81,150,396.0,59400.0,2026-04-09,185755184,2788,SUN SECURITIES PVT LTD,Aakashbhairab Securities Ltd.,2026-04-09 12:40:25.224225,Ankhu Khola Jalvidhyut Company Ltd
2026040904010849,AKJCL,64,5,25,396.0,9900.0,2026-04-09,185756704,2788,SUN SECURITIES PVT LTD,Market Securities & Exchange (PVT) Ltd.,2026-04-09 12:42:35.212124,Ankhu Khola Jalvidhyut Company Ltd
2026040904010878,AKJCL,64,39,200,396.0,79200.0,2026-04-09,185756992,2788,SUN SECURITIES PVT LTD,Sumeru Securities Pvt. Ltd.,2026-04-09 12:43:02.968065,Ankhu Khola Jalvidhyut Company Ltd
2026040904010903,AKJCL,64,38,125,396.0,49500.0,2026-04-09,185757191,2788,SUN SECURITIES PVT LTD,Dipshikha Dhitopatra Karobar Co. Pvt Ltd.,2026-04-09 12:43:18.279402,Ankhu Khola Jalvidhyut Company Ltd
2026040904010904,AKJCL,64,38,350,396.0,138600.0,2026-04-09,185757193,2788,SUN SECURITIES PVT LTD,Dipshikha Dhitopatra Karobar Co. Pvt Ltd.,2026-04-09 12:43:18.279499,Ankhu Khola Jalvidhyut Company Ltd
2026040904010905,AKJCL,70,38,1000,396.0,396000.0,2026-04-09,185757195,2788,Infinity Securities Limited,Dipshikha Dhitopatra Karobar Co. Pvt Ltd.,2026-04-09 12:43:18.279574,Ankhu Khola Jalvidhyut Company Ltd
2026040904010906,AKJCL,49,38,525,395.7,207742.5,2026-04-09,185757196,2788,Online Securities Pvt. Ltd.,Dipshikha Dhitopatra Karobar Co. Pvt Ltd.,2026-04-09 12:43:18.279651,Ankhu Khola Jalvidhyut Company Ltd
2026040904010993,AKJCL,49,38,475,395.7,187957.5,2026-04-09,185757709,2788,Online Securities Pvt. Ltd.,Dipshikha Dhitopatra Karobar Co. Pvt Ltd.,2026-04-09 12:44:03.219099,Ankhu Khola Jalvidhyut Company Ltd
2026040904010994,AKJCL,38,38,1000,395.6,395600.0,2026-04-09,185757711,2788,Dipshikha Dhitopatra Karobar Co. Pvt Ltd.,Dipshikha Dhitopatra Karobar Co. Pvt Ltd.,2026-04-09 12:44:03.219160,Ankhu Khola Jalvidhyut Company Ltd
2026040904010995,AKJCL,69,38,525,395.5,207637.5,2026-04-09,185757712,2788,INDEX SECURITIES LIMITED,Dipshikha Dhitopatra Karobar Co. Pvt Ltd.,2026-04-09 12:44:03.219188,Ankhu Khola Jalvidhyut Company Ltd
2026040904011000,AKJCL,81,42,990,396.0,392040.0,2026-04-09,185757749,2788,Aakashbhairab Securities Ltd.,Sani Securities Company Ltd.,2026-04-09 12:44:05.631731,Ankhu Khola Jalvidhyut Company Ltd
2026040904011032,AKJCL,81,34,10,397.2,3972.0,2026-04-09,185757965,2788,Aakashbhairab Securities Ltd.,Vision Securities Pvt. Ltd,2026-04-09 12:44:28.225058,Ankhu Khola Jalvidhyut Company Ltd
2026040904011125,AKJCL,94,64,10,395.6,3956.0,2026-04-09,185758992,2788,K.B.L. Securities Limited ,SUN SECURITIES PVT LTD,2026-04-09 12:45:48.686277,Ankhu Khola Jalvidhyut Company Ltd
2026040904011300,AKJCL,38,39,100,397.2,39720.0,2026-04-09,185763639,2788,Dipshikha Dhitopatra Karobar Co. Pvt Ltd.,Sumeru Securities Pvt. Ltd.,2026-04-09 12:48:04.952782,Ankhu Khola Jalvidhyut Company Ltd
2026040904011317,AKJCL,91,14,500,399.0,199500.0,2026-04-09,185763880,2788,Citizens Share Broker Limited,Nepal Stock House (PVT) Ltd.,2026-04-09 12:48:22.567459,Ankhu Khola Jalvidhyut Company Ltd
2026040904011318,AKJCL,91,19,500,399.0,199500.0,2026-04-09,185763883,2788,Citizens Share Broker Limited,Nepal Investment And Securities Trading Private Limited,2026-04-09 12:48:22.568074,Ankhu Khola Jalvidhyut Company Ltd
2026040904011334,AKJCL,38,19,400,399.0,159600.0,2026-04-09,185764063,2788,Dipshikha Dhitopatra Karobar Co. Pvt Ltd.,Nepal Investment And Securities Trading Private Limited,2026-04-09 12:48:38.610741,Ankhu Khola Jalvidhyut Company Ltd
2026040904011383,AKJCL,64,42,1000,398.0,398000.0,2026-04-09,185764456,2788,SUN SECURITIES PVT LTD,Sani Securities Company Ltd.,2026-04-09 12:49:02.460960,Ankhu Khola Jalvidhyut Company Ltd
2026040904011384,AKJCL,64,19,292,399.0,116508.0,2026-04-09,185764458,2788,SUN SECURITIES PVT LTD,Nepal Investment And Securities Trading Private Limited,2026-04-09 12:49:02.461573,Ankhu Khola Jalvidhyut Company Ltd
2026040904011385,AKJCL,64,48,500,399.0,199500.0,2026-04-09,185764460,2788,SUN SECURITIES PVT LTD,Trishakti Securities Public Limited,2026-04-09 12:49:02.461951,Ankhu Khola Jalvidhyut Company Ltd
2026040904011386,AKJCL,64,34,90,399.8,35982.0,2026-04-09,185764462,2788,SUN SECURITIES PVT LTD,Vision Securities Pvt. Ltd,2026-04-09 12:49:02.462336,Ankhu Khola Jalvidhyut Company Ltd
2026040904011387,AKJCL,64,91,4400,399.9,1759560.0,2026-04-09,185764464,2788,SUN SECURITIES PVT LTD,Citizens Share Broker Limited,2026-04-09 12:49:02.462695,Ankhu Khola Jalvidhyut Company Ltd
2026040904011388,AKJCL,64,92,500,400.0,200000.0,2026-04-09,185764466,2788,SUN SECURITIES PVT LTD,Roadshow securities limited,2026-04-09 12:49:02.463062,Ankhu Khola Jalvidhyut Company Ltd
2026040904011389,AKJCL,64,71,500,400.0,200000.0,2026-04-09,185764468,2788,SUN SECURITIES PVT LTD,SHUBHAKAMANA SECURITIES PVT. LTD,2026-04-09 12:49:02.463441,Ankhu Khola Jalvidhyut Company Ltd
2026040904011390,AKJCL,64,34,375,400.0,150000.0,2026-04-09,185764470,2788,SUN SECURITIES PVT LTD,Vision Securities Pvt. Ltd,2026-04-09 12:49:02.463805,Ankhu Khola Jalvidhyut Company Ltd
2026040904011391,AKJCL,64,39,500,400.0,200000.0,2026-04-09,185764472,2788,SUN SECURITIES PVT LTD,Sumeru Securities Pvt. Ltd.,2026-04-09 12:49:02.464173,Ankhu Khola Jalvidhyut Company Ltd
2026040904011392,AKJCL,64,58,165,400.0,66000.0,2026-04-09,185764474,2788,SUN SECURITIES PVT LTD,Naasa Securities Co. Ltd.,2026-04-09 12:49:02.464568,Ankhu Khola Jalvidhyut Company Ltd
2026040904011393,AKJCL,64,72,1000,400.0,400000.0,2026-04-09,185764476,2788,SUN SECURITIES PVT LTD,Hatemalo Financial Services Private Limited,2026-04-09 12:49:02.464939,Ankhu Khola Jalvidhyut Company Ltd
2026040904011394,AKJCL,64,44,70,400.0,28000.0,2026-04-09,185764478,2788,SUN SECURITIES PVT LTD,Dynamic Money Managers Securities Pvt. Ltd.,2026-04-09 12:49:02.465302,Ankhu Khola Jalvidhyut Company Ltd
2026040904011395,AKJCL,64,58,1400,400.0,560000.0,2026-04-09,185764480,2788,SUN SECURITIES PVT LTD,Naasa Securities Co. Ltd.,2026-04-09 12:49:02.465670,Ankhu Khola Jalvidhyut Company Ltd
2026040904011396,AKJCL,64,58,320,400.0,128000.0,2026-04-09,185764482,2788,SUN SECURITIES PVT LTD,Naasa Securities Co. Ltd.,2026-04-09 12:49:02.466033,Ankhu Khola Jalvidhyut Company Ltd
2026040904011397,AKJCL,64,45,500,400.0,200000.0,2026-04-09,185764484,2788,SUN SECURITIES PVT LTD,Imperial Securities Company Pvt. Ltd.,2026-04-09 12:49:02.466407,Ankhu Khola Jalvidhyut Company Ltd
2026040904011398,AKJCL,64,22,200,400.0,80000.0,2026-04-09,185764486,2788,SUN SECURITIES PVT LTD,Siprabi Securities Pvt. Ltd.,2026-04-09 12:49:02.466769,Ankhu Khola Jalvidhyut Company Ltd
2026040904011399,AKJCL,64,40,30,400.0,12000.0,2026-04-09,185764488,2788,SUN SECURITIES PVT LTD,Creative Securities Pvt Ltd,2026-04-09 12:49:02.467133,Ankhu Khola Jalvidhyut Company Ltd
2026040904011400,AKJCL,64,49,10,400.0,4000.0,2026-04-09,185764490,2788,SUN SECURITIES PVT LTD,Online Securities Pvt. Ltd.,2026-04-09 12:49:02.467510,Ankhu Khola Jalvidhyut Company Ltd
2026040904011436,AKJCL,64,43,15,400.0,6000.0,2026-04-09,185764706,2788,SUN SECURITIES PVT LTD,South Asian Bulls Pvt. Ltd.,2026-04-09 12:49:24.466304,Ankhu Khola Jalvidhyut Company Ltd
2026040904011542,AKJCL,42,62,10,400.5,4005.0,2026-04-09,185765705,2788,Sani Securities Company Ltd.,Capital Max Securities Ltd,2026-04-09 12:50:38.365874,Ankhu Khola Jalvidhyut Company Ltd
2026040904011543,AKJCL,64,29,100,400.1,40010.0,2026-04-09,185765710,2788,SUN SECURITIES PVT LTD,Trisul Securities & Invt. Ltd.,2026-04-09 12:50:38.616573,Ankhu Khola Jalvidhyut Company Ltd
2026040904011575,AKJCL,38,62,40,400.5,16020.0,2026-04-09,185766001,2788,Dipshikha Dhitopatra Karobar Co. Pvt Ltd.,Capital Max Securities Ltd,2026-04-09 12:51:04.381269,Ankhu Khola Jalvidhyut Company Ltd
2026040904011583,AKJCL,64,43,20,400.1,8002.0,2026-04-09,185766070,2788,SUN SECURITIES PVT LTD,South Asian Bulls Pvt. Ltd.,2026-04-09 12:51:10.190104,Ankhu Khola Jalvidhyut Company Ltd
2026040904011626,AKJCL,64,57,880,400.1,352088.0,2026-04-09,185766597,2788,SUN SECURITIES PVT LTD,Aryatara Investment & Securities,2026-04-09 12:52:05.112959,Ankhu Khola Jalvidhyut Company Ltd
2026040904011627,AKJCL,64,57,120,400.0,48000.0,2026-04-09,185766598,2788,SUN SECURITIES PVT LTD,Aryatara Investment & Securities,2026-04-09 12:52:05.113356,Ankhu Khola Jalvidhyut Company Ltd
2026040904011635,AKJCL,64,87,790,400.0,316000.0,2026-04-09,185766674,2788,SUN SECURITIES PVT LTD,S.P.S.A. Securities Limited,2026-04-09 12:52:11.932537,Ankhu Khola Jalvidhyut Company Ltd
2026040904011639,AKJCL,64,38,5000,400.0,2000000.0,2026-04-09,185766712,2788,SUN SECURITIES PVT LTD,Dipshikha Dhitopatra Karobar Co. Pvt Ltd.,2026-04-09 12:52:16.641999,Ankhu Khola Jalvidhyut Company Ltd
2026040904011666,AKJCL,64,43,50,400.0,20000.0,2026-04-09,185766790,2788,SUN SECURITIES PVT LTD,South Asian Bulls Pvt. Ltd.,2026-04-09 12:52:20.271978,Ankhu Khola Jalvidhyut Company Ltd
2026040904011686,AKJCL,64,96,1000,400.1,400100.0,2026-04-09,185766877,2788,SUN SECURITIES PVT LTD,Himalayan Securities Limited,2026-04-09 12:52:26.966850,Ankhu Khola Jalvidhyut Company Ltd
2026040904011687,AKJCL,64,96,2000,400.0,800000.0,2026-04-09,185766878,2788,SUN SECURITIES PVT LTD,Himalayan Securities Limited,2026-04-09 12:52:26.967514,Ankhu Khola Jalvidhyut Company Ltd
2026040904011693,AKJCL,64,86,5173,400.0,2069200.0,2026-04-09,185766973,2788,SUN SECURITIES PVT LTD,Stoxkarts Securities Limited,2026-04-09 12:52:37.029372,Ankhu Khola Jalvidhyut Company Ltd
2026040904011876,AKJCL,69,75,500,399.0,199500.0,2026-04-09,185768363,2788,INDEX SECURITIES LIMITED,N.I.M.B. Stock Markets Limited,2026-04-09 12:54:29.804080,Ankhu Khola Jalvidhyut Company Ltd
2026040904012045,AKJCL,86,101,100,399.9,39990.0,2026-04-09,185770454,2788,Stoxkarts Securities Limited,APPLE SECURITIES PRIVATE LIMITED,2026-04-09 12:56:25.361272,Ankhu Khola Jalvidhyut Company Ltd
2026040904012046,AKJCL,86,77,1000,399.9,399900.0,2026-04-09,185770456,2788,Stoxkarts Securities Limited,Nabil Stock Dealer Ltd.,2026-04-09 12:56:25.361632,Ankhu Khola Jalvidhyut Company Ltd
2026040904012047,AKJCL,86,71,500,399.9,199950.0,2026-04-09,185770458,2788,Stoxkarts Securities Limited,SHUBHAKAMANA SECURITIES PVT. LTD,2026-04-09 12:56:25.361802,Ankhu Khola Jalvidhyut Company Ltd
2026040904012066,AKJCL,38,58,50,398.1,19905.0,2026-04-09,185770738,2788,Dipshikha Dhitopatra Karobar Co. Pvt Ltd.,Naasa Securities Co. Ltd.,2026-04-09 12:56:40.080253,Ankhu Khola Jalvidhyut Company Ltd
2026040904012084,AKJCL,58,43,50,398.9,19945.0,2026-04-09,185770948,2788,Naasa Securities Co. Ltd.,South Asian Bulls Pvt. Ltd.,2026-04-09 12:56:55.984013,Ankhu Khola Jalvidhyut Company Ltd
2026040904012136,AKJCL,62,71,2000,399.9,799800.0,2026-04-09,185771553,2788,Capital Max Securities Ltd,SHUBHAKAMANA SECURITIES PVT. LTD,2026-04-09 12:57:37.601178,Ankhu Khola Jalvidhyut Company Ltd
2026040904012142,AKJCL,6,71,100,399.9,39990.0,2026-04-09,185771579,2788,Agrawal Securities (PVT) Ltd.,SHUBHAKAMANA SECURITIES PVT. LTD,2026-04-09 12:57:38.458738,Ankhu Khola Jalvidhyut Company Ltd
2026040904012179,AKJCL,58,29,251,399.0,100149.0,2026-04-09,185772027,2788,Naasa Securities Co. Ltd.,Trisul Securities & Invt. Ltd.,2026-04-09 12:58:06.486829,Ankhu Khola Jalvidhyut Company Ltd
2026040904012180,AKJCL,95,29,1000,399.0,399000.0,2026-04-09,185772029,2788,Magnet Securities and Investment Company Private Limited,Trisul Securities & Invt. Ltd.,2026-04-09 12:58:06.487192,Ankhu Khola Jalvidhyut Company Ltd
2026040904012181,AKJCL,38,29,100,398.1,39810.0,2026-04-09,185772031,2788,Dipshikha Dhitopatra Karobar Co. Pvt Ltd.,Trisul Securities & Invt. Ltd.,2026-04-09 12:58:06.487347,Ankhu Khola Jalvidhyut Company Ltd
2026040904012182,AKJCL,95,29,1000,398.0,398000.0,2026-04-09,185772033,2788,Magnet Securities and Investment Company Private Limited,Trisul Securities & Invt. Ltd.,2026-04-09 12:58:06.487498,Ankhu Khola Jalvidhyut Company Ltd
2026040904012183,AKJCL,95,29,649,398.0,258302.0,2026-04-09,185772034,2788,Magnet Securities and Investment Company Private Limited,Trisul Securities & Invt. Ltd.,2026-04-09 12:58:06.487652,Ankhu Khola Jalvidhyut Company Ltd
2026040904012236,AKJCL,95,71,351,398.0,139698.0,2026-04-09,185772427,2788,Magnet Securities and Investment Company Private Limited,SHUBHAKAMANA SECURITIES PVT. LTD,2026-04-09 12:58:36.274546,Ankhu Khola Jalvidhyut Company Ltd
2026040904012237,AKJCL,99,71,49,398.0,19502.0,2026-04-09,185772428,2788,Prabhu Stock Market Limited,SHUBHAKAMANA SECURITIES PVT. LTD,2026-04-09 12:58:36.274863,Ankhu Khola Jalvidhyut Company Ltd
2026040904012315,AKJCL,6,43,35,399.7,13989.5,2026-04-09,185773419,2788,Agrawal Securities (PVT) Ltd.,South Asian Bulls Pvt. Ltd.,2026-04-09 12:59:35.264651,Ankhu Khola Jalvidhyut Company Ltd
2026040904012356,AKJCL,6,43,15,399.7,5995.5,2026-04-09,185773645,2788,Agrawal Securities (PVT) Ltd.,South Asian Bulls Pvt. Ltd.,2026-04-09 12:59:47.577628,Ankhu Khola Jalvidhyut Company Ltd
2026040904012434,AKJCL,64,8,135,399.8,53973.0,2026-04-09,185774331,2788,SUN SECURITIES PVT LTD,Brilliant Securities Pvt. Ltd.,2026-04-09 13:00:39.360755,Ankhu Khola Jalvidhyut Company Ltd
2026040904012495,AKJCL,57,34,10,399.6,3996.0,2026-04-09,185774940,2788,Aryatara Investment & Securities,Vision Securities Pvt. Ltd,2026-04-09 13:01:12.347975,Ankhu Khola Jalvidhyut Company Ltd
2026040904012496,AKJCL,57,94,890,399.7,355733.0,2026-04-09,185774943,2788,Aryatara Investment & Securities,K.B.L. Securities Limited ,2026-04-09 13:01:12.348022,Ankhu Khola Jalvidhyut Company Ltd
2026040904012502,AKJCL,57,94,100,399.7,39970.0,2026-04-09,185775023,2788,Aryatara Investment & Securities,K.B.L. Securities Limited ,2026-04-09 13:01:18.845953,Ankhu Khola Jalvidhyut Company Ltd
2026040904012552,AKJCL,42,87,1000,399.0,399000.0,2026-04-09,185775350,2788,Sani Securities Company Ltd.,S.P.S.A. Securities Limited,2026-04-09 13:01:44.434576,Ankhu Khola Jalvidhyut Company Ltd
2026040904012558,AKJCL,42,86,1500,399.0,598500.0,2026-04-09,185775387,2788,Sani Securities Company Ltd.,Stoxkarts Securities Limited,2026-04-09 13:01:48.197089,Ankhu Khola Jalvidhyut Company Ltd
2026040904012559,AKJCL,28,86,500,399.0,199500.0,2026-04-09,185775390,2788,Shree Krishna Securities Ltd.,Stoxkarts Securities Limited,2026-04-09 13:01:48.197759,Ankhu Khola Jalvidhyut Company Ltd
2026040904012640,AKJCL,57,94,500,399.7,199850.0,2026-04-09,185775889,2788,Aryatara Investment & Securities,K.B.L. Securities Limited ,2026-04-09 13:02:23.666295,Ankhu Khola Jalvidhyut Company Ltd
2026040904012649,AKJCL,14,94,500,399.7,199850.0,2026-04-09,185776065,2788,Nepal Stock House (PVT) Ltd.,K.B.L. Securities Limited ,2026-04-09 13:02:35.936047,Ankhu Khola Jalvidhyut Company Ltd
2026040904012765,AKJCL,14,42,1000,399.0,399000.0,2026-04-09,185777369,2788,Nepal Stock House (PVT) Ltd.,Sani Securities Company Ltd.,2026-04-09 13:04:01.860596,Ankhu Khola Jalvidhyut Company Ltd
2026040904012789,AKJCL,94,101,10,399.6,3996.0,2026-04-09,185777635,2788,K.B.L. Securities Limited ,APPLE SECURITIES PRIVATE LIMITED,2026-04-09 13:04:19.134671,Ankhu Khola Jalvidhyut Company Ltd
2026040904012900,AKJCL,57,101,140,399.6,55944.0,2026-04-09,185778716,2788,Aryatara Investment & Securities,APPLE SECURITIES PRIVATE LIMITED,2026-04-09 13:05:45.014580,Ankhu Khola Jalvidhyut Company Ltd
2026040904012901,AKJCL,57,64,110,399.8,43978.0,2026-04-09,185778719,2788,Aryatara Investment & Securities,SUN SECURITIES PVT LTD,2026-04-09 13:05:45.014731,Ankhu Khola Jalvidhyut Company Ltd
2026040904012974,AKJCL,62,64,540,399.8,215892.0,2026-04-09,185779322,2788,Capital Max Securities Ltd,SUN SECURITIES PVT LTD,2026-04-09 13:06:38.905456,Ankhu Khola Jalvidhyut Company Ltd
2026040904012975,AKJCL,62,33,100,399.8,39980.0,2026-04-09,185779324,2788,Capital Max Securities Ltd,Dakshinkali Investment & Securities Pvt. Ltd.,2026-04-09 13:06:38.906135,Ankhu Khola Jalvidhyut Company Ltd
2026040904012976,AKJCL,62,86,3360,399.9,1343664.0,2026-04-09,185779327,2788,Capital Max Securities Ltd,Stoxkarts Securities Limited,2026-04-09 13:06:38.906608,Ankhu Khola Jalvidhyut Company Ltd
2026040904012994,AKJCL,57,86,250,399.9,99975.0,2026-04-09,185779553,2788,Aryatara Investment & Securities,Stoxkarts Securities Limited,2026-04-09 13:06:53.703042,Ankhu Khola Jalvidhyut Company Ltd
2026040904013019,AKJCL,57,86,217,399.9,86778.3,2026-04-09,185779706,2788,Aryatara Investment & Securities,Stoxkarts Securities Limited,2026-04-09 13:07:02.151179,Ankhu Khola Jalvidhyut Company Ltd
2026040904013020,AKJCL,57,71,283,399.9,113171.7,2026-04-09,185779709,2788,Aryatara Investment & Securities,SHUBHAKAMANA SECURITIES PVT. LTD,2026-04-09 13:07:02.151285,Ankhu Khola Jalvidhyut Company Ltd
2026040904013051,AKJCL,62,71,217,399.9,86778.3,2026-04-09,185780000,2788,Capital Max Securities Ltd,SHUBHAKAMANA SECURITIES PVT. LTD,2026-04-09 13:07:24.832341,Ankhu Khola Jalvidhyut Company Ltd
2026040904013052,AKJCL,62,57,1000,400.0,400000.0,2026-04-09,185780002,2788,Capital Max Securities Ltd,Aryatara Investment & Securities,2026-04-09 13:07:24.832989,Ankhu Khola Jalvidhyut Company Ltd
2026040904013053,AKJCL,62,13,783,400.0,313200.0,2026-04-09,185780005,2788,Capital Max Securities Ltd,Thrive Brokerage House Pvt. Ltd,2026-04-09 13:07:24.833453,Ankhu Khola Jalvidhyut Company Ltd
2026040904013079,AKJCL,62,13,217,400.0,86800.0,2026-04-09,185780280,2788,Capital Max Securities Ltd,Thrive Brokerage House Pvt. Ltd,2026-04-09 13:07:51.871937,Ankhu Khola Jalvidhyut Company Ltd
2026040904013080,AKJCL,62,35,300,400.0,120000.0,2026-04-09,185780282,2788,Capital Max Securities Ltd,Kohinoor Investment & Securities Pvt. Ltd.,2026-04-09 13:07:51.872263,Ankhu Khola Jalvidhyut Company Ltd
2026040904013081,AKJCL,62,39,150,400.0,60000.0,2026-04-09,185780284,2788,Capital Max Securities Ltd,Sumeru Securities Pvt. Ltd.,2026-04-09 13:07:51.872425,Ankhu Khola Jalvidhyut Company Ltd
2026040904013082,AKJCL,62,49,22,400.0,8800.0,2026-04-09,185780286,2788,Capital Max Securities Ltd,Online Securities Pvt. Ltd.,2026-04-09 13:07:51.872564,Ankhu Khola Jalvidhyut Company Ltd
2026040904013083,AKJCL,62,36,311,400.0,124400.0,2026-04-09,185780289,2788,Capital Max Securities Ltd,Secured Securities Ltd.,2026-04-09 13:07:51.872708,Ankhu Khola Jalvidhyut Company Ltd
2026040904013084,AKJCL,69,36,189,400.0,75600.0,2026-04-09,185780298,2788,INDEX SECURITIES LIMITED,Secured Securities Ltd.,2026-04-09 13:07:52.689777,Ankhu Khola Jalvidhyut Company Ltd
2026040904013085,AKJCL,69,44,100,400.0,40000.0,2026-04-09,185780300,2788,INDEX SECURITIES LIMITED,Dynamic Money Managers Securities Pvt. Ltd.,2026-04-09 13:07:52.690447,Ankhu Khola Jalvidhyut Company Ltd
2026040904013086,AKJCL,69,58,50,400.0,20000.0,2026-04-09,185780302,2788,INDEX SECURITIES LIMITED,Naasa Securities Co. Ltd.,2026-04-09 13:07:52.690895,Ankhu Khola Jalvidhyut Company Ltd
2026040904013087,AKJCL,69,58,136,400.0,54400.0,2026-04-09,185780305,2788,INDEX SECURITIES LIMITED,Naasa Securities Co. Ltd.,2026-04-09 13:07:52.691580,Ankhu Khola Jalvidhyut Company Ltd
2026040904013101,AKJCL,57,58,19,400.0,7600.0,2026-04-09,185780406,2788,Aryatara Investment & Securities,Naasa Securities Co. Ltd.,2026-04-09 13:08:01.953625,Ankhu Khola Jalvidhyut Company Ltd
2026040904013102,AKJCL,57,35,100,400.0,40000.0,2026-04-09,185780408,2788,Aryatara Investment & Securities,Kohinoor Investment & Securities Pvt. Ltd.,2026-04-09 13:08:01.953678,Ankhu Khola Jalvidhyut Company Ltd
2026040904013103,AKJCL,57,52,131,400.0,52400.0,2026-04-09,185780411,2788,Aryatara Investment & Securities,Sundhara Securities Limited,2026-04-09 13:08:01.953729,Ankhu Khola Jalvidhyut Company Ltd
2026040904013109,AKJCL,69,52,769,400.0,307600.0,2026-04-09,185780442,2788,INDEX SECURITIES LIMITED,Sundhara Securities Limited,2026-04-09 13:08:04.286705,Ankhu Khola Jalvidhyut Company Ltd
2026040904013113,AKJCL,69,19,50,400.0,20000.0,2026-04-09,185780568,2788,INDEX SECURITIES LIMITED,Nepal Investment And Securities Trading Private Limited,2026-04-09 13:08:11.784681,Ankhu Khola Jalvidhyut Company Ltd
2026040904013155,AKJCL,69,94,181,400.0,72400.0,2026-04-09,185780863,2788,INDEX SECURITIES LIMITED,K.B.L. Securities Limited ,2026-04-09 13:08:38.623254,Ankhu Khola Jalvidhyut Company Ltd
2026040904013156,AKJCL,34,94,829,400.0,331600.0,2026-04-09,185780864,2788,Vision Securities Pvt. Ltd,K.B.L. Securities Limited ,2026-04-09 13:08:38.623961,Ankhu Khola Jalvidhyut Company Ltd
2026040904013158,AKJCL,57,45,500,400.7,200350.0,2026-04-09,185780877,2788,Aryatara Investment & Securities,Imperial Securities Company Pvt. Ltd.,2026-04-09 13:08:39.431396,Ankhu Khola Jalvidhyut Company Ltd
2026040904013196,AKJCL,58,45,873,400.7,349811.1,2026-04-09,185781064,2788,Naasa Securities Co. Ltd.,Imperial Securities Company Pvt. Ltd.,2026-04-09 13:08:48.045275,Ankhu Khola Jalvidhyut Company Ltd
2026040904013197,AKJCL,58,87,1000,400.9,400900.0,2026-04-09,185781066,2788,Naasa Securities Co. Ltd.,S.P.S.A. Securities Limited,2026-04-09 13:08:48.045405,Ankhu Khola Jalvidhyut Company Ltd
2026040904013198,AKJCL,58,64,627,401.0,251427.0,2026-04-09,185781069,2788,Naasa Securities Co. Ltd.,SUN SECURITIES PVT LTD,2026-04-09 13:08:48.045478,Ankhu Khola Jalvidhyut Company Ltd
2026040904013203,AKJCL,34,71,71,400.0,28400.0,2026-04-09,185781129,2788,Vision Securities Pvt. Ltd,SHUBHAKAMANA SECURITIES PVT. LTD,2026-04-09 13:08:54.784015,Ankhu Khola Jalvidhyut Company Ltd
2026040904013204,AKJCL,29,71,429,400.0,171600.0,2026-04-09,185781138,2788,Trisul Securities & Invt. Ltd.,SHUBHAKAMANA SECURITIES PVT. LTD,2026-04-09 13:08:55.785837,Ankhu Khola Jalvidhyut Company Ltd
2026040904013220,AKJCL,29,64,373,401.0,149573.0,2026-04-09,185781240,2788,Trisul Securities & Invt. Ltd.,SUN SECURITIES PVT LTD,2026-04-09 13:09:04.174998,Ankhu Khola Jalvidhyut Company Ltd
2026040904013221,AKJCL,29,7,100,401.0,40100.0,2026-04-09,185781242,2788,Trisul Securities & Invt. Ltd.,J.F. Securites (PVT) Ltd.,2026-04-09 13:09:04.175351,Ankhu Khola Jalvidhyut Company Ltd
2026040904013222,AKJCL,29,29,1000,401.0,401000.0,2026-04-09,185781244,2788,Trisul Securities & Invt. Ltd.,Trisul Securities & Invt. Ltd.,2026-04-09 13:09:04.175510,Ankhu Khola Jalvidhyut Company Ltd
2026040904013223,AKJCL,29,34,30,401.0,12030.0,2026-04-09,185781246,2788,Trisul Securities & Invt. Ltd.,Vision Securities Pvt. Ltd,2026-04-09 13:09:04.175670,Ankhu Khola Jalvidhyut Company Ltd
2026040904013224,AKJCL,29,58,1997,401.0,800797.0,2026-04-09,185781249,2788,Trisul Securities & Invt. Ltd.,Naasa Securities Co. Ltd.,2026-04-09 13:09:04.175848,Ankhu Khola Jalvidhyut Company Ltd
2026040904013299,AKJCL,22,58,50,401.0,20050.0,2026-04-09,185782009,2788,Siprabi Securities Pvt. Ltd.,Naasa Securities Co. Ltd.,2026-04-09 13:09:52.216857,Ankhu Khola Jalvidhyut Company Ltd
2026040904013319,AKJCL,65,58,2450,401.0,982450.0,2026-04-09,185782110,2788,Sharepro Securities Private Limited,Naasa Securities Co. Ltd.,2026-04-09 13:10:01.408177,Ankhu Khola Jalvidhyut Company Ltd
2026040904013320,AKJCL,65,58,2000,401.0,802000.0,2026-04-09,185782112,2788,Sharepro Securities Private Limited,Naasa Securities Co. Ltd.,2026-04-09 13:10:01.408576,Ankhu Khola Jalvidhyut Company Ltd
2026040904013326,AKJCL,65,58,50,401.0,20050.0,2026-04-09,185782255,2788,Sharepro Securities Private Limited,Naasa Securities Co. Ltd.,2026-04-09 13:10:10.311466,Ankhu Khola Jalvidhyut Company Ltd
2026040904013442,AKJCL,57,101,100,400.0,40000.0,2026-04-09,185783284,2788,Aryatara Investment & Securities,APPLE SECURITIES PRIVATE LIMITED,2026-04-09 13:11:15.012139,Ankhu Khola Jalvidhyut Company Ltd
2026040904013443,AKJCL,57,58,150,401.0,60150.0,2026-04-09,185783287,2788,Aryatara Investment & Securities,Naasa Securities Co. Ltd.,2026-04-09 13:11:15.012195,Ankhu Khola Jalvidhyut Company Ltd
2026040904013649,AKJCL,58,38,1000,400.0,400000.0,2026-04-09,185784741,2788,Naasa Securities Co. Ltd.,Dipshikha Dhitopatra Karobar Co. Pvt Ltd.,2026-04-09 13:13:02.961574,Ankhu Khola Jalvidhyut Company Ltd
2026040904013720,AKJCL,64,38,200,400.0,80000.0,2026-04-09,185785199,2788,SUN SECURITIES PVT LTD,Dipshikha Dhitopatra Karobar Co. Pvt Ltd.,2026-04-09 13:13:38.297137,Ankhu Khola Jalvidhyut Company Ltd
2026040904013755,AKJCL,62,58,1000,400.0,400000.0,2026-04-09,185785461,2788,Capital Max Securities Ltd,Naasa Securities Co. Ltd.,2026-04-09 13:14:06.089180,Ankhu Khola Jalvidhyut Company Ltd
2026040904013787,AKJCL,57,58,500,400.0,200000.0,2026-04-09,185785603,2788,Aryatara Investment & Securities,Naasa Securities Co. Ltd.,2026-04-09 13:14:14.668433,Ankhu Khola Jalvidhyut Company Ltd
2026040904013805,AKJCL,69,94,500,399.6,199800.0,2026-04-09,185785771,2788,INDEX SECURITIES LIMITED,K.B.L. Securities Limited ,2026-04-09 13:14:34.944620,Ankhu Khola Jalvidhyut Company Ltd
2026040904013806,AKJCL,59,94,902,399.5,360349.0,2026-04-09,185785772,2788,Deevyaa Securities & Stock House Pvt. Ltd,K.B.L. Securities Limited ,2026-04-09 13:14:34.945390,Ankhu Khola Jalvidhyut Company Ltd
2026040904013815,AKJCL,59,60,98,399.5,39151.0,2026-04-09,185785945,2788,Deevyaa Securities & Stock House Pvt. Ltd,Nagarik Stock Dealer ,2026-04-09 13:14:43.270826,Ankhu Khola Jalvidhyut Company Ltd
