contractId,stockSymbol,buyerMemberId,sellerMemberId,quantity,rate,amount,businessDate,tradeBookId,stockId,buyerBrokerName,sellerBrokerName,transaction_time,securityName
2026040904000253,HURJA,48,45,10,282.8,2828.0,2026-04-09,185671719,2824,Trishakti Securities Public Limited,Imperial Securities Company Pvt. Ltd.,2026-04-09 11:05:11.779506,Himalaya Urja Bikas Company Limited
2026040904000482,HURJA,39,35,500,278.0,139000.0,2026-04-09,185673978,2824,Sumeru Securities Pvt. Ltd.,Kohinoor Investment & Securities Pvt. Ltd.,2026-04-09 11:08:05.712724,Himalaya Urja Bikas Company Limited
2026040904000511,HURJA,34,57,200,277.3,55460.0,2026-04-09,185674163,2824,Vision Securities Pvt. Ltd,Aryatara Investment & Securities,2026-04-09 11:08:15.645296,Himalaya Urja Bikas Company Limited
2026040904000512,HURJA,48,57,300,277.2,83160.0,2026-04-09,185674164,2824,Trishakti Securities Public Limited,Aryatara Investment & Securities,2026-04-09 11:08:15.645407,Himalaya Urja Bikas Company Limited
2026040904000626,HURJA,43,57,50,277.0,13850.0,2026-04-09,185675083,2824,South Asian Bulls Pvt. Ltd.,Aryatara Investment & Securities,2026-04-09 11:09:13.191427,Himalaya Urja Bikas Company Limited
2026040904000627,HURJA,51,57,300,276.9,83070.0,2026-04-09,185675085,2824,Oxford Securities Pvt. Ltd.,Aryatara Investment & Securities,2026-04-09 11:09:13.191516,Himalaya Urja Bikas Company Limited
2026040904000628,HURJA,22,57,200,276.1,55220.0,2026-04-09,185675087,2824,Siprabi Securities Pvt. Ltd.,Aryatara Investment & Securities,2026-04-09 11:09:13.191604,Himalaya Urja Bikas Company Limited
2026040904000629,HURJA,8,57,200,276.0,55200.0,2026-04-09,185675089,2824,Brilliant Securities Pvt. Ltd.,Aryatara Investment & Securities,2026-04-09 11:09:13.191662,Himalaya Urja Bikas Company Limited
2026040904000660,HURJA,38,57,100,275.0,27500.0,2026-04-09,185675339,2824,Dipshikha Dhitopatra Karobar Co. Pvt Ltd.,Aryatara Investment & Securities,2026-04-09 11:09:29.498589,Himalaya Urja Bikas Company Limited
2026040904000661,HURJA,67,57,150,275.0,41250.0,2026-04-09,185675340,2824,Property Wiard Limited,Aryatara Investment & Securities,2026-04-09 11:09:29.498690,Himalaya Urja Bikas Company Limited
2026040904000679,HURJA,67,57,490,275.0,134750.0,2026-04-09,185675496,2824,Property Wiard Limited,Aryatara Investment & Securities,2026-04-09 11:09:39.164165,Himalaya Urja Bikas Company Limited
2026040904000689,HURJA,67,18,40,275.0,11000.0,2026-04-09,185675562,2824,Property Wiard Limited,Sagarmatha Securities Private Limited,2026-04-09 11:09:45.724297,Himalaya Urja Bikas Company Limited
2026040904000929,HURJA,67,35,320,275.0,88000.0,2026-04-09,185677507,2824,Property Wiard Limited,Kohinoor Investment & Securities Pvt. Ltd.,2026-04-09 11:11:50.926079,Himalaya Urja Bikas Company Limited
2026040904000930,HURJA,51,35,680,275.0,187000.0,2026-04-09,185677508,2824,Oxford Securities Pvt. Ltd.,Kohinoor Investment & Securities Pvt. Ltd.,2026-04-09 11:11:50.926267,Himalaya Urja Bikas Company Limited
2026040904001033,HURJA,51,21,10,275.0,2750.0,2026-04-09,185678620,2824,Oxford Securities Pvt. Ltd.,Midas Stock Broking Company Private Limited,2026-04-09 11:13:27.305683,Himalaya Urja Bikas Company Limited
2026040904001292,HURJA,6,91,200,278.9,55780.0,2026-04-09,185681674,2824,Agrawal Securities (PVT) Ltd.,Citizens Share Broker Limited,2026-04-09 11:16:48.332914,Himalaya Urja Bikas Company Limited
2026040904001293,HURJA,6,5,25,279.0,6975.0,2026-04-09,185681676,2824,Agrawal Securities (PVT) Ltd.,Market Securities & Exchange (PVT) Ltd.,2026-04-09 11:16:48.333025,Himalaya Urja Bikas Company Limited
2026040904001432,HURJA,38,34,300,279.9,83970.0,2026-04-09,185683075,2824,Dipshikha Dhitopatra Karobar Co. Pvt Ltd.,Vision Securities Pvt. Ltd,2026-04-09 11:17:57.675997,Himalaya Urja Bikas Company Limited
2026040904001487,HURJA,53,38,200,280.0,56000.0,2026-04-09,185683514,2824,Investment Management Nepal Pvt. Ltd.,Dipshikha Dhitopatra Karobar Co. Pvt Ltd.,2026-04-09 11:18:27.849565,Himalaya Urja Bikas Company Limited
2026040904001488,HURJA,53,45,50,280.0,14000.0,2026-04-09,185683516,2824,Investment Management Nepal Pvt. Ltd.,Imperial Securities Company Pvt. Ltd.,2026-04-09 11:18:27.849677,Himalaya Urja Bikas Company Limited
2026040904001489,HURJA,53,43,50,280.0,14000.0,2026-04-09,185683518,2824,Investment Management Nepal Pvt. Ltd.,South Asian Bulls Pvt. Ltd.,2026-04-09 11:18:27.849728,Himalaya Urja Bikas Company Limited
2026040904001490,HURJA,53,58,500,280.0,140000.0,2026-04-09,185683520,2824,Investment Management Nepal Pvt. Ltd.,Naasa Securities Co. Ltd.,2026-04-09 11:18:27.849780,Himalaya Urja Bikas Company Limited
2026040904001491,HURJA,53,49,153,280.5,42916.5,2026-04-09,185683522,2824,Investment Management Nepal Pvt. Ltd.,Online Securities Pvt. Ltd.,2026-04-09 11:18:27.849835,Himalaya Urja Bikas Company Limited
2026040904001492,HURJA,53,48,180,280.5,50490.0,2026-04-09,185683524,2824,Investment Management Nepal Pvt. Ltd.,Trishakti Securities Public Limited,2026-04-09 11:18:27.849884,Himalaya Urja Bikas Company Limited
2026040904001493,HURJA,53,74,1000,282.0,282000.0,2026-04-09,185683526,2824,Investment Management Nepal Pvt. Ltd.,KALASH STOCK MARKET PVT. LTD.,2026-04-09 11:18:27.849932,Himalaya Urja Bikas Company Limited
2026040904001494,HURJA,53,21,500,282.0,141000.0,2026-04-09,185683528,2824,Investment Management Nepal Pvt. Ltd.,Midas Stock Broking Company Private Limited,2026-04-09 11:18:27.849976,Himalaya Urja Bikas Company Limited
2026040904001495,HURJA,53,48,367,282.0,103494.0,2026-04-09,185683531,2824,Investment Management Nepal Pvt. Ltd.,Trishakti Securities Public Limited,2026-04-09 11:18:27.850023,Himalaya Urja Bikas Company Limited
2026040904001684,HURJA,51,47,800,280.0,224000.0,2026-04-09,185685727,2824,Oxford Securities Pvt. Ltd.,Neev Securities Pvt. Ltd.,2026-04-09 11:20:59.671534,Himalaya Urja Bikas Company Limited
2026040904002580,HURJA,1,19,30,277.0,8310.0,2026-04-09,185693399,2824,Kumari Securities Private Limited,Nepal Investment And Securities Trading Private Limited,2026-04-09 11:31:10.448368,Himalaya Urja Bikas Company Limited
2026040904002581,HURJA,80,19,10,277.0,2770.0,2026-04-09,185693401,2824,Indira securities pvt. ltd,Nepal Investment And Securities Trading Private Limited,2026-04-09 11:31:10.448673,Himalaya Urja Bikas Company Limited
2026040904002582,HURJA,22,19,460,276.8,127328.0,2026-04-09,185693402,2824,Siprabi Securities Pvt. Ltd.,Nepal Investment And Securities Trading Private Limited,2026-04-09 11:31:10.448845,Himalaya Urja Bikas Company Limited
2026040904002633,HURJA,26,58,1000,277.2,277200.0,2026-04-09,185693877,2824,Asian Securities Private Ltd.,Naasa Securities Co. Ltd.,2026-04-09 11:31:39.822606,Himalaya Urja Bikas Company Limited
2026040904002634,HURJA,19,58,90,277.1,24939.0,2026-04-09,185693879,2824,Nepal Investment And Securities Trading Private Limited,Naasa Securities Co. Ltd.,2026-04-09 11:31:39.822892,Himalaya Urja Bikas Company Limited
2026040904002635,HURJA,22,58,95,276.8,26296.0,2026-04-09,185693881,2824,Siprabi Securities Pvt. Ltd.,Naasa Securities Co. Ltd.,2026-04-09 11:31:39.823057,Himalaya Urja Bikas Company Limited
2026040904002636,HURJA,51,58,500,276.7,138350.0,2026-04-09,185693883,2824,Oxford Securities Pvt. Ltd.,Naasa Securities Co. Ltd.,2026-04-09 11:31:39.823229,Himalaya Urja Bikas Company Limited
2026040904002637,HURJA,57,58,15,276.5,4147.5,2026-04-09,185693884,2824,Aryatara Investment & Securities,Naasa Securities Co. Ltd.,2026-04-09 11:31:39.823414,Himalaya Urja Bikas Company Limited
2026040904002700,HURJA,48,45,10,279.4,2794.0,2026-04-09,185694275,2824,Trishakti Securities Public Limited,Imperial Securities Company Pvt. Ltd.,2026-04-09 11:32:05.004082,Himalaya Urja Bikas Company Limited
2026040904003131,HURJA,50,45,880,279.4,245872.0,2026-04-09,185697369,2824,Cristal Kanchanjanga Securites Pvt. Ltd.,Imperial Securities Company Pvt. Ltd.,2026-04-09 11:35:55.882716,Himalaya Urja Bikas Company Limited
2026040904003199,HURJA,1,45,110,279.4,30734.0,2026-04-09,185697958,2824,Kumari Securities Private Limited,Imperial Securities Company Pvt. Ltd.,2026-04-09 11:36:34.461801,Himalaya Urja Bikas Company Limited
2026040904003200,HURJA,1,45,350,279.7,97895.0,2026-04-09,185697960,2824,Kumari Securities Private Limited,Imperial Securities Company Pvt. Ltd.,2026-04-09 11:36:34.461944,Himalaya Urja Bikas Company Limited
2026040904003219,HURJA,48,58,10,279.9,2799.0,2026-04-09,185698071,2824,Trishakti Securities Public Limited,Naasa Securities Co. Ltd.,2026-04-09 11:36:42.249932,Himalaya Urja Bikas Company Limited
2026040904003271,HURJA,1,49,25,279.7,6992.5,2026-04-09,185698490,2824,Kumari Securities Private Limited,Online Securities Pvt. Ltd.,2026-04-09 11:37:12.614836,Himalaya Urja Bikas Company Limited
2026040904003515,HURJA,16,58,3490,279.9,976851.0,2026-04-09,185700587,2824,Primo Securities (PVT) Ltd.,Naasa Securities Co. Ltd.,2026-04-09 11:39:32.336023,Himalaya Urja Bikas Company Limited
2026040904003544,HURJA,48,47,10,280.0,2800.0,2026-04-09,185700927,2824,Trishakti Securities Public Limited,Neev Securities Pvt. Ltd.,2026-04-09 11:39:57.828110,Himalaya Urja Bikas Company Limited
2026040904003618,HURJA,1,95,15,279.7,4195.5,2026-04-09,185701767,2824,Kumari Securities Private Limited,Magnet Securities and Investment Company Private Limited,2026-04-09 11:40:44.835201,Himalaya Urja Bikas Company Limited
2026040904003727,HURJA,16,95,185,279.7,51744.5,2026-04-09,185702731,2824,Primo Securities (PVT) Ltd.,Magnet Securities and Investment Company Private Limited,2026-04-09 11:42:06.527736,Himalaya Urja Bikas Company Limited
2026040904003745,HURJA,50,47,10,280.0,2800.0,2026-04-09,185702892,2824,Cristal Kanchanjanga Securites Pvt. Ltd.,Neev Securities Pvt. Ltd.,2026-04-09 11:42:20.669980,Himalaya Urja Bikas Company Limited
2026040904003746,HURJA,50,52,170,280.0,47600.0,2026-04-09,185702895,2824,Cristal Kanchanjanga Securites Pvt. Ltd.,Sundhara Securities Limited,2026-04-09 11:42:20.670243,Himalaya Urja Bikas Company Limited
2026040904003811,HURJA,64,52,330,280.0,92400.0,2026-04-09,185703510,2824,SUN SECURITIES PVT LTD,Sundhara Securities Limited,2026-04-09 11:42:57.459052,Himalaya Urja Bikas Company Limited
2026040904003812,HURJA,64,52,500,280.0,140000.0,2026-04-09,185703512,2824,SUN SECURITIES PVT LTD,Sundhara Securities Limited,2026-04-09 11:42:57.459196,Himalaya Urja Bikas Company Limited
2026040904003813,HURJA,64,52,300,280.0,84000.0,2026-04-09,185703514,2824,SUN SECURITIES PVT LTD,Sundhara Securities Limited,2026-04-09 11:42:57.459256,Himalaya Urja Bikas Company Limited
2026040904003814,HURJA,64,52,400,280.0,112000.0,2026-04-09,185703516,2824,SUN SECURITIES PVT LTD,Sundhara Securities Limited,2026-04-09 11:42:57.459335,Himalaya Urja Bikas Company Limited
2026040904003815,HURJA,64,52,200,280.0,56000.0,2026-04-09,185703518,2824,SUN SECURITIES PVT LTD,Sundhara Securities Limited,2026-04-09 11:42:57.459392,Himalaya Urja Bikas Company Limited
2026040904003816,HURJA,64,99,1000,280.0,280000.0,2026-04-09,185703520,2824,SUN SECURITIES PVT LTD,Prabhu Stock Market Limited,2026-04-09 11:42:57.459446,Himalaya Urja Bikas Company Limited
2026040904003817,HURJA,64,52,970,280.0,271600.0,2026-04-09,185703523,2824,SUN SECURITIES PVT LTD,Sundhara Securities Limited,2026-04-09 11:42:57.459502,Himalaya Urja Bikas Company Limited
2026040904003832,HURJA,45,52,30,280.0,8400.0,2026-04-09,185703586,2824,Imperial Securities Company Pvt. Ltd.,Sundhara Securities Limited,2026-04-09 11:43:05.646607,Himalaya Urja Bikas Company Limited
2026040904003833,HURJA,45,4,40,280.0,11200.0,2026-04-09,185703588,2824,Imperial Securities Company Pvt. Ltd.,Opal Securities Investment (PVT) Ltd.,2026-04-09 11:43:05.646750,Himalaya Urja Bikas Company Limited
2026040904003834,HURJA,45,58,80,280.0,22400.0,2026-04-09,185703590,2824,Imperial Securities Company Pvt. Ltd.,Naasa Securities Co. Ltd.,2026-04-09 11:43:06.542085,Himalaya Urja Bikas Company Limited
2026040904003855,HURJA,45,21,850,280.0,238000.0,2026-04-09,185703783,2824,Imperial Securities Company Pvt. Ltd.,Midas Stock Broking Company Private Limited,2026-04-09 11:43:21.558407,Himalaya Urja Bikas Company Limited
2026040904003856,HURJA,84,21,150,279.0,41850.0,2026-04-09,185703784,2824,MILKY WAY SHARE BROKER COMPANY LTD ,Midas Stock Broking Company Private Limited,2026-04-09 11:43:21.558545,Himalaya Urja Bikas Company Limited
2026040904003868,HURJA,84,5,20,279.0,5580.0,2026-04-09,185703926,2824,MILKY WAY SHARE BROKER COMPANY LTD ,Market Securities & Exchange (PVT) Ltd.,2026-04-09 11:43:31.740622,Himalaya Urja Bikas Company Limited
2026040904003907,HURJA,48,99,10,281.0,2810.0,2026-04-09,185704129,2824,Trishakti Securities Public Limited,Prabhu Stock Market Limited,2026-04-09 11:43:42.292816,Himalaya Urja Bikas Company Limited
2026040904003941,HURJA,84,21,540,279.0,150660.0,2026-04-09,185704432,2824,MILKY WAY SHARE BROKER COMPANY LTD ,Midas Stock Broking Company Private Limited,2026-04-09 11:43:55.338579,Himalaya Urja Bikas Company Limited
2026040904004002,HURJA,16,38,200,281.0,56200.0,2026-04-09,185704905,2824,Primo Securities (PVT) Ltd.,Dipshikha Dhitopatra Karobar Co. Pvt Ltd.,2026-04-09 11:44:28.243896,Himalaya Urja Bikas Company Limited
2026040904004030,HURJA,48,34,10,281.7,2817.0,2026-04-09,185705047,2824,Trishakti Securities Public Limited,Vision Securities Pvt. Ltd,2026-04-09 11:44:42.282150,Himalaya Urja Bikas Company Limited
2026040904004355,HURJA,48,34,190,281.7,53523.0,2026-04-09,185707388,2824,Trishakti Securities Public Limited,Vision Securities Pvt. Ltd,2026-04-09 11:46:58.646524,Himalaya Urja Bikas Company Limited
2026040904004356,HURJA,48,10,10,281.9,2819.0,2026-04-09,185707391,2824,Trishakti Securities Public Limited,Pragyan Securities (PVT) Ltd.,2026-04-09 11:46:58.646562,Himalaya Urja Bikas Company Limited
2026040904004363,HURJA,35,10,290,281.9,81751.0,2026-04-09,185707428,2824,Kohinoor Investment & Securities Pvt. Ltd.,Pragyan Securities (PVT) Ltd.,2026-04-09 11:47:01.414112,Himalaya Urja Bikas Company Limited
2026040904004364,HURJA,35,48,710,282.0,200220.0,2026-04-09,185707431,2824,Kohinoor Investment & Securities Pvt. Ltd.,Trishakti Securities Public Limited,2026-04-09 11:47:01.414166,Himalaya Urja Bikas Company Limited
2026040904004394,HURJA,1,48,300,282.0,84600.0,2026-04-09,185707693,2824,Kumari Securities Private Limited,Trishakti Securities Public Limited,2026-04-09 11:47:16.704803,Himalaya Urja Bikas Company Limited
2026040904004408,HURJA,40,48,123,282.0,34686.0,2026-04-09,185707762,2824,Creative Securities Pvt Ltd,Trishakti Securities Public Limited,2026-04-09 11:47:21.595631,Himalaya Urja Bikas Company Limited
2026040904004409,HURJA,40,59,30,282.0,8460.0,2026-04-09,185707764,2824,Creative Securities Pvt Ltd,Deevyaa Securities & Stock House Pvt. Ltd,2026-04-09 11:47:21.595924,Himalaya Urja Bikas Company Limited
2026040904004410,HURJA,40,64,40,282.0,11280.0,2026-04-09,185707766,2824,Creative Securities Pvt Ltd,SUN SECURITIES PVT LTD,2026-04-09 11:47:21.596109,Himalaya Urja Bikas Company Limited
2026040904004411,HURJA,40,7,307,282.0,86574.0,2026-04-09,185707769,2824,Creative Securities Pvt Ltd,J.F. Securites (PVT) Ltd.,2026-04-09 11:47:21.596287,Himalaya Urja Bikas Company Limited
2026040904004426,HURJA,48,7,10,282.0,2820.0,2026-04-09,185707919,2824,Trishakti Securities Public Limited,J.F. Securites (PVT) Ltd.,2026-04-09 11:47:32.695967,Himalaya Urja Bikas Company Limited
2026040904004546,HURJA,48,7,183,282.0,51606.0,2026-04-09,185708604,2824,Trishakti Securities Public Limited,J.F. Securites (PVT) Ltd.,2026-04-09 11:48:07.157036,Himalaya Urja Bikas Company Limited
2026040904004547,HURJA,48,7,17,282.7,4805.9,2026-04-09,185708607,2824,Trishakti Securities Public Limited,J.F. Securites (PVT) Ltd.,2026-04-09 11:48:07.157142,Himalaya Urja Bikas Company Limited
2026040904004561,HURJA,48,7,20,282.7,5654.0,2026-04-09,185708687,2824,Trishakti Securities Public Limited,J.F. Securites (PVT) Ltd.,2026-04-09 11:48:13.521983,Himalaya Urja Bikas Company Limited
2026040904004567,HURJA,48,52,10,283.0,2830.0,2026-04-09,185708749,2824,Trishakti Securities Public Limited,Sundhara Securities Limited,2026-04-09 11:48:16.450292,Himalaya Urja Bikas Company Limited
2026040904004602,HURJA,48,52,190,283.0,53770.0,2026-04-09,185708912,2824,Trishakti Securities Public Limited,Sundhara Securities Limited,2026-04-09 11:48:27.821123,Himalaya Urja Bikas Company Limited
2026040904004603,HURJA,48,65,10,283.9,2839.0,2026-04-09,185708915,2824,Trishakti Securities Public Limited,Sharepro Securities Private Limited,2026-04-09 11:48:27.821220,Himalaya Urja Bikas Company Limited
2026040904004698,HURJA,48,39,20,283.8,5676.0,2026-04-09,185709613,2824,Trishakti Securities Public Limited,Sumeru Securities Pvt. Ltd.,2026-04-09 11:49:09.609662,Himalaya Urja Bikas Company Limited
2026040904004725,HURJA,58,39,100,283.8,28380.0,2026-04-09,185709703,2824,Naasa Securities Co. Ltd.,Sumeru Securities Pvt. Ltd.,2026-04-09 11:49:14.472439,Himalaya Urja Bikas Company Limited
2026040904004756,HURJA,32,95,200,283.5,56700.0,2026-04-09,185709902,2824,Premier Securities Company Ltd.,Magnet Securities and Investment Company Private Limited,2026-04-09 11:49:30.015631,Himalaya Urja Bikas Company Limited
2026040904004774,HURJA,32,38,200,283.5,56700.0,2026-04-09,185710126,2824,Premier Securities Company Ltd.,Dipshikha Dhitopatra Karobar Co. Pvt Ltd.,2026-04-09 11:49:47.221127,Himalaya Urja Bikas Company Limited
2026040904004802,HURJA,48,58,10,283.7,2837.0,2026-04-09,185710259,2824,Trishakti Securities Public Limited,Naasa Securities Co. Ltd.,2026-04-09 11:49:53.472426,Himalaya Urja Bikas Company Limited
2026040904004869,HURJA,32,48,20,283.5,5670.0,2026-04-09,185710799,2824,Premier Securities Company Ltd.,Trishakti Securities Public Limited,2026-04-09 11:50:28.130284,Himalaya Urja Bikas Company Limited
2026040904004884,HURJA,48,48,20,283.5,5670.0,2026-04-09,185710937,2824,Trishakti Securities Public Limited,Trishakti Securities Public Limited,2026-04-09 11:50:41.351597,Himalaya Urja Bikas Company Limited
2026040904005140,HURJA,53,17,500,283.0,141500.0,2026-04-09,185712733,2824,Investment Management Nepal Pvt. Ltd.,ABC Securities Private Limited,2026-04-09 11:52:33.009823,Himalaya Urja Bikas Company Limited
2026040904005225,HURJA,58,17,20,283.0,5660.0,2026-04-09,185713191,2824,Naasa Securities Co. Ltd.,ABC Securities Private Limited,2026-04-09 11:52:59.633275,Himalaya Urja Bikas Company Limited
2026040904005249,HURJA,58,17,480,283.0,135840.0,2026-04-09,185713328,2824,Naasa Securities Co. Ltd.,ABC Securities Private Limited,2026-04-09 11:53:05.630859,Himalaya Urja Bikas Company Limited
2026040904005250,HURJA,58,47,500,283.0,141500.0,2026-04-09,185713330,2824,Naasa Securities Co. Ltd.,Neev Securities Pvt. Ltd.,2026-04-09 11:53:05.631153,Himalaya Urja Bikas Company Limited
2026040904005253,HURJA,58,45,20,283.0,5660.0,2026-04-09,185713357,2824,Naasa Securities Co. Ltd.,Imperial Securities Company Pvt. Ltd.,2026-04-09 11:53:07.574574,Himalaya Urja Bikas Company Limited
2026040904005255,HURJA,48,45,10,282.9,2829.0,2026-04-09,185713411,2824,Trishakti Securities Public Limited,Imperial Securities Company Pvt. Ltd.,2026-04-09 11:53:12.389594,Himalaya Urja Bikas Company Limited
2026040904005442,HURJA,52,45,65,282.9,18388.5,2026-04-09,185714689,2824,Sundhara Securities Limited,Imperial Securities Company Pvt. Ltd.,2026-04-09 11:54:28.945396,Himalaya Urja Bikas Company Limited
2026040904005455,HURJA,48,45,10,282.9,2829.0,2026-04-09,185714861,2824,Trishakti Securities Public Limited,Imperial Securities Company Pvt. Ltd.,2026-04-09 11:54:38.944384,Himalaya Urja Bikas Company Limited
2026040904005461,HURJA,6,57,500,282.1,141050.0,2026-04-09,185714944,2824,Agrawal Securities (PVT) Ltd.,Aryatara Investment & Securities,2026-04-09 11:54:43.633033,Himalaya Urja Bikas Company Limited
2026040904005493,HURJA,58,45,10,282.9,2829.0,2026-04-09,185715059,2824,Naasa Securities Co. Ltd.,Imperial Securities Company Pvt. Ltd.,2026-04-09 11:54:51.141248,Himalaya Urja Bikas Company Limited
2026040904005515,HURJA,58,45,70,282.9,19803.0,2026-04-09,185715241,2824,Naasa Securities Co. Ltd.,Imperial Securities Company Pvt. Ltd.,2026-04-09 11:55:02.216177,Himalaya Urja Bikas Company Limited
2026040904005521,HURJA,42,64,1000,282.0,282000.0,2026-04-09,185715309,2824,Sani Securities Company Ltd.,SUN SECURITIES PVT LTD,2026-04-09 11:55:05.351865,Himalaya Urja Bikas Company Limited
2026040904005522,HURJA,16,64,199,282.0,56118.0,2026-04-09,185715311,2824,Primo Securities (PVT) Ltd.,SUN SECURITIES PVT LTD,2026-04-09 11:55:05.352064,Himalaya Urja Bikas Company Limited
2026040904005523,HURJA,53,64,801,281.7,225641.7,2026-04-09,185715312,2824,Investment Management Nepal Pvt. Ltd.,SUN SECURITIES PVT LTD,2026-04-09 11:55:05.352155,Himalaya Urja Bikas Company Limited
2026040904005554,HURJA,53,58,90,281.7,25353.0,2026-04-09,185715498,2824,Investment Management Nepal Pvt. Ltd.,Naasa Securities Co. Ltd.,2026-04-09 11:55:15.082782,Himalaya Urja Bikas Company Limited
2026040904005594,HURJA,48,74,10,282.8,2828.0,2026-04-09,185715729,2824,Trishakti Securities Public Limited,KALASH STOCK MARKET PVT. LTD.,2026-04-09 11:55:26.821563,Himalaya Urja Bikas Company Limited
2026040904005667,HURJA,53,81,109,281.7,30705.3,2026-04-09,185716253,2824,Investment Management Nepal Pvt. Ltd.,Aakashbhairab Securities Ltd.,2026-04-09 11:55:55.734649,Himalaya Urja Bikas Company Limited
2026040904005668,HURJA,17,81,391,281.5,110066.5,2026-04-09,185716254,2824,ABC Securities Private Limited,Aakashbhairab Securities Ltd.,2026-04-09 11:55:55.734803,Himalaya Urja Bikas Company Limited
2026040904005738,HURJA,17,38,109,281.5,30683.5,2026-04-09,185716755,2824,ABC Securities Private Limited,Dipshikha Dhitopatra Karobar Co. Pvt Ltd.,2026-04-09 11:56:17.418363,Himalaya Urja Bikas Company Limited
2026040904005739,HURJA,84,38,891,281.4,250727.4,2026-04-09,185716756,2824,MILKY WAY SHARE BROKER COMPANY LTD ,Dipshikha Dhitopatra Karobar Co. Pvt Ltd.,2026-04-09 11:56:17.418882,Himalaya Urja Bikas Company Limited
2026040904005773,HURJA,84,57,2109,281.4,593472.6,2026-04-09,185717011,2824,MILKY WAY SHARE BROKER COMPANY LTD ,Aryatara Investment & Securities,2026-04-09 11:56:28.145855,Himalaya Urja Bikas Company Limited
2026040904005784,HURJA,53,77,1500,281.2,421800.0,2026-04-09,185717095,2824,Investment Management Nepal Pvt. Ltd.,Nabil Stock Dealer Ltd.,2026-04-09 11:56:31.496118,Himalaya Urja Bikas Company Limited
2026040904005808,HURJA,84,50,200,280.1,56020.0,2026-04-09,185717249,2824,MILKY WAY SHARE BROKER COMPANY LTD ,Cristal Kanchanjanga Securites Pvt. Ltd.,2026-04-09 11:56:41.495089,Himalaya Urja Bikas Company Limited
2026040904005809,HURJA,84,50,200,280.1,56020.0,2026-04-09,185717251,2824,MILKY WAY SHARE BROKER COMPANY LTD ,Cristal Kanchanjanga Securites Pvt. Ltd.,2026-04-09 11:56:41.495143,Himalaya Urja Bikas Company Limited
2026040904005810,HURJA,26,50,120,280.1,33612.0,2026-04-09,185717253,2824,Asian Securities Private Ltd.,Cristal Kanchanjanga Securites Pvt. Ltd.,2026-04-09 11:56:41.495166,Himalaya Urja Bikas Company Limited
2026040904005811,HURJA,48,50,1500,280.0,420000.0,2026-04-09,185717255,2824,Trishakti Securities Public Limited,Cristal Kanchanjanga Securites Pvt. Ltd.,2026-04-09 11:56:41.495191,Himalaya Urja Bikas Company Limited
2026040904005812,HURJA,36,50,350,280.0,98000.0,2026-04-09,185717257,2824,Secured Securities Ltd.,Cristal Kanchanjanga Securites Pvt. Ltd.,2026-04-09 11:56:41.495217,Himalaya Urja Bikas Company Limited
2026040904005813,HURJA,43,50,200,280.0,56000.0,2026-04-09,185717259,2824,South Asian Bulls Pvt. Ltd.,Cristal Kanchanjanga Securites Pvt. Ltd.,2026-04-09 11:56:41.495238,Himalaya Urja Bikas Company Limited
2026040904005814,HURJA,84,50,1000,280.0,280000.0,2026-04-09,185717261,2824,MILKY WAY SHARE BROKER COMPANY LTD ,Cristal Kanchanjanga Securites Pvt. Ltd.,2026-04-09 11:56:41.495276,Himalaya Urja Bikas Company Limited
2026040904005815,HURJA,53,50,300,280.0,84000.0,2026-04-09,185717263,2824,Investment Management Nepal Pvt. Ltd.,Cristal Kanchanjanga Securites Pvt. Ltd.,2026-04-09 11:56:41.495295,Himalaya Urja Bikas Company Limited
2026040904005816,HURJA,59,50,500,279.2,139600.0,2026-04-09,185717265,2824,Deevyaa Securities & Stock House Pvt. Ltd,Cristal Kanchanjanga Securites Pvt. Ltd.,2026-04-09 11:56:41.495328,Himalaya Urja Bikas Company Limited
2026040904005817,HURJA,84,50,290,279.0,80910.0,2026-04-09,185717267,2824,MILKY WAY SHARE BROKER COMPANY LTD ,Cristal Kanchanjanga Securites Pvt. Ltd.,2026-04-09 11:56:41.495352,Himalaya Urja Bikas Company Limited
2026040904005818,HURJA,35,50,1000,279.0,279000.0,2026-04-09,185717269,2824,Kohinoor Investment & Securities Pvt. Ltd.,Cristal Kanchanjanga Securites Pvt. Ltd.,2026-04-09 11:56:41.495375,Himalaya Urja Bikas Company Limited
2026040904005819,HURJA,16,50,500,278.5,139250.0,2026-04-09,185717271,2824,Primo Securities (PVT) Ltd.,Cristal Kanchanjanga Securites Pvt. Ltd.,2026-04-09 11:56:41.495398,Himalaya Urja Bikas Company Limited
2026040904005820,HURJA,48,50,1500,278.0,417000.0,2026-04-09,185717273,2824,Trishakti Securities Public Limited,Cristal Kanchanjanga Securites Pvt. Ltd.,2026-04-09 11:56:41.495420,Himalaya Urja Bikas Company Limited
2026040904005821,HURJA,48,50,364,278.0,101192.0,2026-04-09,185717274,2824,Trishakti Securities Public Limited,Cristal Kanchanjanga Securites Pvt. Ltd.,2026-04-09 11:56:41.495453,Himalaya Urja Bikas Company Limited
2026040904005959,HURJA,48,45,315,278.0,87570.0,2026-04-09,185718172,2824,Trishakti Securities Public Limited,Imperial Securities Company Pvt. Ltd.,2026-04-09 11:57:22.103500,Himalaya Urja Bikas Company Limited
2026040904006021,HURJA,42,38,1000,279.0,279000.0,2026-04-09,185718555,2824,Sani Securities Company Ltd.,Dipshikha Dhitopatra Karobar Co. Pvt Ltd.,2026-04-09 11:57:47.572460,Himalaya Urja Bikas Company Limited
2026040904006198,HURJA,57,22,17,281.0,4777.0,2026-04-09,185719812,2824,Aryatara Investment & Securities,Siprabi Securities Pvt. Ltd.,2026-04-09 11:59:07.247929,Himalaya Urja Bikas Company Limited
2026040904006199,HURJA,57,38,316,281.3,88890.8,2026-04-09,185719815,2824,Aryatara Investment & Securities,Dipshikha Dhitopatra Karobar Co. Pvt Ltd.,2026-04-09 11:59:07.248231,Himalaya Urja Bikas Company Limited
2026040904006288,HURJA,4,39,400,279.5,111800.0,2026-04-09,185720553,2824,Opal Securities Investment (PVT) Ltd.,Sumeru Securities Pvt. Ltd.,2026-04-09 11:59:56.239140,Himalaya Urja Bikas Company Limited
2026040904006289,HURJA,58,39,100,279.5,27950.0,2026-04-09,185720554,2824,Naasa Securities Co. Ltd.,Sumeru Securities Pvt. Ltd.,2026-04-09 11:59:56.239462,Himalaya Urja Bikas Company Limited
2026040904006410,HURJA,58,38,174,279.5,48633.0,2026-04-09,185721514,2824,Naasa Securities Co. Ltd.,Dipshikha Dhitopatra Karobar Co. Pvt Ltd.,2026-04-09 12:01:06.728514,Himalaya Urja Bikas Company Limited
2026040904006424,HURJA,58,38,10,279.5,2795.0,2026-04-09,185721750,2824,Naasa Securities Co. Ltd.,Dipshikha Dhitopatra Karobar Co. Pvt Ltd.,2026-04-09 12:01:24.893060,Himalaya Urja Bikas Company Limited
2026040904006449,HURJA,3,19,25,281.0,7025.0,2026-04-09,185721951,2824,Arun Securities (PVT) Ltd.,Nepal Investment And Securities Trading Private Limited,2026-04-09 12:01:38.184914,Himalaya Urja Bikas Company Limited
2026040904006616,HURJA,43,48,260,280.9,73034.0,2026-04-09,185723492,2824,South Asian Bulls Pvt. Ltd.,Trishakti Securities Public Limited,2026-04-09 12:03:46.442097,Himalaya Urja Bikas Company Limited
2026040904006635,HURJA,86,19,580,281.0,162980.0,2026-04-09,185723718,2824,Stoxkarts Securities Limited,Nepal Investment And Securities Trading Private Limited,2026-04-09 12:04:10.777370,Himalaya Urja Bikas Company Limited
2026040904006636,HURJA,86,57,920,281.0,258520.0,2026-04-09,185723721,2824,Stoxkarts Securities Limited,Aryatara Investment & Securities,2026-04-09 12:04:10.777589,Himalaya Urja Bikas Company Limited
2026040904006677,HURJA,16,57,1471,281.0,413351.0,2026-04-09,185723920,2824,Primo Securities (PVT) Ltd.,Aryatara Investment & Securities,2026-04-09 12:04:22.928468,Himalaya Urja Bikas Company Limited
2026040904006699,HURJA,16,100,500,281.0,140500.0,2026-04-09,185724140,2824,Primo Securities (PVT) Ltd.,Sunrise Securities Limited,2026-04-09 12:04:44.447501,Himalaya Urja Bikas Company Limited
2026040904006770,HURJA,6,13,200,281.2,56240.0,2026-04-09,185724759,2824,Agrawal Securities (PVT) Ltd.,Thrive Brokerage House Pvt. Ltd,2026-04-09 12:05:39.277209,Himalaya Urja Bikas Company Limited
2026040904006920,HURJA,16,13,300,281.2,84360.0,2026-04-09,185725330,2824,Primo Securities (PVT) Ltd.,Thrive Brokerage House Pvt. Ltd,2026-04-09 12:06:15.069477,Himalaya Urja Bikas Company Limited
2026040904006921,HURJA,16,19,500,282.0,141000.0,2026-04-09,185725332,2824,Primo Securities (PVT) Ltd.,Nepal Investment And Securities Trading Private Limited,2026-04-09 12:06:15.069650,Himalaya Urja Bikas Company Limited
2026040904007042,HURJA,16,74,490,282.4,138376.0,2026-04-09,185725834,2824,Primo Securities (PVT) Ltd.,KALASH STOCK MARKET PVT. LTD.,2026-04-09 12:06:47.939506,Himalaya Urja Bikas Company Limited
2026040904007043,HURJA,16,74,200,282.5,56500.0,2026-04-09,185725836,2824,Primo Securities (PVT) Ltd.,KALASH STOCK MARKET PVT. LTD.,2026-04-09 12:06:47.939695,Himalaya Urja Bikas Company Limited
2026040904007044,HURJA,16,44,100,282.7,28270.0,2026-04-09,185725838,2824,Primo Securities (PVT) Ltd.,Dynamic Money Managers Securities Pvt. Ltd.,2026-04-09 12:06:47.939781,Himalaya Urja Bikas Company Limited
2026040904007045,HURJA,16,65,290,282.9,82041.0,2026-04-09,185725840,2824,Primo Securities (PVT) Ltd.,Sharepro Securities Private Limited,2026-04-09 12:06:47.939850,Himalaya Urja Bikas Company Limited
2026040904007046,HURJA,16,16,200,283.0,56600.0,2026-04-09,185725842,2824,Primo Securities (PVT) Ltd.,Primo Securities (PVT) Ltd.,2026-04-09 12:06:47.939920,Himalaya Urja Bikas Company Limited
2026040904007047,HURJA,16,16,100,283.0,28300.0,2026-04-09,185725844,2824,Primo Securities (PVT) Ltd.,Primo Securities (PVT) Ltd.,2026-04-09 12:06:47.939986,Himalaya Urja Bikas Company Limited
2026040904007048,HURJA,16,51,100,283.0,28300.0,2026-04-09,185725846,2824,Primo Securities (PVT) Ltd.,Oxford Securities Pvt. Ltd.,2026-04-09 12:06:47.940055,Himalaya Urja Bikas Company Limited
2026040904007049,HURJA,16,74,200,283.0,56600.0,2026-04-09,185725848,2824,Primo Securities (PVT) Ltd.,KALASH STOCK MARKET PVT. LTD.,2026-04-09 12:06:47.940121,Himalaya Urja Bikas Company Limited
2026040904007072,HURJA,53,99,1000,283.3,283300.0,2026-04-09,185726063,2824,Investment Management Nepal Pvt. Ltd.,Prabhu Stock Market Limited,2026-04-09 12:07:09.102832,Himalaya Urja Bikas Company Limited
2026040904007077,HURJA,16,39,380,283.6,107768.0,2026-04-09,185726074,2824,Primo Securities (PVT) Ltd.,Sumeru Securities Pvt. Ltd.,2026-04-09 12:07:10.047000,Himalaya Urja Bikas Company Limited
2026040904007078,HURJA,16,28,300,283.7,85110.0,2026-04-09,185726076,2824,Primo Securities (PVT) Ltd.,Shree Krishna Securities Ltd.,2026-04-09 12:07:10.047173,Himalaya Urja Bikas Company Limited
2026040904007079,HURJA,16,28,1000,283.8,283800.0,2026-04-09,185726078,2824,Primo Securities (PVT) Ltd.,Shree Krishna Securities Ltd.,2026-04-09 12:07:10.047259,Himalaya Urja Bikas Company Limited
2026040904007080,HURJA,16,34,50,283.9,14195.0,2026-04-09,185726080,2824,Primo Securities (PVT) Ltd.,Vision Securities Pvt. Ltd,2026-04-09 12:07:10.047335,Himalaya Urja Bikas Company Limited
2026040904007081,HURJA,16,19,40,284.0,11360.0,2026-04-09,185726082,2824,Primo Securities (PVT) Ltd.,Nepal Investment And Securities Trading Private Limited,2026-04-09 12:07:10.047409,Himalaya Urja Bikas Company Limited
2026040904007082,HURJA,16,49,500,284.0,142000.0,2026-04-09,185726084,2824,Primo Securities (PVT) Ltd.,Online Securities Pvt. Ltd.,2026-04-09 12:07:10.047475,Himalaya Urja Bikas Company Limited
2026040904007083,HURJA,16,43,100,284.0,28400.0,2026-04-09,185726086,2824,Primo Securities (PVT) Ltd.,South Asian Bulls Pvt. Ltd.,2026-04-09 12:07:10.047547,Himalaya Urja Bikas Company Limited
2026040904007084,HURJA,16,75,30,284.0,8520.0,2026-04-09,185726088,2824,Primo Securities (PVT) Ltd.,N.I.M.B. Stock Markets Limited,2026-04-09 12:07:10.047646,Himalaya Urja Bikas Company Limited
2026040904007085,HURJA,16,43,25,284.0,7100.0,2026-04-09,185726090,2824,Primo Securities (PVT) Ltd.,South Asian Bulls Pvt. Ltd.,2026-04-09 12:07:10.047729,Himalaya Urja Bikas Company Limited
2026040904007086,HURJA,16,34,200,284.0,56800.0,2026-04-09,185726092,2824,Primo Securities (PVT) Ltd.,Vision Securities Pvt. Ltd,2026-04-09 12:07:10.047794,Himalaya Urja Bikas Company Limited
2026040904007090,HURJA,16,74,370,284.0,105080.0,2026-04-09,185726136,2824,Primo Securities (PVT) Ltd.,KALASH STOCK MARKET PVT. LTD.,2026-04-09 12:07:15.127861,Himalaya Urja Bikas Company Limited
2026040904007109,HURJA,39,64,200,284.2,56840.0,2026-04-09,185726274,2824,Sumeru Securities Pvt. Ltd.,SUN SECURITIES PVT LTD,2026-04-09 12:07:23.660909,Himalaya Urja Bikas Company Limited
2026040904007110,HURJA,39,45,180,284.4,51192.0,2026-04-09,185726277,2824,Sumeru Securities Pvt. Ltd.,Imperial Securities Company Pvt. Ltd.,2026-04-09 12:07:23.660968,Himalaya Urja Bikas Company Limited
2026040904007127,HURJA,65,34,200,283.1,56620.0,2026-04-09,185726534,2824,Sharepro Securities Private Limited,Vision Securities Pvt. Ltd,2026-04-09 12:07:39.851304,Himalaya Urja Bikas Company Limited
2026040904007289,HURJA,19,25,185,283.1,52373.5,2026-04-09,185728134,2824,Nepal Investment And Securities Trading Private Limited,Sweta Securities Private Limited,2026-04-09 12:09:33.979953,Himalaya Urja Bikas Company Limited
2026040904007441,HURJA,49,57,400,284.0,113600.0,2026-04-09,185729670,2824,Online Securities Pvt. Ltd.,Aryatara Investment & Securities,2026-04-09 12:10:50.662453,Himalaya Urja Bikas Company Limited
2026040904007442,HURJA,49,6,200,284.0,56800.0,2026-04-09,185729672,2824,Online Securities Pvt. Ltd.,Agrawal Securities (PVT) Ltd.,2026-04-09 12:10:50.662624,Himalaya Urja Bikas Company Limited
2026040904007443,HURJA,49,50,100,284.1,28410.0,2026-04-09,185729674,2824,Online Securities Pvt. Ltd.,Cristal Kanchanjanga Securites Pvt. Ltd.,2026-04-09 12:10:50.662700,Himalaya Urja Bikas Company Limited
2026040904007444,HURJA,49,45,820,284.2,233044.0,2026-04-09,185729676,2824,Online Securities Pvt. Ltd.,Imperial Securities Company Pvt. Ltd.,2026-04-09 12:10:50.662768,Himalaya Urja Bikas Company Limited
2026040904007445,HURJA,49,19,1000,284.3,284300.0,2026-04-09,185729678,2824,Online Securities Pvt. Ltd.,Nepal Investment And Securities Trading Private Limited,2026-04-09 12:10:50.662841,Himalaya Urja Bikas Company Limited
2026040904007446,HURJA,49,34,500,284.5,142250.0,2026-04-09,185729680,2824,Online Securities Pvt. Ltd.,Vision Securities Pvt. Ltd,2026-04-09 12:10:50.662915,Himalaya Urja Bikas Company Limited
2026040904007447,HURJA,49,43,500,284.5,142250.0,2026-04-09,185729682,2824,Online Securities Pvt. Ltd.,South Asian Bulls Pvt. Ltd.,2026-04-09 12:10:50.662983,Himalaya Urja Bikas Company Limited
2026040904007448,HURJA,49,56,630,284.5,179235.0,2026-04-09,185729684,2824,Online Securities Pvt. Ltd.,Sri Hari Securities Pvt. Ltd.,2026-04-09 12:10:50.663055,Himalaya Urja Bikas Company Limited
2026040904007449,HURJA,49,64,2000,284.9,569800.0,2026-04-09,185729686,2824,Online Securities Pvt. Ltd.,SUN SECURITIES PVT LTD,2026-04-09 12:10:50.663163,Himalaya Urja Bikas Company Limited
2026040904007450,HURJA,49,8,200,285.0,57000.0,2026-04-09,185729688,2824,Online Securities Pvt. Ltd.,Brilliant Securities Pvt. Ltd.,2026-04-09 12:10:50.663252,Himalaya Urja Bikas Company Limited
2026040904007451,HURJA,49,14,40,285.0,11400.0,2026-04-09,185729690,2824,Online Securities Pvt. Ltd.,Nepal Stock House (PVT) Ltd.,2026-04-09 12:10:50.663338,Himalaya Urja Bikas Company Limited
2026040904007452,HURJA,49,34,200,285.0,57000.0,2026-04-09,185729692,2824,Online Securities Pvt. Ltd.,Vision Securities Pvt. Ltd,2026-04-09 12:10:50.663421,Himalaya Urja Bikas Company Limited
2026040904007453,HURJA,49,87,500,285.0,142500.0,2026-04-09,185729694,2824,Online Securities Pvt. Ltd.,S.P.S.A. Securities Limited,2026-04-09 12:10:50.663498,Himalaya Urja Bikas Company Limited
2026040904007454,HURJA,49,49,25,285.0,7125.0,2026-04-09,185729696,2824,Online Securities Pvt. Ltd.,Online Securities Pvt. Ltd.,2026-04-09 12:10:50.663572,Himalaya Urja Bikas Company Limited
2026040904007455,HURJA,49,62,20,285.0,5700.0,2026-04-09,185729698,2824,Online Securities Pvt. Ltd.,Capital Max Securities Ltd,2026-04-09 12:10:50.663642,Himalaya Urja Bikas Company Limited
2026040904007456,HURJA,49,44,480,285.0,136800.0,2026-04-09,185729700,2824,Online Securities Pvt. Ltd.,Dynamic Money Managers Securities Pvt. Ltd.,2026-04-09 12:10:50.663715,Himalaya Urja Bikas Company Limited
2026040904007457,HURJA,49,7,2000,285.0,570000.0,2026-04-09,185729702,2824,Online Securities Pvt. Ltd.,J.F. Securites (PVT) Ltd.,2026-04-09 12:10:50.663783,Himalaya Urja Bikas Company Limited
2026040904007458,HURJA,49,49,200,285.0,57000.0,2026-04-09,185729704,2824,Online Securities Pvt. Ltd.,Online Securities Pvt. Ltd.,2026-04-09 12:10:50.663848,Himalaya Urja Bikas Company Limited
2026040904007459,HURJA,49,22,100,285.0,28500.0,2026-04-09,185729706,2824,Online Securities Pvt. Ltd.,Siprabi Securities Pvt. Ltd.,2026-04-09 12:10:50.663910,Himalaya Urja Bikas Company Limited
2026040904007460,HURJA,49,58,30,285.0,8550.0,2026-04-09,185729708,2824,Online Securities Pvt. Ltd.,Naasa Securities Co. Ltd.,2026-04-09 12:10:50.663971,Himalaya Urja Bikas Company Limited
2026040904007461,HURJA,49,34,55,285.0,15675.0,2026-04-09,185729711,2824,Online Securities Pvt. Ltd.,Vision Securities Pvt. Ltd,2026-04-09 12:10:50.664035,Himalaya Urja Bikas Company Limited
2026040904007509,HURJA,49,34,4945,285.0,1409325.0,2026-04-09,185730322,2824,Online Securities Pvt. Ltd.,Vision Securities Pvt. Ltd,2026-04-09 12:11:23.093584,Himalaya Urja Bikas Company Limited
2026040904007510,HURJA,49,57,1000,285.0,285000.0,2026-04-09,185730324,2824,Online Securities Pvt. Ltd.,Aryatara Investment & Securities,2026-04-09 12:11:23.093920,Himalaya Urja Bikas Company Limited
2026040904007511,HURJA,49,45,55,285.0,15675.0,2026-04-09,185730327,2824,Online Securities Pvt. Ltd.,Imperial Securities Company Pvt. Ltd.,2026-04-09 12:11:23.094113,Himalaya Urja Bikas Company Limited
2026040904007561,HURJA,45,41,500,284.0,142000.0,2026-04-09,185730757,2824,Imperial Securities Company Pvt. Ltd.,Linch Stock Market Ltd.,2026-04-09 12:11:58.025905,Himalaya Urja Bikas Company Limited
2026040904007592,HURJA,46,41,500,284.0,142000.0,2026-04-09,185730936,2824,Kalika Securities Pvt. Ltd.,Linch Stock Market Ltd.,2026-04-09 12:12:14.674011,Himalaya Urja Bikas Company Limited
2026040904007612,HURJA,46,59,250,284.0,71000.0,2026-04-09,185731100,2824,Kalika Securities Pvt. Ltd.,Deevyaa Securities & Stock House Pvt. Ltd,2026-04-09 12:12:28.419686,Himalaya Urja Bikas Company Limited
2026040904007635,HURJA,16,22,40,284.5,11380.0,2026-04-09,185731420,2824,Primo Securities (PVT) Ltd.,Siprabi Securities Pvt. Ltd.,2026-04-09 12:12:54.625205,Himalaya Urja Bikas Company Limited
2026040904007636,HURJA,16,52,1000,284.9,284900.0,2026-04-09,185731422,2824,Primo Securities (PVT) Ltd.,Sundhara Securities Limited,2026-04-09 12:12:54.625374,Himalaya Urja Bikas Company Limited
2026040904007637,HURJA,16,45,995,285.0,283575.0,2026-04-09,185731424,2824,Primo Securities (PVT) Ltd.,Imperial Securities Company Pvt. Ltd.,2026-04-09 12:12:54.625498,Himalaya Urja Bikas Company Limited
2026040904007638,HURJA,16,13,465,285.0,132525.0,2026-04-09,185731427,2824,Primo Securities (PVT) Ltd.,Thrive Brokerage House Pvt. Ltd,2026-04-09 12:12:54.625563,Himalaya Urja Bikas Company Limited
2026040904007658,HURJA,16,13,529,285.0,150765.0,2026-04-09,185731546,2824,Primo Securities (PVT) Ltd.,Thrive Brokerage House Pvt. Ltd,2026-04-09 12:13:09.153764,Himalaya Urja Bikas Company Limited
2026040904007659,HURJA,16,45,471,285.0,134235.0,2026-04-09,185731549,2824,Primo Securities (PVT) Ltd.,Imperial Securities Company Pvt. Ltd.,2026-04-09 12:13:09.154078,Himalaya Urja Bikas Company Limited
2026040904008059,HURJA,48,35,300,284.9,85470.0,2026-04-09,185734330,2824,Trishakti Securities Public Limited,Kohinoor Investment & Securities Pvt. Ltd.,2026-04-09 12:16:36.567058,Himalaya Urja Bikas Company Limited
2026040904008060,HURJA,48,45,10,285.0,2850.0,2026-04-09,185734333,2824,Trishakti Securities Public Limited,Imperial Securities Company Pvt. Ltd.,2026-04-09 12:16:36.567177,Himalaya Urja Bikas Company Limited
2026040904008094,HURJA,26,45,19,285.0,5415.0,2026-04-09,185734580,2824,Asian Securities Private Ltd.,Imperial Securities Company Pvt. Ltd.,2026-04-09 12:16:55.741681,Himalaya Urja Bikas Company Limited
2026040904008095,HURJA,26,38,981,285.0,279585.0,2026-04-09,185734583,2824,Asian Securities Private Ltd.,Dipshikha Dhitopatra Karobar Co. Pvt Ltd.,2026-04-09 12:16:55.741852,Himalaya Urja Bikas Company Limited
2026040904008158,HURJA,48,38,19,285.0,5415.0,2026-04-09,185735354,2824,Trishakti Securities Public Limited,Dipshikha Dhitopatra Karobar Co. Pvt Ltd.,2026-04-09 12:17:30.394151,Himalaya Urja Bikas Company Limited
2026040904008179,HURJA,48,74,60,285.0,17100.0,2026-04-09,185735429,2824,Trishakti Securities Public Limited,KALASH STOCK MARKET PVT. LTD.,2026-04-09 12:17:35.317083,Himalaya Urja Bikas Company Limited
2026040904008180,HURJA,46,74,111,285.0,31635.0,2026-04-09,185735442,2824,Kalika Securities Pvt. Ltd.,KALASH STOCK MARKET PVT. LTD.,2026-04-09 12:17:38.385726,Himalaya Urja Bikas Company Limited
2026040904008181,HURJA,46,19,889,285.0,253365.0,2026-04-09,185735445,2824,Kalika Securities Pvt. Ltd.,Nepal Investment And Securities Trading Private Limited,2026-04-09 12:17:38.385893,Himalaya Urja Bikas Company Limited
2026040904008190,HURJA,48,19,111,285.0,31635.0,2026-04-09,185735526,2824,Trishakti Securities Public Limited,Nepal Investment And Securities Trading Private Limited,2026-04-09 12:17:46.268147,Himalaya Urja Bikas Company Limited
2026040904008191,HURJA,48,22,40,285.0,11400.0,2026-04-09,185735528,2824,Trishakti Securities Public Limited,Siprabi Securities Pvt. Ltd.,2026-04-09 12:17:46.268213,Himalaya Urja Bikas Company Limited
2026040904008192,HURJA,48,22,40,285.0,11400.0,2026-04-09,185735530,2824,Trishakti Securities Public Limited,Siprabi Securities Pvt. Ltd.,2026-04-09 12:17:46.268240,Himalaya Urja Bikas Company Limited
2026040904008213,HURJA,48,45,10,285.2,2852.0,2026-04-09,185735603,2824,Trishakti Securities Public Limited,Imperial Securities Company Pvt. Ltd.,2026-04-09 12:17:50.815601,Himalaya Urja Bikas Company Limited
2026040904008367,HURJA,49,62,60,285.0,17100.0,2026-04-09,185736622,2824,Online Securities Pvt. Ltd.,Capital Max Securities Ltd,2026-04-09 12:18:53.509011,Himalaya Urja Bikas Company Limited
2026040904008384,HURJA,48,45,10,285.2,2852.0,2026-04-09,185736783,2824,Trishakti Securities Public Limited,Imperial Securities Company Pvt. Ltd.,2026-04-09 12:19:02.801554,Himalaya Urja Bikas Company Limited
2026040904008402,HURJA,49,44,940,285.0,267900.0,2026-04-09,185736948,2824,Online Securities Pvt. Ltd.,Dynamic Money Managers Securities Pvt. Ltd.,2026-04-09 12:19:15.044129,Himalaya Urja Bikas Company Limited
2026040904008417,HURJA,48,45,10,285.2,2852.0,2026-04-09,185737087,2824,Trishakti Securities Public Limited,Imperial Securities Company Pvt. Ltd.,2026-04-09 12:19:25.944949,Himalaya Urja Bikas Company Limited
2026040904008564,HURJA,34,54,200,285.0,57000.0,2026-04-09,185738053,2824,Vision Securities Pvt. Ltd,Sewa Securities Pvt. Ltd.,2026-04-09 12:20:39.660192,Himalaya Urja Bikas Company Limited
2026040904008567,HURJA,46,54,200,285.0,57000.0,2026-04-09,185738097,2824,Kalika Securities Pvt. Ltd.,Sewa Securities Pvt. Ltd.,2026-04-09 12:20:43.420623,Himalaya Urja Bikas Company Limited
2026040904008587,HURJA,48,54,100,285.0,28500.0,2026-04-09,185738238,2824,Trishakti Securities Public Limited,Sewa Securities Pvt. Ltd.,2026-04-09 12:20:52.953043,Himalaya Urja Bikas Company Limited
2026040904008588,HURJA,48,45,10,285.2,2852.0,2026-04-09,185738241,2824,Trishakti Securities Public Limited,Imperial Securities Company Pvt. Ltd.,2026-04-09 12:20:52.953085,Himalaya Urja Bikas Company Limited
2026040904008594,HURJA,48,45,50,285.2,14260.0,2026-04-09,185738283,2824,Trishakti Securities Public Limited,Imperial Securities Company Pvt. Ltd.,2026-04-09 12:21:00.593950,Himalaya Urja Bikas Company Limited
2026040904008597,HURJA,46,45,250,285.2,71300.0,2026-04-09,185738325,2824,Kalika Securities Pvt. Ltd.,Imperial Securities Company Pvt. Ltd.,2026-04-09 12:21:03.814554,Himalaya Urja Bikas Company Limited
2026040904008609,HURJA,45,67,300,284.1,85230.0,2026-04-09,185738354,2824,Imperial Securities Company Pvt. Ltd.,Property Wiard Limited,2026-04-09 12:21:06.380480,Himalaya Urja Bikas Company Limited
2026040904008614,HURJA,45,39,204,284.1,57956.4,2026-04-09,185738366,2824,Imperial Securities Company Pvt. Ltd.,Sumeru Securities Pvt. Ltd.,2026-04-09 12:21:08.986520,Himalaya Urja Bikas Company Limited
2026040904008615,HURJA,48,45,50,285.2,14260.0,2026-04-09,185738397,2824,Trishakti Securities Public Limited,Imperial Securities Company Pvt. Ltd.,2026-04-09 12:21:12.002809,Himalaya Urja Bikas Company Limited
2026040904008793,HURJA,45,34,250,284.1,71025.0,2026-04-09,185740054,2824,Imperial Securities Company Pvt. Ltd.,Vision Securities Pvt. Ltd,2026-04-09 12:23:10.610930,Himalaya Urja Bikas Company Limited
2026040904008815,HURJA,48,50,10,285.0,2850.0,2026-04-09,185740171,2824,Trishakti Securities Public Limited,Cristal Kanchanjanga Securites Pvt. Ltd.,2026-04-09 12:23:20.034752,Himalaya Urja Bikas Company Limited
2026040904008824,HURJA,45,8,246,284.1,69888.6,2026-04-09,185740211,2824,Imperial Securities Company Pvt. Ltd.,Brilliant Securities Pvt. Ltd.,2026-04-09 12:23:22.131687,Himalaya Urja Bikas Company Limited
2026040904008825,HURJA,14,8,500,284.0,142000.0,2026-04-09,185740213,2824,Nepal Stock House (PVT) Ltd.,Brilliant Securities Pvt. Ltd.,2026-04-09 12:23:22.131905,Himalaya Urja Bikas Company Limited
2026040904008826,HURJA,36,8,1034,284.0,293656.0,2026-04-09,185740214,2824,Secured Securities Ltd.,Brilliant Securities Pvt. Ltd.,2026-04-09 12:23:22.132022,Himalaya Urja Bikas Company Limited
2026040904008844,HURJA,36,19,466,284.0,132344.0,2026-04-09,185740355,2824,Secured Securities Ltd.,Nepal Investment And Securities Trading Private Limited,2026-04-09 12:23:29.826016,Himalaya Urja Bikas Company Limited
2026040904008887,HURJA,4,19,1000,284.0,284000.0,2026-04-09,185740749,2824,Opal Securities Investment (PVT) Ltd.,Nepal Investment And Securities Trading Private Limited,2026-04-09 12:23:57.759459,Himalaya Urja Bikas Company Limited
2026040904008888,HURJA,45,19,34,284.0,9656.0,2026-04-09,185740782,2824,Imperial Securities Company Pvt. Ltd.,Nepal Investment And Securities Trading Private Limited,2026-04-09 12:23:58.070446,Himalaya Urja Bikas Company Limited
2026040904008902,HURJA,48,50,10,285.0,2850.0,2026-04-09,185741055,2824,Trishakti Securities Public Limited,Cristal Kanchanjanga Securites Pvt. Ltd.,2026-04-09 12:24:10.443580,Himalaya Urja Bikas Company Limited
2026040904008960,HURJA,45,50,66,284.0,18744.0,2026-04-09,185741633,2824,Imperial Securities Company Pvt. Ltd.,Cristal Kanchanjanga Securites Pvt. Ltd.,2026-04-09 12:24:47.766478,Himalaya Urja Bikas Company Limited
2026040904009060,HURJA,48,50,110,284.0,31240.0,2026-04-09,185742545,2824,Trishakti Securities Public Limited,Cristal Kanchanjanga Securites Pvt. Ltd.,2026-04-09 12:25:43.467591,Himalaya Urja Bikas Company Limited
2026040904009071,HURJA,48,58,10,285.0,2850.0,2026-04-09,185742589,2824,Trishakti Securities Public Limited,Naasa Securities Co. Ltd.,2026-04-09 12:25:46.970220,Himalaya Urja Bikas Company Limited
2026040904009116,HURJA,1,58,200,285.0,57000.0,2026-04-09,185743105,2824,Kumari Securities Private Limited,Naasa Securities Co. Ltd.,2026-04-09 12:26:33.060266,Himalaya Urja Bikas Company Limited
2026040904009159,HURJA,48,58,50,285.0,14250.0,2026-04-09,185743635,2824,Trishakti Securities Public Limited,Naasa Securities Co. Ltd.,2026-04-09 12:27:13.953109,Himalaya Urja Bikas Company Limited
2026040904009231,HURJA,49,58,40,285.0,11400.0,2026-04-09,185744376,2824,Online Securities Pvt. Ltd.,Naasa Securities Co. Ltd.,2026-04-09 12:28:11.486095,Himalaya Urja Bikas Company Limited
2026040904009232,HURJA,49,38,1000,285.0,285000.0,2026-04-09,185744378,2824,Online Securities Pvt. Ltd.,Dipshikha Dhitopatra Karobar Co. Pvt Ltd.,2026-04-09 12:28:11.486355,Himalaya Urja Bikas Company Limited
2026040904009233,HURJA,49,59,1960,285.0,558600.0,2026-04-09,185744381,2824,Online Securities Pvt. Ltd.,Deevyaa Securities & Stock House Pvt. Ltd,2026-04-09 12:28:11.486447,Himalaya Urja Bikas Company Limited
2026040904009252,HURJA,48,59,100,285.0,28500.0,2026-04-09,185744531,2824,Trishakti Securities Public Limited,Deevyaa Securities & Stock House Pvt. Ltd,2026-04-09 12:28:25.771307,Himalaya Urja Bikas Company Limited
2026040904009317,HURJA,47,57,390,284.0,110760.0,2026-04-09,185744865,2824,Neev Securities Pvt. Ltd.,Aryatara Investment & Securities,2026-04-09 12:28:46.987526,Himalaya Urja Bikas Company Limited
2026040904009318,HURJA,19,57,315,283.1,89176.5,2026-04-09,185744867,2824,Nepal Investment And Securities Trading Private Limited,Aryatara Investment & Securities,2026-04-09 12:28:46.987751,Himalaya Urja Bikas Company Limited
2026040904009319,HURJA,16,57,295,283.0,83485.0,2026-04-09,185744868,2824,Primo Securities (PVT) Ltd.,Aryatara Investment & Securities,2026-04-09 12:28:46.987854,Himalaya Urja Bikas Company Limited
2026040904009337,HURJA,48,77,10,284.9,2849.0,2026-04-09,185745089,2824,Trishakti Securities Public Limited,Nabil Stock Dealer Ltd.,2026-04-09 12:28:57.933671,Himalaya Urja Bikas Company Limited
2026040904009358,HURJA,49,77,1490,284.9,424501.0,2026-04-09,185745180,2824,Online Securities Pvt. Ltd.,Nabil Stock Dealer Ltd.,2026-04-09 12:29:07.071792,Himalaya Urja Bikas Company Limited
2026040904009362,HURJA,48,59,10,285.0,2850.0,2026-04-09,185745279,2824,Trishakti Securities Public Limited,Deevyaa Securities & Stock House Pvt. Ltd,2026-04-09 12:29:14.566201,Himalaya Urja Bikas Company Limited
2026040904009374,HURJA,6,59,28,285.0,7980.0,2026-04-09,185745439,2824,Agrawal Securities (PVT) Ltd.,Deevyaa Securities & Stock House Pvt. Ltd,2026-04-09 12:29:27.991845,Himalaya Urja Bikas Company Limited
2026040904009380,HURJA,47,59,1902,285.0,542070.0,2026-04-09,185745561,2824,Neev Securities Pvt. Ltd.,Deevyaa Securities & Stock House Pvt. Ltd,2026-04-09 12:29:34.947932,Himalaya Urja Bikas Company Limited
2026040904009381,HURJA,47,32,1000,285.0,285000.0,2026-04-09,185745563,2824,Neev Securities Pvt. Ltd.,Premier Securities Company Ltd.,2026-04-09 12:29:34.948193,Himalaya Urja Bikas Company Limited
2026040904009382,HURJA,47,58,50,285.0,14250.0,2026-04-09,185745565,2824,Neev Securities Pvt. Ltd.,Naasa Securities Co. Ltd.,2026-04-09 12:29:34.948303,Himalaya Urja Bikas Company Limited
2026040904009390,HURJA,48,45,10,285.2,2852.0,2026-04-09,185745669,2824,Trishakti Securities Public Limited,Imperial Securities Company Pvt. Ltd.,2026-04-09 12:29:41.518704,Himalaya Urja Bikas Company Limited
2026040904009428,HURJA,47,48,500,285.0,142500.0,2026-04-09,185745928,2824,Neev Securities Pvt. Ltd.,Trishakti Securities Public Limited,2026-04-09 12:29:55.036180,Himalaya Urja Bikas Company Limited
2026040904009453,HURJA,47,59,250,285.0,71250.0,2026-04-09,185746146,2824,Neev Securities Pvt. Ltd.,Deevyaa Securities & Stock House Pvt. Ltd,2026-04-09 12:30:09.256776,Himalaya Urja Bikas Company Limited
2026040904009455,HURJA,48,45,10,285.2,2852.0,2026-04-09,185746169,2824,Trishakti Securities Public Limited,Imperial Securities Company Pvt. Ltd.,2026-04-09 12:30:10.396271,Himalaya Urja Bikas Company Limited
2026040904009495,HURJA,48,45,80,285.2,22816.0,2026-04-09,185746403,2824,Trishakti Securities Public Limited,Imperial Securities Company Pvt. Ltd.,2026-04-09 12:30:25.465953,Himalaya Urja Bikas Company Limited
2026040904009568,HURJA,16,45,295,285.2,84134.0,2026-04-09,185747140,2824,Primo Securities (PVT) Ltd.,Imperial Securities Company Pvt. Ltd.,2026-04-09 12:31:13.561827,Himalaya Urja Bikas Company Limited
2026040904009569,HURJA,16,50,1000,285.2,285200.0,2026-04-09,185747143,2824,Primo Securities (PVT) Ltd.,Cristal Kanchanjanga Securites Pvt. Ltd.,2026-04-09 12:31:13.562055,Himalaya Urja Bikas Company Limited
2026040904009625,HURJA,48,16,100,285.5,28550.0,2026-04-09,185747398,2824,Trishakti Securities Public Limited,Primo Securities (PVT) Ltd.,2026-04-09 12:31:25.904795,Himalaya Urja Bikas Company Limited
2026040904009626,HURJA,48,57,10,285.6,2856.0,2026-04-09,185747401,2824,Trishakti Securities Public Limited,Aryatara Investment & Securities,2026-04-09 12:31:25.904843,Himalaya Urja Bikas Company Limited
2026040904009632,HURJA,6,8,650,285.2,185380.0,2026-04-09,185747451,2824,Agrawal Securities (PVT) Ltd.,Brilliant Securities Pvt. Ltd.,2026-04-09 12:31:29.810184,Himalaya Urja Bikas Company Limited
2026040904009633,HURJA,47,8,1298,285.0,369930.0,2026-04-09,185747453,2824,Neev Securities Pvt. Ltd.,Brilliant Securities Pvt. Ltd.,2026-04-09 12:31:29.810613,Himalaya Urja Bikas Company Limited
2026040904009634,HURJA,49,8,2510,284.9,715099.0,2026-04-09,185747455,2824,Online Securities Pvt. Ltd.,Brilliant Securities Pvt. Ltd.,2026-04-09 12:31:29.810873,Himalaya Urja Bikas Company Limited
2026040904009638,HURJA,48,8,40,284.9,11396.0,2026-04-09,185747477,2824,Trishakti Securities Public Limited,Brilliant Securities Pvt. Ltd.,2026-04-09 12:31:31.470654,Himalaya Urja Bikas Company Limited
2026040904009646,HURJA,38,8,350,284.9,99715.0,2026-04-09,185747573,2824,Dipshikha Dhitopatra Karobar Co. Pvt Ltd.,Brilliant Securities Pvt. Ltd.,2026-04-09 12:31:35.282750,Himalaya Urja Bikas Company Limited
2026040904009655,HURJA,48,8,150,284.9,42735.0,2026-04-09,185747621,2824,Trishakti Securities Public Limited,Brilliant Securities Pvt. Ltd.,2026-04-09 12:31:40.913904,Himalaya Urja Bikas Company Limited
2026040904009662,HURJA,48,57,10,285.6,2856.0,2026-04-09,185747681,2824,Trishakti Securities Public Limited,Aryatara Investment & Securities,2026-04-09 12:31:44.490652,Himalaya Urja Bikas Company Limited
2026040904009720,HURJA,38,54,150,284.0,42600.0,2026-04-09,185748058,2824,Dipshikha Dhitopatra Karobar Co. Pvt Ltd.,Sewa Securities Pvt. Ltd.,2026-04-09 12:32:05.981062,Himalaya Urja Bikas Company Limited
2026040904009734,HURJA,48,48,10,285.0,2850.0,2026-04-09,185748147,2824,Trishakti Securities Public Limited,Trishakti Securities Public Limited,2026-04-09 12:32:11.352812,Himalaya Urja Bikas Company Limited
2026040904009739,HURJA,38,38,40,284.0,11360.0,2026-04-09,185748175,2824,Dipshikha Dhitopatra Karobar Co. Pvt Ltd.,Dipshikha Dhitopatra Karobar Co. Pvt Ltd.,2026-04-09 12:32:15.588227,Himalaya Urja Bikas Company Limited
2026040904009740,HURJA,16,38,160,283.0,45280.0,2026-04-09,185748176,2824,Primo Securities (PVT) Ltd.,Dipshikha Dhitopatra Karobar Co. Pvt Ltd.,2026-04-09 12:32:15.588309,Himalaya Urja Bikas Company Limited
2026040904009760,HURJA,48,48,10,285.0,2850.0,2026-04-09,185748379,2824,Trishakti Securities Public Limited,Trishakti Securities Public Limited,2026-04-09 12:32:27.094263,Himalaya Urja Bikas Company Limited
2026040904009784,HURJA,16,17,850,283.0,240550.0,2026-04-09,185748542,2824,Primo Securities (PVT) Ltd.,ABC Securities Private Limited,2026-04-09 12:32:39.358700,Himalaya Urja Bikas Company Limited
2026040904009867,HURJA,48,48,10,285.0,2850.0,2026-04-09,185749087,2824,Trishakti Securities Public Limited,Trishakti Securities Public Limited,2026-04-09 12:33:13.296932,Himalaya Urja Bikas Company Limited
2026040904009884,HURJA,48,48,20,285.0,5700.0,2026-04-09,185749227,2824,Trishakti Securities Public Limited,Trishakti Securities Public Limited,2026-04-09 12:33:25.719157,Himalaya Urja Bikas Company Limited
2026040904009906,HURJA,16,59,15,283.0,4245.0,2026-04-09,185749351,2824,Primo Securities (PVT) Ltd.,Deevyaa Securities & Stock House Pvt. Ltd,2026-04-09 12:33:36.073202,Himalaya Urja Bikas Company Limited
2026040904009907,HURJA,20,59,200,283.0,56600.0,2026-04-09,185749353,2824,Sipla Securities Private Limited,Deevyaa Securities & Stock House Pvt. Ltd,2026-04-09 12:33:36.073444,Himalaya Urja Bikas Company Limited
2026040904009908,HURJA,36,59,785,283.0,222155.0,2026-04-09,185749354,2824,Secured Securities Ltd.,Deevyaa Securities & Stock House Pvt. Ltd,2026-04-09 12:33:36.073531,Himalaya Urja Bikas Company Limited
2026040904009934,HURJA,48,48,10,285.0,2850.0,2026-04-09,185749551,2824,Trishakti Securities Public Limited,Trishakti Securities Public Limited,2026-04-09 12:33:48.864254,Himalaya Urja Bikas Company Limited
2026040904010010,HURJA,36,59,715,283.0,202345.0,2026-04-09,185750265,2824,Secured Securities Ltd.,Deevyaa Securities & Stock House Pvt. Ltd,2026-04-09 12:34:42.022438,Himalaya Urja Bikas Company Limited
2026040904010011,HURJA,46,59,150,283.0,42450.0,2026-04-09,185750267,2824,Kalika Securities Pvt. Ltd.,Deevyaa Securities & Stock House Pvt. Ltd,2026-04-09 12:34:42.022837,Himalaya Urja Bikas Company Limited
2026040904010012,HURJA,36,59,135,283.0,38205.0,2026-04-09,185750268,2824,Secured Securities Ltd.,Deevyaa Securities & Stock House Pvt. Ltd,2026-04-09 12:34:42.023105,Himalaya Urja Bikas Company Limited
2026040904010031,HURJA,48,48,10,285.0,2850.0,2026-04-09,185750395,2824,Trishakti Securities Public Limited,Trishakti Securities Public Limited,2026-04-09 12:34:51.837241,Himalaya Urja Bikas Company Limited
2026040904010033,HURJA,36,52,2265,283.0,640995.0,2026-04-09,185750445,2824,Secured Securities Ltd.,Sundhara Securities Limited,2026-04-09 12:34:53.940582,Himalaya Urja Bikas Company Limited
2026040904010034,HURJA,38,52,275,283.0,77825.0,2026-04-09,185750447,2824,Dipshikha Dhitopatra Karobar Co. Pvt Ltd.,Sundhara Securities Limited,2026-04-09 12:34:53.940806,Himalaya Urja Bikas Company Limited
2026040904010209,HURJA,59,42,100,282.1,28210.0,2026-04-09,185751735,2824,Deevyaa Securities & Stock House Pvt. Ltd,Sani Securities Company Ltd.,2026-04-09 12:36:32.893744,Himalaya Urja Bikas Company Limited
2026040904010210,HURJA,59,42,100,282.1,28210.0,2026-04-09,185751737,2824,Deevyaa Securities & Stock House Pvt. Ltd,Sani Securities Company Ltd.,2026-04-09 12:36:32.893945,Himalaya Urja Bikas Company Limited
2026040904010211,HURJA,58,42,155,282.1,43725.5,2026-04-09,185751738,2824,Naasa Securities Co. Ltd.,Sani Securities Company Ltd.,2026-04-09 12:36:32.894031,Himalaya Urja Bikas Company Limited
2026040904010289,HURJA,48,52,10,283.0,2830.0,2026-04-09,185752119,2824,Trishakti Securities Public Limited,Sundhara Securities Limited,2026-04-09 12:36:57.184521,Himalaya Urja Bikas Company Limited
2026040904010542,HURJA,58,52,450,283.0,127350.0,2026-04-09,185754134,2824,Naasa Securities Co. Ltd.,Sundhara Securities Limited,2026-04-09 12:39:10.608561,Himalaya Urja Bikas Company Limited
2026040904010543,HURJA,58,71,1050,283.0,297150.0,2026-04-09,185754137,2824,Naasa Securities Co. Ltd.,SHUBHAKAMANA SECURITIES PVT. LTD,2026-04-09 12:39:10.608938,Himalaya Urja Bikas Company Limited
2026040904010556,HURJA,48,71,90,283.0,25470.0,2026-04-09,185754269,2824,Trishakti Securities Public Limited,SHUBHAKAMANA SECURITIES PVT. LTD,2026-04-09 12:39:21.524680,Himalaya Urja Bikas Company Limited
2026040904011061,HURJA,48,71,50,283.0,14150.0,2026-04-09,185758153,2824,Trishakti Securities Public Limited,SHUBHAKAMANA SECURITIES PVT. LTD,2026-04-09 12:44:44.285113,Himalaya Urja Bikas Company Limited
2026040904011065,HURJA,16,71,940,283.0,266020.0,2026-04-09,185758178,2824,Primo Securities (PVT) Ltd.,SHUBHAKAMANA SECURITIES PVT. LTD,2026-04-09 12:44:47.678584,Himalaya Urja Bikas Company Limited
2026040904011075,HURJA,48,50,40,284.0,11360.0,2026-04-09,185758250,2824,Trishakti Securities Public Limited,Cristal Kanchanjanga Securites Pvt. Ltd.,2026-04-09 12:44:55.860924,Himalaya Urja Bikas Company Limited
2026040904011076,HURJA,48,38,40,284.0,11360.0,2026-04-09,185758252,2824,Trishakti Securities Public Limited,Dipshikha Dhitopatra Karobar Co. Pvt Ltd.,2026-04-09 12:44:55.860995,Himalaya Urja Bikas Company Limited
2026040904011077,HURJA,48,48,10,285.0,2850.0,2026-04-09,185758255,2824,Trishakti Securities Public Limited,Trishakti Securities Public Limited,2026-04-09 12:44:55.861025,Himalaya Urja Bikas Company Limited
2026040904011083,HURJA,48,48,20,285.0,5700.0,2026-04-09,185758297,2824,Trishakti Securities Public Limited,Trishakti Securities Public Limited,2026-04-09 12:44:59.911797,Himalaya Urja Bikas Company Limited
2026040904011485,HURJA,48,35,20,284.6,5692.0,2026-04-09,185765247,2824,Trishakti Securities Public Limited,Kohinoor Investment & Securities Pvt. Ltd.,2026-04-09 12:49:59.673220,Himalaya Urja Bikas Company Limited
2026040904011489,HURJA,48,35,80,284.6,22768.0,2026-04-09,185765294,2824,Trishakti Securities Public Limited,Kohinoor Investment & Securities Pvt. Ltd.,2026-04-09 12:50:07.196268,Himalaya Urja Bikas Company Limited
2026040904011490,HURJA,48,5,10,284.7,2847.0,2026-04-09,185765296,2824,Trishakti Securities Public Limited,Market Securities & Exchange (PVT) Ltd.,2026-04-09 12:50:07.196389,Himalaya Urja Bikas Company Limited
2026040904011491,HURJA,48,5,10,284.8,2848.0,2026-04-09,185765299,2824,Trishakti Securities Public Limited,Market Securities & Exchange (PVT) Ltd.,2026-04-09 12:50:07.196468,Himalaya Urja Bikas Company Limited
2026040904011670,HURJA,48,95,100,284.5,28450.0,2026-04-09,185766814,2824,Trishakti Securities Public Limited,Magnet Securities and Investment Company Private Limited,2026-04-09 12:52:22.318983,Himalaya Urja Bikas Company Limited
2026040904011671,HURJA,48,5,490,284.8,139552.0,2026-04-09,185766816,2824,Trishakti Securities Public Limited,Market Securities & Exchange (PVT) Ltd.,2026-04-09 12:52:22.319041,Himalaya Urja Bikas Company Limited
2026040904011672,HURJA,48,16,10,284.9,2849.0,2026-04-09,185766819,2824,Trishakti Securities Public Limited,Primo Securities (PVT) Ltd.,2026-04-09 12:52:22.319066,Himalaya Urja Bikas Company Limited
2026040904011799,HURJA,58,57,40,283.1,11324.0,2026-04-09,185767904,2824,Naasa Securities Co. Ltd.,Aryatara Investment & Securities,2026-04-09 12:53:48.808721,Himalaya Urja Bikas Company Limited
2026040904011825,HURJA,48,16,10,284.9,2849.0,2026-04-09,185768047,2824,Trishakti Securities Public Limited,Primo Securities (PVT) Ltd.,2026-04-09 12:54:02.224528,Himalaya Urja Bikas Company Limited
2026040904011886,HURJA,19,4,90,283.4,25506.0,2026-04-09,185768481,2824,Nepal Investment And Securities Trading Private Limited,Opal Securities Investment (PVT) Ltd.,2026-04-09 12:54:42.337717,Himalaya Urja Bikas Company Limited
2026040904011887,HURJA,58,4,30,283.3,8499.0,2026-04-09,185768483,2824,Naasa Securities Co. Ltd.,Opal Securities Investment (PVT) Ltd.,2026-04-09 12:54:42.338159,Himalaya Urja Bikas Company Limited
2026040904011888,HURJA,40,4,200,283.3,56660.0,2026-04-09,185768485,2824,Creative Securities Pvt Ltd,Opal Securities Investment (PVT) Ltd.,2026-04-09 12:54:42.338455,Himalaya Urja Bikas Company Limited
2026040904011978,HURJA,86,4,1100,283.3,311630.0,2026-04-09,185769791,2824,Stoxkarts Securities Limited,Opal Securities Investment (PVT) Ltd.,2026-04-09 12:55:39.190564,Himalaya Urja Bikas Company Limited
2026040904011986,HURJA,48,4,80,283.3,22664.0,2026-04-09,185769856,2824,Trishakti Securities Public Limited,Opal Securities Investment (PVT) Ltd.,2026-04-09 12:55:45.903168,Himalaya Urja Bikas Company Limited
2026040904011987,HURJA,48,16,10,284.9,2849.0,2026-04-09,185769859,2824,Trishakti Securities Public Limited,Primo Securities (PVT) Ltd.,2026-04-09 12:55:45.903245,Himalaya Urja Bikas Company Limited
2026040904011996,HURJA,44,16,250,284.9,71225.0,2026-04-09,185770071,2824,Dynamic Money Managers Securities Pvt. Ltd.,Primo Securities (PVT) Ltd.,2026-04-09 12:55:59.486543,Himalaya Urja Bikas Company Limited
2026040904012041,HURJA,48,16,30,284.9,8547.0,2026-04-09,185770399,2824,Trishakti Securities Public Limited,Primo Securities (PVT) Ltd.,2026-04-09 12:56:19.740491,Himalaya Urja Bikas Company Limited
2026040904012048,HURJA,48,16,20,284.9,5698.0,2026-04-09,185770461,2824,Trishakti Securities Public Limited,Primo Securities (PVT) Ltd.,2026-04-09 12:56:25.624009,Himalaya Urja Bikas Company Limited
2026040904012058,HURJA,48,16,35,284.9,9971.5,2026-04-09,185770657,2824,Trishakti Securities Public Limited,Primo Securities (PVT) Ltd.,2026-04-09 12:56:28.891180,Himalaya Urja Bikas Company Limited
2026040904012062,HURJA,48,16,10,284.9,2849.0,2026-04-09,185770687,2824,Trishakti Securities Public Limited,Primo Securities (PVT) Ltd.,2026-04-09 12:56:32.206796,Himalaya Urja Bikas Company Limited
2026040904012064,HURJA,48,16,35,284.9,9971.5,2026-04-09,185770723,2824,Trishakti Securities Public Limited,Primo Securities (PVT) Ltd.,2026-04-09 12:56:37.132379,Himalaya Urja Bikas Company Limited
2026040904012069,HURJA,48,16,10,284.9,2849.0,2026-04-09,185770771,2824,Trishakti Securities Public Limited,Primo Securities (PVT) Ltd.,2026-04-09 12:56:43.309951,Himalaya Urja Bikas Company Limited
2026040904012119,HURJA,48,16,20,284.9,5698.0,2026-04-09,185771433,2824,Trishakti Securities Public Limited,Primo Securities (PVT) Ltd.,2026-04-09 12:57:29.241756,Himalaya Urja Bikas Company Limited
2026040904012121,HURJA,48,16,10,284.9,2849.0,2026-04-09,185771477,2824,Trishakti Securities Public Limited,Primo Securities (PVT) Ltd.,2026-04-09 12:57:31.775131,Himalaya Urja Bikas Company Limited
2026040904012155,HURJA,48,16,80,284.9,22792.0,2026-04-09,185771711,2824,Trishakti Securities Public Limited,Primo Securities (PVT) Ltd.,2026-04-09 12:57:46.721647,Himalaya Urja Bikas Company Limited
2026040904012189,HURJA,48,16,470,284.9,133903.0,2026-04-09,185772064,2824,Trishakti Securities Public Limited,Primo Securities (PVT) Ltd.,2026-04-09 12:58:09.466753,Himalaya Urja Bikas Company Limited
2026040904012190,HURJA,48,71,10,285.0,2850.0,2026-04-09,185772067,2824,Trishakti Securities Public Limited,SHUBHAKAMANA SECURITIES PVT. LTD,2026-04-09 12:58:09.466826,Himalaya Urja Bikas Company Limited
2026040904012229,HURJA,16,71,990,285.0,282150.0,2026-04-09,185772392,2824,Primo Securities (PVT) Ltd.,SHUBHAKAMANA SECURITIES PVT. LTD,2026-04-09 12:58:34.530278,Himalaya Urja Bikas Company Limited
2026040904012230,HURJA,16,42,10,285.0,2850.0,2026-04-09,185772394,2824,Primo Securities (PVT) Ltd.,Sani Securities Company Ltd.,2026-04-09 12:58:34.530508,Himalaya Urja Bikas Company Limited
2026040904012231,HURJA,16,58,50,285.0,14250.0,2026-04-09,185772396,2824,Primo Securities (PVT) Ltd.,Naasa Securities Co. Ltd.,2026-04-09 12:58:34.530607,Himalaya Urja Bikas Company Limited
2026040904012232,HURJA,16,26,40,285.0,11400.0,2026-04-09,185772398,2824,Primo Securities (PVT) Ltd.,Asian Securities Private Ltd.,2026-04-09 12:58:34.530715,Himalaya Urja Bikas Company Limited
2026040904012233,HURJA,16,16,100,285.0,28500.0,2026-04-09,185772400,2824,Primo Securities (PVT) Ltd.,Primo Securities (PVT) Ltd.,2026-04-09 12:58:34.530834,Himalaya Urja Bikas Company Limited
2026040904012234,HURJA,16,77,1000,285.0,285000.0,2026-04-09,185772402,2824,Primo Securities (PVT) Ltd.,Nabil Stock Dealer Ltd.,2026-04-09 12:58:34.530973,Himalaya Urja Bikas Company Limited
2026040904012235,HURJA,16,16,810,285.0,230850.0,2026-04-09,185772405,2824,Primo Securities (PVT) Ltd.,Primo Securities (PVT) Ltd.,2026-04-09 12:58:34.531088,Himalaya Urja Bikas Company Limited
2026040904012252,HURJA,41,67,168,283.6,47644.8,2026-04-09,185772791,2824,Linch Stock Market Ltd.,Property Wiard Limited,2026-04-09 12:58:46.720855,Himalaya Urja Bikas Company Limited
2026040904012253,HURJA,7,67,200,283.5,56700.0,2026-04-09,185772793,2824,J.F. Securites (PVT) Ltd.,Property Wiard Limited,2026-04-09 12:58:46.721272,Himalaya Urja Bikas Company Limited
2026040904012296,HURJA,3,67,432,283.5,122472.0,2026-04-09,185773236,2824,Arun Securities (PVT) Ltd.,Property Wiard Limited,2026-04-09 12:59:23.683098,Himalaya Urja Bikas Company Limited
2026040904012306,HURJA,48,78,10,284.9,2849.0,2026-04-09,185773353,2824,Trishakti Securities Public Limited,Garima Securities Limited,2026-04-09 12:59:29.568199,Himalaya Urja Bikas Company Limited
2026040904012338,HURJA,48,78,490,284.9,139601.0,2026-04-09,185773530,2824,Trishakti Securities Public Limited,Garima Securities Limited,2026-04-09 12:59:41.335136,Himalaya Urja Bikas Company Limited
2026040904012339,HURJA,48,16,190,285.0,54150.0,2026-04-09,185773532,2824,Trishakti Securities Public Limited,Primo Securities (PVT) Ltd.,2026-04-09 12:59:41.335255,Himalaya Urja Bikas Company Limited
2026040904012340,HURJA,48,54,100,285.0,28500.0,2026-04-09,185773534,2824,Trishakti Securities Public Limited,Sewa Securities Pvt. Ltd.,2026-04-09 12:59:41.335348,Himalaya Urja Bikas Company Limited
2026040904012341,HURJA,48,4,20,285.2,5704.0,2026-04-09,185773537,2824,Trishakti Securities Public Limited,Opal Securities Investment (PVT) Ltd.,2026-04-09 12:59:41.335423,Himalaya Urja Bikas Company Limited
2026040904012354,HURJA,48,4,20,285.2,5704.0,2026-04-09,185773636,2824,Trishakti Securities Public Limited,Opal Securities Investment (PVT) Ltd.,2026-04-09 12:59:46.128859,Himalaya Urja Bikas Company Limited
2026040904012355,HURJA,48,64,10,285.5,2855.0,2026-04-09,185773639,2824,Trishakti Securities Public Limited,SUN SECURITIES PVT LTD,2026-04-09 12:59:46.128982,Himalaya Urja Bikas Company Limited
2026040904012392,HURJA,48,64,190,285.5,54245.0,2026-04-09,185773846,2824,Trishakti Securities Public Limited,SUN SECURITIES PVT LTD,2026-04-09 13:00:00.764049,Himalaya Urja Bikas Company Limited
2026040904012393,HURJA,48,38,10,285.8,2858.0,2026-04-09,185773849,2824,Trishakti Securities Public Limited,Dipshikha Dhitopatra Karobar Co. Pvt Ltd.,2026-04-09 13:00:00.764161,Himalaya Urja Bikas Company Limited
2026040904012411,HURJA,48,71,10,285.9,2859.0,2026-04-09,185774023,2824,Trishakti Securities Public Limited,SHUBHAKAMANA SECURITIES PVT. LTD,2026-04-09 13:00:13.111589,Himalaya Urja Bikas Company Limited
2026040904012456,HURJA,48,59,30,286.0,8580.0,2026-04-09,185774435,2824,Trishakti Securities Public Limited,Deevyaa Securities & Stock House Pvt. Ltd,2026-04-09 13:00:46.785358,Himalaya Urja Bikas Company Limited
2026040904012536,HURJA,48,59,50,286.0,14300.0,2026-04-09,185775237,2824,Trishakti Securities Public Limited,Deevyaa Securities & Stock House Pvt. Ltd,2026-04-09 13:01:35.930571,Himalaya Urja Bikas Company Limited
2026040904012540,HURJA,48,59,50,286.0,14300.0,2026-04-09,185775303,2824,Trishakti Securities Public Limited,Deevyaa Securities & Stock House Pvt. Ltd,2026-04-09 13:01:41.399460,Himalaya Urja Bikas Company Limited
2026040904012718,HURJA,58,47,12,285.8,3429.6,2026-04-09,185776881,2824,Naasa Securities Co. Ltd.,Neev Securities Pvt. Ltd.,2026-04-09 13:03:28.276567,Himalaya Urja Bikas Company Limited
2026040904012726,HURJA,51,47,10,285.8,2858.0,2026-04-09,185777011,2824,Oxford Securities Pvt. Ltd.,Neev Securities Pvt. Ltd.,2026-04-09 13:03:33.862050,Himalaya Urja Bikas Company Limited
2026040904012856,HURJA,48,47,60,285.8,17148.0,2026-04-09,185778289,2824,Trishakti Securities Public Limited,Neev Securities Pvt. Ltd.,2026-04-09 13:05:10.826619,Himalaya Urja Bikas Company Limited
2026040904012917,HURJA,59,39,75,285.0,21375.0,2026-04-09,185778809,2824,Deevyaa Securities & Stock House Pvt. Ltd,Sumeru Securities Pvt. Ltd.,2026-04-09 13:05:53.107023,Himalaya Urja Bikas Company Limited
2026040904012964,HURJA,48,39,175,285.0,49875.0,2026-04-09,185779254,2824,Trishakti Securities Public Limited,Sumeru Securities Pvt. Ltd.,2026-04-09 13:06:33.043187,Himalaya Urja Bikas Company Limited
2026040904012965,HURJA,48,47,168,285.8,48014.4,2026-04-09,185779256,2824,Trishakti Securities Public Limited,Neev Securities Pvt. Ltd.,2026-04-09 13:06:33.043292,Himalaya Urja Bikas Company Limited
2026040904012966,HURJA,48,43,25,285.8,7145.0,2026-04-09,185779258,2824,Trishakti Securities Public Limited,South Asian Bulls Pvt. Ltd.,2026-04-09 13:06:33.043391,Himalaya Urja Bikas Company Limited
2026040904012967,HURJA,48,16,32,285.9,9148.8,2026-04-09,185779261,2824,Trishakti Securities Public Limited,Primo Securities (PVT) Ltd.,2026-04-09 13:06:33.043461,Himalaya Urja Bikas Company Limited
2026040904013058,HURJA,48,16,10,285.9,2859.0,2026-04-09,185780071,2824,Trishakti Securities Public Limited,Primo Securities (PVT) Ltd.,2026-04-09 13:07:30.443085,Himalaya Urja Bikas Company Limited
2026040904013060,HURJA,48,16,20,285.9,5718.0,2026-04-09,185780097,2824,Trishakti Securities Public Limited,Primo Securities (PVT) Ltd.,2026-04-09 13:07:32.979783,Himalaya Urja Bikas Company Limited
2026040904013064,HURJA,48,16,20,285.9,5718.0,2026-04-09,185780127,2824,Trishakti Securities Public Limited,Primo Securities (PVT) Ltd.,2026-04-09 13:07:37.564822,Himalaya Urja Bikas Company Limited
2026040904013066,HURJA,48,16,20,285.9,5718.0,2026-04-09,185780169,2824,Trishakti Securities Public Limited,Primo Securities (PVT) Ltd.,2026-04-09 13:07:40.838399,Himalaya Urja Bikas Company Limited
2026040904013068,HURJA,48,16,10,285.9,2859.0,2026-04-09,185780197,2824,Trishakti Securities Public Limited,Primo Securities (PVT) Ltd.,2026-04-09 13:07:43.428836,Himalaya Urja Bikas Company Limited
2026040904013246,HURJA,48,42,10,285.8,2858.0,2026-04-09,185781516,2824,Trishakti Securities Public Limited,Sani Securities Company Ltd.,2026-04-09 13:09:22.575187,Himalaya Urja Bikas Company Limited
2026040904013247,HURJA,48,16,10,285.9,2859.0,2026-04-09,185781519,2824,Trishakti Securities Public Limited,Primo Securities (PVT) Ltd.,2026-04-09 13:09:22.575296,Himalaya Urja Bikas Company Limited
2026040904013372,HURJA,36,16,878,285.9,251020.2,2026-04-09,185782614,2824,Secured Securities Ltd.,Primo Securities (PVT) Ltd.,2026-04-09 13:10:36.496206,Himalaya Urja Bikas Company Limited
2026040904013373,HURJA,36,52,82,285.9,23443.8,2026-04-09,185782617,2824,Secured Securities Ltd.,Sundhara Securities Limited,2026-04-09 13:10:36.496668,Himalaya Urja Bikas Company Limited
2026040904013404,HURJA,48,52,20,285.9,5718.0,2026-04-09,185782911,2824,Trishakti Securities Public Limited,Sundhara Securities Limited,2026-04-09 13:10:55.295706,Himalaya Urja Bikas Company Limited
2026040904013440,HURJA,48,52,40,285.9,11436.0,2026-04-09,185783263,2824,Trishakti Securities Public Limited,Sundhara Securities Limited,2026-04-09 13:11:13.166682,Himalaya Urja Bikas Company Limited
2026040904013514,HURJA,44,52,265,285.9,75763.5,2026-04-09,185783769,2824,Dynamic Money Managers Securities Pvt. Ltd.,Sundhara Securities Limited,2026-04-09 13:11:54.005789,Himalaya Urja Bikas Company Limited
2026040904013535,HURJA,48,52,50,285.9,14295.0,2026-04-09,185783943,2824,Trishakti Securities Public Limited,Sundhara Securities Limited,2026-04-09 13:12:05.769577,Himalaya Urja Bikas Company Limited
2026040904013575,HURJA,32,48,300,285.0,85500.0,2026-04-09,185784161,2824,Premier Securities Company Ltd.,Trishakti Securities Public Limited,2026-04-09 13:12:19.371681,Himalaya Urja Bikas Company Limited
2026040904013584,HURJA,34,48,440,285.0,125400.0,2026-04-09,185784196,2824,Vision Securities Pvt. Ltd,Trishakti Securities Public Limited,2026-04-09 13:12:21.732343,Himalaya Urja Bikas Company Limited
2026040904013600,HURJA,48,52,10,285.9,2859.0,2026-04-09,185784327,2824,Trishakti Securities Public Limited,Sundhara Securities Limited,2026-04-09 13:12:30.378115,Himalaya Urja Bikas Company Limited
2026040904013702,HURJA,48,52,533,285.9,152384.7,2026-04-09,185785046,2824,Trishakti Securities Public Limited,Sundhara Securities Limited,2026-04-09 13:13:27.027725,Himalaya Urja Bikas Company Limited
2026040904013703,HURJA,48,42,39,285.9,11150.1,2026-04-09,185785048,2824,Trishakti Securities Public Limited,Sani Securities Company Ltd.,2026-04-09 13:13:27.027812,Himalaya Urja Bikas Company Limited
2026040904013712,HURJA,48,42,10,285.9,2859.0,2026-04-09,185785138,2824,Trishakti Securities Public Limited,Sani Securities Company Ltd.,2026-04-09 13:13:33.150710,Himalaya Urja Bikas Company Limited
2026040904013713,HURJA,48,4,10,286.0,2860.0,2026-04-09,185785141,2824,Trishakti Securities Public Limited,Opal Securities Investment (PVT) Ltd.,2026-04-09 13:13:33.150771,Himalaya Urja Bikas Company Limited
2026040904013742,HURJA,45,4,250,286.0,71500.0,2026-04-09,185785399,2824,Imperial Securities Company Pvt. Ltd.,Opal Securities Investment (PVT) Ltd.,2026-04-09 13:13:59.721861,Himalaya Urja Bikas Company Limited
2026040904013782,HURJA,48,4,50,286.0,14300.0,2026-04-09,185785579,2824,Trishakti Securities Public Limited,Opal Securities Investment (PVT) Ltd.,2026-04-09 13:14:13.616684,Himalaya Urja Bikas Company Limited
2026040904013865,HURJA,34,35,560,285.0,159600.0,2026-04-09,185786285,2824,Vision Securities Pvt. Ltd,Kohinoor Investment & Securities Pvt. Ltd.,2026-04-09 13:15:07.332413,Himalaya Urja Bikas Company Limited
2026040904013921,HURJA,16,35,440,284.2,125048.0,2026-04-09,185786754,2824,Primo Securities (PVT) Ltd.,Kohinoor Investment & Securities Pvt. Ltd.,2026-04-09 13:15:44.916049,Himalaya Urja Bikas Company Limited
2026040904013934,HURJA,48,7,10,285.9,2859.0,2026-04-09,185786859,2824,Trishakti Securities Public Limited,J.F. Securites (PVT) Ltd.,2026-04-09 13:15:51.247579,Himalaya Urja Bikas Company Limited
2026040904014156,HURJA,57,17,100,285.0,28500.0,2026-04-09,185788221,2824,Aryatara Investment & Securities,ABC Securities Private Limited,2026-04-09 13:17:48.961883,Himalaya Urja Bikas Company Limited
2026040904014174,HURJA,48,17,50,285.0,14250.0,2026-04-09,185788355,2824,Trishakti Securities Public Limited,ABC Securities Private Limited,2026-04-09 13:18:00.562218,Himalaya Urja Bikas Company Limited
2026040904014175,HURJA,41,17,20,285.0,5700.0,2026-04-09,185788399,2824,Linch Stock Market Ltd.,ABC Securities Private Limited,2026-04-09 13:18:03.175405,Himalaya Urja Bikas Company Limited
2026040904014225,HURJA,48,17,10,285.0,2850.0,2026-04-09,185788921,2824,Trishakti Securities Public Limited,ABC Securities Private Limited,2026-04-09 13:18:46.634844,Himalaya Urja Bikas Company Limited
2026040904014229,HURJA,48,17,10,285.0,2850.0,2026-04-09,185788935,2824,Trishakti Securities Public Limited,ABC Securities Private Limited,2026-04-09 13:18:49.290217,Himalaya Urja Bikas Company Limited
2026040904014235,HURJA,48,17,10,285.0,2850.0,2026-04-09,185788983,2824,Trishakti Securities Public Limited,ABC Securities Private Limited,2026-04-09 13:18:52.676266,Himalaya Urja Bikas Company Limited
2026040904014237,HURJA,48,17,20,285.0,5700.0,2026-04-09,185789003,2824,Trishakti Securities Public Limited,ABC Securities Private Limited,2026-04-09 13:18:55.516305,Himalaya Urja Bikas Company Limited
2026040904014240,HURJA,48,17,10,285.0,2850.0,2026-04-09,185789109,2824,Trishakti Securities Public Limited,ABC Securities Private Limited,2026-04-09 13:19:00.471511,Himalaya Urja Bikas Company Limited
2026040904014246,HURJA,48,17,30,285.0,8550.0,2026-04-09,185789157,2824,Trishakti Securities Public Limited,ABC Securities Private Limited,2026-04-09 13:19:03.951891,Himalaya Urja Bikas Company Limited
2026040904014294,HURJA,20,17,40,285.0,11400.0,2026-04-09,185789564,2824,Sipla Securities Private Limited,ABC Securities Private Limited,2026-04-09 13:19:27.129912,Himalaya Urja Bikas Company Limited
2026040904014295,HURJA,20,25,60,285.0,17100.0,2026-04-09,185789567,2824,Sipla Securities Private Limited,Sweta Securities Private Limited,2026-04-09 13:19:27.130436,Himalaya Urja Bikas Company Limited
2026040904014308,HURJA,16,71,1560,284.2,443352.0,2026-04-09,185789617,2824,Primo Securities (PVT) Ltd.,SHUBHAKAMANA SECURITIES PVT. LTD,2026-04-09 13:19:30.900564,Himalaya Urja Bikas Company Limited
2026040904014309,HURJA,1,71,200,284.0,56800.0,2026-04-09,185789619,2824,Kumari Securities Private Limited,SHUBHAKAMANA SECURITIES PVT. LTD,2026-04-09 13:19:30.900818,Himalaya Urja Bikas Company Limited
2026040904014310,HURJA,1,71,100,284.0,28400.0,2026-04-09,185789621,2824,Kumari Securities Private Limited,SHUBHAKAMANA SECURITIES PVT. LTD,2026-04-09 13:19:30.900929,Himalaya Urja Bikas Company Limited
2026040904014311,HURJA,48,71,240,284.0,68160.0,2026-04-09,185789622,2824,Trishakti Securities Public Limited,SHUBHAKAMANA SECURITIES PVT. LTD,2026-04-09 13:19:30.901025,Himalaya Urja Bikas Company Limited
2026040904014316,HURJA,48,25,10,285.0,2850.0,2026-04-09,185789663,2824,Trishakti Securities Public Limited,Sweta Securities Private Limited,2026-04-09 13:19:34.177200,Himalaya Urja Bikas Company Limited
2026040904014360,HURJA,48,25,30,285.0,8550.0,2026-04-09,185789980,2824,Trishakti Securities Public Limited,Sweta Securities Private Limited,2026-04-09 13:20:02.873415,Himalaya Urja Bikas Company Limited
2026040904014361,HURJA,48,7,50,285.0,14250.0,2026-04-09,185789982,2824,Trishakti Securities Public Limited,J.F. Securites (PVT) Ltd.,2026-04-09 13:20:02.873564,Himalaya Urja Bikas Company Limited
2026040904014362,HURJA,48,45,10,285.0,2850.0,2026-04-09,185789985,2824,Trishakti Securities Public Limited,Imperial Securities Company Pvt. Ltd.,2026-04-09 13:20:02.873645,Himalaya Urja Bikas Company Limited
2026040904014372,HURJA,48,41,11,285.5,3140.5,2026-04-09,185790053,2824,Trishakti Securities Public Limited,Linch Stock Market Ltd.,2026-04-09 13:20:07.284917,Himalaya Urja Bikas Company Limited
2026040904014447,HURJA,48,42,10,285.4,2854.0,2026-04-09,185790610,2824,Trishakti Securities Public Limited,Sani Securities Company Ltd.,2026-04-09 13:20:52.885834,Himalaya Urja Bikas Company Limited
2026040904014448,HURJA,48,45,100,285.4,28540.0,2026-04-09,185790612,2824,Trishakti Securities Public Limited,Imperial Securities Company Pvt. Ltd.,2026-04-09 13:20:52.885888,Himalaya Urja Bikas Company Limited
2026040904014449,HURJA,48,41,10,285.5,2855.0,2026-04-09,185790615,2824,Trishakti Securities Public Limited,Linch Stock Market Ltd.,2026-04-09 13:20:52.885911,Himalaya Urja Bikas Company Limited
2026040904014454,HURJA,48,41,30,285.5,8565.0,2026-04-09,185790669,2824,Trishakti Securities Public Limited,Linch Stock Market Ltd.,2026-04-09 13:20:57.881789,Himalaya Urja Bikas Company Limited
2026040904014455,HURJA,51,51,1100,284.3,312730.0,2026-04-09,185790688,2824,Oxford Securities Pvt. Ltd.,Oxford Securities Pvt. Ltd.,2026-04-09 13:20:58.106525,Himalaya Urja Bikas Company Limited
2026040904014471,HURJA,48,41,10,285.5,2855.0,2026-04-09,185790787,2824,Trishakti Securities Public Limited,Linch Stock Market Ltd.,2026-04-09 13:21:04.717167,Himalaya Urja Bikas Company Limited
2026040904014486,HURJA,51,41,400,284.3,113720.0,2026-04-09,185791007,2824,Oxford Securities Pvt. Ltd.,Linch Stock Market Ltd.,2026-04-09 13:21:24.721837,Himalaya Urja Bikas Company Limited
2026040904014487,HURJA,48,41,81,284.0,23004.0,2026-04-09,185791009,2824,Trishakti Securities Public Limited,Linch Stock Market Ltd.,2026-04-09 13:21:24.722111,Himalaya Urja Bikas Company Limited
2026040904014488,HURJA,48,41,458,284.0,130072.0,2026-04-09,185791010,2824,Trishakti Securities Public Limited,Linch Stock Market Ltd.,2026-04-09 13:21:24.722213,Himalaya Urja Bikas Company Limited
2026040904014523,HURJA,48,16,10,285.0,2850.0,2026-04-09,185791439,2824,Trishakti Securities Public Limited,Primo Securities (PVT) Ltd.,2026-04-09 13:21:58.374782,Himalaya Urja Bikas Company Limited
2026040904014601,HURJA,54,16,390,285.0,111150.0,2026-04-09,185791990,2824,Sewa Securities Pvt. Ltd.,Primo Securities (PVT) Ltd.,2026-04-09 13:22:33.085024,Himalaya Urja Bikas Company Limited
2026040904014602,HURJA,54,71,1000,285.0,285000.0,2026-04-09,185791992,2824,Sewa Securities Pvt. Ltd.,SHUBHAKAMANA SECURITIES PVT. LTD,2026-04-09 13:22:33.085263,Himalaya Urja Bikas Company Limited
2026040904014611,HURJA,54,29,240,285.0,68400.0,2026-04-09,185792107,2824,Sewa Securities Pvt. Ltd.,Trisul Securities & Invt. Ltd.,2026-04-09 13:22:38.459356,Himalaya Urja Bikas Company Limited
2026040904014655,HURJA,48,29,20,285.0,5700.0,2026-04-09,185792427,2824,Trishakti Securities Public Limited,Trisul Securities & Invt. Ltd.,2026-04-09 13:23:05.319965,Himalaya Urja Bikas Company Limited
2026040904014672,HURJA,51,35,300,284.4,85320.0,2026-04-09,185792580,2824,Oxford Securities Pvt. Ltd.,Kohinoor Investment & Securities Pvt. Ltd.,2026-04-09 13:23:12.603039,Himalaya Urja Bikas Company Limited
2026040904014693,HURJA,48,29,10,285.0,2850.0,2026-04-09,185792723,2824,Trishakti Securities Public Limited,Trisul Securities & Invt. Ltd.,2026-04-09 13:23:20.370569,Himalaya Urja Bikas Company Limited
2026040904014707,HURJA,51,72,500,284.4,142200.0,2026-04-09,185792854,2824,Oxford Securities Pvt. Ltd.,Hatemalo Financial Services Private Limited,2026-04-09 13:23:26.788189,Himalaya Urja Bikas Company Limited
2026040904014723,HURJA,48,34,10,284.9,2849.0,2026-04-09,185792989,2824,Trishakti Securities Public Limited,Vision Securities Pvt. Ltd,2026-04-09 13:23:35.992820,Himalaya Urja Bikas Company Limited
2026040904014876,HURJA,51,71,300,284.4,85320.0,2026-04-09,185793904,2824,Oxford Securities Pvt. Ltd.,SHUBHAKAMANA SECURITIES PVT. LTD,2026-04-09 13:24:40.256713,Himalaya Urja Bikas Company Limited
2026040904014914,HURJA,48,34,10,284.9,2849.0,2026-04-09,185794135,2824,Trishakti Securities Public Limited,Vision Securities Pvt. Ltd,2026-04-09 13:24:51.960918,Himalaya Urja Bikas Company Limited
2026040904014962,HURJA,48,42,10,284.5,2845.0,2026-04-09,185794314,2824,Trishakti Securities Public Limited,Sani Securities Company Ltd.,2026-04-09 13:25:04.401362,Himalaya Urja Bikas Company Limited
2026040904014963,HURJA,48,34,10,284.9,2849.0,2026-04-09,185794317,2824,Trishakti Securities Public Limited,Vision Securities Pvt. Ltd,2026-04-09 13:25:04.401466,Himalaya Urja Bikas Company Limited
2026040904014970,HURJA,42,45,60,284.0,17040.0,2026-04-09,185794407,2824,Sani Securities Company Ltd.,Imperial Securities Company Pvt. Ltd.,2026-04-09 13:25:08.424557,Himalaya Urja Bikas Company Limited
2026040904014971,HURJA,26,45,140,283.7,39718.0,2026-04-09,185794408,2824,Asian Securities Private Ltd.,Imperial Securities Company Pvt. Ltd.,2026-04-09 13:25:08.424833,Himalaya Urja Bikas Company Limited
2026040904014991,HURJA,48,6,10,284.8,2848.0,2026-04-09,185794585,2824,Trishakti Securities Public Limited,Agrawal Securities (PVT) Ltd.,2026-04-09 13:25:21.516426,Himalaya Urja Bikas Company Limited
2026040904015224,HURJA,45,38,500,283.8,141900.0,2026-04-09,185796079,2824,Imperial Securities Company Pvt. Ltd.,Dipshikha Dhitopatra Karobar Co. Pvt Ltd.,2026-04-09 13:26:55.371411,Himalaya Urja Bikas Company Limited
2026040904015225,HURJA,26,38,1490,283.7,422713.0,2026-04-09,185796080,2824,Asian Securities Private Ltd.,Dipshikha Dhitopatra Karobar Co. Pvt Ltd.,2026-04-09 13:26:55.371466,Himalaya Urja Bikas Company Limited
2026040904015280,HURJA,48,71,10,284.6,2846.0,2026-04-09,185796613,2824,Trishakti Securities Public Limited,SHUBHAKAMANA SECURITIES PVT. LTD,2026-04-09 13:27:29.559525,Himalaya Urja Bikas Company Limited
2026040904015288,HURJA,57,25,100,284.0,28400.0,2026-04-09,185796668,2824,Aryatara Investment & Securities,Sweta Securities Private Limited,2026-04-09 13:27:34.250804,Himalaya Urja Bikas Company Limited
2026040904015298,HURJA,48,71,10,284.6,2846.0,2026-04-09,185796777,2824,Trishakti Securities Public Limited,SHUBHAKAMANA SECURITIES PVT. LTD,2026-04-09 13:27:40.826510,Himalaya Urja Bikas Company Limited
2026040904015363,HURJA,58,71,100,284.6,28460.0,2026-04-09,185797283,2824,Naasa Securities Co. Ltd.,SHUBHAKAMANA SECURITIES PVT. LTD,2026-04-09 13:28:23.000415,Himalaya Urja Bikas Company Limited
2026040904015449,HURJA,48,71,10,284.7,2847.0,2026-04-09,185797925,2824,Trishakti Securities Public Limited,SHUBHAKAMANA SECURITIES PVT. LTD,2026-04-09 13:29:03.706099,Himalaya Urja Bikas Company Limited
2026040904015488,HURJA,57,42,35,284.0,9940.0,2026-04-09,185798267,2824,Aryatara Investment & Securities,Sani Securities Company Ltd.,2026-04-09 13:29:31.867645,Himalaya Urja Bikas Company Limited
2026040904015494,HURJA,48,42,60,284.0,17040.0,2026-04-09,185798377,2824,Trishakti Securities Public Limited,Sani Securities Company Ltd.,2026-04-09 13:29:39.992514,Himalaya Urja Bikas Company Limited
2026040904015495,HURJA,16,42,5,284.0,1420.0,2026-04-09,185798378,2824,Primo Securities (PVT) Ltd.,Sani Securities Company Ltd.,2026-04-09 13:29:39.992710,Himalaya Urja Bikas Company Limited
2026040904015500,HURJA,48,71,10,284.7,2847.0,2026-04-09,185798439,2824,Trishakti Securities Public Limited,SHUBHAKAMANA SECURITIES PVT. LTD,2026-04-09 13:29:46.473953,Himalaya Urja Bikas Company Limited
2026040904015511,HURJA,26,38,200,283.7,56740.0,2026-04-09,185798528,2824,Asian Securities Private Ltd.,Dipshikha Dhitopatra Karobar Co. Pvt Ltd.,2026-04-09 13:29:55.972351,Himalaya Urja Bikas Company Limited
2026040904015527,HURJA,48,34,10,284.6,2846.0,2026-04-09,185798686,2824,Trishakti Securities Public Limited,Vision Securities Pvt. Ltd,2026-04-09 13:30:11.213111,Himalaya Urja Bikas Company Limited
2026040904015788,HURJA,39,63,10,284.0,2840.0,2026-04-09,185800928,2824,Sumeru Securities Pvt. Ltd.,Himalayan Brokerage Company Limited,2026-04-09 13:33:42.911611,Himalaya Urja Bikas Company Limited
2026040904015817,HURJA,39,71,340,284.0,96560.0,2026-04-09,185801072,2824,Sumeru Securities Pvt. Ltd.,SHUBHAKAMANA SECURITIES PVT. LTD,2026-04-09 13:33:55.113819,Himalaya Urja Bikas Company Limited
2026040904015820,HURJA,48,34,10,284.0,2840.0,2026-04-09,185801083,2824,Trishakti Securities Public Limited,Vision Securities Pvt. Ltd,2026-04-09 13:33:55.882787,Himalaya Urja Bikas Company Limited
2026040904015857,HURJA,48,34,10,284.4,2844.0,2026-04-09,185801433,2824,Trishakti Securities Public Limited,Vision Securities Pvt. Ltd,2026-04-09 13:34:27.605384,Himalaya Urja Bikas Company Limited
2026040904015869,HURJA,48,71,20,284.3,5686.0,2026-04-09,185801547,2824,Trishakti Securities Public Limited,SHUBHAKAMANA SECURITIES PVT. LTD,2026-04-09 13:34:36.514868,Himalaya Urja Bikas Company Limited
2026040904015936,HURJA,48,39,200,284.3,56860.0,2026-04-09,185802224,2824,Trishakti Securities Public Limited,Sumeru Securities Pvt. Ltd.,2026-04-09 13:35:39.793262,Himalaya Urja Bikas Company Limited
2026040904015937,HURJA,48,71,190,284.7,54093.0,2026-04-09,185802226,2824,Trishakti Securities Public Limited,SHUBHAKAMANA SECURITIES PVT. LTD,2026-04-09 13:35:39.793405,Himalaya Urja Bikas Company Limited
2026040904015938,HURJA,48,6,110,284.8,31328.0,2026-04-09,185802229,2824,Trishakti Securities Public Limited,Agrawal Securities (PVT) Ltd.,2026-04-09 13:35:39.793482,Himalaya Urja Bikas Company Limited
2026040904015946,HURJA,48,6,280,284.8,79744.0,2026-04-09,185802342,2824,Trishakti Securities Public Limited,Agrawal Securities (PVT) Ltd.,2026-04-09 13:35:48.344750,Himalaya Urja Bikas Company Limited
2026040904015947,HURJA,48,42,10,284.8,2848.0,2026-04-09,185802344,2824,Trishakti Securities Public Limited,Sani Securities Company Ltd.,2026-04-09 13:35:48.344805,Himalaya Urja Bikas Company Limited
2026040904015948,HURJA,48,29,10,285.0,2850.0,2026-04-09,185802347,2824,Trishakti Securities Public Limited,Trisul Securities & Invt. Ltd.,2026-04-09 13:35:48.344839,Himalaya Urja Bikas Company Limited
2026040904016035,HURJA,48,3,10,284.7,2847.0,2026-04-09,185803121,2824,Trishakti Securities Public Limited,Arun Securities (PVT) Ltd.,2026-04-09 13:37:12.945269,Himalaya Urja Bikas Company Limited
2026040904016044,HURJA,38,3,340,284.7,96798.0,2026-04-09,185803154,2824,Dipshikha Dhitopatra Karobar Co. Pvt Ltd.,Arun Securities (PVT) Ltd.,2026-04-09 13:37:16.774238,Himalaya Urja Bikas Company Limited
2026040904016054,HURJA,48,29,10,285.0,2850.0,2026-04-09,185803237,2824,Trishakti Securities Public Limited,Trisul Securities & Invt. Ltd.,2026-04-09 13:37:28.949531,Himalaya Urja Bikas Company Limited
2026040904016150,HURJA,38,36,10,284.7,2847.0,2026-04-09,185803807,2824,Dipshikha Dhitopatra Karobar Co. Pvt Ltd.,Secured Securities Ltd.,2026-04-09 13:38:20.063915,Himalaya Urja Bikas Company Limited
2026040904016188,HURJA,48,36,10,284.7,2847.0,2026-04-09,185803973,2824,Trishakti Securities Public Limited,Secured Securities Ltd.,2026-04-09 13:38:32.733453,Himalaya Urja Bikas Company Limited
2026040904016193,HURJA,48,29,10,285.0,2850.0,2026-04-09,185804005,2824,Trishakti Securities Public Limited,Trisul Securities & Invt. Ltd.,2026-04-09 13:38:35.915527,Himalaya Urja Bikas Company Limited
2026040904016261,HURJA,26,3,100,284.2,28420.0,2026-04-09,185804789,2824,Asian Securities Private Ltd.,Arun Securities (PVT) Ltd.,2026-04-09 13:40:02.608267,Himalaya Urja Bikas Company Limited
2026040904016262,HURJA,58,3,100,284.1,28410.0,2026-04-09,185804790,2824,Naasa Securities Co. Ltd.,Arun Securities (PVT) Ltd.,2026-04-09 13:40:02.608536,Himalaya Urja Bikas Company Limited
2026040904016263,HURJA,94,29,300,285.0,85500.0,2026-04-09,185804802,2824,K.B.L. Securities Limited ,Trisul Securities & Invt. Ltd.,2026-04-09 13:40:04.485391,Himalaya Urja Bikas Company Limited
2026040904016264,HURJA,94,34,200,285.0,57000.0,2026-04-09,185804805,2824,K.B.L. Securities Limited ,Vision Securities Pvt. Ltd,2026-04-09 13:40:04.485866,Himalaya Urja Bikas Company Limited
2026040904016304,HURJA,48,34,20,285.0,5700.0,2026-04-09,185805213,2824,Trishakti Securities Public Limited,Vision Securities Pvt. Ltd,2026-04-09 13:40:55.054141,Himalaya Urja Bikas Company Limited
2026040904016560,HURJA,6,34,38,285.0,10830.0,2026-04-09,185807108,2824,Agrawal Securities (PVT) Ltd.,Vision Securities Pvt. Ltd,2026-04-09 13:44:07.133174,Himalaya Urja Bikas Company Limited
2026040904016561,HURJA,6,42,10,285.0,2850.0,2026-04-09,185807110,2824,Agrawal Securities (PVT) Ltd.,Sani Securities Company Ltd.,2026-04-09 13:44:07.133420,Himalaya Urja Bikas Company Limited
2026040904016562,HURJA,6,37,452,285.0,128820.0,2026-04-09,185807115,2824,Agrawal Securities (PVT) Ltd.,Swarna Laxmi Securities Pvt. Ltd.,2026-04-09 13:44:07.133521,Himalaya Urja Bikas Company Limited
2026040904016583,HURJA,48,37,48,285.0,13680.0,2026-04-09,185807330,2824,Trishakti Securities Public Limited,Swarna Laxmi Securities Pvt. Ltd.,2026-04-09 13:44:35.584076,Himalaya Urja Bikas Company Limited
2026040904016584,HURJA,48,34,100,285.0,28500.0,2026-04-09,185807332,2824,Trishakti Securities Public Limited,Vision Securities Pvt. Ltd,2026-04-09 13:44:35.584111,Himalaya Urja Bikas Company Limited
2026040904016585,HURJA,48,42,142,285.0,40470.0,2026-04-09,185807335,2824,Trishakti Securities Public Limited,Sani Securities Company Ltd.,2026-04-09 13:44:35.584132,Himalaya Urja Bikas Company Limited
2026040904016595,HURJA,48,34,50,285.4,14270.0,2026-04-09,185807367,2824,Trishakti Securities Public Limited,Vision Securities Pvt. Ltd,2026-04-09 13:44:39.725551,Himalaya Urja Bikas Company Limited
2026040904016726,HURJA,13,49,300,284.5,85350.0,2026-04-09,185808068,2824,Thrive Brokerage House Pvt. Ltd,Online Securities Pvt. Ltd.,2026-04-09 13:45:43.435749,Himalaya Urja Bikas Company Limited
2026040904016756,HURJA,48,34,10,285.4,2854.0,2026-04-09,185808215,2824,Trishakti Securities Public Limited,Vision Securities Pvt. Ltd,2026-04-09 13:46:04.056132,Himalaya Urja Bikas Company Limited
2026040904016790,HURJA,48,34,40,285.4,11416.0,2026-04-09,185808483,2824,Trishakti Securities Public Limited,Vision Securities Pvt. Ltd,2026-04-09 13:46:34.112637,Himalaya Urja Bikas Company Limited
2026040904016860,HURJA,48,42,10,285.3,2853.0,2026-04-09,185809054,2824,Trishakti Securities Public Limited,Sani Securities Company Ltd.,2026-04-09 13:47:43.323547,Himalaya Urja Bikas Company Limited
2026040904016861,HURJA,48,34,10,285.4,2854.0,2026-04-09,185809057,2824,Trishakti Securities Public Limited,Vision Securities Pvt. Ltd,2026-04-09 13:47:43.323595,Himalaya Urja Bikas Company Limited
2026040904017006,HURJA,48,42,10,285.3,2853.0,2026-04-09,185810130,2824,Trishakti Securities Public Limited,Sani Securities Company Ltd.,2026-04-09 13:49:22.250499,Himalaya Urja Bikas Company Limited
2026040904017007,HURJA,48,34,10,285.4,2854.0,2026-04-09,185810133,2824,Trishakti Securities Public Limited,Vision Securities Pvt. Ltd,2026-04-09 13:49:22.250590,Himalaya Urja Bikas Company Limited
2026040904017114,HURJA,58,34,25,285.0,7125.0,2026-04-09,185811291,2824,Naasa Securities Co. Ltd.,Vision Securities Pvt. Ltd,2026-04-09 13:50:45.107107,Himalaya Urja Bikas Company Limited
2026040904017116,HURJA,48,34,60,285.0,17100.0,2026-04-09,185811307,2824,Trishakti Securities Public Limited,Vision Securities Pvt. Ltd,2026-04-09 13:50:48.517884,Himalaya Urja Bikas Company Limited
2026040904017119,HURJA,48,34,20,285.0,5700.0,2026-04-09,185811355,2824,Trishakti Securities Public Limited,Vision Securities Pvt. Ltd,2026-04-09 13:50:53.541884,Himalaya Urja Bikas Company Limited
2026040904017127,HURJA,84,64,2000,284.6,569200.0,2026-04-09,185811473,2824,MILKY WAY SHARE BROKER COMPANY LTD ,SUN SECURITIES PVT LTD,2026-04-09 13:51:14.509286,Himalaya Urja Bikas Company Limited
2026040904017128,HURJA,13,64,200,284.5,56900.0,2026-04-09,185811475,2824,Thrive Brokerage House Pvt. Ltd,SUN SECURITIES PVT LTD,2026-04-09 13:51:14.509733,Himalaya Urja Bikas Company Limited
2026040904017129,HURJA,48,64,1000,284.2,284200.0,2026-04-09,185811477,2824,Trishakti Securities Public Limited,SUN SECURITIES PVT LTD,2026-04-09 13:51:14.509907,Himalaya Urja Bikas Company Limited
2026040904017130,HURJA,58,64,400,284.1,113640.0,2026-04-09,185811479,2824,Naasa Securities Co. Ltd.,SUN SECURITIES PVT LTD,2026-04-09 13:51:14.510052,Himalaya Urja Bikas Company Limited
2026040904017131,HURJA,49,64,760,284.0,215840.0,2026-04-09,185811481,2824,Online Securities Pvt. Ltd.,SUN SECURITIES PVT LTD,2026-04-09 13:51:14.510192,Himalaya Urja Bikas Company Limited
2026040904017132,HURJA,48,64,1640,284.0,465760.0,2026-04-09,185811482,2824,Trishakti Securities Public Limited,SUN SECURITIES PVT LTD,2026-04-09 13:51:14.510417,Himalaya Urja Bikas Company Limited
2026040904017175,HURJA,45,64,50,284.0,14200.0,2026-04-09,185811827,2824,Imperial Securities Company Pvt. Ltd.,SUN SECURITIES PVT LTD,2026-04-09 13:51:47.085711,Himalaya Urja Bikas Company Limited
2026040904017176,HURJA,26,64,170,283.7,48229.0,2026-04-09,185811829,2824,Asian Securities Private Ltd.,SUN SECURITIES PVT LTD,2026-04-09 13:51:47.086201,Himalaya Urja Bikas Company Limited
2026040904017177,HURJA,94,64,500,283.7,141850.0,2026-04-09,185811831,2824,K.B.L. Securities Limited ,SUN SECURITIES PVT LTD,2026-04-09 13:51:47.086530,Himalaya Urja Bikas Company Limited
2026040904017178,HURJA,26,64,1000,283.7,283700.0,2026-04-09,185811833,2824,Asian Securities Private Ltd.,SUN SECURITIES PVT LTD,2026-04-09 13:51:47.086819,Himalaya Urja Bikas Company Limited
2026040904017179,HURJA,16,64,2000,283.6,567200.0,2026-04-09,185811835,2824,Primo Securities (PVT) Ltd.,SUN SECURITIES PVT LTD,2026-04-09 13:51:47.087125,Himalaya Urja Bikas Company Limited
2026040904017180,HURJA,84,64,1000,283.6,283600.0,2026-04-09,185811837,2824,MILKY WAY SHARE BROKER COMPANY LTD ,SUN SECURITIES PVT LTD,2026-04-09 13:51:47.087441,Himalaya Urja Bikas Company Limited
2026040904017181,HURJA,3,64,280,283.5,79380.0,2026-04-09,185811838,2824,Arun Securities (PVT) Ltd.,SUN SECURITIES PVT LTD,2026-04-09 13:51:47.087735,Himalaya Urja Bikas Company Limited
2026040904017186,HURJA,48,25,50,284.6,14230.0,2026-04-09,185811950,2824,Trishakti Securities Public Limited,Sweta Securities Private Limited,2026-04-09 13:51:51.657260,Himalaya Urja Bikas Company Limited
2026040904017187,HURJA,48,42,10,285.2,2852.0,2026-04-09,185811952,2824,Trishakti Securities Public Limited,Sani Securities Company Ltd.,2026-04-09 13:51:51.657333,Himalaya Urja Bikas Company Limited
2026040904017188,HURJA,48,58,40,285.3,11412.0,2026-04-09,185811954,2824,Trishakti Securities Public Limited,Naasa Securities Co. Ltd.,2026-04-09 13:51:51.657364,Himalaya Urja Bikas Company Limited
2026040904017189,HURJA,48,34,10,285.4,2854.0,2026-04-09,185811957,2824,Trishakti Securities Public Limited,Vision Securities Pvt. Ltd,2026-04-09 13:51:51.657391,Himalaya Urja Bikas Company Limited
2026040904017209,HURJA,64,34,110,285.4,31394.0,2026-04-09,185812323,2824,SUN SECURITIES PVT LTD,Vision Securities Pvt. Ltd,2026-04-09 13:52:15.908657,Himalaya Urja Bikas Company Limited
