contractId,stockSymbol,buyerMemberId,sellerMemberId,quantity,rate,amount,businessDate,tradeBookId,stockId,buyerBrokerName,sellerBrokerName,transaction_time,securityName
2026040904000098,NGPL,44,75,1700,463.1,787270.0,2026-04-09,185669748,2743,Dynamic Money Managers Securities Pvt. Ltd.,N.I.M.B. Stock Markets Limited,2026-04-09 11:02:35.821558,Ngadi Group Power Ltd.
2026040904000126,NGPL,94,11,100,464.0,46400.0,2026-04-09,185670380,2743,K.B.L. Securities Limited ,Malla & Malla Stock Broking Company Pvt. Limited,2026-04-09 11:03:24.269807,Ngadi Group Power Ltd.
2026040904000306,NGPL,17,45,23,463.5,10660.5,2026-04-09,185672299,2743,ABC Securities Private Limited,Imperial Securities Company Pvt. Ltd.,2026-04-09 11:06:03.727195,Ngadi Group Power Ltd.
2026040904000307,NGPL,33,45,977,463.5,452839.5,2026-04-09,185672300,2743,Dakshinkali Investment & Securities Pvt. Ltd.,Imperial Securities Company Pvt. Ltd.,2026-04-09 11:06:03.727338,Ngadi Group Power Ltd.
2026040904000360,NGPL,33,14,100,463.5,46350.0,2026-04-09,185672968,2743,Dakshinkali Investment & Securities Pvt. Ltd.,Nepal Stock House (PVT) Ltd.,2026-04-09 11:06:44.420955,Ngadi Group Power Ltd.
2026040904000394,NGPL,25,58,223,463.5,103360.5,2026-04-09,185673318,2743,Sweta Securities Private Limited,Naasa Securities Co. Ltd.,2026-04-09 11:07:13.019703,Ngadi Group Power Ltd.
2026040904000399,NGPL,25,34,500,463.5,231750.0,2026-04-09,185673332,2743,Sweta Securities Private Limited,Vision Securities Pvt. Ltd,2026-04-09 11:07:14.571249,Ngadi Group Power Ltd.
2026040904000403,NGPL,25,43,277,463.5,128389.5,2026-04-09,185673367,2743,Sweta Securities Private Limited,South Asian Bulls Pvt. Ltd.,2026-04-09 11:07:17.315882,Ngadi Group Power Ltd.
2026040904000404,NGPL,26,43,100,463.0,46300.0,2026-04-09,185673369,2743,Asian Securities Private Ltd.,South Asian Bulls Pvt. Ltd.,2026-04-09 11:07:17.316052,Ngadi Group Power Ltd.
2026040904000405,NGPL,46,43,18,463.0,8334.0,2026-04-09,185673370,2743,Kalika Securities Pvt. Ltd.,South Asian Bulls Pvt. Ltd.,2026-04-09 11:07:17.316114,Ngadi Group Power Ltd.
2026040904000478,NGPL,25,38,200,464.0,92800.0,2026-04-09,185673908,2743,Sweta Securities Private Limited,Dipshikha Dhitopatra Karobar Co. Pvt Ltd.,2026-04-09 11:08:01.847391,Ngadi Group Power Ltd.
2026040904000547,NGPL,52,33,100,463.2,46320.0,2026-04-09,185674403,2743,Sundhara Securities Limited,Dakshinkali Investment & Securities Pvt. Ltd.,2026-04-09 11:08:28.995895,Ngadi Group Power Ltd.
2026040904000548,NGPL,46,33,982,463.0,454666.0,2026-04-09,185674405,2743,Kalika Securities Pvt. Ltd.,Dakshinkali Investment & Securities Pvt. Ltd.,2026-04-09 11:08:28.996033,Ngadi Group Power Ltd.
2026040904000549,NGPL,58,33,500,463.0,231500.0,2026-04-09,185674407,2743,Naasa Securities Co. Ltd.,Dakshinkali Investment & Securities Pvt. Ltd.,2026-04-09 11:08:28.996095,Ngadi Group Power Ltd.
2026040904000550,NGPL,33,33,418,463.0,193534.0,2026-04-09,185674408,2743,Dakshinkali Investment & Securities Pvt. Ltd.,Dakshinkali Investment & Securities Pvt. Ltd.,2026-04-09 11:08:28.996147,Ngadi Group Power Ltd.
2026040904000580,NGPL,75,28,22,462.0,10164.0,2026-04-09,185674829,2743,N.I.M.B. Stock Markets Limited,Shree Krishna Securities Ltd.,2026-04-09 11:08:58.789232,Ngadi Group Power Ltd.
2026040904000581,NGPL,58,28,3000,462.0,1386000.0,2026-04-09,185674831,2743,Naasa Securities Co. Ltd.,Shree Krishna Securities Ltd.,2026-04-09 11:08:58.789404,Ngadi Group Power Ltd.
2026040904000585,NGPL,38,28,20,462.0,9240.0,2026-04-09,185674843,2743,Dipshikha Dhitopatra Karobar Co. Pvt Ltd.,Shree Krishna Securities Ltd.,2026-04-09 11:09:00.255079,Ngadi Group Power Ltd.
2026040904000723,NGPL,75,58,22,461.0,10142.0,2026-04-09,185675869,2743,N.I.M.B. Stock Markets Limited,Naasa Securities Co. Ltd.,2026-04-09 11:10:02.740057,Ngadi Group Power Ltd.
2026040904000724,NGPL,14,58,300,461.0,138300.0,2026-04-09,185675871,2743,Nepal Stock House (PVT) Ltd.,Naasa Securities Co. Ltd.,2026-04-09 11:10:02.740140,Ngadi Group Power Ltd.
2026040904000725,NGPL,17,58,10,461.0,4610.0,2026-04-09,185675873,2743,ABC Securities Private Limited,Naasa Securities Co. Ltd.,2026-04-09 11:10:02.740166,Ngadi Group Power Ltd.
2026040904000726,NGPL,45,58,500,460.1,230050.0,2026-04-09,185675875,2743,Imperial Securities Company Pvt. Ltd.,Naasa Securities Co. Ltd.,2026-04-09 11:10:02.740191,Ngadi Group Power Ltd.
2026040904000727,NGPL,75,58,22,460.0,10120.0,2026-04-09,185675877,2743,N.I.M.B. Stock Markets Limited,Naasa Securities Co. Ltd.,2026-04-09 11:10:02.740210,Ngadi Group Power Ltd.
2026040904000728,NGPL,51,58,500,460.0,230000.0,2026-04-09,185675879,2743,Oxford Securities Pvt. Ltd.,Naasa Securities Co. Ltd.,2026-04-09 11:10:02.740231,Ngadi Group Power Ltd.
2026040904000729,NGPL,62,58,20,460.0,9200.0,2026-04-09,185675881,2743,Capital Max Securities Ltd,Naasa Securities Co. Ltd.,2026-04-09 11:10:02.740261,Ngadi Group Power Ltd.
2026040904000730,NGPL,57,58,626,460.0,287960.0,2026-04-09,185675882,2743,Aryatara Investment & Securities,Naasa Securities Co. Ltd.,2026-04-09 11:10:02.740282,Ngadi Group Power Ltd.
2026040904000777,NGPL,56,94,500,460.2,230100.0,2026-04-09,185676306,2743,Sri Hari Securities Pvt. Ltd.,K.B.L. Securities Limited ,2026-04-09 11:10:27.261803,Ngadi Group Power Ltd.
2026040904000814,NGPL,57,5,374,460.0,172040.0,2026-04-09,185676665,2743,Aryatara Investment & Securities,Market Securities & Exchange (PVT) Ltd.,2026-04-09 11:10:57.696428,Ngadi Group Power Ltd.
2026040904000815,NGPL,26,5,100,460.0,46000.0,2026-04-09,185676667,2743,Asian Securities Private Ltd.,Market Securities & Exchange (PVT) Ltd.,2026-04-09 11:10:57.696698,Ngadi Group Power Ltd.
2026040904000816,NGPL,75,5,22,459.0,10098.0,2026-04-09,185676669,2743,N.I.M.B. Stock Markets Limited,Market Securities & Exchange (PVT) Ltd.,2026-04-09 11:10:57.696887,Ngadi Group Power Ltd.
2026040904000817,NGPL,58,5,500,459.0,229500.0,2026-04-09,185676671,2743,Naasa Securities Co. Ltd.,Market Securities & Exchange (PVT) Ltd.,2026-04-09 11:10:57.697062,Ngadi Group Power Ltd.
2026040904000818,NGPL,20,5,2000,459.0,918000.0,2026-04-09,185676673,2743,Sipla Securities Private Limited,Market Securities & Exchange (PVT) Ltd.,2026-04-09 11:10:57.697236,Ngadi Group Power Ltd.
2026040904000819,NGPL,58,5,500,459.0,229500.0,2026-04-09,185676675,2743,Naasa Securities Co. Ltd.,Market Securities & Exchange (PVT) Ltd.,2026-04-09 11:10:57.697418,Ngadi Group Power Ltd.
2026040904000866,NGPL,45,58,100,459.0,45900.0,2026-04-09,185676987,2743,Imperial Securities Company Pvt. Ltd.,Naasa Securities Co. Ltd.,2026-04-09 11:11:16.154435,Ngadi Group Power Ltd.
2026040904000867,NGPL,33,58,175,459.0,80325.0,2026-04-09,185676988,2743,Dakshinkali Investment & Securities Pvt. Ltd.,Naasa Securities Co. Ltd.,2026-04-09 11:11:16.154565,Ngadi Group Power Ltd.
2026040904000910,NGPL,33,34,500,459.0,229500.0,2026-04-09,185677254,2743,Dakshinkali Investment & Securities Pvt. Ltd.,Vision Securities Pvt. Ltd,2026-04-09 11:11:34.227650,Ngadi Group Power Ltd.
2026040904000922,NGPL,60,58,20,459.1,9182.0,2026-04-09,185677465,2743,Nagarik Stock Dealer ,Naasa Securities Co. Ltd.,2026-04-09 11:11:45.539240,Ngadi Group Power Ltd.
2026040904000923,NGPL,33,58,105,459.0,48195.0,2026-04-09,185677466,2743,Dakshinkali Investment & Securities Pvt. Ltd.,Naasa Securities Co. Ltd.,2026-04-09 11:11:45.539437,Ngadi Group Power Ltd.
2026040904000927,NGPL,33,5,725,459.0,332775.0,2026-04-09,185677499,2743,Dakshinkali Investment & Securities Pvt. Ltd.,Market Securities & Exchange (PVT) Ltd.,2026-04-09 11:11:49.490167,Ngadi Group Power Ltd.
2026040904000928,NGPL,7,5,275,459.0,126225.0,2026-04-09,185677500,2743,J.F. Securites (PVT) Ltd.,Market Securities & Exchange (PVT) Ltd.,2026-04-09 11:11:49.490310,Ngadi Group Power Ltd.
2026040904000946,NGPL,7,58,20,459.0,9180.0,2026-04-09,185677744,2743,J.F. Securites (PVT) Ltd.,Naasa Securities Co. Ltd.,2026-04-09 11:12:07.314651,Ngadi Group Power Ltd.
2026040904000962,NGPL,7,16,52,459.0,23868.0,2026-04-09,185677982,2743,J.F. Securites (PVT) Ltd.,Primo Securities (PVT) Ltd.,2026-04-09 11:12:27.805427,Ngadi Group Power Ltd.
2026040904001184,NGPL,42,62,50,460.1,23005.0,2026-04-09,185680310,2743,Sani Securities Company Ltd.,Capital Max Securities Ltd,2026-04-09 11:15:39.408810,Ngadi Group Power Ltd.
2026040904001188,NGPL,42,41,13,460.1,5981.3,2026-04-09,185680344,2743,Sani Securities Company Ltd.,Linch Stock Market Ltd.,2026-04-09 11:15:42.723968,Ngadi Group Power Ltd.
2026040904001197,NGPL,44,5,10000,461.8,4618000.0,2026-04-09,185680453,2743,Dynamic Money Managers Securities Pvt. Ltd.,Market Securities & Exchange (PVT) Ltd.,2026-04-09 11:15:51.940531,Ngadi Group Power Ltd.
2026040904001207,NGPL,56,18,500,461.9,230950.0,2026-04-09,185680739,2743,Sri Hari Securities Pvt. Ltd.,Sagarmatha Securities Private Limited,2026-04-09 11:16:12.794420,Ngadi Group Power Ltd.
2026040904001229,NGPL,58,28,1000,462.0,462000.0,2026-04-09,185681241,2743,Naasa Securities Co. Ltd.,Shree Krishna Securities Ltd.,2026-04-09 11:16:32.108338,Ngadi Group Power Ltd.
2026040904001263,NGPL,44,28,958,462.0,442596.0,2026-04-09,185681388,2743,Dynamic Money Managers Securities Pvt. Ltd.,Shree Krishna Securities Ltd.,2026-04-09 11:16:36.251475,Ngadi Group Power Ltd.
2026040904001264,NGPL,44,41,80,462.0,36960.0,2026-04-09,185681390,2743,Dynamic Money Managers Securities Pvt. Ltd.,Linch Stock Market Ltd.,2026-04-09 11:16:36.251655,Ngadi Group Power Ltd.
2026040904001265,NGPL,44,8,50,462.0,23100.0,2026-04-09,185681392,2743,Dynamic Money Managers Securities Pvt. Ltd.,Brilliant Securities Pvt. Ltd.,2026-04-09 11:16:36.251748,Ngadi Group Power Ltd.
2026040904001274,NGPL,45,65,100,463.0,46300.0,2026-04-09,185681525,2743,Imperial Securities Company Pvt. Ltd.,Sharepro Securities Private Limited,2026-04-09 11:16:43.957393,Ngadi Group Power Ltd.
2026040904001296,NGPL,91,65,200,463.0,92600.0,2026-04-09,185681729,2743,Citizens Share Broker Limited,Sharepro Securities Private Limited,2026-04-09 11:16:51.094146,Ngadi Group Power Ltd.
2026040904001328,NGPL,53,65,700,463.0,324100.0,2026-04-09,185682194,2743,Investment Management Nepal Pvt. Ltd.,Sharepro Securities Private Limited,2026-04-09 11:17:08.969675,Ngadi Group Power Ltd.
2026040904001329,NGPL,53,77,590,463.0,273170.0,2026-04-09,185682196,2743,Investment Management Nepal Pvt. Ltd.,Nabil Stock Dealer Ltd.,2026-04-09 11:17:08.969898,Ngadi Group Power Ltd.
2026040904001352,NGPL,52,14,50,464.8,23240.0,2026-04-09,185682400,2743,Sundhara Securities Limited,Nepal Stock House (PVT) Ltd.,2026-04-09 11:17:17.300732,Ngadi Group Power Ltd.
2026040904001353,NGPL,52,62,500,464.8,232400.0,2026-04-09,185682402,2743,Sundhara Securities Limited,Capital Max Securities Ltd,2026-04-09 11:17:17.300840,Ngadi Group Power Ltd.
2026040904001354,NGPL,52,16,510,464.9,237099.0,2026-04-09,185682404,2743,Sundhara Securities Limited,Primo Securities (PVT) Ltd.,2026-04-09 11:17:17.300918,Ngadi Group Power Ltd.
2026040904001355,NGPL,52,38,10,465.0,4650.0,2026-04-09,185682406,2743,Sundhara Securities Limited,Dipshikha Dhitopatra Karobar Co. Pvt Ltd.,2026-04-09 11:17:17.300994,Ngadi Group Power Ltd.
2026040904001356,NGPL,52,62,100,465.0,46500.0,2026-04-09,185682408,2743,Sundhara Securities Limited,Capital Max Securities Ltd,2026-04-09 11:17:17.301068,Ngadi Group Power Ltd.
2026040904001357,NGPL,52,39,30,466.0,13980.0,2026-04-09,185682411,2743,Sundhara Securities Limited,Sumeru Securities Pvt. Ltd.,2026-04-09 11:17:17.301145,Ngadi Group Power Ltd.
2026040904001429,NGPL,36,29,250,465.9,116475.0,2026-04-09,185683044,2743,Secured Securities Ltd.,Trisul Securities & Invt. Ltd.,2026-04-09 11:17:54.418266,Ngadi Group Power Ltd.
2026040904001459,NGPL,44,39,470,466.0,219020.0,2026-04-09,185683320,2743,Dynamic Money Managers Securities Pvt. Ltd.,Sumeru Securities Pvt. Ltd.,2026-04-09 11:18:16.701940,Ngadi Group Power Ltd.
2026040904001460,NGPL,44,14,100,466.9,46690.0,2026-04-09,185683322,2743,Dynamic Money Managers Securities Pvt. Ltd.,Nepal Stock House (PVT) Ltd.,2026-04-09 11:18:16.702276,Ngadi Group Power Ltd.
2026040904001461,NGPL,44,34,20,467.0,9340.0,2026-04-09,185683324,2743,Dynamic Money Managers Securities Pvt. Ltd.,Vision Securities Pvt. Ltd,2026-04-09 11:18:16.702526,Ngadi Group Power Ltd.
2026040904001467,NGPL,44,19,23,467.0,10741.0,2026-04-09,185683434,2743,Dynamic Money Managers Securities Pvt. Ltd.,Nepal Investment And Securities Trading Private Limited,2026-04-09 11:18:19.783063,Ngadi Group Power Ltd.
2026040904001496,NGPL,44,38,150,467.0,70050.0,2026-04-09,185683542,2743,Dynamic Money Managers Securities Pvt. Ltd.,Dipshikha Dhitopatra Karobar Co. Pvt Ltd.,2026-04-09 11:18:28.476130,Ngadi Group Power Ltd.
2026040904001523,NGPL,44,42,37,467.0,17279.0,2026-04-09,185683733,2743,Dynamic Money Managers Securities Pvt. Ltd.,Sani Securities Company Ltd.,2026-04-09 11:18:45.614702,Ngadi Group Power Ltd.
2026040904001539,NGPL,45,38,200,466.0,93200.0,2026-04-09,185683918,2743,Imperial Securities Company Pvt. Ltd.,Dipshikha Dhitopatra Karobar Co. Pvt Ltd.,2026-04-09 11:18:58.729876,Ngadi Group Power Ltd.
2026040904001558,NGPL,53,33,1000,466.0,466000.0,2026-04-09,185684296,2743,Investment Management Nepal Pvt. Ltd.,Dakshinkali Investment & Securities Pvt. Ltd.,2026-04-09 11:19:21.708344,Ngadi Group Power Ltd.
2026040904001578,NGPL,21,42,13,467.0,6071.0,2026-04-09,185684616,2743,Midas Stock Broking Company Private Limited,Sani Securities Company Ltd.,2026-04-09 11:19:43.621092,Ngadi Group Power Ltd.
2026040904001579,NGPL,21,17,50,467.0,23350.0,2026-04-09,185684618,2743,Midas Stock Broking Company Private Limited,ABC Securities Private Limited,2026-04-09 11:19:43.621450,Ngadi Group Power Ltd.
2026040904001580,NGPL,21,3,50,467.0,23350.0,2026-04-09,185684621,2743,Midas Stock Broking Company Private Limited,Arun Securities (PVT) Ltd.,2026-04-09 11:19:43.621670,Ngadi Group Power Ltd.
2026040904001584,NGPL,53,69,52,466.0,24232.0,2026-04-09,185684668,2743,Investment Management Nepal Pvt. Ltd.,INDEX SECURITIES LIMITED,2026-04-09 11:19:47.677648,Ngadi Group Power Ltd.
2026040904001629,NGPL,53,33,658,466.0,306628.0,2026-04-09,185685039,2743,Investment Management Nepal Pvt. Ltd.,Dakshinkali Investment & Securities Pvt. Ltd.,2026-04-09 11:20:09.263900,Ngadi Group Power Ltd.
2026040904001640,NGPL,4,33,50,466.0,23300.0,2026-04-09,185685193,2743,Opal Securities Investment (PVT) Ltd.,Dakshinkali Investment & Securities Pvt. Ltd.,2026-04-09 11:20:21.251728,Ngadi Group Power Ltd.
2026040904001670,NGPL,36,34,100,465.9,46590.0,2026-04-09,185685554,2743,Secured Securities Ltd.,Vision Securities Pvt. Ltd,2026-04-09 11:20:47.231594,Ngadi Group Power Ltd.
2026040904001683,NGPL,36,58,150,465.9,69885.0,2026-04-09,185685703,2743,Secured Securities Ltd.,Naasa Securities Co. Ltd.,2026-04-09 11:20:57.843668,Ngadi Group Power Ltd.
2026040904001709,NGPL,53,58,17,465.9,7920.3,2026-04-09,185685938,2743,Investment Management Nepal Pvt. Ltd.,Naasa Securities Co. Ltd.,2026-04-09 11:21:14.013358,Ngadi Group Power Ltd.
2026040904001710,NGPL,53,33,292,466.0,136072.0,2026-04-09,185685940,2743,Investment Management Nepal Pvt. Ltd.,Dakshinkali Investment & Securities Pvt. Ltd.,2026-04-09 11:21:14.013572,Ngadi Group Power Ltd.
2026040904001728,NGPL,53,101,691,466.0,322006.0,2026-04-09,185686099,2743,Investment Management Nepal Pvt. Ltd.,APPLE SECURITIES PRIVATE LIMITED,2026-04-09 11:21:22.113154,Ngadi Group Power Ltd.
2026040904001868,NGPL,77,33,2000,467.0,934000.0,2026-04-09,185686883,2743,Nabil Stock Dealer Ltd.,Dakshinkali Investment & Securities Pvt. Ltd.,2026-04-09 11:22:04.645525,Ngadi Group Power Ltd.
2026040904001952,NGPL,59,33,2000,466.0,932000.0,2026-04-09,185687690,2743,Deevyaa Securities & Stock House Pvt. Ltd,Dakshinkali Investment & Securities Pvt. Ltd.,2026-04-09 11:23:10.215690,Ngadi Group Power Ltd.
2026040904002013,NGPL,45,49,50,465.4,23270.0,2026-04-09,185688307,2743,Imperial Securities Company Pvt. Ltd.,Online Securities Pvt. Ltd.,2026-04-09 11:23:51.772782,Ngadi Group Power Ltd.
2026040904002014,NGPL,10,49,200,465.3,93060.0,2026-04-09,185688309,2743,Pragyan Securities (PVT) Ltd.,Online Securities Pvt. Ltd.,2026-04-09 11:23:51.773165,Ngadi Group Power Ltd.
2026040904002015,NGPL,56,49,1002,465.1,466030.2,2026-04-09,185688310,2743,Sri Hari Securities Pvt. Ltd.,Online Securities Pvt. Ltd.,2026-04-09 11:23:51.773446,Ngadi Group Power Ltd.
2026040904002049,NGPL,56,99,1000,465.1,465100.0,2026-04-09,185688774,2743,Sri Hari Securities Pvt. Ltd.,Prabhu Stock Market Limited,2026-04-09 11:24:23.339895,Ngadi Group Power Ltd.
2026040904002058,NGPL,56,18,998,465.1,464169.8,2026-04-09,185688839,2743,Sri Hari Securities Pvt. Ltd.,Sagarmatha Securities Private Limited,2026-04-09 11:24:27.326340,Ngadi Group Power Ltd.
2026040904002081,NGPL,58,22,10,465.0,4650.0,2026-04-09,185689097,2743,Naasa Securities Co. Ltd.,Siprabi Securities Pvt. Ltd.,2026-04-09 11:24:45.846983,Ngadi Group Power Ltd.
2026040904002082,NGPL,95,22,90,465.0,41850.0,2026-04-09,185689098,2743,Magnet Securities and Investment Company Private Limited,Siprabi Securities Pvt. Ltd.,2026-04-09 11:24:45.847170,Ngadi Group Power Ltd.
2026040904002109,NGPL,5,26,20,465.2,9304.0,2026-04-09,185689319,2743,Market Securities & Exchange (PVT) Ltd.,Asian Securities Private Ltd.,2026-04-09 11:25:00.896026,Ngadi Group Power Ltd.
2026040904002110,NGPL,95,26,480,465.0,223200.0,2026-04-09,185689320,2743,Magnet Securities and Investment Company Private Limited,Asian Securities Private Ltd.,2026-04-09 11:25:00.896218,Ngadi Group Power Ltd.
2026040904002112,NGPL,95,49,430,465.0,199950.0,2026-04-09,185689337,2743,Magnet Securities and Investment Company Private Limited,Online Securities Pvt. Ltd.,2026-04-09 11:25:01.817100,Ngadi Group Power Ltd.
2026040904002194,NGPL,18,33,30,465.0,13950.0,2026-04-09,185690213,2743,Sagarmatha Securities Private Limited,Dakshinkali Investment & Securities Pvt. Ltd.,2026-04-09 11:26:02.845454,Ngadi Group Power Ltd.
2026040904002226,NGPL,68,33,970,465.0,451050.0,2026-04-09,185690528,2743,Elite Stock House Limited,Dakshinkali Investment & Securities Pvt. Ltd.,2026-04-09 11:26:32.729933,Ngadi Group Power Ltd.
2026040904002227,NGPL,68,49,200,466.0,93200.0,2026-04-09,185690530,2743,Elite Stock House Limited,Online Securities Pvt. Ltd.,2026-04-09 11:26:32.729991,Ngadi Group Power Ltd.
2026040904002228,NGPL,68,33,1830,466.0,852780.0,2026-04-09,185690533,2743,Elite Stock House Limited,Dakshinkali Investment & Securities Pvt. Ltd.,2026-04-09 11:26:32.730042,Ngadi Group Power Ltd.
2026040904002244,NGPL,63,44,500,465.3,232650.0,2026-04-09,185690637,2743,Himalayan Brokerage Company Limited,Dynamic Money Managers Securities Pvt. Ltd.,2026-04-09 11:26:44.266175,Ngadi Group Power Ltd.
2026040904002245,NGPL,52,44,100,463.2,46320.0,2026-04-09,185690639,2743,Sundhara Securities Limited,Dynamic Money Managers Securities Pvt. Ltd.,2026-04-09 11:26:44.266640,Ngadi Group Power Ltd.
2026040904002246,NGPL,34,44,400,462.0,184800.0,2026-04-09,185690640,2743,Vision Securities Pvt. Ltd,Dynamic Money Managers Securities Pvt. Ltd.,2026-04-09 11:26:44.266994,Ngadi Group Power Ltd.
2026040904002288,NGPL,68,33,170,466.0,79220.0,2026-04-09,185690939,2743,Elite Stock House Limited,Dakshinkali Investment & Securities Pvt. Ltd.,2026-04-09 11:27:05.884850,Ngadi Group Power Ltd.
2026040904002340,NGPL,13,63,140,465.0,65100.0,2026-04-09,185691406,2743,Thrive Brokerage House Pvt. Ltd,Himalayan Brokerage Company Limited,2026-04-09 11:27:42.181263,Ngadi Group Power Ltd.
2026040904002367,NGPL,68,47,100,466.0,46600.0,2026-04-09,185691708,2743,Elite Stock House Limited,Neev Securities Pvt. Ltd.,2026-04-09 11:28:16.939258,Ngadi Group Power Ltd.
2026040904002368,NGPL,68,58,500,466.2,233100.0,2026-04-09,185691710,2743,Elite Stock House Limited,Naasa Securities Co. Ltd.,2026-04-09 11:28:16.939310,Ngadi Group Power Ltd.
2026040904002369,NGPL,68,49,2400,467.6,1122240.0,2026-04-09,185691713,2743,Elite Stock House Limited,Online Securities Pvt. Ltd.,2026-04-09 11:28:16.939355,Ngadi Group Power Ltd.
2026040904002399,NGPL,43,48,100,466.0,46600.0,2026-04-09,185691913,2743,South Asian Bulls Pvt. Ltd.,Trishakti Securities Public Limited,2026-04-09 11:28:34.148860,Ngadi Group Power Ltd.
2026040904002407,NGPL,58,48,40,466.0,18640.0,2026-04-09,185691971,2743,Naasa Securities Co. Ltd.,Trishakti Securities Public Limited,2026-04-09 11:28:41.606798,Ngadi Group Power Ltd.
2026040904002413,NGPL,13,75,40,465.0,18600.0,2026-04-09,185692025,2743,Thrive Brokerage House Pvt. Ltd,N.I.M.B. Stock Markets Limited,2026-04-09 11:28:49.891677,Ngadi Group Power Ltd.
2026040904002443,NGPL,44,75,9960,465.0,4631400.0,2026-04-09,185692189,2743,Dynamic Money Managers Securities Pvt. Ltd.,N.I.M.B. Stock Markets Limited,2026-04-09 11:29:11.610872,Ngadi Group Power Ltd.
2026040904002491,NGPL,84,48,569,466.0,265154.0,2026-04-09,185692834,2743,MILKY WAY SHARE BROKER COMPANY LTD ,Trishakti Securities Public Limited,2026-04-09 11:30:20.175767,Ngadi Group Power Ltd.
2026040904002492,NGPL,84,33,4431,466.0,2064846.0,2026-04-09,185692837,2743,MILKY WAY SHARE BROKER COMPANY LTD ,Dakshinkali Investment & Securities Pvt. Ltd.,2026-04-09 11:30:20.176050,Ngadi Group Power Ltd.
2026040904002494,NGPL,66,33,569,466.0,265154.0,2026-04-09,185692842,2743,Miyo Securities Pvt Ltd,Dakshinkali Investment & Securities Pvt. Ltd.,2026-04-09 11:30:20.620290,Ngadi Group Power Ltd.
2026040904002557,NGPL,59,3,50,467.7,23385.0,2026-04-09,185693194,2743,Deevyaa Securities & Stock House Pvt. Ltd,Arun Securities (PVT) Ltd.,2026-04-09 11:30:54.188049,Ngadi Group Power Ltd.
2026040904002558,NGPL,59,14,50,467.8,23390.0,2026-04-09,185693196,2743,Deevyaa Securities & Stock House Pvt. Ltd,Nepal Stock House (PVT) Ltd.,2026-04-09 11:30:54.188269,Ngadi Group Power Ltd.
2026040904002559,NGPL,59,91,300,467.9,140370.0,2026-04-09,185693198,2743,Deevyaa Securities & Stock House Pvt. Ltd,Citizens Share Broker Limited,2026-04-09 11:30:54.188378,Ngadi Group Power Ltd.
2026040904002560,NGPL,59,17,1000,467.9,467900.0,2026-04-09,185693200,2743,Deevyaa Securities & Stock House Pvt. Ltd,ABC Securities Private Limited,2026-04-09 11:30:54.188470,Ngadi Group Power Ltd.
2026040904002616,NGPL,91,5,500,466.2,233100.0,2026-04-09,185693711,2743,Citizens Share Broker Limited,Market Securities & Exchange (PVT) Ltd.,2026-04-09 11:31:26.769687,Ngadi Group Power Ltd.
2026040904002617,NGPL,59,5,600,466.1,279660.0,2026-04-09,185693713,2743,Deevyaa Securities & Stock House Pvt. Ltd,Market Securities & Exchange (PVT) Ltd.,2026-04-09 11:31:26.769769,Ngadi Group Power Ltd.
2026040904002618,NGPL,45,5,100,466.1,46610.0,2026-04-09,185693715,2743,Imperial Securities Company Pvt. Ltd.,Market Securities & Exchange (PVT) Ltd.,2026-04-09 11:31:26.769796,Ngadi Group Power Ltd.
2026040904002619,NGPL,66,5,1050,466.0,489300.0,2026-04-09,185693716,2743,Miyo Securities Pvt Ltd,Market Securities & Exchange (PVT) Ltd.,2026-04-09 11:31:26.769832,Ngadi Group Power Ltd.
2026040904002644,NGPL,66,44,1000,466.0,466000.0,2026-04-09,185693900,2743,Miyo Securities Pvt Ltd,Dynamic Money Managers Securities Pvt. Ltd.,2026-04-09 11:31:40.663254,Ngadi Group Power Ltd.
2026040904002773,NGPL,53,33,1000,468.0,468000.0,2026-04-09,185694717,2743,Investment Management Nepal Pvt. Ltd.,Dakshinkali Investment & Securities Pvt. Ltd.,2026-04-09 11:32:37.344757,Ngadi Group Power Ltd.
2026040904002961,NGPL,45,33,100,466.3,46630.0,2026-04-09,185696017,2743,Imperial Securities Company Pvt. Ltd.,Dakshinkali Investment & Securities Pvt. Ltd.,2026-04-09 11:34:20.385870,Ngadi Group Power Ltd.
2026040904002962,NGPL,4,33,900,466.3,419670.0,2026-04-09,185696018,2743,Opal Securities Investment (PVT) Ltd.,Dakshinkali Investment & Securities Pvt. Ltd.,2026-04-09 11:34:20.386123,Ngadi Group Power Ltd.
2026040904003009,NGPL,42,33,1000,467.0,467000.0,2026-04-09,185696286,2743,Sani Securities Company Ltd.,Dakshinkali Investment & Securities Pvt. Ltd.,2026-04-09 11:34:40.446407,Ngadi Group Power Ltd.
2026040904003056,NGPL,42,34,19,467.0,8873.0,2026-04-09,185696746,2743,Sani Securities Company Ltd.,Vision Securities Pvt. Ltd,2026-04-09 11:35:10.100009,Ngadi Group Power Ltd.
2026040904003064,NGPL,60,58,20,467.5,9350.0,2026-04-09,185696830,2743,Nagarik Stock Dealer ,Naasa Securities Co. Ltd.,2026-04-09 11:35:15.366643,Ngadi Group Power Ltd.
2026040904003065,NGPL,60,45,980,467.7,458346.0,2026-04-09,185696833,2743,Nagarik Stock Dealer ,Imperial Securities Company Pvt. Ltd.,2026-04-09 11:35:15.366903,Ngadi Group Power Ltd.
2026040904003078,NGPL,42,33,31,467.0,14477.0,2026-04-09,185696891,2743,Sani Securities Company Ltd.,Dakshinkali Investment & Securities Pvt. Ltd.,2026-04-09 11:35:20.470702,Ngadi Group Power Ltd.
2026040904003079,NGPL,59,33,460,467.0,214820.0,2026-04-09,185696893,2743,Deevyaa Securities & Stock House Pvt. Ltd,Dakshinkali Investment & Securities Pvt. Ltd.,2026-04-09 11:35:20.470986,Ngadi Group Power Ltd.
2026040904003080,NGPL,46,33,10,467.0,4670.0,2026-04-09,185696895,2743,Kalika Securities Pvt. Ltd.,Dakshinkali Investment & Securities Pvt. Ltd.,2026-04-09 11:35:20.471106,Ngadi Group Power Ltd.
2026040904003090,NGPL,4,33,100,467.0,46700.0,2026-04-09,185697003,2743,Opal Securities Investment (PVT) Ltd.,Dakshinkali Investment & Securities Pvt. Ltd.,2026-04-09 11:35:28.651856,Ngadi Group Power Ltd.
2026040904003107,NGPL,58,33,220,467.0,102740.0,2026-04-09,185697109,2743,Naasa Securities Co. Ltd.,Dakshinkali Investment & Securities Pvt. Ltd.,2026-04-09 11:35:38.519055,Ngadi Group Power Ltd.
2026040904003110,NGPL,44,33,179,467.0,83593.0,2026-04-09,185697214,2743,Dynamic Money Managers Securities Pvt. Ltd.,Dakshinkali Investment & Securities Pvt. Ltd.,2026-04-09 11:35:45.315791,Ngadi Group Power Ltd.
2026040904003111,NGPL,44,45,20,467.7,9354.0,2026-04-09,185697216,2743,Dynamic Money Managers Securities Pvt. Ltd.,Imperial Securities Company Pvt. Ltd.,2026-04-09 11:35:45.315834,Ngadi Group Power Ltd.
2026040904003112,NGPL,44,45,690,467.9,322851.0,2026-04-09,185697218,2743,Dynamic Money Managers Securities Pvt. Ltd.,Imperial Securities Company Pvt. Ltd.,2026-04-09 11:35:45.315863,Ngadi Group Power Ltd.
2026040904003113,NGPL,44,56,15,468.1,7021.5,2026-04-09,185697220,2743,Dynamic Money Managers Securities Pvt. Ltd.,Sri Hari Securities Pvt. Ltd.,2026-04-09 11:35:45.315892,Ngadi Group Power Ltd.
2026040904003114,NGPL,44,78,300,469.0,140700.0,2026-04-09,185697222,2743,Dynamic Money Managers Securities Pvt. Ltd.,Garima Securities Limited,2026-04-09 11:35:45.315918,Ngadi Group Power Ltd.
2026040904003115,NGPL,44,90,50,469.0,23450.0,2026-04-09,185697224,2743,Dynamic Money Managers Securities Pvt. Ltd.,Sajilo Broker Limited,2026-04-09 11:35:45.315962,Ngadi Group Power Ltd.
2026040904003116,NGPL,44,64,200,469.0,93800.0,2026-04-09,185697226,2743,Dynamic Money Managers Securities Pvt. Ltd.,SUN SECURITIES PVT LTD,2026-04-09 11:35:45.315982,Ngadi Group Power Ltd.
2026040904003117,NGPL,44,45,46,469.6,21601.6,2026-04-09,185697229,2743,Dynamic Money Managers Securities Pvt. Ltd.,Imperial Securities Company Pvt. Ltd.,2026-04-09 11:35:45.316012,Ngadi Group Power Ltd.
2026040904003177,NGPL,42,45,10,468.9,4689.0,2026-04-09,185697769,2743,Sani Securities Company Ltd.,Imperial Securities Company Pvt. Ltd.,2026-04-09 11:36:20.698670,Ngadi Group Power Ltd.
2026040904003322,NGPL,58,7,30,467.8,14034.0,2026-04-09,185699053,2743,Naasa Securities Co. Ltd.,J.F. Securites (PVT) Ltd.,2026-04-09 11:37:44.732159,Ngadi Group Power Ltd.
2026040904003401,NGPL,14,33,20,467.1,9342.0,2026-04-09,185699685,2743,Nepal Stock House (PVT) Ltd.,Dakshinkali Investment & Securities Pvt. Ltd.,2026-04-09 11:38:29.595700,Ngadi Group Power Ltd.
2026040904003402,NGPL,7,33,130,467.0,60710.0,2026-04-09,185699687,2743,J.F. Securites (PVT) Ltd.,Dakshinkali Investment & Securities Pvt. Ltd.,2026-04-09 11:38:29.595980,Ngadi Group Power Ltd.
2026040904003403,NGPL,58,33,100,467.0,46700.0,2026-04-09,185699689,2743,Naasa Securities Co. Ltd.,Dakshinkali Investment & Securities Pvt. Ltd.,2026-04-09 11:38:29.596091,Ngadi Group Power Ltd.
2026040904003404,NGPL,51,33,500,467.0,233500.0,2026-04-09,185699691,2743,Oxford Securities Pvt. Ltd.,Dakshinkali Investment & Securities Pvt. Ltd.,2026-04-09 11:38:29.596195,Ngadi Group Power Ltd.
2026040904003433,NGPL,57,33,1000,467.0,467000.0,2026-04-09,185699949,2743,Aryatara Investment & Securities,Dakshinkali Investment & Securities Pvt. Ltd.,2026-04-09 11:38:46.441885,Ngadi Group Power Ltd.
2026040904003438,NGPL,7,45,10,466.9,4669.0,2026-04-09,185699975,2743,J.F. Securites (PVT) Ltd.,Imperial Securities Company Pvt. Ltd.,2026-04-09 11:38:50.939142,Ngadi Group Power Ltd.
2026040904003472,NGPL,38,45,990,466.9,462231.0,2026-04-09,185700190,2743,Dipshikha Dhitopatra Karobar Co. Pvt Ltd.,Imperial Securities Company Pvt. Ltd.,2026-04-09 11:39:02.647583,Ngadi Group Power Ltd.
2026040904003473,NGPL,38,33,2010,467.0,938670.0,2026-04-09,185700193,2743,Dipshikha Dhitopatra Karobar Co. Pvt Ltd.,Dakshinkali Investment & Securities Pvt. Ltd.,2026-04-09 11:39:02.647851,Ngadi Group Power Ltd.
2026040904003492,NGPL,5,33,1200,467.0,560400.0,2026-04-09,185700447,2743,Market Securities & Exchange (PVT) Ltd.,Dakshinkali Investment & Securities Pvt. Ltd.,2026-04-09 11:39:22.418742,Ngadi Group Power Ltd.
2026040904003518,NGPL,36,33,40,467.0,18680.0,2026-04-09,185700618,2743,Secured Securities Ltd.,Dakshinkali Investment & Securities Pvt. Ltd.,2026-04-09 11:39:33.217219,Ngadi Group Power Ltd.
2026040904003519,NGPL,36,29,10,467.0,4670.0,2026-04-09,185700620,2743,Secured Securities Ltd.,Trisul Securities & Invt. Ltd.,2026-04-09 11:39:33.217514,Ngadi Group Power Ltd.
2026040904003528,NGPL,36,33,150,467.0,70050.0,2026-04-09,185700781,2743,Secured Securities Ltd.,Dakshinkali Investment & Securities Pvt. Ltd.,2026-04-09 11:39:43.393784,Ngadi Group Power Ltd.
2026040904003534,NGPL,56,33,61,467.0,28487.0,2026-04-09,185700811,2743,Sri Hari Securities Pvt. Ltd.,Dakshinkali Investment & Securities Pvt. Ltd.,2026-04-09 11:39:45.474359,Ngadi Group Power Ltd.
2026040904003548,NGPL,85,45,400,466.9,186760.0,2026-04-09,185700941,2743,Capital Hub P. Ltd,Imperial Securities Company Pvt. Ltd.,2026-04-09 11:40:00.759230,Ngadi Group Power Ltd.
2026040904003586,NGPL,85,45,100,466.9,46690.0,2026-04-09,185701337,2743,Capital Hub P. Ltd,Imperial Securities Company Pvt. Ltd.,2026-04-09 11:40:26.714046,Ngadi Group Power Ltd.
2026040904003593,NGPL,34,33,10,466.7,4667.0,2026-04-09,185701611,2743,Vision Securities Pvt. Ltd,Dakshinkali Investment & Securities Pvt. Ltd.,2026-04-09 11:40:33.391530,Ngadi Group Power Ltd.
2026040904003594,NGPL,14,33,250,466.6,116650.0,2026-04-09,185701613,2743,Nepal Stock House (PVT) Ltd.,Dakshinkali Investment & Securities Pvt. Ltd.,2026-04-09 11:40:33.391811,Ngadi Group Power Ltd.
2026040904003595,NGPL,65,33,200,466.6,93320.0,2026-04-09,185701615,2743,Sharepro Securities Private Limited,Dakshinkali Investment & Securities Pvt. Ltd.,2026-04-09 11:40:33.391928,Ngadi Group Power Ltd.
2026040904003596,NGPL,45,33,100,466.5,46650.0,2026-04-09,185701617,2743,Imperial Securities Company Pvt. Ltd.,Dakshinkali Investment & Securities Pvt. Ltd.,2026-04-09 11:40:33.392038,Ngadi Group Power Ltd.
2026040904003597,NGPL,57,33,477,466.3,222425.1,2026-04-09,185701619,2743,Aryatara Investment & Securities,Dakshinkali Investment & Securities Pvt. Ltd.,2026-04-09 11:40:33.392155,Ngadi Group Power Ltd.
2026040904003598,NGPL,57,33,150,466.1,69915.0,2026-04-09,185701621,2743,Aryatara Investment & Securities,Dakshinkali Investment & Securities Pvt. Ltd.,2026-04-09 11:40:33.392271,Ngadi Group Power Ltd.
2026040904003599,NGPL,66,33,7381,466.0,3439546.0,2026-04-09,185701623,2743,Miyo Securities Pvt Ltd,Dakshinkali Investment & Securities Pvt. Ltd.,2026-04-09 11:40:33.392389,Ngadi Group Power Ltd.
2026040904003600,NGPL,57,33,1000,466.0,466000.0,2026-04-09,185701625,2743,Aryatara Investment & Securities,Dakshinkali Investment & Securities Pvt. Ltd.,2026-04-09 11:40:33.392496,Ngadi Group Power Ltd.
2026040904003601,NGPL,19,33,60,466.0,27960.0,2026-04-09,185701627,2743,Nepal Investment And Securities Trading Private Limited,Dakshinkali Investment & Securities Pvt. Ltd.,2026-04-09 11:40:33.392606,Ngadi Group Power Ltd.
2026040904003602,NGPL,37,33,90,466.0,41940.0,2026-04-09,185701629,2743,Swarna Laxmi Securities Pvt. Ltd.,Dakshinkali Investment & Securities Pvt. Ltd.,2026-04-09 11:40:33.392714,Ngadi Group Power Ltd.
2026040904003603,NGPL,21,33,1000,466.0,466000.0,2026-04-09,185701631,2743,Midas Stock Broking Company Private Limited,Dakshinkali Investment & Securities Pvt. Ltd.,2026-04-09 11:40:33.392821,Ngadi Group Power Ltd.
2026040904003632,NGPL,5,33,282,466.0,131412.0,2026-04-09,185701848,2743,Market Securities & Exchange (PVT) Ltd.,Dakshinkali Investment & Securities Pvt. Ltd.,2026-04-09 11:40:54.299298,Ngadi Group Power Ltd.
2026040904003633,NGPL,5,45,500,466.9,233450.0,2026-04-09,185701850,2743,Market Securities & Exchange (PVT) Ltd.,Imperial Securities Company Pvt. Ltd.,2026-04-09 11:40:54.299395,Ngadi Group Power Ltd.
2026040904003634,NGPL,5,33,268,467.0,125156.0,2026-04-09,185701853,2743,Market Securities & Exchange (PVT) Ltd.,Dakshinkali Investment & Securities Pvt. Ltd.,2026-04-09 11:40:54.299445,Ngadi Group Power Ltd.
2026040904003642,NGPL,45,95,50,466.0,23300.0,2026-04-09,185701978,2743,Imperial Securities Company Pvt. Ltd.,Magnet Securities and Investment Company Private Limited,2026-04-09 11:41:05.934190,Ngadi Group Power Ltd.
2026040904003697,NGPL,59,33,2000,467.0,934000.0,2026-04-09,185702337,2743,Deevyaa Securities & Stock House Pvt. Ltd,Dakshinkali Investment & Securities Pvt. Ltd.,2026-04-09 11:41:36.110709,Ngadi Group Power Ltd.
2026040904003701,NGPL,33,49,500,466.9,233450.0,2026-04-09,185702389,2743,Dakshinkali Investment & Securities Pvt. Ltd.,Online Securities Pvt. Ltd.,2026-04-09 11:41:42.067885,Ngadi Group Power Ltd.
2026040904003724,NGPL,45,36,50,466.0,23300.0,2026-04-09,185702579,2743,Imperial Securities Company Pvt. Ltd.,Secured Securities Ltd.,2026-04-09 11:42:00.108693,Ngadi Group Power Ltd.
2026040904003756,NGPL,35,36,379,466.0,176614.0,2026-04-09,185702957,2743,Kohinoor Investment & Securities Pvt. Ltd.,Secured Securities Ltd.,2026-04-09 11:42:26.642755,Ngadi Group Power Ltd.
2026040904003764,NGPL,45,36,100,465.1,46510.0,2026-04-09,185703005,2743,Imperial Securities Company Pvt. Ltd.,Secured Securities Ltd.,2026-04-09 11:42:28.895000,Ngadi Group Power Ltd.
2026040904003765,NGPL,20,36,100,465.0,46500.0,2026-04-09,185703006,2743,Sipla Securities Private Limited,Secured Securities Ltd.,2026-04-09 11:42:28.895294,Ngadi Group Power Ltd.
2026040904003823,NGPL,38,36,71,466.0,33086.0,2026-04-09,185703560,2743,Dipshikha Dhitopatra Karobar Co. Pvt Ltd.,Secured Securities Ltd.,2026-04-09 11:43:03.493124,Ngadi Group Power Ltd.
2026040904003824,NGPL,38,33,429,466.0,199914.0,2026-04-09,185703563,2743,Dipshikha Dhitopatra Karobar Co. Pvt Ltd.,Dakshinkali Investment & Securities Pvt. Ltd.,2026-04-09 11:43:03.493650,Ngadi Group Power Ltd.
2026040904003837,NGPL,56,33,2000,466.0,932000.0,2026-04-09,185703611,2743,Sri Hari Securities Pvt. Ltd.,Dakshinkali Investment & Securities Pvt. Ltd.,2026-04-09 11:43:08.431036,Ngadi Group Power Ltd.
2026040904003848,NGPL,35,33,92,466.0,42872.0,2026-04-09,185703754,2743,Kohinoor Investment & Securities Pvt. Ltd.,Dakshinkali Investment & Securities Pvt. Ltd.,2026-04-09 11:43:19.299602,Ngadi Group Power Ltd.
2026040904003908,NGPL,66,33,1000,466.0,466000.0,2026-04-09,185704215,2743,Miyo Securities Pvt Ltd,Dakshinkali Investment & Securities Pvt. Ltd.,2026-04-09 11:43:45.972353,Ngadi Group Power Ltd.
2026040904003964,NGPL,20,33,2000,466.0,932000.0,2026-04-09,185704605,2743,Sipla Securities Private Limited,Dakshinkali Investment & Securities Pvt. Ltd.,2026-04-09 11:44:10.354174,Ngadi Group Power Ltd.
2026040904004037,NGPL,87,45,200,465.9,93180.0,2026-04-09,185705141,2743,S.P.S.A. Securities Limited,Imperial Securities Company Pvt. Ltd.,2026-04-09 11:44:49.802732,Ngadi Group Power Ltd.
2026040904004045,NGPL,25,45,800,465.9,372720.0,2026-04-09,185705196,2743,Sweta Securities Private Limited,Imperial Securities Company Pvt. Ltd.,2026-04-09 11:44:53.260222,Ngadi Group Power Ltd.
2026040904004046,NGPL,25,33,1200,466.0,559200.0,2026-04-09,185705199,2743,Sweta Securities Private Limited,Dakshinkali Investment & Securities Pvt. Ltd.,2026-04-09 11:44:53.260760,Ngadi Group Power Ltd.
2026040904004076,NGPL,61,33,10,466.0,4660.0,2026-04-09,185705477,2743,BHOLE GANESH SECURITIES LTD,Dakshinkali Investment & Securities Pvt. Ltd.,2026-04-09 11:45:10.668450,Ngadi Group Power Ltd.
2026040904004095,NGPL,54,33,640,466.0,298240.0,2026-04-09,185705685,2743,Sewa Securities Pvt. Ltd.,Dakshinkali Investment & Securities Pvt. Ltd.,2026-04-09 11:45:19.310687,Ngadi Group Power Ltd.
2026040904004149,NGPL,14,33,150,466.0,69900.0,2026-04-09,185706198,2743,Nepal Stock House (PVT) Ltd.,Dakshinkali Investment & Securities Pvt. Ltd.,2026-04-09 11:45:44.194819,Ngadi Group Power Ltd.
2026040904004150,NGPL,14,52,150,466.0,69900.0,2026-04-09,185706201,2743,Nepal Stock House (PVT) Ltd.,Sundhara Securities Limited,2026-04-09 11:45:44.195141,Ngadi Group Power Ltd.
2026040904004194,NGPL,34,52,920,466.0,428720.0,2026-04-09,185706498,2743,Vision Securities Pvt. Ltd,Sundhara Securities Limited,2026-04-09 11:46:01.870026,Ngadi Group Power Ltd.
2026040904004282,NGPL,34,33,80,466.0,37280.0,2026-04-09,185706937,2743,Vision Securities Pvt. Ltd,Dakshinkali Investment & Securities Pvt. Ltd.,2026-04-09 11:46:26.189740,Ngadi Group Power Ltd.
2026040904004283,NGPL,57,33,358,466.0,166828.0,2026-04-09,185706939,2743,Aryatara Investment & Securities,Dakshinkali Investment & Securities Pvt. Ltd.,2026-04-09 11:46:26.190068,Ngadi Group Power Ltd.
2026040904004370,NGPL,22,33,100,466.0,46600.0,2026-04-09,185707549,2743,Siprabi Securities Pvt. Ltd.,Dakshinkali Investment & Securities Pvt. Ltd.,2026-04-09 11:47:06.829027,Ngadi Group Power Ltd.
2026040904004542,NGPL,4,41,70,465.6,32592.0,2026-04-09,185708597,2743,Opal Securities Investment (PVT) Ltd.,Linch Stock Market Ltd.,2026-04-09 11:48:07.041439,Ngadi Group Power Ltd.
2026040904004543,NGPL,36,41,50,465.5,23275.0,2026-04-09,185708599,2743,Secured Securities Ltd.,Linch Stock Market Ltd.,2026-04-09 11:48:07.042018,Ngadi Group Power Ltd.
2026040904004544,NGPL,99,41,300,465.5,139650.0,2026-04-09,185708601,2743,Prabhu Stock Market Limited,Linch Stock Market Ltd.,2026-04-09 11:48:07.042488,Ngadi Group Power Ltd.
2026040904004545,NGPL,42,41,35,465.5,16292.5,2026-04-09,185708603,2743,Sani Securities Company Ltd.,Linch Stock Market Ltd.,2026-04-09 11:48:07.042932,Ngadi Group Power Ltd.
2026040904004574,NGPL,26,41,45,465.5,20947.5,2026-04-09,185708786,2743,Asian Securities Private Ltd.,Linch Stock Market Ltd.,2026-04-09 11:48:22.000641,Ngadi Group Power Ltd.
2026040904004637,NGPL,26,49,629,465.5,292799.5,2026-04-09,185709120,2743,Asian Securities Private Ltd.,Online Securities Pvt. Ltd.,2026-04-09 11:48:40.869145,Ngadi Group Power Ltd.
2026040904004638,NGPL,26,33,326,465.5,151753.0,2026-04-09,185709129,2743,Asian Securities Private Ltd.,Dakshinkali Investment & Securities Pvt. Ltd.,2026-04-09 11:48:41.177843,Ngadi Group Power Ltd.
2026040904004639,NGPL,21,33,1000,465.5,465500.0,2026-04-09,185709131,2743,Midas Stock Broking Company Private Limited,Dakshinkali Investment & Securities Pvt. Ltd.,2026-04-09 11:48:41.178160,Ngadi Group Power Ltd.
2026040904004640,NGPL,75,33,100,465.0,46500.0,2026-04-09,185709133,2743,N.I.M.B. Stock Markets Limited,Dakshinkali Investment & Securities Pvt. Ltd.,2026-04-09 11:48:41.178282,Ngadi Group Power Ltd.
2026040904004641,NGPL,34,33,1000,465.0,465000.0,2026-04-09,185709135,2743,Vision Securities Pvt. Ltd,Dakshinkali Investment & Securities Pvt. Ltd.,2026-04-09 11:48:41.178412,Ngadi Group Power Ltd.
2026040904004642,NGPL,95,33,1000,465.0,465000.0,2026-04-09,185709137,2743,Magnet Securities and Investment Company Private Limited,Dakshinkali Investment & Securities Pvt. Ltd.,2026-04-09 11:48:41.178535,Ngadi Group Power Ltd.
2026040904004643,NGPL,90,33,1000,465.0,465000.0,2026-04-09,185709139,2743,Sajilo Broker Limited,Dakshinkali Investment & Securities Pvt. Ltd.,2026-04-09 11:48:41.178655,Ngadi Group Power Ltd.
2026040904004644,NGPL,46,33,10,465.0,4650.0,2026-04-09,185709141,2743,Kalika Securities Pvt. Ltd.,Dakshinkali Investment & Securities Pvt. Ltd.,2026-04-09 11:48:41.178775,Ngadi Group Power Ltd.
2026040904004650,NGPL,60,33,20,465.0,9300.0,2026-04-09,185709251,2743,Nagarik Stock Dealer ,Dakshinkali Investment & Securities Pvt. Ltd.,2026-04-09 11:48:48.943256,Ngadi Group Power Ltd.
2026040904004733,NGPL,36,34,2,462.0,924.0,2026-04-09,185709778,2743,Secured Securities Ltd.,Vision Securities Pvt. Ltd,2026-04-09 11:49:21.411542,Ngadi Group Power Ltd.
2026040904004813,NGPL,62,56,14,466.0,6524.0,2026-04-09,185710334,2743,Capital Max Securities Ltd,Sri Hari Securities Pvt. Ltd.,2026-04-09 11:49:59.242372,Ngadi Group Power Ltd.
2026040904004814,NGPL,62,33,486,466.0,226476.0,2026-04-09,185710337,2743,Capital Max Securities Ltd,Dakshinkali Investment & Securities Pvt. Ltd.,2026-04-09 11:49:59.242637,Ngadi Group Power Ltd.
2026040904004897,NGPL,59,33,2000,466.0,932000.0,2026-04-09,185711027,2743,Deevyaa Securities & Stock House Pvt. Ltd,Dakshinkali Investment & Securities Pvt. Ltd.,2026-04-09 11:50:47.684175,Ngadi Group Power Ltd.
2026040904004915,NGPL,59,33,514,466.0,239524.0,2026-04-09,185711188,2743,Deevyaa Securities & Stock House Pvt. Ltd,Dakshinkali Investment & Securities Pvt. Ltd.,2026-04-09 11:50:54.657364,Ngadi Group Power Ltd.
2026040904005003,NGPL,38,45,990,466.9,462231.0,2026-04-09,185711804,2743,Dipshikha Dhitopatra Karobar Co. Pvt Ltd.,Imperial Securities Company Pvt. Ltd.,2026-04-09 11:51:39.799290,Ngadi Group Power Ltd.
2026040904005028,NGPL,74,52,500,467.0,233500.0,2026-04-09,185712053,2743,KALASH STOCK MARKET PVT. LTD.,Sundhara Securities Limited,2026-04-09 11:51:56.174245,Ngadi Group Power Ltd.
2026040904005070,NGPL,29,52,565,467.0,263855.0,2026-04-09,185712310,2743,Trisul Securities & Invt. Ltd.,Sundhara Securities Limited,2026-04-09 11:52:10.014241,Ngadi Group Power Ltd.
2026040904005071,NGPL,29,52,435,467.0,203145.0,2026-04-09,185712313,2743,Trisul Securities & Invt. Ltd.,Sundhara Securities Limited,2026-04-09 11:52:10.014551,Ngadi Group Power Ltd.
2026040904005081,NGPL,59,52,65,467.0,30355.0,2026-04-09,185712370,2743,Deevyaa Securities & Stock House Pvt. Ltd,Sundhara Securities Limited,2026-04-09 11:52:13.711570,Ngadi Group Power Ltd.
2026040904005082,NGPL,59,1,359,467.0,167653.0,2026-04-09,185712372,2743,Deevyaa Securities & Stock House Pvt. Ltd,Kumari Securities Private Limited,2026-04-09 11:52:13.712135,Ngadi Group Power Ltd.
2026040904005083,NGPL,59,42,76,467.0,35492.0,2026-04-09,185712375,2743,Deevyaa Securities & Stock House Pvt. Ltd,Sani Securities Company Ltd.,2026-04-09 11:52:13.712528,Ngadi Group Power Ltd.
2026040904005088,NGPL,40,42,24,467.0,11208.0,2026-04-09,185712402,2743,Creative Securities Pvt Ltd,Sani Securities Company Ltd.,2026-04-09 11:52:14.936321,Ngadi Group Power Ltd.
2026040904005089,NGPL,40,34,200,467.0,93400.0,2026-04-09,185712408,2743,Creative Securities Pvt Ltd,Vision Securities Pvt. Ltd,2026-04-09 11:52:15.333118,Ngadi Group Power Ltd.
2026040904005195,NGPL,38,7,60,467.8,28068.0,2026-04-09,185713069,2743,Dipshikha Dhitopatra Karobar Co. Pvt Ltd.,J.F. Securites (PVT) Ltd.,2026-04-09 11:52:51.643722,Ngadi Group Power Ltd.
2026040904005303,NGPL,25,45,500,467.1,233550.0,2026-04-09,185713733,2743,Sweta Securities Private Limited,Imperial Securities Company Pvt. Ltd.,2026-04-09 11:53:32.298830,Ngadi Group Power Ltd.
2026040904005304,NGPL,25,45,150,467.1,70065.0,2026-04-09,185713735,2743,Sweta Securities Private Limited,Imperial Securities Company Pvt. Ltd.,2026-04-09 11:53:32.299504,Ngadi Group Power Ltd.
2026040904005305,NGPL,40,45,776,467.0,362392.0,2026-04-09,185713737,2743,Creative Securities Pvt Ltd,Imperial Securities Company Pvt. Ltd.,2026-04-09 11:53:32.299912,Ngadi Group Power Ltd.
2026040904005306,NGPL,54,45,400,467.0,186800.0,2026-04-09,185713739,2743,Sewa Securities Pvt. Ltd.,Imperial Securities Company Pvt. Ltd.,2026-04-09 11:53:32.300301,Ngadi Group Power Ltd.
2026040904005307,NGPL,58,45,300,467.0,140100.0,2026-04-09,185713741,2743,Naasa Securities Co. Ltd.,Imperial Securities Company Pvt. Ltd.,2026-04-09 11:53:32.300740,Ngadi Group Power Ltd.
2026040904005329,NGPL,72,45,200,466.9,93380.0,2026-04-09,185713945,2743,Hatemalo Financial Services Private Limited,Imperial Securities Company Pvt. Ltd.,2026-04-09 11:53:43.880039,Ngadi Group Power Ltd.
2026040904005339,NGPL,64,45,500,466.9,233450.0,2026-04-09,185713983,2743,SUN SECURITIES PVT LTD,Imperial Securities Company Pvt. Ltd.,2026-04-09 11:53:45.524886,Ngadi Group Power Ltd.
2026040904005372,NGPL,42,45,300,466.9,140070.0,2026-04-09,185714296,2743,Sani Securities Company Ltd.,Imperial Securities Company Pvt. Ltd.,2026-04-09 11:54:04.482475,Ngadi Group Power Ltd.
2026040904005373,NGPL,42,45,110,466.9,51359.0,2026-04-09,185714299,2743,Sani Securities Company Ltd.,Imperial Securities Company Pvt. Ltd.,2026-04-09 11:54:04.482797,Ngadi Group Power Ltd.
2026040904005445,NGPL,72,5,500,466.5,233250.0,2026-04-09,185714697,2743,Hatemalo Financial Services Private Limited,Market Securities & Exchange (PVT) Ltd.,2026-04-09 11:54:29.790782,Ngadi Group Power Ltd.
2026040904005446,NGPL,25,5,150,466.5,69975.0,2026-04-09,185714699,2743,Sweta Securities Private Limited,Market Securities & Exchange (PVT) Ltd.,2026-04-09 11:54:29.791075,Ngadi Group Power Ltd.
2026040904005532,NGPL,38,5,20,466.5,9330.0,2026-04-09,185715341,2743,Dipshikha Dhitopatra Karobar Co. Pvt Ltd.,Market Securities & Exchange (PVT) Ltd.,2026-04-09 11:55:06.475800,Ngadi Group Power Ltd.
2026040904005534,NGPL,17,33,10,466.3,4663.0,2026-04-09,185715365,2743,ABC Securities Private Limited,Dakshinkali Investment & Securities Pvt. Ltd.,2026-04-09 11:55:09.154761,Ngadi Group Power Ltd.
2026040904005535,NGPL,72,33,1990,466.3,927937.0,2026-04-09,185715366,2743,Hatemalo Financial Services Private Limited,Dakshinkali Investment & Securities Pvt. Ltd.,2026-04-09 11:55:09.155096,Ngadi Group Power Ltd.
2026040904005684,NGPL,72,38,10,466.3,4663.0,2026-04-09,185716323,2743,Hatemalo Financial Services Private Limited,Dipshikha Dhitopatra Karobar Co. Pvt Ltd.,2026-04-09 11:55:58.661368,Ngadi Group Power Ltd.
2026040904005685,NGPL,25,38,490,466.1,228389.0,2026-04-09,185716324,2743,Sweta Securities Private Limited,Dipshikha Dhitopatra Karobar Co. Pvt Ltd.,2026-04-09 11:55:58.661705,Ngadi Group Power Ltd.
2026040904005697,NGPL,72,5,330,466.5,153945.0,2026-04-09,185716401,2743,Hatemalo Financial Services Private Limited,Market Securities & Exchange (PVT) Ltd.,2026-04-09 11:56:01.706772,Ngadi Group Power Ltd.
2026040904005727,NGPL,25,33,260,466.1,121186.0,2026-04-09,185716629,2743,Sweta Securities Private Limited,Dakshinkali Investment & Securities Pvt. Ltd.,2026-04-09 11:56:11.247982,Ngadi Group Power Ltd.
2026040904005728,NGPL,35,33,42,466.0,19572.0,2026-04-09,185716631,2743,Kohinoor Investment & Securities Pvt. Ltd.,Dakshinkali Investment & Securities Pvt. Ltd.,2026-04-09 11:56:11.248648,Ngadi Group Power Ltd.
2026040904005768,NGPL,95,33,500,466.0,233000.0,2026-04-09,185716953,2743,Magnet Securities and Investment Company Private Limited,Dakshinkali Investment & Securities Pvt. Ltd.,2026-04-09 11:56:25.537444,Ngadi Group Power Ltd.
2026040904005786,NGPL,39,16,62,465.0,28830.0,2026-04-09,185717102,2743,Sumeru Securities Pvt. Ltd.,Primo Securities (PVT) Ltd.,2026-04-09 11:56:32.721607,Ngadi Group Power Ltd.
2026040904005792,NGPL,39,51,50,465.0,23250.0,2026-04-09,185717144,2743,Sumeru Securities Pvt. Ltd.,Oxford Securities Pvt. Ltd.,2026-04-09 11:56:34.415772,Ngadi Group Power Ltd.
2026040904005852,NGPL,59,33,2000,466.0,932000.0,2026-04-09,185717471,2743,Deevyaa Securities & Stock House Pvt. Ltd,Dakshinkali Investment & Securities Pvt. Ltd.,2026-04-09 11:56:47.110498,Ngadi Group Power Ltd.
2026040904005949,NGPL,63,49,500,465.9,232950.0,2026-04-09,185718046,2743,Himalayan Brokerage Company Limited,Online Securities Pvt. Ltd.,2026-04-09 11:57:13.852690,Ngadi Group Power Ltd.
2026040904005961,NGPL,39,13,200,465.0,93000.0,2026-04-09,185718208,2743,Sumeru Securities Pvt. Ltd.,Thrive Brokerage House Pvt. Ltd,2026-04-09 11:57:25.235375,Ngadi Group Power Ltd.
2026040904005991,NGPL,39,33,688,465.0,319920.0,2026-04-09,185718409,2743,Sumeru Securities Pvt. Ltd.,Dakshinkali Investment & Securities Pvt. Ltd.,2026-04-09 11:57:37.917611,Ngadi Group Power Ltd.
2026040904005992,NGPL,35,33,50,465.0,23250.0,2026-04-09,185718411,2743,Kohinoor Investment & Securities Pvt. Ltd.,Dakshinkali Investment & Securities Pvt. Ltd.,2026-04-09 11:57:37.918238,Ngadi Group Power Ltd.
2026040904005993,NGPL,42,33,150,465.0,69750.0,2026-04-09,185718413,2743,Sani Securities Company Ltd.,Dakshinkali Investment & Securities Pvt. Ltd.,2026-04-09 11:57:37.918690,Ngadi Group Power Ltd.
2026040904005994,NGPL,82,33,1000,465.0,465000.0,2026-04-09,185718415,2743,N.M.B. SECURITIES LIMITED,Dakshinkali Investment & Securities Pvt. Ltd.,2026-04-09 11:57:37.919114,Ngadi Group Power Ltd.
2026040904005995,NGPL,66,33,1000,465.0,465000.0,2026-04-09,185718417,2743,Miyo Securities Pvt Ltd,Dakshinkali Investment & Securities Pvt. Ltd.,2026-04-09 11:57:37.919539,Ngadi Group Power Ltd.
2026040904005996,NGPL,57,33,30,465.0,13950.0,2026-04-09,185718419,2743,Aryatara Investment & Securities,Dakshinkali Investment & Securities Pvt. Ltd.,2026-04-09 11:57:37.919929,Ngadi Group Power Ltd.
2026040904006077,NGPL,80,41,1000,464.1,464100.0,2026-04-09,185718902,2743,Indira securities pvt. ltd,Linch Stock Market Ltd.,2026-04-09 11:58:08.205147,Ngadi Group Power Ltd.
2026040904006115,NGPL,75,3,100,464.1,46410.0,2026-04-09,185719262,2743,N.I.M.B. Stock Markets Limited,Arun Securities (PVT) Ltd.,2026-04-09 11:58:29.210474,Ngadi Group Power Ltd.
2026040904006125,NGPL,18,33,10,465.0,4650.0,2026-04-09,185719299,2743,Sagarmatha Securities Private Limited,Dakshinkali Investment & Securities Pvt. Ltd.,2026-04-09 11:58:32.462924,Ngadi Group Power Ltd.
2026040904006261,NGPL,75,33,100,464.1,46410.0,2026-04-09,185720241,2743,N.I.M.B. Stock Markets Limited,Dakshinkali Investment & Securities Pvt. Ltd.,2026-04-09 11:59:34.683091,Ngadi Group Power Ltd.
2026040904006262,NGPL,6,33,500,464.1,232050.0,2026-04-09,185720243,2743,Agrawal Securities (PVT) Ltd.,Dakshinkali Investment & Securities Pvt. Ltd.,2026-04-09 11:59:34.683412,Ngadi Group Power Ltd.
2026040904006263,NGPL,95,33,600,464.0,278400.0,2026-04-09,185720245,2743,Magnet Securities and Investment Company Private Limited,Dakshinkali Investment & Securities Pvt. Ltd.,2026-04-09 11:59:34.683558,Ngadi Group Power Ltd.
2026040904006264,NGPL,49,33,10,464.0,4640.0,2026-04-09,185720247,2743,Online Securities Pvt. Ltd.,Dakshinkali Investment & Securities Pvt. Ltd.,2026-04-09 11:59:34.683699,Ngadi Group Power Ltd.
2026040904006265,NGPL,21,33,1000,464.0,464000.0,2026-04-09,185720249,2743,Midas Stock Broking Company Private Limited,Dakshinkali Investment & Securities Pvt. Ltd.,2026-04-09 11:59:34.683834,Ngadi Group Power Ltd.
2026040904006266,NGPL,25,33,500,464.0,232000.0,2026-04-09,185720251,2743,Sweta Securities Private Limited,Dakshinkali Investment & Securities Pvt. Ltd.,2026-04-09 11:59:34.683971,Ngadi Group Power Ltd.
2026040904006267,NGPL,56,33,2290,464.0,1062560.0,2026-04-09,185720252,2743,Sri Hari Securities Pvt. Ltd.,Dakshinkali Investment & Securities Pvt. Ltd.,2026-04-09 11:59:34.684105,Ngadi Group Power Ltd.
2026040904006297,NGPL,52,51,7,457.0,3199.0,2026-04-09,185720658,2743,Sundhara Securities Limited,Oxford Securities Pvt. Ltd.,2026-04-09 12:00:06.512180,Ngadi Group Power Ltd.
2026040904006337,NGPL,59,40,20,464.9,9298.0,2026-04-09,185720998,2743,Deevyaa Securities & Stock House Pvt. Ltd,Creative Securities Pvt Ltd,2026-04-09 12:00:29.357414,Ngadi Group Power Ltd.
2026040904006338,NGPL,59,14,580,465.0,269700.0,2026-04-09,185721001,2743,Deevyaa Securities & Stock House Pvt. Ltd,Nepal Stock House (PVT) Ltd.,2026-04-09 12:00:29.358048,Ngadi Group Power Ltd.
2026040904006351,NGPL,5,58,200,464.1,92820.0,2026-04-09,185721097,2743,Market Securities & Exchange (PVT) Ltd.,Naasa Securities Co. Ltd.,2026-04-09 12:00:37.234597,Ngadi Group Power Ltd.
2026040904006352,NGPL,56,58,219,464.0,101616.0,2026-04-09,185721098,2743,Sri Hari Securities Pvt. Ltd.,Naasa Securities Co. Ltd.,2026-04-09 12:00:37.234950,Ngadi Group Power Ltd.
2026040904006413,NGPL,72,46,222,464.1,103030.2,2026-04-09,185721538,2743,Hatemalo Financial Services Private Limited,Kalika Securities Pvt. Ltd.,2026-04-09 12:01:08.077800,Ngadi Group Power Ltd.
2026040904006432,NGPL,59,26,500,464.9,232450.0,2026-04-09,185721786,2743,Deevyaa Securities & Stock House Pvt. Ltd,Asian Securities Private Ltd.,2026-04-09 12:01:26.298324,Ngadi Group Power Ltd.
2026040904006433,NGPL,59,14,900,465.0,418500.0,2026-04-09,185721789,2743,Deevyaa Securities & Stock House Pvt. Ltd,Nepal Stock House (PVT) Ltd.,2026-04-09 12:01:26.298658,Ngadi Group Power Ltd.
2026040904006434,NGPL,72,34,209,464.1,96996.9,2026-04-09,185721808,2743,Hatemalo Financial Services Private Limited,Vision Securities Pvt. Ltd,2026-04-09 12:01:28.373663,Ngadi Group Power Ltd.
2026040904006523,NGPL,39,33,1000,464.9,464900.0,2026-04-09,185722493,2743,Sumeru Securities Pvt. Ltd.,Dakshinkali Investment & Securities Pvt. Ltd.,2026-04-09 12:02:24.245561,Ngadi Group Power Ltd.
2026040904006530,NGPL,48,59,133,464.2,61738.6,2026-04-09,185722583,2743,Trishakti Securities Public Limited,Deevyaa Securities & Stock House Pvt. Ltd,2026-04-09 12:02:31.567052,Ngadi Group Power Ltd.
2026040904006531,NGPL,25,59,367,464.2,170361.4,2026-04-09,185722584,2743,Sweta Securities Private Limited,Deevyaa Securities & Stock House Pvt. Ltd,2026-04-09 12:02:31.567408,Ngadi Group Power Ltd.
2026040904006538,NGPL,39,48,500,464.8,232400.0,2026-04-09,185722650,2743,Sumeru Securities Pvt. Ltd.,Trishakti Securities Public Limited,2026-04-09 12:02:36.523172,Ngadi Group Power Ltd.
2026040904006539,NGPL,39,33,500,464.9,232450.0,2026-04-09,185722653,2743,Sumeru Securities Pvt. Ltd.,Dakshinkali Investment & Securities Pvt. Ltd.,2026-04-09 12:02:36.523490,Ngadi Group Power Ltd.
2026040904006552,NGPL,58,8,50,464.8,23240.0,2026-04-09,185722861,2743,Naasa Securities Co. Ltd.,Brilliant Securities Pvt. Ltd.,2026-04-09 12:02:52.959571,Ngadi Group Power Ltd.
2026040904006554,NGPL,7,32,3,459.0,1377.0,2026-04-09,185722882,2743,J.F. Securites (PVT) Ltd.,Premier Securities Company Ltd.,2026-04-09 12:02:55.504338,Ngadi Group Power Ltd.
2026040904006561,NGPL,25,40,90,464.2,41778.0,2026-04-09,185722908,2743,Sweta Securities Private Limited,Creative Securities Pvt Ltd,2026-04-09 12:02:57.897662,Ngadi Group Power Ltd.
2026040904006600,NGPL,26,8,91,464.8,42296.8,2026-04-09,185723343,2743,Asian Securities Private Ltd.,Brilliant Securities Pvt. Ltd.,2026-04-09 12:03:28.262280,Ngadi Group Power Ltd.
2026040904006605,NGPL,35,8,150,464.8,69720.0,2026-04-09,185723375,2743,Kohinoor Investment & Securities Pvt. Ltd.,Brilliant Securities Pvt. Ltd.,2026-04-09 12:03:32.592529,Ngadi Group Power Ltd.
2026040904006606,NGPL,59,8,700,464.8,325360.0,2026-04-09,185723381,2743,Deevyaa Securities & Stock House Pvt. Ltd,Brilliant Securities Pvt. Ltd.,2026-04-09 12:03:34.351700,Ngadi Group Power Ltd.
2026040904006615,NGPL,17,33,2000,464.9,929800.0,2026-04-09,185723461,2743,ABC Securities Private Limited,Dakshinkali Investment & Securities Pvt. Ltd.,2026-04-09 12:03:43.853662,Ngadi Group Power Ltd.
2026040904006628,NGPL,66,88,2100,464.4,975240.0,2026-04-09,185723602,2743,Miyo Securities Pvt Ltd,Blue Chip Securities Ltd,2026-04-09 12:04:01.528138,Ngadi Group Power Ltd.
2026040904006661,NGPL,36,53,1,460.0,460.0,2026-04-09,185723858,2743,Secured Securities Ltd.,Investment Management Nepal Pvt. Ltd.,2026-04-09 12:04:19.013940,Ngadi Group Power Ltd.
2026040904006695,NGPL,58,14,3000,465.0,1395000.0,2026-04-09,185724115,2743,Naasa Securities Co. Ltd.,Nepal Stock House (PVT) Ltd.,2026-04-09 12:04:42.135333,Ngadi Group Power Ltd.
2026040904006711,NGPL,75,14,555,465.0,258075.0,2026-04-09,185724231,2743,N.I.M.B. Stock Markets Limited,Nepal Stock House (PVT) Ltd.,2026-04-09 12:04:57.329726,Ngadi Group Power Ltd.
2026040904006739,NGPL,60,53,30,464.6,13938.0,2026-04-09,185724525,2743,Nagarik Stock Dealer ,Investment Management Nepal Pvt. Ltd.,2026-04-09 12:05:19.571871,Ngadi Group Power Ltd.
2026040904006740,NGPL,25,53,720,464.6,334512.0,2026-04-09,185724526,2743,Sweta Securities Private Limited,Investment Management Nepal Pvt. Ltd.,2026-04-09 12:05:19.572583,Ngadi Group Power Ltd.
2026040904006742,NGPL,50,14,200,465.0,93000.0,2026-04-09,185724581,2743,Cristal Kanchanjanga Securites Pvt. Ltd.,Nepal Stock House (PVT) Ltd.,2026-04-09 12:05:23.657182,Ngadi Group Power Ltd.
2026040904006787,NGPL,22,8,1000,464.9,464900.0,2026-04-09,185724855,2743,Siprabi Securities Pvt. Ltd.,Brilliant Securities Pvt. Ltd.,2026-04-09 12:05:46.021636,Ngadi Group Power Ltd.
2026040904006975,NGPL,62,14,500,465.0,232500.0,2026-04-09,185725493,2743,Capital Max Securities Ltd,Nepal Stock House (PVT) Ltd.,2026-04-09 12:06:20.775053,Ngadi Group Power Ltd.
2026040904006976,NGPL,25,44,280,464.6,130088.0,2026-04-09,185725511,2743,Sweta Securities Private Limited,Dynamic Money Managers Securities Pvt. Ltd.,2026-04-09 12:06:23.655908,Ngadi Group Power Ltd.
2026040904006977,NGPL,60,44,300,464.5,139350.0,2026-04-09,185725513,2743,Nagarik Stock Dealer ,Dynamic Money Managers Securities Pvt. Ltd.,2026-04-09 12:06:23.656274,Ngadi Group Power Ltd.
2026040904006978,NGPL,66,44,1900,464.4,882360.0,2026-04-09,185725515,2743,Miyo Securities Pvt Ltd,Dynamic Money Managers Securities Pvt. Ltd.,2026-04-09 12:06:23.656436,Ngadi Group Power Ltd.
2026040904006979,NGPL,57,44,20,464.3,9286.0,2026-04-09,185725517,2743,Aryatara Investment & Securities,Dynamic Money Managers Securities Pvt. Ltd.,2026-04-09 12:06:23.656584,Ngadi Group Power Ltd.
2026040904006980,NGPL,25,44,1043,464.2,484160.6,2026-04-09,185725519,2743,Sweta Securities Private Limited,Dynamic Money Managers Securities Pvt. Ltd.,2026-04-09 12:06:23.656726,Ngadi Group Power Ltd.
2026040904006981,NGPL,72,44,319,464.1,148047.9,2026-04-09,185725521,2743,Hatemalo Financial Services Private Limited,Dynamic Money Managers Securities Pvt. Ltd.,2026-04-09 12:06:23.656866,Ngadi Group Power Ltd.
2026040904006982,NGPL,63,44,1000,464.1,464100.0,2026-04-09,185725523,2743,Himalayan Brokerage Company Limited,Dynamic Money Managers Securities Pvt. Ltd.,2026-04-09 12:06:23.657012,Ngadi Group Power Ltd.
2026040904006983,NGPL,72,44,150,464.1,69615.0,2026-04-09,185725525,2743,Hatemalo Financial Services Private Limited,Dynamic Money Managers Securities Pvt. Ltd.,2026-04-09 12:06:23.657171,Ngadi Group Power Ltd.
2026040904006984,NGPL,57,44,500,464.1,232050.0,2026-04-09,185725527,2743,Aryatara Investment & Securities,Dynamic Money Managers Securities Pvt. Ltd.,2026-04-09 12:06:23.657336,Ngadi Group Power Ltd.
2026040904006985,NGPL,56,44,491,464.0,227824.0,2026-04-09,185725531,2743,Sri Hari Securities Pvt. Ltd.,Dynamic Money Managers Securities Pvt. Ltd.,2026-04-09 12:06:23.657480,Ngadi Group Power Ltd.
2026040904006986,NGPL,57,44,500,464.0,232000.0,2026-04-09,185725533,2743,Aryatara Investment & Securities,Dynamic Money Managers Securities Pvt. Ltd.,2026-04-09 12:06:23.657640,Ngadi Group Power Ltd.
2026040904006987,NGPL,51,44,300,464.0,139200.0,2026-04-09,185725535,2743,Oxford Securities Pvt. Ltd.,Dynamic Money Managers Securities Pvt. Ltd.,2026-04-09 12:06:23.657799,Ngadi Group Power Ltd.
2026040904006988,NGPL,68,44,250,464.0,116000.0,2026-04-09,185725537,2743,Elite Stock House Limited,Dynamic Money Managers Securities Pvt. Ltd.,2026-04-09 12:06:23.657940,Ngadi Group Power Ltd.
2026040904007202,NGPL,25,8,100,464.9,46490.0,2026-04-09,185727171,2743,Sweta Securities Private Limited,Brilliant Securities Pvt. Ltd.,2026-04-09 12:08:19.601562,Ngadi Group Power Ltd.
2026040904007240,NGPL,69,8,900,464.9,418410.0,2026-04-09,185727492,2743,INDEX SECURITIES LIMITED,Brilliant Securities Pvt. Ltd.,2026-04-09 12:08:49.814711,Ngadi Group Power Ltd.
2026040904007241,NGPL,69,14,150,465.0,69750.0,2026-04-09,185727495,2743,INDEX SECURITIES LIMITED,Nepal Stock House (PVT) Ltd.,2026-04-09 12:08:49.815449,Ngadi Group Power Ltd.
2026040904007262,NGPL,5,14,1000,465.0,465000.0,2026-04-09,185727691,2743,Market Securities & Exchange (PVT) Ltd.,Nepal Stock House (PVT) Ltd.,2026-04-09 12:09:01.478471,Ngadi Group Power Ltd.
2026040904007275,NGPL,5,14,1000,465.0,465000.0,2026-04-09,185727867,2743,Market Securities & Exchange (PVT) Ltd.,Nepal Stock House (PVT) Ltd.,2026-04-09 12:09:16.019689,Ngadi Group Power Ltd.
2026040904007278,NGPL,35,14,10,465.0,4650.0,2026-04-09,185727961,2743,Kohinoor Investment & Securities Pvt. Ltd.,Nepal Stock House (PVT) Ltd.,2026-04-09 12:09:21.209891,Ngadi Group Power Ltd.
2026040904007281,NGPL,36,14,1000,465.0,465000.0,2026-04-09,185727975,2743,Secured Securities Ltd.,Nepal Stock House (PVT) Ltd.,2026-04-09 12:09:22.543256,Ngadi Group Power Ltd.
2026040904007285,NGPL,33,14,100,465.0,46500.0,2026-04-09,185728083,2743,Dakshinkali Investment & Securities Pvt. Ltd.,Nepal Stock House (PVT) Ltd.,2026-04-09 12:09:27.201645,Ngadi Group Power Ltd.
2026040904007314,NGPL,54,14,800,465.0,372000.0,2026-04-09,185728329,2743,Sewa Securities Pvt. Ltd.,Nepal Stock House (PVT) Ltd.,2026-04-09 12:09:43.623248,Ngadi Group Power Ltd.
2026040904007316,NGPL,44,63,10,464.4,4644.0,2026-04-09,185728340,2743,Dynamic Money Managers Securities Pvt. Ltd.,Himalayan Brokerage Company Limited,2026-04-09 12:09:43.768301,Ngadi Group Power Ltd.
2026040904007336,NGPL,36,1,2,455.2,910.4,2026-04-09,185728616,2743,Secured Securities Ltd.,Kumari Securities Private Limited,2026-04-09 12:10:02.929639,Ngadi Group Power Ltd.
2026040904007408,NGPL,36,6,4,460.0,1840.0,2026-04-09,185729128,2743,Secured Securities Ltd.,Agrawal Securities (PVT) Ltd.,2026-04-09 12:10:27.246480,Ngadi Group Power Ltd.
2026040904007416,NGPL,57,14,105,465.0,48825.0,2026-04-09,185729361,2743,Aryatara Investment & Securities,Nepal Stock House (PVT) Ltd.,2026-04-09 12:10:34.646409,Ngadi Group Power Ltd.
2026040904007425,NGPL,54,14,1000,465.0,465000.0,2026-04-09,185729449,2743,Sewa Securities Pvt. Ltd.,Nepal Stock House (PVT) Ltd.,2026-04-09 12:10:43.384495,Ngadi Group Power Ltd.
2026040904007438,NGPL,36,57,1,460.0,460.0,2026-04-09,185729658,2743,Secured Securities Ltd.,Aryatara Investment & Securities,2026-04-09 12:10:50.187276,Ngadi Group Power Ltd.
2026040904007464,NGPL,77,14,100,465.0,46500.0,2026-04-09,185729719,2743,Nabil Stock Dealer Ltd.,Nepal Stock House (PVT) Ltd.,2026-04-09 12:10:51.431151,Ngadi Group Power Ltd.
2026040904007469,NGPL,39,14,700,465.0,325500.0,2026-04-09,185729794,2743,Sumeru Securities Pvt. Ltd.,Nepal Stock House (PVT) Ltd.,2026-04-09 12:10:58.445426,Ngadi Group Power Ltd.
2026040904007523,NGPL,54,44,56,466.0,26096.0,2026-04-09,185730430,2743,Sewa Securities Pvt. Ltd.,Dynamic Money Managers Securities Pvt. Ltd.,2026-04-09 12:11:31.394719,Ngadi Group Power Ltd.
2026040904007524,NGPL,54,17,50,466.0,23300.0,2026-04-09,185730432,2743,Sewa Securities Pvt. Ltd.,ABC Securities Private Limited,2026-04-09 12:11:31.395067,Ngadi Group Power Ltd.
2026040904007525,NGPL,54,57,894,466.0,416604.0,2026-04-09,185730435,2743,Sewa Securities Pvt. Ltd.,Aryatara Investment & Securities,2026-04-09 12:11:31.395221,Ngadi Group Power Ltd.
2026040904007591,NGPL,62,35,71,465.1,33022.1,2026-04-09,185730928,2743,Capital Max Securities Ltd,Kohinoor Investment & Securities Pvt. Ltd.,2026-04-09 12:12:13.229280,Ngadi Group Power Ltd.
2026040904007689,NGPL,94,57,107,466.0,49862.0,2026-04-09,185731640,2743,K.B.L. Securities Limited ,Aryatara Investment & Securities,2026-04-09 12:13:13.833522,Ngadi Group Power Ltd.
2026040904007690,NGPL,94,58,173,466.0,80618.0,2026-04-09,185731642,2743,K.B.L. Securities Limited ,Naasa Securities Co. Ltd.,2026-04-09 12:13:13.833904,Ngadi Group Power Ltd.
2026040904007691,NGPL,94,33,220,466.0,102520.0,2026-04-09,185731645,2743,K.B.L. Securities Limited ,Dakshinkali Investment & Securities Pvt. Ltd.,2026-04-09 12:13:13.834066,Ngadi Group Power Ltd.
2026040904007700,NGPL,58,14,500,465.9,232950.0,2026-04-09,185731782,2743,Naasa Securities Co. Ltd.,Nepal Stock House (PVT) Ltd.,2026-04-09 12:13:25.171632,Ngadi Group Power Ltd.
2026040904007701,NGPL,58,33,500,466.0,233000.0,2026-04-09,185731785,2743,Naasa Securities Co. Ltd.,Dakshinkali Investment & Securities Pvt. Ltd.,2026-04-09 12:13:25.172021,Ngadi Group Power Ltd.
2026040904007707,NGPL,1,33,4280,466.0,1994480.0,2026-04-09,185731834,2743,Kumari Securities Private Limited,Dakshinkali Investment & Securities Pvt. Ltd.,2026-04-09 12:13:29.213504,Ngadi Group Power Ltd.
2026040904007734,NGPL,62,41,129,466.1,60126.9,2026-04-09,185732083,2743,Capital Max Securities Ltd,Linch Stock Market Ltd.,2026-04-09 12:13:47.638882,Ngadi Group Power Ltd.
2026040904007735,NGPL,49,41,131,466.1,61059.1,2026-04-09,185732084,2743,Online Securities Pvt. Ltd.,Linch Stock Market Ltd.,2026-04-09 12:13:47.930602,Ngadi Group Power Ltd.
2026040904007736,NGPL,49,8,169,466.1,78770.9,2026-04-09,185732087,2743,Online Securities Pvt. Ltd.,Brilliant Securities Pvt. Ltd.,2026-04-09 12:13:47.931332,Ngadi Group Power Ltd.
2026040904007750,NGPL,1,45,720,466.0,335520.0,2026-04-09,185732257,2743,Kumari Securities Private Limited,Imperial Securities Company Pvt. Ltd.,2026-04-09 12:14:04.004015,Ngadi Group Power Ltd.
2026040904007751,NGPL,60,45,1000,466.0,466000.0,2026-04-09,185732259,2743,Nagarik Stock Dealer ,Imperial Securities Company Pvt. Ltd.,2026-04-09 12:14:04.004394,Ngadi Group Power Ltd.
2026040904007904,NGPL,62,75,80,465.3,37224.0,2026-04-09,185733426,2743,Capital Max Securities Ltd,N.I.M.B. Stock Markets Limited,2026-04-09 12:15:34.897479,Ngadi Group Power Ltd.
2026040904007959,NGPL,59,33,1335,466.0,622110.0,2026-04-09,185733767,2743,Deevyaa Securities & Stock House Pvt. Ltd,Dakshinkali Investment & Securities Pvt. Ltd.,2026-04-09 12:15:57.048683,Ngadi Group Power Ltd.
2026040904008016,NGPL,46,33,10,466.0,4660.0,2026-04-09,185734127,2743,Kalika Securities Pvt. Ltd.,Dakshinkali Investment & Securities Pvt. Ltd.,2026-04-09 12:16:21.666646,Ngadi Group Power Ltd.
2026040904008076,NGPL,62,4,20,465.3,9306.0,2026-04-09,185734425,2743,Capital Max Securities Ltd,Opal Securities Investment (PVT) Ltd.,2026-04-09 12:16:41.468767,Ngadi Group Power Ltd.
2026040904008093,NGPL,41,33,100,466.0,46600.0,2026-04-09,185734575,2743,Linch Stock Market Ltd.,Dakshinkali Investment & Securities Pvt. Ltd.,2026-04-09 12:16:54.660955,Ngadi Group Power Ltd.
2026040904008108,NGPL,65,33,1600,466.0,745600.0,2026-04-09,185734735,2743,Sharepro Securities Private Limited,Dakshinkali Investment & Securities Pvt. Ltd.,2026-04-09 12:17:07.630904,Ngadi Group Power Ltd.
2026040904008194,NGPL,38,33,1955,466.0,911030.0,2026-04-09,185735542,2743,Dipshikha Dhitopatra Karobar Co. Pvt Ltd.,Dakshinkali Investment & Securities Pvt. Ltd.,2026-04-09 12:17:46.964749,Ngadi Group Power Ltd.
2026040904008195,NGPL,38,81,520,466.0,242320.0,2026-04-09,185735545,2743,Dipshikha Dhitopatra Karobar Co. Pvt Ltd.,Aakashbhairab Securities Ltd.,2026-04-09 12:17:46.965507,Ngadi Group Power Ltd.
2026040904008371,NGPL,66,8,26,466.1,12118.6,2026-04-09,185736658,2743,Miyo Securities Pvt Ltd,Brilliant Securities Pvt. Ltd.,2026-04-09 12:18:55.859688,Ngadi Group Power Ltd.
2026040904008372,NGPL,66,8,974,466.7,454565.8,2026-04-09,185736661,2743,Miyo Securities Pvt Ltd,Brilliant Securities Pvt. Ltd.,2026-04-09 12:18:55.860476,Ngadi Group Power Ltd.
2026040904008382,NGPL,25,33,26,466.1,12118.6,2026-04-09,185736771,2743,Sweta Securities Private Limited,Dakshinkali Investment & Securities Pvt. Ltd.,2026-04-09 12:19:01.427932,Ngadi Group Power Ltd.
2026040904008383,NGPL,51,33,300,466.0,139800.0,2026-04-09,185736773,2743,Oxford Securities Pvt. Ltd.,Dakshinkali Investment & Securities Pvt. Ltd.,2026-04-09 12:19:01.428320,Ngadi Group Power Ltd.
2026040904008388,NGPL,48,33,2674,466.0,1246084.0,2026-04-09,185736814,2743,Trishakti Securities Public Limited,Dakshinkali Investment & Securities Pvt. Ltd.,2026-04-09 12:19:05.523075,Ngadi Group Power Ltd.
2026040904008389,NGPL,48,8,26,466.7,12134.2,2026-04-09,185736816,2743,Trishakti Securities Public Limited,Brilliant Securities Pvt. Ltd.,2026-04-09 12:19:05.523504,Ngadi Group Power Ltd.
2026040904008390,NGPL,48,66,635,466.7,296354.5,2026-04-09,185736818,2743,Trishakti Securities Public Limited,Miyo Securities Pvt Ltd,2026-04-09 12:19:05.523722,Ngadi Group Power Ltd.
2026040904008391,NGPL,48,45,890,466.9,415541.0,2026-04-09,185736820,2743,Trishakti Securities Public Limited,Imperial Securities Company Pvt. Ltd.,2026-04-09 12:19:05.523892,Ngadi Group Power Ltd.
2026040904008392,NGPL,48,45,775,466.9,361847.5,2026-04-09,185736823,2743,Trishakti Securities Public Limited,Imperial Securities Company Pvt. Ltd.,2026-04-09 12:19:05.524128,Ngadi Group Power Ltd.
2026040904008416,NGPL,33,45,500,466.9,233450.0,2026-04-09,185737081,2743,Dakshinkali Investment & Securities Pvt. Ltd.,Imperial Securities Company Pvt. Ltd.,2026-04-09 12:19:25.463782,Ngadi Group Power Ltd.
2026040904008451,NGPL,47,71,700,465.6,325920.0,2026-04-09,185737402,2743,Neev Securities Pvt. Ltd.,SHUBHAKAMANA SECURITIES PVT. LTD,2026-04-09 12:19:47.671908,Ngadi Group Power Ltd.
2026040904008560,NGPL,47,21,100,465.6,46560.0,2026-04-09,185738036,2743,Neev Securities Pvt. Ltd.,Midas Stock Broking Company Private Limited,2026-04-09 12:20:36.797480,Ngadi Group Power Ltd.
2026040904008641,NGPL,47,42,200,465.6,93120.0,2026-04-09,185738739,2743,Neev Securities Pvt. Ltd.,Sani Securities Company Ltd.,2026-04-09 12:21:37.511443,Ngadi Group Power Ltd.
2026040904008642,NGPL,39,42,800,465.6,372480.0,2026-04-09,185738740,2743,Sumeru Securities Pvt. Ltd.,Sani Securities Company Ltd.,2026-04-09 12:21:37.511915,Ngadi Group Power Ltd.
2026040904008664,NGPL,60,21,100,466.0,46600.0,2026-04-09,185738883,2743,Nagarik Stock Dealer ,Midas Stock Broking Company Private Limited,2026-04-09 12:21:42.278641,Ngadi Group Power Ltd.
2026040904008666,NGPL,44,8,1000,466.4,466400.0,2026-04-09,185738916,2743,Dynamic Money Managers Securities Pvt. Ltd.,Brilliant Securities Pvt. Ltd.,2026-04-09 12:21:44.735117,Ngadi Group Power Ltd.
2026040904008667,NGPL,44,45,1005,466.5,468832.5,2026-04-09,185738918,2743,Dynamic Money Managers Securities Pvt. Ltd.,Imperial Securities Company Pvt. Ltd.,2026-04-09 12:21:44.735906,Ngadi Group Power Ltd.
2026040904008668,NGPL,44,45,1000,466.7,466700.0,2026-04-09,185738920,2743,Dynamic Money Managers Securities Pvt. Ltd.,Imperial Securities Company Pvt. Ltd.,2026-04-09 12:21:44.736445,Ngadi Group Power Ltd.
2026040904008669,NGPL,44,33,1995,466.8,931266.0,2026-04-09,185738923,2743,Dynamic Money Managers Securities Pvt. Ltd.,Dakshinkali Investment & Securities Pvt. Ltd.,2026-04-09 12:21:44.736958,Ngadi Group Power Ltd.
2026040904008680,NGPL,77,33,1781,466.8,831370.8,2026-04-09,185739056,2743,Nabil Stock Dealer Ltd.,Dakshinkali Investment & Securities Pvt. Ltd.,2026-04-09 12:21:54.761302,Ngadi Group Power Ltd.
2026040904008681,NGPL,77,45,1000,466.9,466900.0,2026-04-09,185739058,2743,Nabil Stock Dealer Ltd.,Imperial Securities Company Pvt. Ltd.,2026-04-09 12:21:54.761355,Ngadi Group Power Ltd.
2026040904008682,NGPL,77,45,2219,467.0,1036273.0,2026-04-09,185739061,2743,Nabil Stock Dealer Ltd.,Imperial Securities Company Pvt. Ltd.,2026-04-09 12:21:54.761389,Ngadi Group Power Ltd.
2026040904008721,NGPL,48,45,954,466.9,445422.6,2026-04-09,185739526,2743,Trishakti Securities Public Limited,Imperial Securities Company Pvt. Ltd.,2026-04-09 12:22:28.860702,Ngadi Group Power Ltd.
2026040904008722,NGPL,48,45,655,467.0,305885.0,2026-04-09,185739528,2743,Trishakti Securities Public Limited,Imperial Securities Company Pvt. Ltd.,2026-04-09 12:22:28.861104,Ngadi Group Power Ltd.
2026040904008723,NGPL,48,38,1000,467.0,467000.0,2026-04-09,185739530,2743,Trishakti Securities Public Limited,Dipshikha Dhitopatra Karobar Co. Pvt Ltd.,2026-04-09 12:22:28.861280,Ngadi Group Power Ltd.
2026040904008724,NGPL,48,58,100,467.0,46700.0,2026-04-09,185739532,2743,Trishakti Securities Public Limited,Naasa Securities Co. Ltd.,2026-04-09 12:22:28.861464,Ngadi Group Power Ltd.
2026040904008725,NGPL,48,44,100,467.0,46700.0,2026-04-09,185739534,2743,Trishakti Securities Public Limited,Dynamic Money Managers Securities Pvt. Ltd.,2026-04-09 12:22:28.861634,Ngadi Group Power Ltd.
2026040904008730,NGPL,48,44,3000,467.0,1401000.0,2026-04-09,185739552,2743,Trishakti Securities Public Limited,Dynamic Money Managers Securities Pvt. Ltd.,2026-04-09 12:22:29.893067,Ngadi Group Power Ltd.
2026040904008812,NGPL,94,58,400,467.5,187000.0,2026-04-09,185740144,2743,K.B.L. Securities Limited ,Naasa Securities Co. Ltd.,2026-04-09 12:23:17.212708,Ngadi Group Power Ltd.
2026040904008875,NGPL,94,45,100,467.7,46770.0,2026-04-09,185740497,2743,K.B.L. Securities Limited ,Imperial Securities Company Pvt. Ltd.,2026-04-09 12:23:41.329853,Ngadi Group Power Ltd.
2026040904008878,NGPL,5,45,200,467.7,93540.0,2026-04-09,185740539,2743,Market Securities & Exchange (PVT) Ltd.,Imperial Securities Company Pvt. Ltd.,2026-04-09 12:23:42.212771,Ngadi Group Power Ltd.
2026040904008995,NGPL,39,38,100,467.5,46750.0,2026-04-09,185741847,2743,Sumeru Securities Pvt. Ltd.,Dipshikha Dhitopatra Karobar Co. Pvt Ltd.,2026-04-09 12:24:57.923839,Ngadi Group Power Ltd.
2026040904008996,NGPL,58,38,50,467.5,23375.0,2026-04-09,185741848,2743,Naasa Securities Co. Ltd.,Dipshikha Dhitopatra Karobar Co. Pvt Ltd.,2026-04-09 12:24:57.924597,Ngadi Group Power Ltd.
2026040904009016,NGPL,5,45,200,467.7,93540.0,2026-04-09,185742109,2743,Market Securities & Exchange (PVT) Ltd.,Imperial Securities Company Pvt. Ltd.,2026-04-09 12:25:15.606524,Ngadi Group Power Ltd.
2026040904009019,NGPL,75,45,500,467.7,233850.0,2026-04-09,185742130,2743,N.I.M.B. Stock Markets Limited,Imperial Securities Company Pvt. Ltd.,2026-04-09 12:25:18.017883,Ngadi Group Power Ltd.
2026040904009020,NGPL,75,45,1000,467.7,467700.0,2026-04-09,185742132,2743,N.I.M.B. Stock Markets Limited,Imperial Securities Company Pvt. Ltd.,2026-04-09 12:25:18.018588,Ngadi Group Power Ltd.
2026040904009021,NGPL,75,7,10,467.8,4678.0,2026-04-09,185742134,2743,N.I.M.B. Stock Markets Limited,J.F. Securites (PVT) Ltd.,2026-04-09 12:25:18.019123,Ngadi Group Power Ltd.
2026040904009022,NGPL,75,94,100,467.8,46780.0,2026-04-09,185742136,2743,N.I.M.B. Stock Markets Limited,K.B.L. Securities Limited ,2026-04-09 12:25:18.019654,Ngadi Group Power Ltd.
2026040904009023,NGPL,75,25,30,467.8,14034.0,2026-04-09,185742138,2743,N.I.M.B. Stock Markets Limited,Sweta Securities Private Limited,2026-04-09 12:25:18.020201,Ngadi Group Power Ltd.
2026040904009024,NGPL,75,28,1000,467.8,467800.0,2026-04-09,185742140,2743,N.I.M.B. Stock Markets Limited,Shree Krishna Securities Ltd.,2026-04-09 12:25:18.020721,Ngadi Group Power Ltd.
2026040904009025,NGPL,75,33,200,467.9,93580.0,2026-04-09,185742142,2743,N.I.M.B. Stock Markets Limited,Dakshinkali Investment & Securities Pvt. Ltd.,2026-04-09 12:25:18.021252,Ngadi Group Power Ltd.
2026040904009026,NGPL,75,8,160,467.9,74864.0,2026-04-09,185742145,2743,N.I.M.B. Stock Markets Limited,Brilliant Securities Pvt. Ltd.,2026-04-09 12:25:18.021772,Ngadi Group Power Ltd.
2026040904009059,NGPL,48,8,475,467.9,222252.5,2026-04-09,185742489,2743,Trishakti Securities Public Limited,Brilliant Securities Pvt. Ltd.,2026-04-09 12:25:40.214971,Ngadi Group Power Ltd.
2026040904009067,NGPL,14,8,300,467.9,140370.0,2026-04-09,185742571,2743,Nepal Stock House (PVT) Ltd.,Brilliant Securities Pvt. Ltd.,2026-04-09 12:25:46.346997,Ngadi Group Power Ltd.
2026040904009079,NGPL,58,16,450,467.5,210375.0,2026-04-09,185742697,2743,Naasa Securities Co. Ltd.,Primo Securities (PVT) Ltd.,2026-04-09 12:25:57.756838,Ngadi Group Power Ltd.
2026040904009081,NGPL,58,16,45,467.5,21037.5,2026-04-09,185742717,2743,Naasa Securities Co. Ltd.,Primo Securities (PVT) Ltd.,2026-04-09 12:25:58.616994,Ngadi Group Power Ltd.
2026040904009128,NGPL,48,44,1691,467.1,789866.1,2026-04-09,185743191,2743,Trishakti Securities Public Limited,Dynamic Money Managers Securities Pvt. Ltd.,2026-04-09 12:26:40.791212,Ngadi Group Power Ltd.
2026040904009133,NGPL,38,44,26,467.1,12144.6,2026-04-09,185743207,2743,Dipshikha Dhitopatra Karobar Co. Pvt Ltd.,Dynamic Money Managers Securities Pvt. Ltd.,2026-04-09 12:26:41.531729,Ngadi Group Power Ltd.
2026040904009296,NGPL,44,50,23,466.1,10720.3,2026-04-09,185744810,2743,Dynamic Money Managers Securities Pvt. Ltd.,Cristal Kanchanjanga Securites Pvt. Ltd.,2026-04-09 12:28:44.768301,Ngadi Group Power Ltd.
2026040904009320,NGPL,58,44,200,467.0,93400.0,2026-04-09,185744871,2743,Naasa Securities Co. Ltd.,Dynamic Money Managers Securities Pvt. Ltd.,2026-04-09 12:28:48.462639,Ngadi Group Power Ltd.
2026040904009359,NGPL,22,44,100,467.0,46700.0,2026-04-09,185745223,2743,Siprabi Securities Pvt. Ltd.,Dynamic Money Managers Securities Pvt. Ltd.,2026-04-09 12:29:07.956721,Ngadi Group Power Ltd.
2026040904009434,NGPL,49,8,65,466.9,30348.5,2026-04-09,185746032,2743,Online Securities Pvt. Ltd.,Brilliant Securities Pvt. Ltd.,2026-04-09 12:30:00.296737,Ngadi Group Power Ltd.
2026040904009435,NGPL,49,44,435,467.0,203145.0,2026-04-09,185746035,2743,Online Securities Pvt. Ltd.,Dynamic Money Managers Securities Pvt. Ltd.,2026-04-09 12:30:00.296795,Ngadi Group Power Ltd.
2026040904009527,NGPL,48,8,990,466.9,462231.0,2026-04-09,185746802,2743,Trishakti Securities Public Limited,Brilliant Securities Pvt. Ltd.,2026-04-09 12:30:48.227967,Ngadi Group Power Ltd.
2026040904009528,NGPL,48,44,1265,467.0,590755.0,2026-04-09,185746804,2743,Trishakti Securities Public Limited,Dynamic Money Managers Securities Pvt. Ltd.,2026-04-09 12:30:48.228403,Ngadi Group Power Ltd.
2026040904009552,NGPL,48,44,283,467.1,132189.3,2026-04-09,185747014,2743,Trishakti Securities Public Limited,Dynamic Money Managers Securities Pvt. Ltd.,2026-04-09 12:31:02.876180,Ngadi Group Power Ltd.
2026040904009597,NGPL,48,44,217,467.1,101360.7,2026-04-09,185747275,2743,Trishakti Securities Public Limited,Dynamic Money Managers Securities Pvt. Ltd.,2026-04-09 12:31:20.320897,Ngadi Group Power Ltd.
2026040904009598,NGPL,49,44,50,467.1,23355.0,2026-04-09,185747277,2743,Online Securities Pvt. Ltd.,Dynamic Money Managers Securities Pvt. Ltd.,2026-04-09 12:31:20.321697,Ngadi Group Power Ltd.
2026040904009599,NGPL,48,44,1245,467.0,581415.0,2026-04-09,185747279,2743,Trishakti Securities Public Limited,Dynamic Money Managers Securities Pvt. Ltd.,2026-04-09 12:31:20.322216,Ngadi Group Power Ltd.
2026040904009630,NGPL,1,44,150,467.0,70050.0,2026-04-09,185747415,2743,Kumari Securities Private Limited,Dynamic Money Managers Securities Pvt. Ltd.,2026-04-09 12:31:26.856812,Ngadi Group Power Ltd.
2026040904009652,NGPL,48,44,338,467.0,157846.0,2026-04-09,185747602,2743,Trishakti Securities Public Limited,Dynamic Money Managers Securities Pvt. Ltd.,2026-04-09 12:31:39.229136,Ngadi Group Power Ltd.
2026040904009653,NGPL,48,8,10,467.4,4674.0,2026-04-09,185747604,2743,Trishakti Securities Public Limited,Brilliant Securities Pvt. Ltd.,2026-04-09 12:31:39.229574,Ngadi Group Power Ltd.
2026040904009654,NGPL,48,16,152,467.5,71060.0,2026-04-09,185747607,2743,Trishakti Securities Public Limited,Primo Securities (PVT) Ltd.,2026-04-09 12:31:39.229752,Ngadi Group Power Ltd.
2026040904009685,NGPL,44,49,67,466.1,31228.7,2026-04-09,185747859,2743,Dynamic Money Managers Securities Pvt. Ltd.,Online Securities Pvt. Ltd.,2026-04-09 12:31:54.350161,Ngadi Group Power Ltd.
2026040904009686,NGPL,51,49,10,466.1,4661.0,2026-04-09,185747861,2743,Oxford Securities Pvt. Ltd.,Online Securities Pvt. Ltd.,2026-04-09 12:31:54.350603,Ngadi Group Power Ltd.
2026040904009687,NGPL,74,49,1000,466.1,466100.0,2026-04-09,185747863,2743,KALASH STOCK MARKET PVT. LTD.,Online Securities Pvt. Ltd.,2026-04-09 12:31:54.350785,Ngadi Group Power Ltd.
2026040904009688,NGPL,74,49,200,466.1,93220.0,2026-04-09,185747864,2743,KALASH STOCK MARKET PVT. LTD.,Online Securities Pvt. Ltd.,2026-04-09 12:31:54.350960,Ngadi Group Power Ltd.
2026040904009773,NGPL,74,88,100,466.1,46610.0,2026-04-09,185748461,2743,KALASH STOCK MARKET PVT. LTD.,Blue Chip Securities Ltd,2026-04-09 12:32:33.319056,Ngadi Group Power Ltd.
2026040904009774,NGPL,56,88,19,466.1,8855.9,2026-04-09,185748463,2743,Sri Hari Securities Pvt. Ltd.,Blue Chip Securities Ltd,2026-04-09 12:32:33.319457,Ngadi Group Power Ltd.
2026040904009775,NGPL,42,88,1000,466.1,466100.0,2026-04-09,185748465,2743,Sani Securities Company Ltd.,Blue Chip Securities Ltd,2026-04-09 12:32:33.319659,Ngadi Group Power Ltd.
2026040904009776,NGPL,17,88,85,466.1,39618.5,2026-04-09,185748467,2743,ABC Securities Private Limited,Blue Chip Securities Ltd,2026-04-09 12:32:33.319870,Ngadi Group Power Ltd.
2026040904009777,NGPL,25,88,100,466.0,46600.0,2026-04-09,185748469,2743,Sweta Securities Private Limited,Blue Chip Securities Ltd,2026-04-09 12:32:33.320199,Ngadi Group Power Ltd.
2026040904009778,NGPL,95,88,200,466.0,93200.0,2026-04-09,185748471,2743,Magnet Securities and Investment Company Private Limited,Blue Chip Securities Ltd,2026-04-09 12:32:33.320421,Ngadi Group Power Ltd.
2026040904009779,NGPL,41,88,150,466.0,69900.0,2026-04-09,185748473,2743,Linch Stock Market Ltd.,Blue Chip Securities Ltd,2026-04-09 12:32:33.320730,Ngadi Group Power Ltd.
2026040904009780,NGPL,32,88,1000,466.0,466000.0,2026-04-09,185748475,2743,Premier Securities Company Ltd.,Blue Chip Securities Ltd,2026-04-09 12:32:33.320931,Ngadi Group Power Ltd.
2026040904009843,NGPL,57,54,5,467.0,2335.0,2026-04-09,185748882,2743,Aryatara Investment & Securities,Sewa Securities Pvt. Ltd.,2026-04-09 12:33:00.305614,Ngadi Group Power Ltd.
2026040904009855,NGPL,34,88,1000,466.0,466000.0,2026-04-09,185748963,2743,Vision Securities Pvt. Ltd,Blue Chip Securities Ltd,2026-04-09 12:33:05.553145,Ngadi Group Power Ltd.
2026040904009862,NGPL,50,6,50,465.7,23285.0,2026-04-09,185749045,2743,Cristal Kanchanjanga Securites Pvt. Ltd.,Agrawal Securities (PVT) Ltd.,2026-04-09 12:33:09.351661,Ngadi Group Power Ltd.
2026040904009863,NGPL,39,6,200,465.6,93120.0,2026-04-09,185749047,2743,Sumeru Securities Pvt. Ltd.,Agrawal Securities (PVT) Ltd.,2026-04-09 12:33:09.352081,Ngadi Group Power Ltd.
2026040904009864,NGPL,21,6,32,465.6,14899.2,2026-04-09,185749048,2743,Midas Stock Broking Company Private Limited,Agrawal Securities (PVT) Ltd.,2026-04-09 12:33:09.352328,Ngadi Group Power Ltd.
2026040904009897,NGPL,21,40,23,465.6,10708.8,2026-04-09,185749316,2743,Midas Stock Broking Company Private Limited,Creative Securities Pvt Ltd,2026-04-09 12:33:33.490265,Ngadi Group Power Ltd.
2026040904009900,NGPL,21,44,95,465.6,44232.0,2026-04-09,185749335,2743,Midas Stock Broking Company Private Limited,Dynamic Money Managers Securities Pvt. Ltd.,2026-04-09 12:33:35.252453,Ngadi Group Power Ltd.
2026040904009901,NGPL,58,44,500,465.6,232800.0,2026-04-09,185749337,2743,Naasa Securities Co. Ltd.,Dynamic Money Managers Securities Pvt. Ltd.,2026-04-09 12:33:35.252871,Ngadi Group Power Ltd.
2026040904009902,NGPL,35,44,1000,465.6,465600.0,2026-04-09,185749339,2743,Kohinoor Investment & Securities Pvt. Ltd.,Dynamic Money Managers Securities Pvt. Ltd.,2026-04-09 12:33:35.253050,Ngadi Group Power Ltd.
2026040904009903,NGPL,57,44,500,465.6,232800.0,2026-04-09,185749341,2743,Aryatara Investment & Securities,Dynamic Money Managers Securities Pvt. Ltd.,2026-04-09 12:33:35.253238,Ngadi Group Power Ltd.
2026040904009904,NGPL,39,44,1000,465.5,465500.0,2026-04-09,185749343,2743,Sumeru Securities Pvt. Ltd.,Dynamic Money Managers Securities Pvt. Ltd.,2026-04-09 12:33:35.253426,Ngadi Group Power Ltd.
2026040904009905,NGPL,48,44,6905,465.5,3214277.5,2026-04-09,185749344,2743,Trishakti Securities Public Limited,Dynamic Money Managers Securities Pvt. Ltd.,2026-04-09 12:33:35.253608,Ngadi Group Power Ltd.
2026040904009925,NGPL,63,88,1000,466.0,466000.0,2026-04-09,185749485,2743,Himalayan Brokerage Company Limited,Blue Chip Securities Ltd,2026-04-09 12:33:42.501824,Ngadi Group Power Ltd.
2026040904009929,NGPL,34,88,20,466.0,9320.0,2026-04-09,185749527,2743,Vision Securities Pvt. Ltd,Blue Chip Securities Ltd,2026-04-09 12:33:47.627920,Ngadi Group Power Ltd.
2026040904009943,NGPL,45,34,500,465.6,232800.0,2026-04-09,185749697,2743,Imperial Securities Company Pvt. Ltd.,Vision Securities Pvt. Ltd,2026-04-09 12:33:58.328202,Ngadi Group Power Ltd.
2026040904009972,NGPL,58,34,339,465.6,157838.4,2026-04-09,185749916,2743,Naasa Securities Co. Ltd.,Vision Securities Pvt. Ltd,2026-04-09 12:34:15.291554,Ngadi Group Power Ltd.
2026040904009973,NGPL,58,88,161,466.0,75026.0,2026-04-09,185749919,2743,Naasa Securities Co. Ltd.,Blue Chip Securities Ltd,2026-04-09 12:34:15.292362,Ngadi Group Power Ltd.
2026040904010063,NGPL,65,88,1000,466.0,466000.0,2026-04-09,185750617,2743,Sharepro Securities Private Limited,Blue Chip Securities Ltd,2026-04-09 12:35:04.516215,Ngadi Group Power Ltd.
2026040904010093,NGPL,49,88,165,466.0,76890.0,2026-04-09,185750924,2743,Online Securities Pvt. Ltd.,Blue Chip Securities Ltd,2026-04-09 12:35:28.751511,Ngadi Group Power Ltd.
2026040904010120,NGPL,49,3,100,466.0,46600.0,2026-04-09,185751082,2743,Online Securities Pvt. Ltd.,Arun Securities (PVT) Ltd.,2026-04-09 12:35:40.980101,Ngadi Group Power Ltd.
2026040904010168,NGPL,49,44,15,466.0,6990.0,2026-04-09,185751397,2743,Online Securities Pvt. Ltd.,Dynamic Money Managers Securities Pvt. Ltd.,2026-04-09 12:36:04.343436,Ngadi Group Power Ltd.
2026040904010187,NGPL,48,44,700,466.0,326200.0,2026-04-09,185751531,2743,Trishakti Securities Public Limited,Dynamic Money Managers Securities Pvt. Ltd.,2026-04-09 12:36:14.595576,Ngadi Group Power Ltd.
2026040904010197,NGPL,64,3,100,465.5,46550.0,2026-04-09,185751590,2743,SUN SECURITIES PVT LTD,Arun Securities (PVT) Ltd.,2026-04-09 12:36:19.864403,Ngadi Group Power Ltd.
2026040904010207,NGPL,64,3,100,465.5,46550.0,2026-04-09,185751710,2743,SUN SECURITIES PVT LTD,Arun Securities (PVT) Ltd.,2026-04-09 12:36:31.491084,Ngadi Group Power Ltd.
2026040904010292,NGPL,64,44,300,465.5,139650.0,2026-04-09,185752156,2743,SUN SECURITIES PVT LTD,Dynamic Money Managers Securities Pvt. Ltd.,2026-04-09 12:36:59.050593,Ngadi Group Power Ltd.
2026040904010316,NGPL,48,44,500,466.0,233000.0,2026-04-09,185752403,2743,Trishakti Securities Public Limited,Dynamic Money Managers Securities Pvt. Ltd.,2026-04-09 12:37:22.183111,Ngadi Group Power Ltd.
2026040904010325,NGPL,5,58,4,457.0,1828.0,2026-04-09,185752526,2743,Market Securities & Exchange (PVT) Ltd.,Naasa Securities Co. Ltd.,2026-04-09 12:37:31.849035,Ngadi Group Power Ltd.
2026040904010356,NGPL,39,44,500,465.5,232750.0,2026-04-09,185752773,2743,Sumeru Securities Pvt. Ltd.,Dynamic Money Managers Securities Pvt. Ltd.,2026-04-09 12:37:48.927991,Ngadi Group Power Ltd.
2026040904010357,NGPL,39,44,200,465.5,93100.0,2026-04-09,185752775,2743,Sumeru Securities Pvt. Ltd.,Dynamic Money Managers Securities Pvt. Ltd.,2026-04-09 12:37:48.928398,Ngadi Group Power Ltd.
2026040904010358,NGPL,63,44,750,465.5,349125.0,2026-04-09,185752777,2743,Himalayan Brokerage Company Limited,Dynamic Money Managers Securities Pvt. Ltd.,2026-04-09 12:37:48.928577,Ngadi Group Power Ltd.
2026040904010359,NGPL,42,44,44,465.4,20477.6,2026-04-09,185752779,2743,Sani Securities Company Ltd.,Dynamic Money Managers Securities Pvt. Ltd.,2026-04-09 12:37:48.928751,Ngadi Group Power Ltd.
2026040904010360,NGPL,57,44,500,465.4,232700.0,2026-04-09,185752781,2743,Aryatara Investment & Securities,Dynamic Money Managers Securities Pvt. Ltd.,2026-04-09 12:37:48.928921,Ngadi Group Power Ltd.
2026040904010361,NGPL,34,44,200,465.3,93060.0,2026-04-09,185752783,2743,Vision Securities Pvt. Ltd,Dynamic Money Managers Securities Pvt. Ltd.,2026-04-09 12:37:48.929114,Ngadi Group Power Ltd.
2026040904010362,NGPL,48,44,3095,465.3,1440103.5,2026-04-09,185752785,2743,Trishakti Securities Public Limited,Dynamic Money Managers Securities Pvt. Ltd.,2026-04-09 12:37:48.929287,Ngadi Group Power Ltd.
2026040904010363,NGPL,57,44,500,465.2,232600.0,2026-04-09,185752787,2743,Aryatara Investment & Securities,Dynamic Money Managers Securities Pvt. Ltd.,2026-04-09 12:37:48.929475,Ngadi Group Power Ltd.
2026040904010364,NGPL,39,44,500,465.1,232550.0,2026-04-09,185752789,2743,Sumeru Securities Pvt. Ltd.,Dynamic Money Managers Securities Pvt. Ltd.,2026-04-09 12:37:48.929646,Ngadi Group Power Ltd.
2026040904010365,NGPL,58,44,1000,465.1,465100.0,2026-04-09,185752791,2743,Naasa Securities Co. Ltd.,Dynamic Money Managers Securities Pvt. Ltd.,2026-04-09 12:37:48.929817,Ngadi Group Power Ltd.
2026040904010366,NGPL,35,44,2711,465.1,1260886.1,2026-04-09,185752792,2743,Kohinoor Investment & Securities Pvt. Ltd.,Dynamic Money Managers Securities Pvt. Ltd.,2026-04-09 12:37:48.929986,Ngadi Group Power Ltd.
2026040904010399,NGPL,35,49,105,465.1,48835.5,2026-04-09,185753092,2743,Kohinoor Investment & Securities Pvt. Ltd.,Online Securities Pvt. Ltd.,2026-04-09 12:38:06.584877,Ngadi Group Power Ltd.
2026040904010407,NGPL,35,14,184,465.1,85578.4,2026-04-09,185753135,2743,Kohinoor Investment & Securities Pvt. Ltd.,Nepal Stock House (PVT) Ltd.,2026-04-09 12:38:08.272477,Ngadi Group Power Ltd.
2026040904010408,NGPL,39,14,316,465.1,146971.6,2026-04-09,185753136,2743,Sumeru Securities Pvt. Ltd.,Nepal Stock House (PVT) Ltd.,2026-04-09 12:38:08.272860,Ngadi Group Power Ltd.
2026040904010438,NGPL,45,44,500,466.0,233000.0,2026-04-09,185753439,2743,Imperial Securities Company Pvt. Ltd.,Dynamic Money Managers Securities Pvt. Ltd.,2026-04-09 12:38:25.546243,Ngadi Group Power Ltd.
2026040904010440,NGPL,49,44,15,466.0,6990.0,2026-04-09,185753445,2743,Online Securities Pvt. Ltd.,Dynamic Money Managers Securities Pvt. Ltd.,2026-04-09 12:38:26.361521,Ngadi Group Power Ltd.
2026040904010441,NGPL,35,44,1000,466.0,466000.0,2026-04-09,185753447,2743,Kohinoor Investment & Securities Pvt. Ltd.,Dynamic Money Managers Securities Pvt. Ltd.,2026-04-09 12:38:26.481385,Ngadi Group Power Ltd.
2026040904010459,NGPL,66,44,500,466.0,233000.0,2026-04-09,185753563,2743,Miyo Securities Pvt Ltd,Dynamic Money Managers Securities Pvt. Ltd.,2026-04-09 12:38:34.855954,Ngadi Group Power Ltd.
2026040904010463,NGPL,98,44,500,466.0,233000.0,2026-04-09,185753662,2743,Trademow Securities Private Limited,Dynamic Money Managers Securities Pvt. Ltd.,2026-04-09 12:38:38.868243,Ngadi Group Power Ltd.
2026040904010511,NGPL,34,44,20,466.0,9320.0,2026-04-09,185753925,2743,Vision Securities Pvt. Ltd,Dynamic Money Managers Securities Pvt. Ltd.,2026-04-09 12:38:54.868744,Ngadi Group Power Ltd.
2026040904010616,NGPL,62,63,1000,465.3,465300.0,2026-04-09,185754747,2743,Capital Max Securities Ltd,Himalayan Brokerage Company Limited,2026-04-09 12:39:56.635980,Ngadi Group Power Ltd.
2026040904010617,NGPL,39,63,200,465.3,93060.0,2026-04-09,185754749,2743,Sumeru Securities Pvt. Ltd.,Himalayan Brokerage Company Limited,2026-04-09 12:39:56.636431,Ngadi Group Power Ltd.
2026040904010618,NGPL,52,63,50,465.2,23260.0,2026-04-09,185754751,2743,Sundhara Securities Limited,Himalayan Brokerage Company Limited,2026-04-09 12:39:56.636616,Ngadi Group Power Ltd.
2026040904010619,NGPL,63,63,1000,465.2,465200.0,2026-04-09,185754753,2743,Himalayan Brokerage Company Limited,Himalayan Brokerage Company Limited,2026-04-09 12:39:56.636823,Ngadi Group Power Ltd.
2026040904010620,NGPL,39,63,184,465.1,85578.4,2026-04-09,185754755,2743,Sumeru Securities Pvt. Ltd.,Himalayan Brokerage Company Limited,2026-04-09 12:39:56.637010,Ngadi Group Power Ltd.
2026040904010621,NGPL,45,63,1500,465.1,697650.0,2026-04-09,185754757,2743,Imperial Securities Company Pvt. Ltd.,Himalayan Brokerage Company Limited,2026-04-09 12:39:56.637197,Ngadi Group Power Ltd.
2026040904010622,NGPL,56,63,20,465.1,9302.0,2026-04-09,185754759,2743,Sri Hari Securities Pvt. Ltd.,Himalayan Brokerage Company Limited,2026-04-09 12:39:56.637392,Ngadi Group Power Ltd.
2026040904010623,NGPL,1,63,120,465.1,55812.0,2026-04-09,185754761,2743,Kumari Securities Private Limited,Himalayan Brokerage Company Limited,2026-04-09 12:39:56.637576,Ngadi Group Power Ltd.
2026040904010624,NGPL,34,63,15,465.1,6976.5,2026-04-09,185754763,2743,Vision Securities Pvt. Ltd,Himalayan Brokerage Company Limited,2026-04-09 12:39:56.637753,Ngadi Group Power Ltd.
2026040904010625,NGPL,39,63,300,465.0,139500.0,2026-04-09,185754765,2743,Sumeru Securities Pvt. Ltd.,Himalayan Brokerage Company Limited,2026-04-09 12:39:56.637933,Ngadi Group Power Ltd.
2026040904010626,NGPL,44,63,500,465.0,232500.0,2026-04-09,185754767,2743,Dynamic Money Managers Securities Pvt. Ltd.,Himalayan Brokerage Company Limited,2026-04-09 12:39:56.638122,Ngadi Group Power Ltd.
2026040904010627,NGPL,6,63,430,465.0,199950.0,2026-04-09,185754769,2743,Agrawal Securities (PVT) Ltd.,Himalayan Brokerage Company Limited,2026-04-09 12:39:56.638301,Ngadi Group Power Ltd.
2026040904010628,NGPL,35,63,50,465.0,23250.0,2026-04-09,185754771,2743,Kohinoor Investment & Securities Pvt. Ltd.,Himalayan Brokerage Company Limited,2026-04-09 12:39:56.638474,Ngadi Group Power Ltd.
2026040904010629,NGPL,42,63,55,465.0,25575.0,2026-04-09,185754773,2743,Sani Securities Company Ltd.,Himalayan Brokerage Company Limited,2026-04-09 12:39:56.638644,Ngadi Group Power Ltd.
2026040904010630,NGPL,77,63,4576,465.0,2127840.0,2026-04-09,185754774,2743,Nabil Stock Dealer Ltd.,Himalayan Brokerage Company Limited,2026-04-09 12:39:56.638830,Ngadi Group Power Ltd.
2026040904010673,NGPL,28,44,450,466.0,209700.0,2026-04-09,185755135,2743,Shree Krishna Securities Ltd.,Dynamic Money Managers Securities Pvt. Ltd.,2026-04-09 12:40:20.725056,Ngadi Group Power Ltd.
2026040904010703,NGPL,21,44,20,466.0,9320.0,2026-04-09,185755357,2743,Midas Stock Broking Company Private Limited,Dynamic Money Managers Securities Pvt. Ltd.,2026-04-09 12:40:47.798067,Ngadi Group Power Ltd.
2026040904010710,NGPL,51,44,300,466.0,139800.0,2026-04-09,185755391,2743,Oxford Securities Pvt. Ltd.,Dynamic Money Managers Securities Pvt. Ltd.,2026-04-09 12:40:51.767621,Ngadi Group Power Ltd.
2026040904010781,NGPL,63,63,500,465.3,232650.0,2026-04-09,185756033,2743,Himalayan Brokerage Company Limited,Himalayan Brokerage Company Limited,2026-04-09 12:41:34.383584,Ngadi Group Power Ltd.
2026040904010782,NGPL,65,63,750,465.3,348975.0,2026-04-09,185756035,2743,Sharepro Securities Private Limited,Himalayan Brokerage Company Limited,2026-04-09 12:41:34.384060,Ngadi Group Power Ltd.
2026040904010783,NGPL,57,63,500,465.3,232650.0,2026-04-09,185756037,2743,Aryatara Investment & Securities,Himalayan Brokerage Company Limited,2026-04-09 12:41:34.384269,Ngadi Group Power Ltd.
2026040904010784,NGPL,39,63,100,465.1,46510.0,2026-04-09,185756039,2743,Sumeru Securities Pvt. Ltd.,Himalayan Brokerage Company Limited,2026-04-09 12:41:34.384481,Ngadi Group Power Ltd.
2026040904010785,NGPL,77,63,3424,465.0,1592160.0,2026-04-09,185756041,2743,Nabil Stock Dealer Ltd.,Himalayan Brokerage Company Limited,2026-04-09 12:41:34.384671,Ngadi Group Power Ltd.
2026040904010786,NGPL,35,63,308,465.0,143220.0,2026-04-09,185756042,2743,Kohinoor Investment & Securities Pvt. Ltd.,Himalayan Brokerage Company Limited,2026-04-09 12:41:34.384859,Ngadi Group Power Ltd.
2026040904010796,NGPL,35,13,192,465.0,89280.0,2026-04-09,185756101,2743,Kohinoor Investment & Securities Pvt. Ltd.,Thrive Brokerage House Pvt. Ltd,2026-04-09 12:41:41.567401,Ngadi Group Power Ltd.
2026040904010797,NGPL,35,13,500,465.0,232500.0,2026-04-09,185756103,2743,Kohinoor Investment & Securities Pvt. Ltd.,Thrive Brokerage House Pvt. Ltd,2026-04-09 12:41:41.567822,Ngadi Group Power Ltd.
2026040904010798,NGPL,34,13,200,465.0,93000.0,2026-04-09,185756105,2743,Vision Securities Pvt. Ltd,Thrive Brokerage House Pvt. Ltd,2026-04-09 12:41:41.568061,Ngadi Group Power Ltd.
2026040904010799,NGPL,41,13,788,465.0,366420.0,2026-04-09,185756107,2743,Linch Stock Market Ltd.,Thrive Brokerage House Pvt. Ltd,2026-04-09 12:41:41.568257,Ngadi Group Power Ltd.
2026040904010800,NGPL,58,13,1000,465.0,465000.0,2026-04-09,185756109,2743,Naasa Securities Co. Ltd.,Thrive Brokerage House Pvt. Ltd,2026-04-09 12:41:41.568449,Ngadi Group Power Ltd.
2026040904010886,NGPL,82,47,210,464.5,97545.0,2026-04-09,185757114,2743,N.M.B. SECURITIES LIMITED,Neev Securities Pvt. Ltd.,2026-04-09 12:43:13.318436,Ngadi Group Power Ltd.
2026040904011021,NGPL,35,45,100,464.6,46460.0,2026-04-09,185757904,2743,Kohinoor Investment & Securities Pvt. Ltd.,Imperial Securities Company Pvt. Ltd.,2026-04-09 12:44:22.986359,Ngadi Group Power Ltd.
2026040904011024,NGPL,7,13,200,464.8,92960.0,2026-04-09,185757933,2743,J.F. Securites (PVT) Ltd.,Thrive Brokerage House Pvt. Ltd,2026-04-09 12:44:25.415365,Ngadi Group Power Ltd.
2026040904011031,NGPL,47,13,1000,464.8,464800.0,2026-04-09,185757963,2743,Neev Securities Pvt. Ltd.,Thrive Brokerage House Pvt. Ltd,2026-04-09 12:44:28.042073,Ngadi Group Power Ltd.
2026040904011062,NGPL,49,13,120,464.8,55776.0,2026-04-09,185758158,2743,Online Securities Pvt. Ltd.,Thrive Brokerage House Pvt. Ltd,2026-04-09 12:44:45.206867,Ngadi Group Power Ltd.
2026040904011069,NGPL,49,87,380,464.8,176624.0,2026-04-09,185758223,2743,Online Securities Pvt. Ltd.,S.P.S.A. Securities Limited,2026-04-09 12:44:52.982176,Ngadi Group Power Ltd.
2026040904011070,NGPL,82,87,790,464.5,366955.0,2026-04-09,185758225,2743,N.M.B. SECURITIES LIMITED,S.P.S.A. Securities Limited,2026-04-09 12:44:52.982304,Ngadi Group Power Ltd.
2026040904011071,NGPL,21,87,200,464.5,92900.0,2026-04-09,185758227,2743,Midas Stock Broking Company Private Limited,S.P.S.A. Securities Limited,2026-04-09 12:44:52.982422,Ngadi Group Power Ltd.
2026040904011072,NGPL,63,87,130,464.5,60385.0,2026-04-09,185758228,2743,Himalayan Brokerage Company Limited,S.P.S.A. Securities Limited,2026-04-09 12:44:52.982489,Ngadi Group Power Ltd.
2026040904011107,NGPL,32,13,200,464.8,92960.0,2026-04-09,185758613,2743,Premier Securities Company Ltd.,Thrive Brokerage House Pvt. Ltd,2026-04-09 12:45:25.011070,Ngadi Group Power Ltd.
2026040904011143,NGPL,67,13,200,464.8,92960.0,2026-04-09,185759118,2743,Property Wiard Limited,Thrive Brokerage House Pvt. Ltd,2026-04-09 12:46:04.329420,Ngadi Group Power Ltd.
2026040904011144,NGPL,67,8,1000,464.9,464900.0,2026-04-09,185759120,2743,Property Wiard Limited,Brilliant Securities Pvt. Ltd.,2026-04-09 12:46:04.329485,Ngadi Group Power Ltd.
2026040904011145,NGPL,67,63,800,465.0,372000.0,2026-04-09,185759123,2743,Property Wiard Limited,Himalayan Brokerage Company Limited,2026-04-09 12:46:04.329524,Ngadi Group Power Ltd.
2026040904011154,NGPL,34,63,4200,465.0,1953000.0,2026-04-09,185759188,2743,Vision Securities Pvt. Ltd,Himalayan Brokerage Company Limited,2026-04-09 12:46:13.079963,Ngadi Group Power Ltd.
2026040904011228,NGPL,22,48,500,465.1,232550.0,2026-04-09,185762747,2743,Siprabi Securities Pvt. Ltd.,Trishakti Securities Public Limited,2026-04-09 12:46:54.197533,Ngadi Group Power Ltd.
2026040904011229,NGPL,34,48,1500,465.0,697500.0,2026-04-09,185762748,2743,Vision Securities Pvt. Ltd,Trishakti Securities Public Limited,2026-04-09 12:46:54.198300,Ngadi Group Power Ltd.
2026040904011233,NGPL,34,44,4300,465.0,1999500.0,2026-04-09,185762781,2743,Vision Securities Pvt. Ltd,Dynamic Money Managers Securities Pvt. Ltd.,2026-04-09 12:46:57.808822,Ngadi Group Power Ltd.
2026040904011234,NGPL,74,44,640,465.0,297600.0,2026-04-09,185762783,2743,KALASH STOCK MARKET PVT. LTD.,Dynamic Money Managers Securities Pvt. Ltd.,2026-04-09 12:46:57.809206,Ngadi Group Power Ltd.
2026040904011247,NGPL,41,44,200,465.0,93000.0,2026-04-09,185762881,2743,Linch Stock Market Ltd.,Dynamic Money Managers Securities Pvt. Ltd.,2026-04-09 12:47:09.529292,Ngadi Group Power Ltd.
2026040904011256,NGPL,32,44,450,465.0,209250.0,2026-04-09,185763027,2743,Premier Securities Company Ltd.,Dynamic Money Managers Securities Pvt. Ltd.,2026-04-09 12:47:24.778908,Ngadi Group Power Ltd.
2026040904011267,NGPL,35,44,20,465.0,9300.0,2026-04-09,185763279,2743,Kohinoor Investment & Securities Pvt. Ltd.,Dynamic Money Managers Securities Pvt. Ltd.,2026-04-09 12:47:39.549069,Ngadi Group Power Ltd.
2026040904011290,NGPL,22,44,390,465.0,181350.0,2026-04-09,185763579,2743,Siprabi Securities Pvt. Ltd.,Dynamic Money Managers Securities Pvt. Ltd.,2026-04-09 12:48:00.874695,Ngadi Group Power Ltd.
