Date,S.N.,Contract ID,Symbol,Buyer Broker,Seller Broker,volume,rate,amount,transaction_time
2025-07-22,177057,2025072203000013,CORBL,Vision Securities Pvt. Ltd,Sani Securities Company Ltd.,15,2074.3,31114.5,2025-07-22 10:46:00.052748
2025-07-22,177056,2025072203000014,CORBL,Trisul Securities & Invt. Ltd.,Sani Securities Company Ltd.,30,2074.3,62229.0,2025-07-22 10:46:00.052780
2025-07-22,177055,2025072203000015,CORBL,Linch Stock Market Ltd.,Sani Securities Company Ltd.,10,2074.3,20743.0,2025-07-22 10:46:00.052808
2025-07-22,177054,2025072203000016,CORBL,Linch Stock Market Ltd.,Sani Securities Company Ltd.,10,2074.3,20743.0,2025-07-22 10:46:00.052831
2025-07-22,177053,2025072203000017,CORBL,Aryatara Investment & Securities,Sani Securities Company Ltd.,10,2074.3,20743.0,2025-07-22 10:46:00.052870
2025-07-22,176848,2025072203000119,CORBL,Nepal Stock House (PVT) Ltd.,Siprabi Securities Pvt. Ltd.,50,2032.9,101645.0,2025-07-22 11:00:52.539153
2025-07-22,176802,2025072203000144,CORBL,Linch Stock Market Ltd.,Siprabi Securities Pvt. Ltd.,50,2033.0,101650.0,2025-07-22 11:01:02.642820
2025-07-22,176801,2025072203000145,CORBL,Capital Max Securities Ltd,Siprabi Securities Pvt. Ltd.,10,1992.3,19923.0,2025-07-22 11:01:02.642906
2025-07-22,176744,2025072203000178,CORBL,Secured Securities Ltd.,Citizens Share Broker Limited,11,2030.0,22330.0,2025-07-22 11:01:17.923616
2025-07-22,176720,2025072203000195,CORBL,Secured Securities Ltd.,Nepal Stock House (PVT) Ltd.,10,2030.0,20300.0,2025-07-22 11:01:19.674218
2025-07-22,176719,2025072203000196,CORBL,Secured Securities Ltd.,Market Securities & Exchange (PVT) Ltd.,29,2030.0,58870.0,2025-07-22 11:01:19.854172
2025-07-22,176628,2025072203000247,CORBL,Sewa Securities Pvt. Ltd.,Siprabi Securities Pvt. Ltd.,10,1992.5,19925.0,2025-07-22 11:01:32.868894
2025-07-22,176627,2025072203000248,CORBL,Agrawal Securities (PVT) Ltd.,Siprabi Securities Pvt. Ltd.,35,1989.4,69629.0,2025-07-22 11:01:32.868928
2025-07-22,176590,2025072203000266,CORBL,Agrawal Securities (PVT) Ltd.,Kumari Securities Private Limited,150,1989.4,298410.0,2025-07-22 11:01:40.609237
2025-07-22,176368,2025072203000385,CORBL,Agrawal Securities (PVT) Ltd.,Sundhara Securities Limited,15,1989.4,29841.0,2025-07-22 11:02:07.106991
2025-07-22,176367,2025072203000386,CORBL,Nepal Investment And Securities Trading Private Limited,Sundhara Securities Limited,10,1989.4,19894.0,2025-07-22 11:02:07.107092
2025-07-22,176260,2025072203000440,CORBL,Sundhara Securities Limited,Dipshikha Dhitopatra Karobar Co. Pvt Ltd.,20,1989.4,39788.0,2025-07-22 11:02:19.693870
2025-07-22,176259,2025072203000441,CORBL,Nepal Stock House (PVT) Ltd.,Dipshikha Dhitopatra Karobar Co. Pvt Ltd.,10,1953.0,19530.0,2025-07-22 11:02:19.693913
2025-07-22,176258,2025072203000442,CORBL,Naasa Securities Co. Ltd.,Dipshikha Dhitopatra Karobar Co. Pvt Ltd.,10,1952.6,19526.0,2025-07-22 11:02:19.693938
2025-07-22,176220,2025072203000461,CORBL,Trisul Securities & Invt. Ltd.,Dynamic Money Managers Securities Pvt. Ltd.,25,1953.0,48825.0,2025-07-22 11:02:24.504413
2025-07-22,176219,2025072203000462,CORBL,Capital Max Securities Ltd,Dynamic Money Managers Securities Pvt. Ltd.,10,1952.5,19525.0,2025-07-22 11:02:24.504443
2025-07-22,176218,2025072203000463,CORBL,Secured Securities Ltd.,Dynamic Money Managers Securities Pvt. Ltd.,50,1952.0,97600.0,2025-07-22 11:02:24.504467
2025-07-22,176217,2025072203000464,CORBL,Sagarmatha Securities Private Limited,Dynamic Money Managers Securities Pvt. Ltd.,15,1950.0,29250.0,2025-07-22 11:02:24.504491
2025-07-22,176065,2025072203000552,CORBL,Linch Stock Market Ltd.,Kalika Securities Pvt. Ltd.,30,1950.0,58500.0,2025-07-22 11:02:40.259342
2025-07-22,176064,2025072203000553,CORBL,Linch Stock Market Ltd.,Bhrikuti Stock Broking Co. Pvt. Ltd.,20,1950.0,39000.0,2025-07-22 11:02:40.308281
2025-07-22,176063,2025072203000554,CORBL,Nagarik Stock Dealer ,Bhrikuti Stock Broking Co. Pvt. Ltd.,180,1950.0,351000.0,2025-07-22 11:02:40.308401
2025-07-22,175889,2025072203000619,CORBL,Thrive Brokerage House Pvt. Ltd,Premier Securities Company Ltd.,20,1950.1,39002.0,2025-07-22 11:03:03.702944
2025-07-22,175861,2025072203000635,CORBL,Nepal Investment And Securities Trading Private Limited,Deevyaa Securities & Stock House Pvt. Ltd,10,1950.1,19501.0,2025-07-22 11:03:05.960406
2025-07-22,175791,2025072203000660,CORBL,Nagarik Stock Dealer ,ABC Securities Private Limited,20,1950.0,39000.0,2025-07-22 11:03:15.379861
2025-07-22,175790,2025072203000661,CORBL,Nagarik Stock Dealer ,ABC Securities Private Limited,100,1950.0,195000.0,2025-07-22 11:03:15.379918
2025-07-22,175789,2025072203000662,CORBL,Online Securities Pvt. Ltd.,ABC Securities Private Limited,125,1950.0,243750.0,2025-07-22 11:03:15.379948
2025-07-22,175768,2025072203000676,CORBL,Siprabi Securities Pvt. Ltd.,Kumari Securities Private Limited,10,1950.1,19501.0,2025-07-22 11:03:18.369904
2025-07-22,175668,2025072203000705,CORBL,Siprabi Securities Pvt. Ltd.,Oxford Securities Pvt. Ltd.,20,1951.0,39020.0,2025-07-22 11:03:31.886644
2025-07-22,175630,2025072203000717,CORBL,Online Securities Pvt. Ltd.,Hatemalo Financial Services Private Limited,10,1952.0,19520.0,2025-07-22 11:03:35.482634
2025-07-22,175629,2025072203000718,CORBL,Siprabi Securities Pvt. Ltd.,Hatemalo Financial Services Private Limited,70,1951.0,136570.0,2025-07-22 11:03:35.482761
2025-07-22,175628,2025072203000719,CORBL,Online Securities Pvt. Ltd.,Hatemalo Financial Services Private Limited,57,1950.0,111150.0,2025-07-22 11:03:35.482850
2025-07-22,175600,2025072203000732,CORBL,Online Securities Pvt. Ltd.,Hatemalo Financial Services Private Limited,50,1950.0,97500.0,2025-07-22 11:03:38.881265
2025-07-22,175588,2025072203000737,CORBL,Ashutosh Brokerage & Securities (PVT) Ltd.,Hatemalo Financial Services Private Limited,20,1950.0,39000.0,2025-07-22 11:03:41.523978
2025-07-22,175562,2025072203000748,CORBL,SHUBHAKAMANA SECURITIES PVT. LTD,Hatemalo Financial Services Private Limited,93,1950.0,181350.0,2025-07-22 11:03:45.636331
2025-07-22,175561,2025072203000749,CORBL,SHUBHAKAMANA SECURITIES PVT. LTD,Naasa Securities Co. Ltd.,37,1950.0,72150.0,2025-07-22 11:03:45.636369
2025-07-22,175460,2025072203000792,CORBL,Naasa Securities Co. Ltd.,Opal Securities Investment (PVT) Ltd.,10,1950.0,19500.0,2025-07-22 11:04:01.829901
2025-07-22,175366,2025072203000839,CORBL,Midas Stock Broking Company Private Limited,Opal Securities Investment (PVT) Ltd.,210,1950.0,409500.0,2025-07-22 11:04:15.434646
2025-07-22,175365,2025072203000840,CORBL,Midas Stock Broking Company Private Limited,Investment Management Nepal Pvt. Ltd.,40,1950.0,78000.0,2025-07-22 11:04:15.434711
2025-07-22,175313,2025072203000869,CORBL,Nepal Stock House (PVT) Ltd.,Nepal Investment And Securities Trading Private Limited,20,1949.7,38994.0,2025-07-22 11:04:18.142976
2025-07-22,175312,2025072203000870,CORBL,Dipshikha Dhitopatra Karobar Co. Pvt Ltd.,Nepal Investment And Securities Trading Private Limited,10,1949.7,19497.0,2025-07-22 11:04:18.143049
2025-07-22,175311,2025072203000871,CORBL,Thrive Brokerage House Pvt. Ltd,Nepal Investment And Securities Trading Private Limited,20,1920.1,38402.0,2025-07-22 11:04:18.143113
2025-07-22,175310,2025072203000872,CORBL,Trisul Securities & Invt. Ltd.,Nepal Investment And Securities Trading Private Limited,25,1920.0,48000.0,2025-07-22 11:04:18.143145
2025-07-22,175300,2025072203000873,CORBL,Nepal Stock House (PVT) Ltd.,Investment Management Nepal Pvt. Ltd.,20,1950.0,39000.0,2025-07-22 11:04:19.425106
2025-07-22,175132,2025072203000940,CORBL,Opal Securities Investment (PVT) Ltd.,Siprabi Securities Pvt. Ltd.,10,1950.0,19500.0,2025-07-22 11:04:39.860794
2025-07-22,175077,2025072203000959,CORBL,Online Securities Pvt. Ltd.,Sumeru Securities Pvt. Ltd.,20,1970.0,39400.0,2025-07-22 11:04:45.897629
2025-07-22,175076,2025072203000960,CORBL,Online Securities Pvt. Ltd.,South Asian Bulls Pvt. Ltd.,30,1979.4,59382.0,2025-07-22 11:04:45.897671
2025-07-22,174874,2025072203001029,CORBL,Imperial Securities Company Pvt. Ltd.,South Asian Bulls Pvt. Ltd.,30,1956.0,58680.0,2025-07-22 11:05:11.089915
2025-07-22,174873,2025072203001030,CORBL,Opal Securities Investment (PVT) Ltd.,South Asian Bulls Pvt. Ltd.,40,1950.0,78000.0,2025-07-22 11:05:11.089985
2025-07-22,174825,2025072203001043,CORBL,Opal Securities Investment (PVT) Ltd.,Naasa Securities Co. Ltd.,50,1950.0,97500.0,2025-07-22 11:05:14.194864
2025-07-22,174525,2025072203001204,CORBL,Imperial Securities Company Pvt. Ltd.,Aryatara Investment & Securities,13,1950.0,25350.0,2025-07-22 11:05:43.952060
2025-07-22,174424,2025072203001244,CORBL,Online Securities Pvt. Ltd.,Shree Krishna Securities Ltd.,50,1940.1,97005.0,2025-07-22 11:05:54.677875
2025-07-22,174423,2025072203001245,CORBL,Sipla Securities Private Limited,Shree Krishna Securities Ltd.,50,1940.0,97000.0,2025-07-22 11:05:54.677950
2025-07-22,174225,2025072203001373,CORBL,SHUBHAKAMANA SECURITIES PVT. LTD,Hatemalo Financial Services Private Limited,200,1950.0,390000.0,2025-07-22 11:06:07.999936
2025-07-22,174148,2025072203001416,CORBL,Infinity Securities Limited,Hatemalo Financial Services Private Limited,60,1950.0,117000.0,2025-07-22 11:06:16.469838
2025-07-22,174147,2025072203001417,CORBL,Infinity Securities Limited,Aryatara Investment & Securities,10,1950.0,19500.0,2025-07-22 11:06:16.469922
2025-07-22,174131,2025072203001426,CORBL,Naasa Securities Co. Ltd.,Kohinoor Investment & Securities Pvt. Ltd.,1,1950.0,1950.0,2025-07-22 11:06:17.561500
2025-07-22,174117,2025072203001435,CORBL,Infinity Securities Limited,Online Securities Pvt. Ltd.,10,1950.0,19500.0,2025-07-22 11:06:19.538682
2025-07-22,173887,2025072203001548,CORBL,Online Securities Pvt. Ltd.,Investment Management Nepal Pvt. Ltd.,20,1950.2,39004.0,2025-07-22 11:06:46.022285
2025-07-22,173732,2025072203001595,CORBL,Sani Securities Company Ltd.,Dynamic Money Managers Securities Pvt. Ltd.,30,1960.0,58800.0,2025-07-22 11:07:03.815350
2025-07-22,173625,2025072203001652,CORBL,Naasa Securities Co. Ltd.,Aryatara Investment & Securities,20,1979.0,39580.0,2025-07-22 11:07:15.470506
2025-07-22,173622,2025072203001654,CORBL,SHUBHAKAMANA SECURITIES PVT. LTD,Aryatara Investment & Securities,80,1979.0,158320.0,2025-07-22 11:07:16.184798
2025-07-22,173621,2025072203001655,CORBL,SHUBHAKAMANA SECURITIES PVT. LTD,Naasa Securities Co. Ltd.,20,1989.0,39780.0,2025-07-22 11:07:16.184836
2025-07-22,173432,2025072203001737,CORBL,Nepal Stock House (PVT) Ltd.,Sani Securities Company Ltd.,49,1979.0,96971.0,2025-07-22 11:07:36.274914
2025-07-22,173355,2025072203001774,CORBL,Online Securities Pvt. Ltd.,Naasa Securities Co. Ltd.,180,1989.0,358020.0,2025-07-22 11:07:44.984793
2025-07-22,173354,2025072203001775,CORBL,Online Securities Pvt. Ltd.,Siprabi Securities Pvt. Ltd.,50,1989.0,99450.0,2025-07-22 11:07:44.984872
2025-07-22,173353,2025072203001776,CORBL,Online Securities Pvt. Ltd.,Naasa Securities Co. Ltd.,10,1989.0,19890.0,2025-07-22 11:07:44.984917
2025-07-22,173352,2025072203001777,CORBL,Online Securities Pvt. Ltd.,Bhrikuti Stock Broking Co. Pvt. Ltd.,200,1989.0,397800.0,2025-07-22 11:07:44.984957
2025-07-22,173168,2025072203001833,CORBL,S.P.S.A. Securities Limited,Sani Securities Company Ltd.,20,2000.0,40000.0,2025-07-22 11:08:02.515496
2025-07-22,173080,2025072203001867,CORBL,Aryatara Investment & Securities,Hatemalo Financial Services Private Limited,20,2000.0,40000.0,2025-07-22 11:08:10.268676
2025-07-22,173079,2025072203001868,CORBL,Aryatara Investment & Securities,Kumari Securities Private Limited,10,2000.0,20000.0,2025-07-22 11:08:10.268755
2025-07-22,173058,2025072203001878,CORBL,Aryatara Investment & Securities,Linch Stock Market Ltd.,40,2000.0,80000.0,2025-07-22 11:08:13.354709
2025-07-22,172878,2025072203001963,CORBL,SHUBHAKAMANA SECURITIES PVT. LTD,Secured Securities Ltd.,50,2025.0,101250.0,2025-07-22 11:08:28.330714
2025-07-22,172838,2025072203001991,CORBL,SHUBHAKAMANA SECURITIES PVT. LTD,Market Securities & Exchange (PVT) Ltd.,21,2030.0,42630.0,2025-07-22 11:08:34.347346
2025-07-22,172820,2025072203001998,CORBL,SHUBHAKAMANA SECURITIES PVT. LTD,Aryatara Investment & Securities,79,2030.0,160370.0,2025-07-22 11:08:36.877613
2025-07-22,172819,2025072203001999,CORBL,SHUBHAKAMANA SECURITIES PVT. LTD,Aryatara Investment & Securities,21,2028.0,42588.0,2025-07-22 11:08:36.877739
2025-07-22,172757,2025072203002013,CORBL,Sani Securities Company Ltd.,Imperial Securities Company Pvt. Ltd.,10,2040.0,20400.0,2025-07-22 11:08:41.944831
2025-07-22,172756,2025072203002014,CORBL,Market Securities & Exchange (PVT) Ltd.,Imperial Securities Company Pvt. Ltd.,90,2040.0,183600.0,2025-07-22 11:08:42.029779
2025-07-22,172755,2025072203002015,CORBL,Market Securities & Exchange (PVT) Ltd.,Thrive Brokerage House Pvt. Ltd,100,2040.0,204000.0,2025-07-22 11:08:42.029839
2025-07-22,172642,2025072203002082,CORBL,Sani Securities Company Ltd.,Sweta Securities Private Limited,10,2074.3,20743.0,2025-07-22 11:08:54.200375
2025-07-22,172502,2025072203002152,CORBL,Ashutosh Brokerage & Securities (PVT) Ltd.,Nepal Stock House (PVT) Ltd.,20,2074.3,41486.0,2025-07-22 11:09:06.420714
2025-07-22,172212,2025072203002314,CORBL,Ashutosh Brokerage & Securities (PVT) Ltd.,Online Securities Pvt. Ltd.,40,2074.3,82972.0,2025-07-22 11:09:26.581368
2025-07-22,172211,2025072203002315,CORBL,Nagarik Stock Dealer ,Aryatara Investment & Securities,30,2100.0,63000.0,2025-07-22 11:09:26.783784
2025-07-22,172210,2025072203002316,CORBL,Nagarik Stock Dealer ,Sani Securities Company Ltd.,49,2115.0,103635.0,2025-07-22 11:09:26.783858
2025-07-22,172209,2025072203002317,CORBL,Nagarik Stock Dealer ,SHUBHAKAMANA SECURITIES PVT. LTD,100,2115.0,211500.0,2025-07-22 11:09:26.783897
2025-07-22,171537,2025072203002577,CORBL,Sani Securities Company Ltd.,Aryatara Investment & Securities,10,2100.0,21000.0,2025-07-22 11:10:33.903818
2025-07-22,171282,2025072203002660,CORBL,Vision Securities Pvt. Ltd,Imperial Securities Company Pvt. Ltd.,15,2100.0,31500.0,2025-07-22 11:10:57.577930
2025-07-22,171263,2025072203002666,CORBL,Vision Securities Pvt. Ltd,Aryatara Investment & Securities,10,2100.0,21000.0,2025-07-22 11:10:59.358420
2025-07-22,171010,2025072203002755,CORBL,Vision Securities Pvt. Ltd,Miyo Securities Pvt Ltd,16,2100.0,33600.0,2025-07-22 11:11:18.494253
2025-07-22,170589,2025072203002925,CORBL,Vision Securities Pvt. Ltd,Naasa Securities Co. Ltd.,10,2139.0,21390.0,2025-07-22 11:11:56.328648
2025-07-22,170588,2025072203002926,CORBL,Vision Securities Pvt. Ltd,Market Securities & Exchange (PVT) Ltd.,20,2142.0,42840.0,2025-07-22 11:11:56.328732
2025-07-22,170527,2025072203002953,CORBL,J.F. Securites (PVT) Ltd.,Miyo Securities Pvt Ltd,10,2101.0,21010.0,2025-07-22 11:12:02.577286
2025-07-22,169027,2025072203003495,CORBL,Sri Hari Securities Pvt. Ltd.,Miyo Securities Pvt Ltd,10,2110.0,21100.0,2025-07-22 11:14:24.932767
2025-07-22,167866,2025072203003985,CORBL,Aryatara Investment & Securities,South Asian Bulls Pvt. Ltd.,10,2106.0,21060.0,2025-07-22 11:16:14.028273
2025-07-22,167865,2025072203003986,CORBL,Vision Securities Pvt. Ltd,South Asian Bulls Pvt. Ltd.,10,2106.0,21060.0,2025-07-22 11:16:14.028375
2025-07-22,167853,2025072203003991,CORBL,ABC Securities Private Limited,Linch Stock Market Ltd.,38,2105.0,79990.0,2025-07-22 11:16:16.370574
2025-07-22,167799,2025072203004021,CORBL,Kumari Securities Private Limited,Market Securities & Exchange (PVT) Ltd.,30,2100.0,63000.0,2025-07-22 11:16:22.263775
2025-07-22,167798,2025072203004022,CORBL,Trisul Securities & Invt. Ltd.,Market Securities & Exchange (PVT) Ltd.,100,2100.0,210000.0,2025-07-22 11:16:22.263907
2025-07-22,167797,2025072203004023,CORBL,Sani Securities Company Ltd.,Market Securities & Exchange (PVT) Ltd.,10,2100.0,21000.0,2025-07-22 11:16:22.263961
2025-07-22,167553,2025072203004136,CORBL,Nepal Stock House (PVT) Ltd.,Imperial Securities Company Pvt. Ltd.,10,2100.0,21000.0,2025-07-22 11:16:42.811036
2025-07-22,166756,2025072203004424,CORBL,Ashutosh Brokerage & Securities (PVT) Ltd.,Market Securities & Exchange (PVT) Ltd.,50,2099.9,104995.0,2025-07-22 11:18:08.636084
2025-07-22,166755,2025072203004425,CORBL,Ashutosh Brokerage & Securities (PVT) Ltd.,Imperial Securities Company Pvt. Ltd.,120,2100.0,252000.0,2025-07-22 11:18:08.636185
2025-07-22,166628,2025072203004479,CORBL,Bhrikuti Stock Broking Co. Pvt. Ltd.,Imperial Securities Company Pvt. Ltd.,20,2100.0,42000.0,2025-07-22 11:18:22.318500
2025-07-22,166421,2025072203004536,CORBL,Vision Securities Pvt. Ltd,Market Securities & Exchange (PVT) Ltd.,10,2099.9,20999.0,2025-07-22 11:18:40.986042
2025-07-22,166185,2025072203004624,CORBL,Sumeru Securities Pvt. Ltd.,South Asian Bulls Pvt. Ltd.,50,2100.0,105000.0,2025-07-22 11:19:06.613155
2025-07-22,165491,2025072203004869,CORBL,Sani Securities Company Ltd.,Opal Securities Investment (PVT) Ltd.,10,2100.0,21000.0,2025-07-22 11:20:17.541239
2025-07-22,165073,2025072203004995,CORBL,Sri Hari Securities Pvt. Ltd.,Market Securities & Exchange (PVT) Ltd.,20,2099.0,41980.0,2025-07-22 11:20:59.125133
2025-07-22,165072,2025072203004996,CORBL,Sri Hari Securities Pvt. Ltd.,Opal Securities Investment (PVT) Ltd.,20,2100.0,42000.0,2025-07-22 11:20:59.125345
2025-07-22,164831,2025072203005081,CORBL,Sani Securities Company Ltd.,Opal Securities Investment (PVT) Ltd.,10,2100.0,21000.0,2025-07-22 11:21:16.558846
2025-07-22,164757,2025072203005100,CORBL,Sani Securities Company Ltd.,Miyo Securities Pvt Ltd,10,2100.0,21000.0,2025-07-22 11:21:22.665492
2025-07-22,164383,2025072203005254,CORBL,Linch Stock Market Ltd.,South Asian Bulls Pvt. Ltd.,10,2125.0,21250.0,2025-07-22 11:21:48.365147
2025-07-22,163556,2025072203005502,CORBL,MILKY WAY SHARE BROKER COMPANY LTD ,South Asian Bulls Pvt. Ltd.,15,2125.0,31875.0,2025-07-22 11:23:02.564509
2025-07-22,162757,2025072203005770,CORBL,Naasa Securities Co. Ltd.,South Asian Bulls Pvt. Ltd.,10,2125.0,21250.0,2025-07-22 11:24:08.632363
2025-07-22,161985,2025072203006051,CORBL,Dipshikha Dhitopatra Karobar Co. Pvt Ltd.,Sani Securities Company Ltd.,10,2101.0,21010.0,2025-07-22 11:25:20.621107
2025-07-22,161431,2025072203006287,CORBL,Imperial Securities Company Pvt. Ltd.,Sani Securities Company Ltd.,47,2100.0,98700.0,2025-07-22 11:26:13.352207
2025-07-22,161430,2025072203006288,CORBL,Sani Securities Company Ltd.,Sani Securities Company Ltd.,10,2100.0,21000.0,2025-07-22 11:26:13.352315
2025-07-22,161429,2025072203006289,CORBL,Sundhara Securities Limited,Trisul Securities & Invt. Ltd.,10,2124.9,21249.0,2025-07-22 11:26:13.384998
2025-07-22,161428,2025072203006290,CORBL,Sundhara Securities Limited,South Asian Bulls Pvt. Ltd.,15,2125.0,31875.0,2025-07-22 11:26:13.385095
2025-07-22,161410,2025072203006299,CORBL,Sundhara Securities Limited,Secured Securities Ltd.,21,2125.0,44625.0,2025-07-22 11:26:14.742833
2025-07-22,160137,2025072203006741,CORBL,Aryatara Investment & Securities,Midas Stock Broking Company Private Limited,19,2103.0,39957.0,2025-07-22 11:28:30.003005
2025-07-22,159886,2025072203006811,CORBL,Citizens Share Broker Limited,Market Securities & Exchange (PVT) Ltd.,11,2125.0,23375.0,2025-07-22 11:28:53.910871
2025-07-22,159587,2025072203006877,CORBL,Naasa Securities Co. Ltd.,Sani Securities Company Ltd.,10,2126.0,21260.0,2025-07-22 11:29:23.990300
2025-07-22,159586,2025072203006878,CORBL,Naasa Securities Co. Ltd.,SHUBHAKAMANA SECURITIES PVT. LTD,40,2126.0,85040.0,2025-07-22 11:29:23.990418
2025-07-22,159156,2025072203007069,CORBL,Online Securities Pvt. Ltd.,SHUBHAKAMANA SECURITIES PVT. LTD,60,2126.0,127560.0,2025-07-22 11:30:04.195545
2025-07-22,159155,2025072203007070,CORBL,Online Securities Pvt. Ltd.,Asian Securities Private Ltd.,78,2128.0,165984.0,2025-07-22 11:30:04.195652
2025-07-22,158453,2025072203007331,CORBL,Midas Stock Broking Company Private Limited,Naasa Securities Co. Ltd.,14,2126.0,29764.0,2025-07-22 11:31:01.779682
2025-07-22,158279,2025072203007383,CORBL,Online Securities Pvt. Ltd.,Sani Securities Company Ltd.,16,2139.0,34224.0,2025-07-22 11:31:19.511617
2025-07-22,158240,2025072203007395,CORBL,South Asian Bulls Pvt. Ltd.,Sani Securities Company Ltd.,34,2139.0,72726.0,2025-07-22 11:31:24.444423
2025-07-22,158040,2025072203007474,CORBL,Sani Securities Company Ltd.,Market Securities & Exchange (PVT) Ltd.,10,2139.5,21395.0,2025-07-22 11:31:42.099682
2025-07-22,157999,2025072203007489,CORBL,South Asian Bulls Pvt. Ltd.,Market Securities & Exchange (PVT) Ltd.,11,2139.0,23529.0,2025-07-22 11:31:44.468664
2025-07-22,157814,2025072203007559,CORBL,Online Securities Pvt. Ltd.,Market Securities & Exchange (PVT) Ltd.,10,2139.5,21395.0,2025-07-22 11:32:08.073966
2025-07-22,157813,2025072203007560,CORBL,Online Securities Pvt. Ltd.,Sani Securities Company Ltd.,90,2140.0,192600.0,2025-07-22 11:32:08.074139
2025-07-22,157611,2025072203007589,CORBL,Sani Securities Company Ltd.,Sani Securities Company Ltd.,10,2140.0,21400.0,2025-07-22 11:32:26.534624
2025-07-22,157530,2025072203007627,CORBL,Kohinoor Investment & Securities Pvt. Ltd.,Linch Stock Market Ltd.,50,2142.0,107100.0,2025-07-22 11:32:35.544478
2025-07-22,157529,2025072203007628,CORBL,Kohinoor Investment & Securities Pvt. Ltd.,Sumeru Securities Pvt. Ltd.,233,2142.0,499086.0,2025-07-22 11:32:35.544581
2025-07-22,157528,2025072203007629,CORBL,Kohinoor Investment & Securities Pvt. Ltd.,Sumeru Securities Pvt. Ltd.,117,2142.0,250614.0,2025-07-22 11:32:35.544637
2025-07-22,157473,2025072203007637,CORBL,Deevyaa Securities & Stock House Pvt. Ltd,Sumeru Securities Pvt. Ltd.,30,2142.0,64260.0,2025-07-22 11:32:37.253803
2025-07-22,157158,2025072203007746,CORBL,SHUBHAKAMANA SECURITIES PVT. LTD,SHUBHAKAMANA SECURITIES PVT. LTD,200,2140.0,428000.0,2025-07-22 11:33:03.265072
2025-07-22,156898,2025072203007875,CORBL,Nagarik Stock Dealer ,Sumeru Securities Pvt. Ltd.,86,2142.0,184212.0,2025-07-22 11:33:24.484084
2025-07-22,156897,2025072203007876,CORBL,Nagarik Stock Dealer ,Miyo Securities Pvt Ltd,20,2143.0,42860.0,2025-07-22 11:33:24.484137
2025-07-22,156896,2025072203007877,CORBL,Nagarik Stock Dealer ,Aryatara Investment & Securities,94,2150.0,202100.0,2025-07-22 11:33:24.484163
2025-07-22,156809,2025072203007901,CORBL,South Asian Bulls Pvt. Ltd.,Naasa Securities Co. Ltd.,5,2139.0,10695.0,2025-07-22 11:33:32.017169
2025-07-22,156704,2025072203007922,CORBL,Naasa Securities Co. Ltd.,Cristal Kanchanjanga Securites Pvt. Ltd.,10,2157.3,21573.0,2025-07-22 11:33:40.461489
2025-07-22,156513,2025072203007989,CORBL,Bhrikuti Stock Broking Co. Pvt. Ltd.,Naasa Securities Co. Ltd.,10,2160.0,21600.0,2025-07-22 11:33:54.106252
2025-07-22,156417,2025072203008030,CORBL,S.P.S.A. Securities Limited,Naasa Securities Co. Ltd.,10,2160.0,21600.0,2025-07-22 11:34:03.292061
2025-07-22,156412,2025072203008032,CORBL,Kohinoor Investment & Securities Pvt. Ltd.,Naasa Securities Co. Ltd.,20,2160.0,43200.0,2025-07-22 11:34:04.297969
2025-07-22,156411,2025072203008033,CORBL,Kohinoor Investment & Securities Pvt. Ltd.,Linch Stock Market Ltd.,50,2167.0,108350.0,2025-07-22 11:34:04.298083
2025-07-22,156410,2025072203008034,CORBL,Kohinoor Investment & Securities Pvt. Ltd.,Aryatara Investment & Securities,90,2167.0,195030.0,2025-07-22 11:34:04.298139
2025-07-22,156409,2025072203008035,CORBL,Kohinoor Investment & Securities Pvt. Ltd.,Nepal Stock House (PVT) Ltd.,11,2167.5,23842.5,2025-07-22 11:34:04.298185
2025-07-22,156408,2025072203008036,CORBL,Kohinoor Investment & Securities Pvt. Ltd.,Sumeru Securities Pvt. Ltd.,229,2167.5,496357.5,2025-07-22 11:34:04.298234
2025-07-22,155856,2025072203008257,CORBL,Ashutosh Brokerage & Securities (PVT) Ltd.,Sumeru Securities Pvt. Ltd.,50,2167.5,108375.0,2025-07-22 11:34:50.619504
2025-07-22,155701,2025072203008314,CORBL,Malla & Malla Stock Broking Company Pvt. Limited,Linch Stock Market Ltd.,10,2175.0,21750.0,2025-07-22 11:35:08.899283
2025-07-22,155145,2025072203008484,CORBL,SHUBHAKAMANA SECURITIES PVT. LTD,Aryatara Investment & Securities,100,2193.0,219300.0,2025-07-22 11:35:56.221018
2025-07-22,155144,2025072203008485,CORBL,SHUBHAKAMANA SECURITIES PVT. LTD,Linch Stock Market Ltd.,600,2200.0,1320000.0,2025-07-22 11:35:56.221060
2025-07-22,154945,2025072203008570,CORBL,Naasa Securities Co. Ltd.,Sani Securities Company Ltd.,50,2190.0,109500.0,2025-07-22 11:36:11.654803
2025-07-22,154908,2025072203008588,CORBL,Online Securities Pvt. Ltd.,Sani Securities Company Ltd.,50,2190.0,109500.0,2025-07-22 11:36:14.951070
2025-07-22,154895,2025072203008593,CORBL,SHUBHAKAMANA SECURITIES PVT. LTD,Linch Stock Market Ltd.,100,2200.0,220000.0,2025-07-22 11:36:16.253323
2025-07-22,154402,2025072203008814,CORBL,Secured Securities Ltd.,Shree Krishna Securities Ltd.,10,2210.0,22100.0,2025-07-22 11:36:49.727902
2025-07-22,154360,2025072203008825,CORBL,Sani Securities Company Ltd.,Shree Krishna Securities Ltd.,10,2210.0,22100.0,2025-07-22 11:36:53.939173
2025-07-22,154338,2025072203008839,CORBL,Nepal Investment And Securities Trading Private Limited,Shree Krishna Securities Ltd.,50,2210.0,110500.0,2025-07-22 11:36:55.267402
2025-07-22,154305,2025072203008851,CORBL,Dipshikha Dhitopatra Karobar Co. Pvt Ltd.,Shree Krishna Securities Ltd.,10,2200.0,22000.0,2025-07-22 11:36:58.706351
2025-07-22,154161,2025072203008902,CORBL,Nepal Investment And Securities Trading Private Limited,Shree Krishna Securities Ltd.,10,2200.0,22000.0,2025-07-22 11:37:11.399084
2025-07-22,154157,2025072203008903,CORBL,Sumeru Securities Pvt. Ltd.,Shree Krishna Securities Ltd.,100,2200.0,220000.0,2025-07-22 11:37:11.937681
2025-07-22,154061,2025072203008934,CORBL,Malla & Malla Stock Broking Company Pvt. Limited,Shree Krishna Securities Ltd.,10,2200.0,22000.0,2025-07-22 11:37:17.406701
2025-07-22,153984,2025072203008965,CORBL,Online Securities Pvt. Ltd.,Ashutosh Brokerage & Securities (PVT) Ltd.,15,2199.0,32985.0,2025-07-22 11:37:21.984755
2025-07-22,153714,2025072203009115,CORBL,Sani Securities Company Ltd.,Ashutosh Brokerage & Securities (PVT) Ltd.,15,2199.0,32985.0,2025-07-22 11:37:44.979961
2025-07-22,153713,2025072203009116,CORBL,Sani Securities Company Ltd.,Shree Krishna Securities Ltd.,70,2200.0,154000.0,2025-07-22 11:37:44.980190
2025-07-22,153218,2025072203009269,CORBL,Sweta Securities Private Limited,Shree Krishna Securities Ltd.,15,2210.0,33150.0,2025-07-22 11:38:20.122850
2025-07-22,152931,2025072203009403,CORBL,Naasa Securities Co. Ltd.,Asian Securities Private Ltd.,20,2201.0,44020.0,2025-07-22 11:38:43.025982
2025-07-22,152888,2025072203009423,CORBL,Citizens Share Broker Limited,Shree Krishna Securities Ltd.,50,2210.0,110500.0,2025-07-22 11:38:46.751459
2025-07-22,152763,2025072203009473,CORBL,Naasa Securities Co. Ltd.,Sani Securities Company Ltd.,43,2201.0,94643.0,2025-07-22 11:38:56.112677
2025-07-22,152762,2025072203009474,CORBL,Sani Securities Company Ltd.,Sani Securities Company Ltd.,15,2200.0,33000.0,2025-07-22 11:38:56.112911
2025-07-22,152761,2025072203009475,CORBL,S.P.S.A. Securities Limited,Sani Securities Company Ltd.,10,2200.0,22000.0,2025-07-22 11:38:56.113066
2025-07-22,152760,2025072203009476,CORBL,Sani Securities Company Ltd.,Sani Securities Company Ltd.,132,2200.0,290400.0,2025-07-22 11:38:56.113218
2025-07-22,152249,2025072203009690,CORBL,Malla & Malla Stock Broking Company Pvt. Limited,Shree Krishna Securities Ltd.,15,2210.0,33150.0,2025-07-22 11:39:44.319566
2025-07-22,152139,2025072203009725,CORBL,Sani Securities Company Ltd.,Market Securities & Exchange (PVT) Ltd.,11,2200.0,24200.0,2025-07-22 11:39:52.793902
2025-07-22,151450,2025072203009991,CORBL,Citizens Share Broker Limited,Dynamic Money Managers Securities Pvt. Ltd.,100,2200.0,220000.0,2025-07-22 11:40:56.206869
2025-07-22,150981,2025072203010133,CORBL,Vision Securities Pvt. Ltd,Market Securities & Exchange (PVT) Ltd.,10,2200.0,22000.0,2025-07-22 11:41:35.244341
2025-07-22,150814,2025072203010195,CORBL,Naasa Securities Co. Ltd.,Market Securities & Exchange (PVT) Ltd.,10,2195.0,21950.0,2025-07-22 11:41:49.297852
2025-07-22,148974,2025072203010794,CORBL,Swarna Laxmi Securities Pvt. Ltd.,Trishakti Securities Public Limited,40,2199.0,87960.0,2025-07-22 11:43:48.840791
2025-07-22,147770,2025072203011258,CORBL,Online Securities Pvt. Ltd.,Sani Securities Company Ltd.,50,2200.0,110000.0,2025-07-22 11:45:11.696228
2025-07-22,144957,2025072203012221,CORBL,SHUBHAKAMANA SECURITIES PVT. LTD,Nepal Investment And Securities Trading Private Limited,20,2162.0,43240.0,2025-07-22 11:48:10.874135
2025-07-22,144285,2025072203012462,CORBL,Sani Securities Company Ltd.,Sani Securities Company Ltd.,20,2200.0,44000.0,2025-07-22 11:48:49.051448
2025-07-22,144284,2025072203012463,CORBL,Sani Securities Company Ltd.,Aryatara Investment & Securities,30,2200.0,66000.0,2025-07-22 11:48:49.051531
2025-07-22,144283,2025072203012464,CORBL,Sani Securities Company Ltd.,Dynamic Money Managers Securities Pvt. Ltd.,50,2205.0,110250.0,2025-07-22 11:48:49.051599
2025-07-22,138366,2025072203014155,CORBL,Cristal Kanchanjanga Securites Pvt. Ltd.,Dipshikha Dhitopatra Karobar Co. Pvt Ltd.,10,2204.0,22040.0,2025-07-22 11:55:42.474751
2025-07-22,137212,2025072203014543,CORBL,Arun Securities (PVT) Ltd.,Shree Krishna Securities Ltd.,200,2180.0,436000.0,2025-07-22 11:57:05.228219
2025-07-22,136272,2025072203014778,CORBL,Midas Stock Broking Company Private Limited,Dynamic Money Managers Securities Pvt. Ltd.,50,2200.0,110000.0,2025-07-22 11:58:23.822473
2025-07-22,132421,2025072203015892,CORBL,SHUBHAKAMANA SECURITIES PVT. LTD,Dipshikha Dhitopatra Karobar Co. Pvt Ltd.,40,2172.0,86880.0,2025-07-22 12:03:21.963397
2025-07-22,132371,2025072203015908,CORBL,Citizens Share Broker Limited,Malla & Malla Stock Broking Company Pvt. Limited,18,2199.0,39582.0,2025-07-22 12:03:26.130750
2025-07-22,128790,2025072203016920,CORBL,Cristal Kanchanjanga Securites Pvt. Ltd.,Online Securities Pvt. Ltd.,10,2199.0,21990.0,2025-07-22 12:07:31.825810
2025-07-22,128455,2025072203016993,CORBL,Cristal Kanchanjanga Securites Pvt. Ltd.,Midas Stock Broking Company Private Limited,10,2199.0,21990.0,2025-07-22 12:08:02.991806
2025-07-22,128353,2025072203017024,CORBL,Nagarik Stock Dealer ,Midas Stock Broking Company Private Limited,10,2190.0,21900.0,2025-07-22 12:08:13.017263
2025-07-22,128212,2025072203017068,CORBL,Nagarik Stock Dealer ,Dynamic Money Managers Securities Pvt. Ltd.,50,2190.0,109500.0,2025-07-22 12:08:25.665199
2025-07-22,128069,2025072203017098,CORBL,Nagarik Stock Dealer ,Sani Securities Company Ltd.,40,2190.0,87600.0,2025-07-22 12:08:37.008626
2025-07-22,128018,2025072203017111,CORBL,Nagarik Stock Dealer ,Capital Max Securities Ltd,27,2190.0,59130.0,2025-07-22 12:08:39.990922
2025-07-22,127850,2025072203017152,CORBL,Nagarik Stock Dealer ,Sani Securities Company Ltd.,50,2190.0,109500.0,2025-07-22 12:08:57.256017
2025-07-22,127730,2025072203017189,CORBL,Nagarik Stock Dealer ,Investment Management Nepal Pvt. Ltd.,13,2190.0,28470.0,2025-07-22 12:09:10.794971
2025-07-22,120683,2025072203019067,CORBL,Nagarik Stock Dealer ,Sani Securities Company Ltd.,10,2190.0,21900.0,2025-07-22 12:19:46.198883
2025-07-22,114601,2025072203020587,CORBL,Agrawal Securities (PVT) Ltd.,Sweta Securities Private Limited,10,2188.0,21880.0,2025-07-22 12:28:19.604371
2025-07-22,114490,2025072203020610,CORBL,S.P.S.A. Securities Limited,Neev Securities Pvt. Ltd.,10,2199.8,21998.0,2025-07-22 12:28:28.942474
2025-07-22,111769,2025072203021231,CORBL,Agrawal Securities (PVT) Ltd.,Nepal Investment And Securities Trading Private Limited,1,2160.0,2160.0,2025-07-22 12:32:55.666658
2025-07-22,108335,2025072203021884,CORBL,SHUBHAKAMANA SECURITIES PVT. LTD,Sani Securities Company Ltd.,40,2180.0,87200.0,2025-07-22 12:38:16.577487
2025-07-22,108334,2025072203021885,CORBL,Opal Securities Investment (PVT) Ltd.,Sani Securities Company Ltd.,20,2179.0,43580.0,2025-07-22 12:38:16.577619
2025-07-22,108333,2025072203021886,CORBL,SHUBHAKAMANA SECURITIES PVT. LTD,Sani Securities Company Ltd.,60,2179.0,130740.0,2025-07-22 12:38:16.577669
2025-07-22,107816,2025072203022052,CORBL,Naasa Securities Co. Ltd.,Sani Securities Company Ltd.,20,2180.0,43600.0,2025-07-22 12:38:53.101775
2025-07-22,106628,2025072203022370,CORBL,Naasa Securities Co. Ltd.,Sani Securities Company Ltd.,13,2180.0,28340.0,2025-07-22 12:41:01.391442
2025-07-22,106627,2025072203022371,CORBL,SHUBHAKAMANA SECURITIES PVT. LTD,Sani Securities Company Ltd.,27,2179.0,58833.0,2025-07-22 12:41:01.391679
2025-07-22,103891,2025072203023044,CORBL,Sani Securities Company Ltd.,Online Securities Pvt. Ltd.,40,2180.0,87200.0,2025-07-22 12:45:50.429417
2025-07-22,101520,2025072203023576,CORBL,SHUBHAKAMANA SECURITIES PVT. LTD,Dynamic Money Managers Securities Pvt. Ltd.,10,2179.0,21790.0,2025-07-22 12:49:58.697333
2025-07-22,101519,2025072203023577,CORBL,SHUBHAKAMANA SECURITIES PVT. LTD,Naasa Securities Co. Ltd.,3,2179.0,6537.0,2025-07-22 12:49:58.697504
2025-07-22,98205,2025072203024234,CORBL,Sani Securities Company Ltd.,Online Securities Pvt. Ltd.,10,2180.0,21800.0,2025-07-22 12:56:02.325717
2025-07-22,94584,2025072203025072,CORBL,Naasa Securities Co. Ltd.,Sani Securities Company Ltd.,35,2180.0,76300.0,2025-07-22 13:02:11.307920
2025-07-22,94583,2025072203025073,CORBL,Dakshinkali Investment & Securities Pvt. Ltd.,Sani Securities Company Ltd.,60,2180.0,130800.0,2025-07-22 13:02:11.308070
2025-07-22,91267,2025072203025778,CORBL,Sani Securities Company Ltd.,Linch Stock Market Ltd.,10,2181.1,21811.0,2025-07-22 13:07:45.961558
2025-07-22,91266,2025072203025779,CORBL,Dynamic Money Managers Securities Pvt. Ltd.,Linch Stock Market Ltd.,20,2181.0,43620.0,2025-07-22 13:07:45.961694
2025-07-22,91265,2025072203025780,CORBL,Bhrikuti Stock Broking Co. Pvt. Ltd.,Linch Stock Market Ltd.,10,2181.0,21810.0,2025-07-22 13:07:45.961747
2025-07-22,89196,2025072203026346,CORBL,Citizens Share Broker Limited,Linch Stock Market Ltd.,10,2181.0,21810.0,2025-07-22 13:10:49.007738
2025-07-22,88017,2025072203026547,CORBL,Citizens Share Broker Limited,Vision Securities Pvt. Ltd,10,2195.0,21950.0,2025-07-22 13:12:15.209828
2025-07-22,84375,2025072203027443,CORBL,Siprabi Securities Pvt. Ltd.,Naasa Securities Co. Ltd.,1,2179.0,2179.0,2025-07-22 13:17:28.635655
2025-07-22,79366,2025072203028501,CORBL,J.F. Securites (PVT) Ltd.,Hatemalo Financial Services Private Limited,50,2185.0,109250.0,2025-07-22 13:24:28.781787
2025-07-22,78809,2025072203028595,CORBL,Sani Securities Company Ltd.,Shree Krishna Securities Ltd.,10,2180.4,21804.0,2025-07-22 13:25:16.628070
2025-07-22,78808,2025072203028596,CORBL,Sani Securities Company Ltd.,Shree Krishna Securities Ltd.,10,2180.3,21803.0,2025-07-22 13:25:16.628113
2025-07-22,78807,2025072203028597,CORBL,Sani Securities Company Ltd.,Shree Krishna Securities Ltd.,10,2180.2,21802.0,2025-07-22 13:25:16.628138
2025-07-22,78806,2025072203028598,CORBL,Sani Securities Company Ltd.,Shree Krishna Securities Ltd.,10,2180.1,21801.0,2025-07-22 13:25:16.628169
2025-07-22,78805,2025072203028599,CORBL,Dakshinkali Investment & Securities Pvt. Ltd.,Shree Krishna Securities Ltd.,40,2180.0,87200.0,2025-07-22 13:25:16.628202
2025-07-22,78804,2025072203028600,CORBL,Thrive Brokerage House Pvt. Ltd,Shree Krishna Securities Ltd.,10,2180.0,21800.0,2025-07-22 13:25:16.628229
2025-07-22,78803,2025072203028601,CORBL,Cristal Kanchanjanga Securites Pvt. Ltd.,Shree Krishna Securities Ltd.,90,2180.0,196200.0,2025-07-22 13:25:16.628258
2025-07-22,78802,2025072203028602,CORBL,Linch Stock Market Ltd.,Shree Krishna Securities Ltd.,10,2180.0,21800.0,2025-07-22 13:25:16.628288
2025-07-22,78801,2025072203028603,CORBL,Market Securities & Exchange (PVT) Ltd.,Shree Krishna Securities Ltd.,20,2176.2,43524.0,2025-07-22 13:25:16.628316
2025-07-22,78800,2025072203028604,CORBL,Sumeru Securities Pvt. Ltd.,Shree Krishna Securities Ltd.,20,2175.3,43506.0,2025-07-22 13:25:16.628345
2025-07-22,78799,2025072203028605,CORBL,Agrawal Securities (PVT) Ltd.,Shree Krishna Securities Ltd.,10,2170.1,21701.0,2025-07-22 13:25:16.628373
2025-07-22,78798,2025072203028606,CORBL,Nagarik Stock Dealer ,Shree Krishna Securities Ltd.,50,2170.0,108500.0,2025-07-22 13:25:16.628400
2025-07-22,78797,2025072203028607,CORBL,Naasa Securities Co. Ltd.,Shree Krishna Securities Ltd.,10,2167.0,21670.0,2025-07-22 13:25:16.628426
2025-07-22,73085,2025072203029813,CORBL,Sani Securities Company Ltd.,Trishakti Securities Public Limited,10,2163.0,21630.0,2025-07-22 13:33:39.829965
2025-07-22,73084,2025072203029814,CORBL,Market Securities & Exchange (PVT) Ltd.,Trishakti Securities Public Limited,20,2162.2,43244.0,2025-07-22 13:33:39.830007
2025-07-22,73083,2025072203029815,CORBL,Market Securities & Exchange (PVT) Ltd.,Trishakti Securities Public Limited,10,2161.3,21613.0,2025-07-22 13:33:39.830043
2025-07-22,73082,2025072203029816,CORBL,J.F. Securites (PVT) Ltd.,Trishakti Securities Public Limited,20,2161.3,43226.0,2025-07-22 13:33:39.830071
2025-07-22,73081,2025072203029817,CORBL,Bhrikuti Stock Broking Co. Pvt. Ltd.,Trishakti Securities Public Limited,15,2150.0,32250.0,2025-07-22 13:33:39.830103
2025-07-22,73080,2025072203029818,CORBL,Online Securities Pvt. Ltd.,Trishakti Securities Public Limited,100,2147.0,214700.0,2025-07-22 13:33:39.830132
2025-07-22,73079,2025072203029819,CORBL,Linch Stock Market Ltd.,Trishakti Securities Public Limited,10,2140.0,21400.0,2025-07-22 13:33:39.830155
2025-07-22,73078,2025072203029820,CORBL,Sweta Securities Private Limited,Trishakti Securities Public Limited,100,2137.0,213700.0,2025-07-22 13:33:39.830179
2025-07-22,73077,2025072203029821,CORBL,J.F. Securites (PVT) Ltd.,Trishakti Securities Public Limited,10,2136.4,21364.0,2025-07-22 13:33:39.830205
2025-07-22,73076,2025072203029822,CORBL,SHUBHAKAMANA SECURITIES PVT. LTD,Trishakti Securities Public Limited,100,2136.4,213640.0,2025-07-22 13:33:39.830231
2025-07-22,73075,2025072203029823,CORBL,Linch Stock Market Ltd.,Trishakti Securities Public Limited,100,2124.0,212400.0,2025-07-22 13:33:39.830256
2025-07-22,71657,2025072203030123,CORBL,Vision Securities Pvt. Ltd,Shree Krishna Securities Ltd.,10,2165.0,21650.0,2025-07-22 13:35:51.570877
2025-07-22,71656,2025072203030124,CORBL,Sani Securities Company Ltd.,Shree Krishna Securities Ltd.,10,2125.0,21250.0,2025-07-22 13:35:51.570954
2025-07-22,71655,2025072203030125,CORBL,Agrawal Securities (PVT) Ltd.,Shree Krishna Securities Ltd.,100,2124.2,212420.0,2025-07-22 13:35:51.571006
2025-07-22,71654,2025072203030126,CORBL,Asian Securities Private Ltd.,Shree Krishna Securities Ltd.,20,2124.1,42482.0,2025-07-22 13:35:51.571054
2025-07-22,71653,2025072203030127,CORBL,Market Securities & Exchange (PVT) Ltd.,Shree Krishna Securities Ltd.,20,2123.7,42474.0,2025-07-22 13:35:51.571078
2025-07-22,71652,2025072203030128,CORBL,J.F. Securites (PVT) Ltd.,Shree Krishna Securities Ltd.,24,2123.7,50968.8,2025-07-22 13:35:51.571103
2025-07-22,71651,2025072203030129,CORBL,Agrawal Securities (PVT) Ltd.,Shree Krishna Securities Ltd.,100,2120.0,212000.0,2025-07-22 13:35:51.571132
2025-07-22,71650,2025072203030130,CORBL,Aryatara Investment & Securities,Shree Krishna Securities Ltd.,61,2103.0,128283.0,2025-07-22 13:35:51.571162
2025-07-22,71649,2025072203030131,CORBL,Dipshikha Dhitopatra Karobar Co. Pvt Ltd.,Shree Krishna Securities Ltd.,10,2100.0,21000.0,2025-07-22 13:35:51.571189
2025-07-22,71648,2025072203030132,CORBL,Nepal Stock House (PVT) Ltd.,Shree Krishna Securities Ltd.,10,2090.0,20900.0,2025-07-22 13:35:51.571217
2025-07-22,71647,2025072203030133,CORBL,Capital Max Securities Ltd,Shree Krishna Securities Ltd.,35,2083.0,72905.0,2025-07-22 13:35:51.571246
2025-07-22,67443,2025072203030925,CORBL,Vision Securities Pvt. Ltd,Himalayan Brokerage Company Limited,10,2100.0,21000.0,2025-07-22 13:43:17.263330
2025-07-22,67046,2025072203031046,CORBL,Naasa Securities Co. Ltd.,South Asian Bulls Pvt. Ltd.,1,2084.0,2084.0,2025-07-22 13:44:01.079363
2025-07-22,66754,2025072203031112,CORBL,Sani Securities Company Ltd.,Siprabi Securities Pvt. Ltd.,10,2100.0,21000.0,2025-07-22 13:44:24.452480
2025-07-22,66267,2025072203031203,CORBL,Siprabi Securities Pvt. Ltd.,Shree Krishna Securities Ltd.,30,2102.0,63060.0,2025-07-22 13:45:01.570421
2025-07-22,66266,2025072203031204,CORBL,Vision Securities Pvt. Ltd,Shree Krishna Securities Ltd.,10,2101.0,21010.0,2025-07-22 13:45:01.570464
2025-07-22,66265,2025072203031205,CORBL,Aryatara Investment & Securities,Shree Krishna Securities Ltd.,100,2100.0,210000.0,2025-07-22 13:45:01.570489
2025-07-22,66264,2025072203031206,CORBL,S.P.S.A. Securities Limited,Shree Krishna Securities Ltd.,50,2100.0,105000.0,2025-07-22 13:45:01.570513
2025-07-22,66263,2025072203031207,CORBL,Vision Securities Pvt. Ltd,Shree Krishna Securities Ltd.,20,2099.0,41980.0,2025-07-22 13:45:01.570556
2025-07-22,66262,2025072203031208,CORBL,Sumeru Securities Pvt. Ltd.,Shree Krishna Securities Ltd.,50,2097.0,104850.0,2025-07-22 13:45:01.570582
2025-07-22,66261,2025072203031209,CORBL,Sewa Securities Pvt. Ltd.,Shree Krishna Securities Ltd.,40,2094.0,83760.0,2025-07-22 13:45:01.570607
2025-07-22,65499,2025072203031337,CORBL,Naasa Securities Co. Ltd.,Midas Stock Broking Company Private Limited,2,2100.0,4200.0,2025-07-22 13:46:03.046118
2025-07-22,65450,2025072203031351,CORBL,Naasa Securities Co. Ltd.,Siprabi Securities Pvt. Ltd.,5,2100.0,10500.0,2025-07-22 13:46:08.812069
2025-07-22,63680,2025072203031647,CORBL,Midas Stock Broking Company Private Limited,Aryatara Investment & Securities,10,2124.0,21240.0,2025-07-22 13:48:26.296275
2025-07-22,62805,2025072203031825,CORBL,Nagarik Stock Dealer ,Linch Stock Market Ltd.,100,2124.0,212400.0,2025-07-22 13:49:38.250089
2025-07-22,60918,2025072203032179,CORBL,Kumari Securities Private Limited,Linch Stock Market Ltd.,30,2124.0,63720.0,2025-07-22 13:52:47.953717
2025-07-22,60662,2025072203032223,CORBL,Naasa Securities Co. Ltd.,Vision Securities Pvt. Ltd,1,2090.0,2090.0,2025-07-22 13:53:10.458168
2025-07-22,57311,2025072203032816,CORBL,Nagarik Stock Dealer ,Linch Stock Market Ltd.,106,2124.0,225144.0,2025-07-22 13:57:39.953346
2025-07-22,57183,2025072203032867,CORBL,Nagarik Stock Dealer ,Sani Securities Company Ltd.,10,2124.6,21246.0,2025-07-22 13:57:53.976045
2025-07-22,53015,2025072203033475,CORBL,Sewa Securities Pvt. Ltd.,Oxford Securities Pvt. Ltd.,23,2138.0,49174.0,2025-07-22 14:03:32.035343
2025-07-22,49838,2025072203033890,CORBL,Agrawal Securities (PVT) Ltd.,Dipshikha Dhitopatra Karobar Co. Pvt Ltd.,5,2100.0,10500.0,2025-07-22 14:07:29.417372
2025-07-22,47282,2025072203034309,CORBL,Sweta Securities Private Limited,Arun Securities (PVT) Ltd.,11,2138.0,23518.0,2025-07-22 14:10:53.907919
2025-07-22,47281,2025072203034310,CORBL,Dakshinkali Investment & Securities Pvt. Ltd.,Arun Securities (PVT) Ltd.,89,2137.0,190193.0,2025-07-22 14:10:53.908178
2025-07-22,40609,2025072203035375,CORBL,Dakshinkali Investment & Securities Pvt. Ltd.,Sani Securities Company Ltd.,10,2137.0,21370.0,2025-07-22 14:19:41.586748
2025-07-22,38282,2025072203035751,CORBL,Dakshinkali Investment & Securities Pvt. Ltd.,Dipshikha Dhitopatra Karobar Co. Pvt Ltd.,1,2137.0,2137.0,2025-07-22 14:22:36.187174
2025-07-22,31530,2025072203036950,CORBL,Opal Securities Investment (PVT) Ltd.,SHUBHAKAMANA SECURITIES PVT. LTD,10,2135.0,21350.0,2025-07-22 14:30:20.404651
2025-07-22,31269,2025072203036986,CORBL,Sani Securities Company Ltd.,SHUBHAKAMANA SECURITIES PVT. LTD,10,2115.1,21151.0,2025-07-22 14:30:39.249560
2025-07-22,31268,2025072203036987,CORBL,Sewa Securities Pvt. Ltd.,SHUBHAKAMANA SECURITIES PVT. LTD,12,2115.1,25381.2,2025-07-22 14:30:39.249597
2025-07-22,31267,2025072203036988,CORBL,Imperial Securities Company Pvt. Ltd.,SHUBHAKAMANA SECURITIES PVT. LTD,18,2115.1,38071.8,2025-07-22 14:30:39.249621
2025-07-22,31026,2025072203037044,CORBL,Imperial Securities Company Pvt. Ltd.,Sani Securities Company Ltd.,32,2115.1,67683.2,2025-07-22 14:30:55.427569
2025-07-22,31025,2025072203037045,CORBL,Sani Securities Company Ltd.,Sani Securities Company Ltd.,50,2115.0,105750.0,2025-07-22 14:30:55.427810
2025-07-22,31024,2025072203037046,CORBL,Imperial Securities Company Pvt. Ltd.,Sani Securities Company Ltd.,50,2115.0,105750.0,2025-07-22 14:30:55.427955
2025-07-22,31022,2025072203037047,CORBL,Naasa Securities Co. Ltd.,Sani Securities Company Ltd.,10,2111.0,21110.0,2025-07-22 14:30:55.428123
2025-07-22,31021,2025072203037048,CORBL,Naasa Securities Co. Ltd.,Sani Securities Company Ltd.,100,2110.0,211000.0,2025-07-22 14:30:55.428275
2025-07-22,30839,2025072203037101,CORBL,Opal Securities Investment (PVT) Ltd.,Sani Securities Company Ltd.,10,2110.0,21100.0,2025-07-22 14:31:08.775265
2025-07-22,21506,2025072203039113,CORBL,Sri Hari Securities Pvt. Ltd.,Arun Securities (PVT) Ltd.,10,2112.3,21123.0,2025-07-22 14:42:59.568772
2025-07-22,21505,2025072203039114,CORBL,Sani Securities Company Ltd.,Arun Securities (PVT) Ltd.,10,2112.2,21122.0,2025-07-22 14:42:59.569062
2025-07-22,21504,2025072203039115,CORBL,Capital Max Securities Ltd,Arun Securities (PVT) Ltd.,15,2112.1,31681.5,2025-07-22 14:42:59.569237
2025-07-22,21503,2025072203039116,CORBL,Sani Securities Company Ltd.,Arun Securities (PVT) Ltd.,20,2112.1,42242.0,2025-07-22 14:42:59.569434
2025-07-22,21502,2025072203039117,CORBL,Market Securities & Exchange (PVT) Ltd.,Arun Securities (PVT) Ltd.,15,2112.0,31680.0,2025-07-22 14:42:59.569596
2025-07-22,21082,2025072203039178,CORBL,Market Securities & Exchange (PVT) Ltd.,Arun Securities (PVT) Ltd.,15,2112.0,31680.0,2025-07-22 14:43:28.372104
2025-07-22,21081,2025072203039179,CORBL,Imperial Securities Company Pvt. Ltd.,Arun Securities (PVT) Ltd.,33,2112.0,69696.0,2025-07-22 14:43:28.372248
2025-07-22,20768,2025072203039233,CORBL,Nepal Stock House (PVT) Ltd.,Arun Securities (PVT) Ltd.,10,2112.0,21120.0,2025-07-22 14:43:49.950955
2025-07-22,20735,2025072203039239,CORBL,Sani Securities Company Ltd.,Arun Securities (PVT) Ltd.,22,2112.0,46464.0,2025-07-22 14:43:52.774284
2025-07-22,18160,2025072203039702,CORBL,Imperial Securities Company Pvt. Ltd.,Arun Securities (PVT) Ltd.,12,2112.0,25344.0,2025-07-22 14:46:21.378804
2025-07-22,18159,2025072203039703,CORBL,Market Securities & Exchange (PVT) Ltd.,Arun Securities (PVT) Ltd.,28,2112.0,59136.0,2025-07-22 14:46:21.378939
2025-07-22,15947,2025072203040100,CORBL,Sani Securities Company Ltd.,Magnet Securities and Investment Company Private Limited,10,2112.0,21120.0,2025-07-22 14:48:47.103362
2025-07-22,15946,2025072203040101,CORBL,Naasa Securities Co. Ltd.,Magnet Securities and Investment Company Private Limited,10,2112.0,21120.0,2025-07-22 14:48:47.103512
2025-07-22,15438,2025072203040239,CORBL,Sani Securities Company Ltd.,Magnet Securities and Investment Company Private Limited,10,2130.0,21300.0,2025-07-22 14:49:16.362321
2025-07-22,14253,2025072203040473,CORBL,Sani Securities Company Ltd.,Arun Securities (PVT) Ltd.,10,2112.0,21120.0,2025-07-22 14:50:31.891822
2025-07-22,13643,2025072203040571,CORBL,Imperial Securities Company Pvt. Ltd.,Magnet Securities and Investment Company Private Limited,50,2112.0,105600.0,2025-07-22 14:51:03.356895
2025-07-22,12944,2025072203040703,CORBL,Market Securities & Exchange (PVT) Ltd.,Magnet Securities and Investment Company Private Limited,10,2129.0,21290.0,2025-07-22 14:51:49.328318
2025-07-22,12692,2025072203040746,CORBL,Nagarik Stock Dealer ,Magnet Securities and Investment Company Private Limited,30,2129.0,63870.0,2025-07-22 14:52:04.040548
2025-07-22,12691,2025072203040747,CORBL,Nagarik Stock Dealer ,Magnet Securities and Investment Company Private Limited,10,2130.0,21300.0,2025-07-22 14:52:04.040702
2025-07-22,12690,2025072203040748,CORBL,Nagarik Stock Dealer ,Magnet Securities and Investment Company Private Limited,10,2130.0,21300.0,2025-07-22 14:52:04.040782
2025-07-22,10948,2025072203041085,CORBL,Sani Securities Company Ltd.,Magnet Securities and Investment Company Private Limited,10,2129.0,21290.0,2025-07-22 14:53:35.420725
2025-07-22,10680,2025072203041121,CORBL,Nagarik Stock Dealer ,Magnet Securities and Investment Company Private Limited,20,2130.0,42600.0,2025-07-22 14:53:48.672052
2025-07-22,7770,2025072203041637,CORBL,Sani Securities Company Ltd.,Citizens Share Broker Limited,20,2128.0,42560.0,2025-07-22 14:55:59.543593
2025-07-22,5587,2025072203042063,CORBL,Sani Securities Company Ltd.,Magnet Securities and Investment Company Private Limited,10,2126.0,21260.0,2025-07-22 14:57:32.117040
2025-07-22,5131,2025072203042129,CORBL,Imperial Securities Company Pvt. Ltd.,Bhrikuti Stock Broking Co. Pvt. Ltd.,50,2127.9,106395.0,2025-07-22 14:57:51.360166
2025-07-22,5025,2025072203042150,CORBL,SUN SECURITIES PVT LTD,Bhrikuti Stock Broking Co. Pvt. Ltd.,20,2127.9,42558.0,2025-07-22 14:57:54.282843
2025-07-22,4879,2025072203042174,CORBL,Sani Securities Company Ltd.,Bhrikuti Stock Broking Co. Pvt. Ltd.,10,2127.9,21279.0,2025-07-22 14:57:58.968412
2025-07-22,3263,2025072203042447,CORBL,Sani Securities Company Ltd.,Bhrikuti Stock Broking Co. Pvt. Ltd.,10,2127.9,21279.0,2025-07-22 14:58:48.469947
2025-07-22,3159,2025072203042479,CORBL,Sundhara Securities Limited,Bhrikuti Stock Broking Co. Pvt. Ltd.,10,2127.9,21279.0,2025-07-22 14:58:52.203698
2025-07-22,3050,2025072203042490,CORBL,Sani Securities Company Ltd.,Bhrikuti Stock Broking Co. Pvt. Ltd.,10,2127.9,21279.0,2025-07-22 14:58:54.742336
2025-07-22,2721,2025072203042546,CORBL,Midas Stock Broking Company Private Limited,Bhrikuti Stock Broking Co. Pvt. Ltd.,100,2127.9,212790.0,2025-07-22 14:59:04.964936
2025-07-22,2157,2025072203042682,CORBL,Naasa Securities Co. Ltd.,Dipshikha Dhitopatra Karobar Co. Pvt Ltd.,10,2121.0,21210.0,2025-07-22 14:59:18.515936
2025-07-22,2005,2025072203042716,CORBL,Secured Securities Ltd.,Magnet Securities and Investment Company Private Limited,150,2120.0,318000.0,2025-07-22 14:59:22.360185
2025-07-22,870,2025072203042949,CORBL,Naasa Securities Co. Ltd.,Magnet Securities and Investment Company Private Limited,20,2120.0,42400.0,2025-07-22 14:59:43.584213
2025-07-22,869,2025072203042950,CORBL,Naasa Securities Co. Ltd.,Dipshikha Dhitopatra Karobar Co. Pvt Ltd.,20,2120.0,42400.0,2025-07-22 14:59:43.584347
2025-07-22,868,2025072203042951,CORBL,Naasa Securities Co. Ltd.,Naasa Securities Co. Ltd.,60,2121.0,127260.0,2025-07-22 14:59:43.584416
