Date,S.N.,Contract ID,Symbol,Buyer Broker,Seller Broker,volume,rate,amount,transaction_time
2025-07-22,177045,2025072203000023,MNBBL,Bhrikuti Stock Broking Co. Pvt. Ltd.,Bhrikuti Stock Broking Co. Pvt. Ltd.,260,450.0,117000.0,2025-07-22 10:46:00.060845
2025-07-22,176946,2025072203000073,MNBBL,Naasa Securities Co. Ltd.,Bhrikuti Stock Broking Co. Pvt. Ltd.,240,446.0,107040.0,2025-07-22 11:00:04.797290
2025-07-22,176945,2025072203000074,MNBBL,Naasa Securities Co. Ltd.,Midas Stock Broking Company Private Limited,260,446.0,115960.0,2025-07-22 11:00:04.797383
2025-07-22,176921,2025072203000080,MNBBL,Dakshinkali Investment & Securities Pvt. Ltd.,Asian Securities Private Ltd.,100,445.0,44500.0,2025-07-22 11:00:25.761829
2025-07-22,176913,2025072203000085,MNBBL,Deevyaa Securities & Stock House Pvt. Ltd,Asian Securities Private Ltd.,240,445.0,106800.0,2025-07-22 11:00:30.326775
2025-07-22,176835,2025072203000128,MNBBL,Creative Securities Pvt Ltd,Asian Securities Private Ltd.,95,445.0,42275.0,2025-07-22 11:00:54.858253
2025-07-22,176699,2025072203000204,MNBBL,Deevyaa Securities & Stock House Pvt. Ltd,Midas Stock Broking Company Private Limited,240,446.0,107040.0,2025-07-22 11:01:23.117527
2025-07-22,176659,2025072203000228,MNBBL,Premier Securities Company Ltd.,Himalayan Securities Limited,25,446.0,11150.0,2025-07-22 11:01:28.967128
2025-07-22,176631,2025072203000244,MNBBL,Premier Securities Company Ltd.,Dynamic Money Managers Securities Pvt. Ltd.,335,446.0,149410.0,2025-07-22 11:01:32.039350
2025-07-22,176268,2025072203000436,MNBBL,Cristal Kanchanjanga Securites Pvt. Ltd.,Linch Stock Market Ltd.,22,450.0,9900.0,2025-07-22 11:02:19.300535
2025-07-22,175946,2025072203000602,MNBBL,Stoxkarts Securities Limited,Naasa Securities Co. Ltd.,40,447.0,17880.0,2025-07-22 11:02:56.564133
2025-07-22,175909,2025072203000613,MNBBL,Sagarmatha Securities Private Limited,Linch Stock Market Ltd.,78,450.0,35100.0,2025-07-22 11:03:01.226354
2025-07-22,175908,2025072203000614,MNBBL,Sagarmatha Securities Private Limited,Himalayan Securities Limited,25,450.0,11250.0,2025-07-22 11:03:01.226546
2025-07-22,175907,2025072203000615,MNBBL,Sagarmatha Securities Private Limited,Online Securities Pvt. Ltd.,140,450.0,63000.0,2025-07-22 11:03:01.226660
2025-07-22,175766,2025072203000677,MNBBL,Sagarmatha Securities Private Limited,Bhrikuti Stock Broking Co. Pvt. Ltd.,500,451.0,225500.0,2025-07-22 11:03:19.290685
2025-07-22,175678,2025072203000699,MNBBL,Aryatara Investment & Securities,Naasa Securities Co. Ltd.,50,451.0,22550.0,2025-07-22 11:03:30.202963
2025-07-22,175677,2025072203000700,MNBBL,Aryatara Investment & Securities,Imperial Securities Company Pvt. Ltd.,50,452.0,22600.0,2025-07-22 11:03:30.203047
2025-07-22,175585,2025072203000739,MNBBL,Dakshinkali Investment & Securities Pvt. Ltd.,Imperial Securities Company Pvt. Ltd.,50,452.0,22600.0,2025-07-22 11:03:42.377695
2025-07-22,175584,2025072203000740,MNBBL,Dakshinkali Investment & Securities Pvt. Ltd.,Cristal Kanchanjanga Securites Pvt. Ltd.,50,452.9,22645.0,2025-07-22 11:03:42.377767
2025-07-22,175583,2025072203000741,MNBBL,Dakshinkali Investment & Securities Pvt. Ltd.,Bhrikuti Stock Broking Co. Pvt. Ltd.,400,453.0,181200.0,2025-07-22 11:03:42.377804
2025-07-22,175495,2025072203000771,MNBBL,Sanima Securities Limited,Naasa Securities Co. Ltd.,50,452.0,22600.0,2025-07-22 11:03:56.049586
2025-07-22,175494,2025072203000772,MNBBL,Sanima Securities Limited,Bhrikuti Stock Broking Co. Pvt. Ltd.,100,453.0,45300.0,2025-07-22 11:03:56.049674
2025-07-22,175493,2025072203000773,MNBBL,Sanima Securities Limited,Trishakti Securities Public Limited,500,453.0,226500.0,2025-07-22 11:03:56.049731
2025-07-22,175492,2025072203000774,MNBBL,Sanima Securities Limited,J.F. Securites (PVT) Ltd.,50,454.0,22700.0,2025-07-22 11:03:56.049774
2025-07-22,175491,2025072203000775,MNBBL,Sanima Securities Limited,Online Securities Pvt. Ltd.,300,454.0,136200.0,2025-07-22 11:03:56.049807
2025-07-22,175474,2025072203000788,MNBBL,Online Securities Pvt. Ltd.,Naasa Securities Co. Ltd.,50,453.0,22650.0,2025-07-22 11:03:58.388964
2025-07-22,175360,2025072203000841,MNBBL,Capital Max Securities Ltd,Online Securities Pvt. Ltd.,200,454.0,90800.0,2025-07-22 11:04:15.777180
2025-07-22,175359,2025072203000842,MNBBL,Capital Max Securities Ltd,Sundhara Securities Limited,2000,454.4,908800.0,2025-07-22 11:04:15.777258
2025-07-22,175358,2025072203000843,MNBBL,Capital Max Securities Ltd,Primo Securities (PVT) Ltd.,100,455.0,45500.0,2025-07-22 11:04:15.777294
2025-07-22,175357,2025072203000844,MNBBL,Capital Max Securities Ltd,Online Securities Pvt. Ltd.,59,455.0,26845.0,2025-07-22 11:04:15.777346
2025-07-22,175356,2025072203000845,MNBBL,Capital Max Securities Ltd,Bhrikuti Stock Broking Co. Pvt. Ltd.,500,455.0,227500.0,2025-07-22 11:04:15.777378
2025-07-22,175355,2025072203000846,MNBBL,Capital Max Securities Ltd,Asian Securities Private Ltd.,36,455.0,16380.0,2025-07-22 11:04:15.777409
2025-07-22,175354,2025072203000847,MNBBL,Capital Max Securities Ltd,Naasa Securities Co. Ltd.,50,455.0,22750.0,2025-07-22 11:04:15.777437
2025-07-22,175353,2025072203000848,MNBBL,Capital Max Securities Ltd,Online Securities Pvt. Ltd.,35,455.0,15925.0,2025-07-22 11:04:15.777466
2025-07-22,175352,2025072203000849,MNBBL,Capital Max Securities Ltd,Siprabi Securities Pvt. Ltd.,20,455.0,9100.0,2025-07-22 11:04:15.777494
2025-07-22,174989,2025072203000985,MNBBL,Sagarmatha Securities Private Limited,Malla & Malla Stock Broking Company Pvt. Limited,100,455.0,45500.0,2025-07-22 11:04:57.814516
2025-07-22,174988,2025072203000986,MNBBL,Sagarmatha Securities Private Limited,South Asian Bulls Pvt. Ltd.,30,455.0,13650.0,2025-07-22 11:04:57.814588
2025-07-22,174987,2025072203000987,MNBBL,Sagarmatha Securities Private Limited,Naasa Securities Co. Ltd.,150,455.0,68250.0,2025-07-22 11:04:57.814646
2025-07-22,174986,2025072203000988,MNBBL,Sagarmatha Securities Private Limited,Imperial Securities Company Pvt. Ltd.,27,455.0,12285.0,2025-07-22 11:04:57.814686
2025-07-22,174824,2025072203001044,MNBBL,K.B.L. Securities Limited ,Imperial Securities Company Pvt. Ltd.,272,455.0,123760.0,2025-07-22 11:05:14.534083
2025-07-22,174823,2025072203001045,MNBBL,K.B.L. Securities Limited ,Sumeru Securities Pvt. Ltd.,20,455.0,9100.0,2025-07-22 11:05:14.534122
2025-07-22,174822,2025072203001046,MNBBL,K.B.L. Securities Limited ,Kohinoor Investment & Securities Pvt. Ltd.,200,455.0,91000.0,2025-07-22 11:05:14.534144
2025-07-22,174821,2025072203001047,MNBBL,K.B.L. Securities Limited ,Sani Securities Company Ltd.,14,455.0,6370.0,2025-07-22 11:05:14.534171
2025-07-22,174820,2025072203001048,MNBBL,K.B.L. Securities Limited ,Kumari Securities Private Limited,500,455.0,227500.0,2025-07-22 11:05:14.534204
2025-07-22,174819,2025072203001049,MNBBL,K.B.L. Securities Limited ,ABC Securities Private Limited,100,455.0,45500.0,2025-07-22 11:05:14.534230
2025-07-22,174818,2025072203001050,MNBBL,K.B.L. Securities Limited ,J.F. Securites (PVT) Ltd.,150,455.0,68250.0,2025-07-22 11:05:14.534253
2025-07-22,174817,2025072203001051,MNBBL,K.B.L. Securities Limited ,Imperial Securities Company Pvt. Ltd.,50,455.0,22750.0,2025-07-22 11:05:14.534271
2025-07-22,174816,2025072203001052,MNBBL,K.B.L. Securities Limited ,Dynamic Money Managers Securities Pvt. Ltd.,500,456.0,228000.0,2025-07-22 11:05:14.534292
2025-07-22,174815,2025072203001053,MNBBL,K.B.L. Securities Limited ,Naasa Securities Co. Ltd.,50,456.0,22800.0,2025-07-22 11:05:14.534311
2025-07-22,174814,2025072203001054,MNBBL,K.B.L. Securities Limited ,Aryatara Investment & Securities,80,457.0,36560.0,2025-07-22 11:05:14.534330
2025-07-22,174813,2025072203001055,MNBBL,K.B.L. Securities Limited ,Arun Securities (PVT) Ltd.,300,459.0,137700.0,2025-07-22 11:05:14.534350
2025-07-22,174812,2025072203001056,MNBBL,K.B.L. Securities Limited ,Sweta Securities Private Limited,379,459.0,173961.0,2025-07-22 11:05:14.534370
2025-07-22,174811,2025072203001057,MNBBL,K.B.L. Securities Limited ,Sweta Securities Private Limited,2000,459.0,918000.0,2025-07-22 11:05:14.534395
2025-07-22,174810,2025072203001058,MNBBL,K.B.L. Securities Limited ,Nepal Stock House (PVT) Ltd.,100,459.0,45900.0,2025-07-22 11:05:14.534415
2025-07-22,174809,2025072203001059,MNBBL,K.B.L. Securities Limited ,Linch Stock Market Ltd.,200,459.0,91800.0,2025-07-22 11:05:14.534436
2025-07-22,174808,2025072203001060,MNBBL,K.B.L. Securities Limited ,Imperial Securities Company Pvt. Ltd.,25,460.0,11500.0,2025-07-22 11:05:14.534458
2025-07-22,174807,2025072203001061,MNBBL,K.B.L. Securities Limited ,Dynamic Money Managers Securities Pvt. Ltd.,60,460.0,27600.0,2025-07-22 11:05:14.534478
2025-07-22,174138,2025072203001422,MNBBL,Thrive Brokerage House Pvt. Ltd,Naasa Securities Co. Ltd.,50,458.0,22900.0,2025-07-22 11:06:17.421793
2025-07-22,174137,2025072203001423,MNBBL,Thrive Brokerage House Pvt. Ltd,Oxford Securities Pvt. Ltd.,379,458.0,173582.0,2025-07-22 11:06:17.421872
2025-07-22,174020,2025072203001493,MNBBL,S.P.S.A. Securities Limited,Malla & Malla Stock Broking Company Pvt. Limited,200,457.9,91580.0,2025-07-22 11:06:30.366099
2025-07-22,174019,2025072203001494,MNBBL,S.P.S.A. Securities Limited,Oxford Securities Pvt. Ltd.,81,458.0,37098.0,2025-07-22 11:06:30.366181
2025-07-22,174018,2025072203001495,MNBBL,S.P.S.A. Securities Limited,Cristal Kanchanjanga Securites Pvt. Ltd.,27,458.0,12366.0,2025-07-22 11:06:30.366229
2025-07-22,174017,2025072203001496,MNBBL,S.P.S.A. Securities Limited,ABC Securities Private Limited,150,459.0,68850.0,2025-07-22 11:06:30.366272
2025-07-22,174016,2025072203001497,MNBBL,S.P.S.A. Securities Limited,Dipshikha Dhitopatra Karobar Co. Pvt Ltd.,100,459.0,45900.0,2025-07-22 11:06:30.366310
2025-07-22,174015,2025072203001498,MNBBL,S.P.S.A. Securities Limited,Aryatara Investment & Securities,100,459.9,45990.0,2025-07-22 11:06:30.366348
2025-07-22,174014,2025072203001499,MNBBL,S.P.S.A. Securities Limited,Dynamic Money Managers Securities Pvt. Ltd.,1940,460.0,892400.0,2025-07-22 11:06:30.366381
2025-07-22,174013,2025072203001500,MNBBL,S.P.S.A. Securities Limited,Bhrikuti Stock Broking Co. Pvt. Ltd.,10,460.0,4600.0,2025-07-22 11:06:30.366417
2025-07-22,174012,2025072203001501,MNBBL,S.P.S.A. Securities Limited,Naasa Securities Co. Ltd.,50,460.0,23000.0,2025-07-22 11:06:30.366453
2025-07-22,174011,2025072203001502,MNBBL,S.P.S.A. Securities Limited,Kalika Securities Pvt. Ltd.,842,460.0,387320.0,2025-07-22 11:06:30.366488
2025-07-22,173791,2025072203001577,MNBBL,S.P.S.A. Securities Limited,Cristal Kanchanjanga Securites Pvt. Ltd.,200,459.9,91980.0,2025-07-22 11:06:56.404643
2025-07-22,173790,2025072203001578,MNBBL,S.P.S.A. Securities Limited,Kalika Securities Pvt. Ltd.,158,460.0,72680.0,2025-07-22 11:06:56.404828
2025-07-22,173789,2025072203001579,MNBBL,S.P.S.A. Securities Limited,Sani Securities Company Ltd.,10,460.0,4600.0,2025-07-22 11:06:56.404958
2025-07-22,173788,2025072203001580,MNBBL,S.P.S.A. Securities Limited,Trishakti Securities Public Limited,138,460.0,63480.0,2025-07-22 11:06:56.405113
2025-07-22,173787,2025072203001581,MNBBL,S.P.S.A. Securities Limited,Linch Stock Market Ltd.,494,460.0,227240.0,2025-07-22 11:06:56.405236
2025-07-22,173500,2025072203001706,MNBBL,Global IME Securities Limited,Kumari Securities Private Limited,500,454.2,227100.0,2025-07-22 11:07:29.610973
2025-07-22,173499,2025072203001707,MNBBL,Imperial Securities Company Pvt. Ltd.,Kumari Securities Private Limited,200,454.1,90820.0,2025-07-22 11:07:29.611079
2025-07-22,173498,2025072203001708,MNBBL,Aryatara Investment & Securities,Kumari Securities Private Limited,432,454.0,196128.0,2025-07-22 11:07:29.611132
2025-07-22,173351,2025072203001778,MNBBL,Online Securities Pvt. Ltd.,Linch Stock Market Ltd.,150,453.0,67950.0,2025-07-22 11:07:45.152474
2025-07-22,173119,2025072203001843,MNBBL,Opal Securities Investment (PVT) Ltd.,Kumari Securities Private Limited,33,454.0,14982.0,2025-07-22 11:08:05.978545
2025-07-22,173069,2025072203001873,MNBBL,Property Wiard Limited,Kumari Securities Private Limited,200,454.0,90800.0,2025-07-22 11:08:12.238335
2025-07-22,173064,2025072203001875,MNBBL,K.B.L. Securities Limited ,Kumari Securities Private Limited,135,454.0,61290.0,2025-07-22 11:08:12.947189
2025-07-22,173052,2025072203001882,MNBBL,K.B.L. Securities Limited ,KALASH STOCK MARKET PVT. LTD.,200,454.0,90800.0,2025-07-22 11:08:14.307190
2025-07-22,173005,2025072203001908,MNBBL,K.B.L. Securities Limited ,Premier Securities Company Ltd.,25,454.0,11350.0,2025-07-22 11:08:18.036122
2025-07-22,172860,2025072203001973,MNBBL,K.B.L. Securities Limited ,Creative Securities Pvt Ltd,500,454.0,227000.0,2025-07-22 11:08:32.099663
2025-07-22,172796,2025072203002005,MNBBL,Sagarmatha Securities Private Limited,Sani Securities Company Ltd.,125,455.0,56875.0,2025-07-22 11:08:39.145529
2025-07-22,172501,2025072203002153,MNBBL,Global IME Securities Limited,Naasa Securities Co. Ltd.,100,456.0,45600.0,2025-07-22 11:09:06.467276
2025-07-22,172203,2025072203002319,MNBBL,Cristal Kanchanjanga Securites Pvt. Ltd.,Asian Securities Private Ltd.,100,460.0,46000.0,2025-07-22 11:09:27.339750
2025-07-22,172202,2025072203002320,MNBBL,Cristal Kanchanjanga Securites Pvt. Ltd.,Sani Securities Company Ltd.,200,460.0,92000.0,2025-07-22 11:09:27.339791
2025-07-22,172201,2025072203002321,MNBBL,Cristal Kanchanjanga Securites Pvt. Ltd.,Malla & Malla Stock Broking Company Pvt. Limited,200,460.0,92000.0,2025-07-22 11:09:27.339819
2025-07-22,172200,2025072203002322,MNBBL,Cristal Kanchanjanga Securites Pvt. Ltd.,Online Securities Pvt. Ltd.,300,460.0,138000.0,2025-07-22 11:09:27.339843
2025-07-22,172199,2025072203002323,MNBBL,Cristal Kanchanjanga Securites Pvt. Ltd.,Online Securities Pvt. Ltd.,500,460.0,230000.0,2025-07-22 11:09:27.339870
2025-07-22,172198,2025072203002324,MNBBL,Cristal Kanchanjanga Securites Pvt. Ltd.,Thrive Brokerage House Pvt. Ltd,150,460.0,69000.0,2025-07-22 11:09:27.339902
2025-07-22,172197,2025072203002325,MNBBL,Cristal Kanchanjanga Securites Pvt. Ltd.,Dakshinkali Investment & Securities Pvt. Ltd.,99,460.0,45540.0,2025-07-22 11:09:27.339925
2025-07-22,172196,2025072203002326,MNBBL,Cristal Kanchanjanga Securites Pvt. Ltd.,Dynamic Money Managers Securities Pvt. Ltd.,100,460.0,46000.0,2025-07-22 11:09:27.339953
2025-07-22,172195,2025072203002327,MNBBL,Cristal Kanchanjanga Securites Pvt. Ltd.,Sani Securities Company Ltd.,1000,460.0,460000.0,2025-07-22 11:09:27.339977
2025-07-22,172194,2025072203002328,MNBBL,Cristal Kanchanjanga Securites Pvt. Ltd.,Primo Securities (PVT) Ltd.,151,460.0,69460.0,2025-07-22 11:09:27.340000
2025-07-22,172101,2025072203002365,MNBBL,Global IME Securities Limited,Aryatara Investment & Securities,76,456.0,34656.0,2025-07-22 11:09:37.654751
2025-07-22,171973,2025072203002427,MNBBL,K.B.L. Securities Limited ,Sani Securities Company Ltd.,2000,459.0,918000.0,2025-07-22 11:09:49.201406
2025-07-22,171848,2025072203002474,MNBBL,Property Wiard Limited,Sani Securities Company Ltd.,800,459.0,367200.0,2025-07-22 11:10:04.522423
2025-07-22,171485,2025072203002595,MNBBL,Global IME Securities Limited,Investment Management Nepal Pvt. Ltd.,14,456.0,6384.0,2025-07-22 11:10:39.873055
2025-07-22,171484,2025072203002596,MNBBL,K.B.L. Securities Limited ,Investment Management Nepal Pvt. Ltd.,140,456.0,63840.0,2025-07-22 11:10:39.873171
2025-07-22,171483,2025072203002597,MNBBL,Dipshikha Dhitopatra Karobar Co. Pvt Ltd.,Investment Management Nepal Pvt. Ltd.,996,454.0,452184.0,2025-07-22 11:10:39.873228
2025-07-22,171350,2025072203002630,MNBBL,Naasa Securities Co. Ltd.,Siprabi Securities Pvt. Ltd.,200,454.0,90800.0,2025-07-22 11:10:50.216505
2025-07-22,170992,2025072203002764,MNBBL,Nepal Stock House (PVT) Ltd.,Imperial Securities Company Pvt. Ltd.,400,456.0,182400.0,2025-07-22 11:11:20.482846
2025-07-22,170887,2025072203002820,MNBBL,Blue Chip Securities Ltd,Sani Securities Company Ltd.,40,455.0,18200.0,2025-07-22 11:11:31.281394
2025-07-22,170816,2025072203002853,MNBBL,J.F. Securites (PVT) Ltd.,Sani Securities Company Ltd.,200,455.0,91000.0,2025-07-22 11:11:37.485072
2025-07-22,170733,2025072203002880,MNBBL,K.B.L. Securities Limited ,Sani Securities Company Ltd.,4760,455.0,2165800.0,2025-07-22 11:11:43.429744
2025-07-22,170732,2025072203002881,MNBBL,K.B.L. Securities Limited ,Imperial Securities Company Pvt. Ltd.,500,456.0,228000.0,2025-07-22 11:11:43.429867
2025-07-22,170731,2025072203002882,MNBBL,K.B.L. Securities Limited ,South Asian Bulls Pvt. Ltd.,20,456.0,9120.0,2025-07-22 11:11:43.429927
2025-07-22,170730,2025072203002883,MNBBL,K.B.L. Securities Limited ,Imperial Securities Company Pvt. Ltd.,124,458.0,56792.0,2025-07-22 11:11:43.429984
2025-07-22,170729,2025072203002884,MNBBL,K.B.L. Securities Limited ,Imperial Securities Company Pvt. Ltd.,100,458.0,45800.0,2025-07-22 11:11:43.430051
2025-07-22,170728,2025072203002885,MNBBL,K.B.L. Securities Limited ,Kumari Securities Private Limited,558,458.0,255564.0,2025-07-22 11:11:43.430107
2025-07-22,170727,2025072203002886,MNBBL,K.B.L. Securities Limited ,Prabhu Stock Market Limited,500,458.9,229450.0,2025-07-22 11:11:43.430165
2025-07-22,170726,2025072203002887,MNBBL,K.B.L. Securities Limited ,Indira securities pvt. ltd,3438,458.9,1577698.2,2025-07-22 11:11:43.430219
2025-07-22,170341,2025072203003014,MNBBL,Ashutosh Brokerage & Securities (PVT) Ltd.,S.P.S.A. Securities Limited,50,455.1,22755.0,2025-07-22 11:12:18.902541
2025-07-22,170340,2025072203003015,MNBBL,Online Securities Pvt. Ltd.,S.P.S.A. Securities Limited,4000,455.0,1820000.0,2025-07-22 11:12:18.902666
2025-07-22,169999,2025072203003163,MNBBL,Dakshinkali Investment & Securities Pvt. Ltd.,Sundhara Securities Limited,132,458.0,60456.0,2025-07-22 11:12:51.417048
2025-07-22,169998,2025072203003164,MNBBL,Dakshinkali Investment & Securities Pvt. Ltd.,Sani Securities Company Ltd.,5000,458.0,2290000.0,2025-07-22 11:12:51.417082
2025-07-22,169997,2025072203003165,MNBBL,Dakshinkali Investment & Securities Pvt. Ltd.,Nepal Stock House (PVT) Ltd.,35,458.0,16030.0,2025-07-22 11:12:51.417109
2025-07-22,169996,2025072203003166,MNBBL,Dakshinkali Investment & Securities Pvt. Ltd.,Imperial Securities Company Pvt. Ltd.,500,458.8,229400.0,2025-07-22 11:12:51.417153
2025-07-22,169995,2025072203003167,MNBBL,Dakshinkali Investment & Securities Pvt. Ltd.,Indira securities pvt. ltd,1762,458.9,808581.8,2025-07-22 11:12:51.417173
2025-07-22,169994,2025072203003168,MNBBL,Dakshinkali Investment & Securities Pvt. Ltd.,Aryatara Investment & Securities,200,458.9,91780.0,2025-07-22 11:12:51.417196
2025-07-22,169993,2025072203003169,MNBBL,Dakshinkali Investment & Securities Pvt. Ltd.,Imperial Securities Company Pvt. Ltd.,100,458.9,45890.0,2025-07-22 11:12:51.417218
2025-07-22,169992,2025072203003170,MNBBL,Dakshinkali Investment & Securities Pvt. Ltd.,Sani Securities Company Ltd.,1209,459.0,554931.0,2025-07-22 11:12:51.417241
2025-07-22,169991,2025072203003171,MNBBL,Dakshinkali Investment & Securities Pvt. Ltd.,Asian Securities Private Ltd.,100,459.0,45900.0,2025-07-22 11:12:51.417264
2025-07-22,169990,2025072203003172,MNBBL,Dakshinkali Investment & Securities Pvt. Ltd.,Trishakti Securities Public Limited,107,459.0,49113.0,2025-07-22 11:12:51.417283
2025-07-22,169989,2025072203003173,MNBBL,Dakshinkali Investment & Securities Pvt. Ltd.,Primo Securities (PVT) Ltd.,49,460.0,22540.0,2025-07-22 11:12:51.417305
2025-07-22,169988,2025072203003174,MNBBL,Dakshinkali Investment & Securities Pvt. Ltd.,Online Securities Pvt. Ltd.,149,460.0,68540.0,2025-07-22 11:12:51.417327
2025-07-22,169987,2025072203003175,MNBBL,Dakshinkali Investment & Securities Pvt. Ltd.,Imperial Securities Company Pvt. Ltd.,130,460.0,59800.0,2025-07-22 11:12:51.417348
2025-07-22,169986,2025072203003176,MNBBL,Dakshinkali Investment & Securities Pvt. Ltd.,Vision Securities Pvt. Ltd,50,460.0,23000.0,2025-07-22 11:12:51.417391
2025-07-22,169985,2025072203003177,MNBBL,Dakshinkali Investment & Securities Pvt. Ltd.,Imperial Securities Company Pvt. Ltd.,256,460.0,117760.0,2025-07-22 11:12:51.417411
2025-07-22,169984,2025072203003178,MNBBL,Dakshinkali Investment & Securities Pvt. Ltd.,Aryatara Investment & Securities,221,460.0,101660.0,2025-07-22 11:12:51.417436
2025-07-22,169798,2025072203003251,MNBBL,Trishakti Securities Public Limited,Opal Securities Investment (PVT) Ltd.,100,456.0,45600.0,2025-07-22 11:13:13.534470
2025-07-22,169788,2025072203003258,MNBBL,Kohinoor Investment & Securities Pvt. Ltd.,Asian Securities Private Ltd.,1000,458.0,458000.0,2025-07-22 11:13:14.588708
2025-07-22,169491,2025072203003355,MNBBL,Trishakti Securities Public Limited,Capital Hub P. Ltd,200,456.0,91200.0,2025-07-22 11:13:46.804928
2025-07-22,169434,2025072203003370,MNBBL,Dakshinkali Investment & Securities Pvt. Ltd.,Sani Securities Company Ltd.,5000,458.0,2290000.0,2025-07-22 11:13:51.819977
2025-07-22,169394,2025072203003380,MNBBL,Trishakti Securities Public Limited,South Asian Bulls Pvt. Ltd.,30,456.0,13680.0,2025-07-22 11:13:55.094632
2025-07-22,169137,2025072203003461,MNBBL,Trishakti Securities Public Limited,Investment Management Nepal Pvt. Ltd.,80,456.0,36480.0,2025-07-22 11:14:13.728910
2025-07-22,168935,2025072203003533,MNBBL,Trishakti Securities Public Limited,Capital Hub P. Ltd,200,456.0,91200.0,2025-07-22 11:14:32.882116
2025-07-22,168783,2025072203003593,MNBBL,Trishakti Securities Public Limited,ABC Securities Private Limited,190,456.0,86640.0,2025-07-22 11:14:45.596232
2025-07-22,168782,2025072203003594,MNBBL,S.P.S.A. Securities Limited,ABC Securities Private Limited,1000,455.1,455100.0,2025-07-22 11:14:45.596379
2025-07-22,168781,2025072203003595,MNBBL,Cristal Kanchanjanga Securites Pvt. Ltd.,ABC Securities Private Limited,1000,455.1,455100.0,2025-07-22 11:14:45.596447
2025-07-22,168780,2025072203003596,MNBBL,Online Securities Pvt. Ltd.,ABC Securities Private Limited,810,455.0,368550.0,2025-07-22 11:14:45.596520
2025-07-22,168362,2025072203003758,MNBBL,Online Securities Pvt. Ltd.,Aryatara Investment & Securities,20,455.0,9100.0,2025-07-22 11:15:24.688764
2025-07-22,168341,2025072203003768,MNBBL,Online Securities Pvt. Ltd.,Premier Securities Company Ltd.,20,455.0,9100.0,2025-07-22 11:15:27.533006
2025-07-22,168194,2025072203003825,MNBBL,Online Securities Pvt. Ltd.,Neev Securities Pvt. Ltd.,150,455.0,68250.0,2025-07-22 11:15:42.476743
2025-07-22,168193,2025072203003826,MNBBL,Sanima Securities Limited,Neev Securities Pvt. Ltd.,500,454.0,227000.0,2025-07-22 11:15:42.476893
2025-07-22,168192,2025072203003827,MNBBL,Sani Securities Company Ltd.,Neev Securities Pvt. Ltd.,220,454.0,99880.0,2025-07-22 11:15:42.476966
2025-07-22,168191,2025072203003828,MNBBL,Aryatara Investment & Securities,Neev Securities Pvt. Ltd.,430,454.0,195220.0,2025-07-22 11:15:42.477042
2025-07-22,168000,2025072203003928,MNBBL,Aryatara Investment & Securities,Primo Securities (PVT) Ltd.,20,454.0,9080.0,2025-07-22 11:16:00.829534
2025-07-22,167942,2025072203003940,MNBBL,Aryatara Investment & Securities,Himalayan Securities Limited,50,454.0,22700.0,2025-07-22 11:16:06.142989
2025-07-22,167897,2025072203003969,MNBBL,Midas Stock Broking Company Private Limited,Himalayan Securities Limited,20,454.0,9080.0,2025-07-22 11:16:10.769885
2025-07-22,167395,2025072203004200,MNBBL,Midas Stock Broking Company Private Limited,Capital Hub P. Ltd,30,455.0,13650.0,2025-07-22 11:17:01.307477
2025-07-22,167394,2025072203004201,MNBBL,Kumari Securities Private Limited,Capital Hub P. Ltd,70,455.0,31850.0,2025-07-22 11:17:01.307859
2025-07-22,167345,2025072203004214,MNBBL,Naasa Securities Co. Ltd.,MILKY WAY SHARE BROKER COMPANY LTD ,10,456.0,4560.0,2025-07-22 11:17:06.994935
2025-07-22,167309,2025072203004230,MNBBL,Naasa Securities Co. Ltd.,Sani Securities Company Ltd.,80,456.0,36480.0,2025-07-22 11:17:10.255340
2025-07-22,167306,2025072203004231,MNBBL,Kumari Securities Private Limited,Sani Securities Company Ltd.,130,455.0,59150.0,2025-07-22 11:17:10.255711
2025-07-22,167305,2025072203004232,MNBBL,Global IME Securities Limited,Sani Securities Company Ltd.,40,455.0,18200.0,2025-07-22 11:17:10.256018
2025-07-22,167284,2025072203004235,MNBBL,Aryatara Investment & Securities,Dynamic Money Managers Securities Pvt. Ltd.,1100,454.0,499400.0,2025-07-22 11:17:13.387945
2025-07-22,166968,2025072203004330,MNBBL,Aryatara Investment & Securities,Sani Securities Company Ltd.,4750,455.0,2161250.0,2025-07-22 11:17:46.857351
2025-07-22,166967,2025072203004331,MNBBL,Aryatara Investment & Securities,Vision Securities Pvt. Ltd,250,455.0,113750.0,2025-07-22 11:17:46.857532
2025-07-22,166946,2025072203004342,MNBBL,Aryatara Investment & Securities,Online Securities Pvt. Ltd.,500,454.0,227000.0,2025-07-22 11:17:50.688778
2025-07-22,166690,2025072203004444,MNBBL,BHOLE GANESH SECURITIES LTD,Vision Securities Pvt. Ltd,40,455.0,18200.0,2025-07-22 11:18:16.736234
2025-07-22,166228,2025072203004608,MNBBL,Aryatara Investment & Securities,Dakshinkali Investment & Securities Pvt. Ltd.,10,454.0,4540.0,2025-07-22 11:19:00.640719
2025-07-22,166169,2025072203004633,MNBBL,Aryatara Investment & Securities,Malla & Malla Stock Broking Company Pvt. Limited,200,454.9,90980.0,2025-07-22 11:19:08.169828
2025-07-22,166168,2025072203004634,MNBBL,Aryatara Investment & Securities,Vision Securities Pvt. Ltd,210,455.0,95550.0,2025-07-22 11:19:08.170117
2025-07-22,166167,2025072203004635,MNBBL,Aryatara Investment & Securities,Vision Securities Pvt. Ltd,90,455.0,40950.0,2025-07-22 11:19:08.170219
2025-07-22,165975,2025072203004703,MNBBL,Aryatara Investment & Securities,ABC Securities Private Limited,390,454.0,177060.0,2025-07-22 11:19:29.708704
2025-07-22,165974,2025072203004704,MNBBL,Cristal Kanchanjanga Securites Pvt. Ltd.,ABC Securities Private Limited,10,454.0,4540.0,2025-07-22 11:19:29.708927
2025-07-22,165973,2025072203004705,MNBBL,Aryatara Investment & Securities,ABC Securities Private Limited,100,454.0,45400.0,2025-07-22 11:19:29.709032
2025-07-22,165959,2025072203004709,MNBBL,Aryatara Investment & Securities,Naasa Securities Co. Ltd.,25,454.0,11350.0,2025-07-22 11:19:30.615919
2025-07-22,165952,2025072203004711,MNBBL,Aryatara Investment & Securities,Sundhara Securities Limited,400,454.0,181600.0,2025-07-22 11:19:31.418328
2025-07-22,165631,2025072203004803,MNBBL,Vision Securities Pvt. Ltd,Vision Securities Pvt. Ltd,47,455.0,21385.0,2025-07-22 11:20:00.454840
2025-07-22,165630,2025072203004804,MNBBL,Vision Securities Pvt. Ltd,Vision Securities Pvt. Ltd,30,455.0,13650.0,2025-07-22 11:20:00.455065
2025-07-22,165629,2025072203004805,MNBBL,Vision Securities Pvt. Ltd,Sipla Securities Private Limited,250,455.0,113750.0,2025-07-22 11:20:00.455173
2025-07-22,165628,2025072203004806,MNBBL,Vision Securities Pvt. Ltd,Dipshikha Dhitopatra Karobar Co. Pvt Ltd.,36,455.0,16380.0,2025-07-22 11:20:00.455274
2025-07-22,165135,2025072203004973,MNBBL,Vision Securities Pvt. Ltd,Linch Stock Market Ltd.,333,455.0,151515.0,2025-07-22 11:20:53.518352
2025-07-22,165002,2025072203005027,MNBBL,Vision Securities Pvt. Ltd,Kumari Securities Private Limited,242,455.0,110110.0,2025-07-22 11:21:04.455283
2025-07-22,164815,2025072203005087,MNBBL,Vision Securities Pvt. Ltd,Premier Securities Company Ltd.,500,455.0,227500.0,2025-07-22 11:21:18.259444
2025-07-22,164801,2025072203005091,MNBBL,Vision Securities Pvt. Ltd,Sundhara Securities Limited,530,455.0,241150.0,2025-07-22 11:21:19.936350
2025-07-22,164777,2025072203005098,MNBBL,Vision Securities Pvt. Ltd,Imperial Securities Company Pvt. Ltd.,20,455.0,9100.0,2025-07-22 11:21:20.752606
2025-07-22,164644,2025072203005153,MNBBL,Vision Securities Pvt. Ltd,Vision Securities Pvt. Ltd,12,455.0,5460.0,2025-07-22 11:21:29.750578
2025-07-22,164643,2025072203005154,MNBBL,Naasa Securities Co. Ltd.,Vision Securities Pvt. Ltd,55,455.0,25025.0,2025-07-22 11:21:29.750806
2025-07-22,164642,2025072203005155,MNBBL,Aryatara Investment & Securities,Vision Securities Pvt. Ltd,200,455.0,91000.0,2025-07-22 11:21:29.750920
2025-07-22,164321,2025072203005269,MNBBL,Agrawal Securities (PVT) Ltd.,Vision Securities Pvt. Ltd,100,455.0,45500.0,2025-07-22 11:21:52.437772
2025-07-22,164066,2025072203005343,MNBBL,Dynamic Money Managers Securities Pvt. Ltd.,Sri Hari Securities Pvt. Ltd.,100,454.2,45420.0,2025-07-22 11:22:18.640180
2025-07-22,163772,2025072203005423,MNBBL,Deevyaa Securities & Stock House Pvt. Ltd,Vision Securities Pvt. Ltd,500,455.0,227500.0,2025-07-22 11:22:42.643861
2025-07-22,163733,2025072203005440,MNBBL,Swarna Laxmi Securities Pvt. Ltd.,Sundhara Securities Limited,500,454.1,227050.0,2025-07-22 11:22:46.274554
2025-07-22,163732,2025072203005441,MNBBL,Aryatara Investment & Securities,Sundhara Securities Limited,100,454.0,45400.0,2025-07-22 11:22:46.274804
2025-07-22,163717,2025072203005447,MNBBL,Aryatara Investment & Securities,Linch Stock Market Ltd.,90,454.0,40860.0,2025-07-22 11:22:47.215980
2025-07-22,163619,2025072203005480,MNBBL,S.P.S.A. Securities Limited,Vision Securities Pvt. Ltd,133,455.0,60515.0,2025-07-22 11:22:56.400902
2025-07-22,163618,2025072203005481,MNBBL,S.P.S.A. Securities Limited,Aryatara Investment & Securities,21,455.0,9555.0,2025-07-22 11:22:56.401150
2025-07-22,163617,2025072203005482,MNBBL,S.P.S.A. Securities Limited,Sri Hari Securities Pvt. Ltd.,346,455.0,157430.0,2025-07-22 11:22:56.401270
2025-07-22,163564,2025072203005497,MNBBL,Agrawal Securities (PVT) Ltd.,Linch Stock Market Ltd.,50,454.2,22710.0,2025-07-22 11:23:01.547060
2025-07-22,163563,2025072203005498,MNBBL,Aryatara Investment & Securities,Linch Stock Market Ltd.,950,454.0,431300.0,2025-07-22 11:23:01.547298
2025-07-22,163491,2025072203005521,MNBBL,J.F. Securites (PVT) Ltd.,Sri Hari Securities Pvt. Ltd.,104,455.0,47320.0,2025-07-22 11:23:06.317170
2025-07-22,163490,2025072203005522,MNBBL,J.F. Securites (PVT) Ltd.,Sani Securities Company Ltd.,36,455.0,16380.0,2025-07-22 11:23:06.317407
2025-07-22,163339,2025072203005566,MNBBL,Capital Max Securities Ltd,Oxford Securities Pvt. Ltd.,50,454.2,22710.0,2025-07-22 11:23:19.532503
2025-07-22,162980,2025072203005689,MNBBL,Capital Max Securities Ltd,Sundhara Securities Limited,40,454.2,18168.0,2025-07-22 11:23:50.643417
2025-07-22,162893,2025072203005730,MNBBL,Capital Max Securities Ltd,Trishakti Securities Public Limited,160,454.2,72672.0,2025-07-22 11:23:58.260652
2025-07-22,162700,2025072203005802,MNBBL,Aryatara Investment & Securities,Sani Securities Company Ltd.,1000,454.0,454000.0,2025-07-22 11:24:11.257054
2025-07-22,162586,2025072203005840,MNBBL,Aryatara Investment & Securities,Opal Securities Investment (PVT) Ltd.,109,454.0,49486.0,2025-07-22 11:24:23.553173
2025-07-22,162340,2025072203005918,MNBBL,Aryatara Investment & Securities,Asian Securities Private Ltd.,226,454.0,102604.0,2025-07-22 11:24:47.359408
2025-07-22,162339,2025072203005919,MNBBL,Aryatara Investment & Securities,Asian Securities Private Ltd.,200,454.0,90800.0,2025-07-22 11:24:47.359681
2025-07-22,162338,2025072203005920,MNBBL,Online Securities Pvt. Ltd.,Asian Securities Private Ltd.,70,454.0,31780.0,2025-07-22 11:24:47.359808
2025-07-22,162321,2025072203005925,MNBBL,Online Securities Pvt. Ltd.,Online Securities Pvt. Ltd.,30,454.0,13620.0,2025-07-22 11:24:50.043724
2025-07-22,162315,2025072203005927,MNBBL,Miyo Securities Pvt Ltd,Thrive Brokerage House Pvt. Ltd,1,446.0,446.0,2025-07-22 11:24:50.444327
2025-07-22,161951,2025072203006058,MNBBL,Secured Securities Ltd.,Bhrikuti Stock Broking Co. Pvt. Ltd.,50,453.5,22675.0,2025-07-22 11:25:23.920568
2025-07-22,161950,2025072203006059,MNBBL,Aryatara Investment & Securities,Bhrikuti Stock Broking Co. Pvt. Ltd.,400,453.2,181280.0,2025-07-22 11:25:23.920811
2025-07-22,161949,2025072203006060,MNBBL,S.P.S.A. Securities Limited,Bhrikuti Stock Broking Co. Pvt. Ltd.,50,453.2,22660.0,2025-07-22 11:25:23.920964
2025-07-22,161901,2025072203006078,MNBBL,Dipshikha Dhitopatra Karobar Co. Pvt Ltd.,Trishakti Securities Public Limited,4,454.0,1816.0,2025-07-22 11:25:28.914560
2025-07-22,161830,2025072203006105,MNBBL,S.P.S.A. Securities Limited,Trishakti Securities Public Limited,40,453.2,18128.0,2025-07-22 11:25:36.957515
2025-07-22,161692,2025072203006171,MNBBL,S.P.S.A. Securities Limited,Kumari Securities Private Limited,135,453.2,61182.0,2025-07-22 11:25:50.651314
2025-07-22,161637,2025072203006193,MNBBL,S.P.S.A. Securities Limited,Opal Securities Investment (PVT) Ltd.,80,453.2,36256.0,2025-07-22 11:25:56.022928
2025-07-22,161396,2025072203006304,MNBBL,Online Securities Pvt. Ltd.,Aryatara Investment & Securities,100,453.2,45320.0,2025-07-22 11:26:16.125591
2025-07-22,161011,2025072203006451,MNBBL,Online Securities Pvt. Ltd.,Kalika Securities Pvt. Ltd.,455,453.2,206206.0,2025-07-22 11:26:53.882071
2025-07-22,160889,2025072203006502,MNBBL,Online Securities Pvt. Ltd.,Online Securities Pvt. Ltd.,310,453.2,140492.0,2025-07-22 11:27:07.249973
2025-07-22,160888,2025072203006503,MNBBL,Online Securities Pvt. Ltd.,Online Securities Pvt. Ltd.,135,453.2,61182.0,2025-07-22 11:27:07.274200
2025-07-22,160887,2025072203006504,MNBBL,Online Securities Pvt. Ltd.,Online Securities Pvt. Ltd.,1000,453.1,453100.0,2025-07-22 11:27:07.274402
2025-07-22,160886,2025072203006505,MNBBL,Online Securities Pvt. Ltd.,Online Securities Pvt. Ltd.,1800,453.0,815400.0,2025-07-22 11:27:07.274534
2025-07-22,160885,2025072203006506,MNBBL,ABC Securities Private Limited,Online Securities Pvt. Ltd.,15,453.0,6795.0,2025-07-22 11:27:07.274659
2025-07-22,160884,2025072203006507,MNBBL,Sri Hari Securities Pvt. Ltd.,Online Securities Pvt. Ltd.,215,453.0,97395.0,2025-07-22 11:27:07.274793
2025-07-22,160883,2025072203006508,MNBBL,Dynamic Money Managers Securities Pvt. Ltd.,Online Securities Pvt. Ltd.,300,452.1,135630.0,2025-07-22 11:27:07.274930
2025-07-22,160882,2025072203006509,MNBBL,S.P.S.A. Securities Limited,Online Securities Pvt. Ltd.,435,452.1,196663.5,2025-07-22 11:27:07.275058
2025-07-22,160881,2025072203006510,MNBBL,Aryatara Investment & Securities,Online Securities Pvt. Ltd.,285,452.0,128820.0,2025-07-22 11:27:07.275200
2025-07-22,160880,2025072203006511,MNBBL,Aryatara Investment & Securities,Online Securities Pvt. Ltd.,100,452.0,45200.0,2025-07-22 11:27:07.275328
2025-07-22,160879,2025072203006512,MNBBL,Sumeru Securities Pvt. Ltd.,Online Securities Pvt. Ltd.,3000,452.0,1356000.0,2025-07-22 11:27:07.275476
2025-07-22,160878,2025072203006513,MNBBL,Online Securities Pvt. Ltd.,Online Securities Pvt. Ltd.,1000,451.2,451200.0,2025-07-22 11:27:07.275634
2025-07-22,160877,2025072203006514,MNBBL,Shree Krishna Securities Ltd.,Online Securities Pvt. Ltd.,154,451.1,69469.4,2025-07-22 11:27:07.275774
2025-07-22,160876,2025072203006515,MNBBL,K.B.L. Securities Limited ,Online Securities Pvt. Ltd.,1000,451.0,451000.0,2025-07-22 11:27:07.275921
2025-07-22,160875,2025072203006516,MNBBL,K.B.L. Securities Limited ,Online Securities Pvt. Ltd.,1000,451.0,451000.0,2025-07-22 11:27:07.276055
2025-07-22,160874,2025072203006517,MNBBL,K.B.L. Securities Limited ,Online Securities Pvt. Ltd.,998,451.0,450098.0,2025-07-22 11:27:07.276179
2025-07-22,160561,2025072203006591,MNBBL,Nepal Stock House (PVT) Ltd.,ABC Securities Private Limited,10,451.0,4510.0,2025-07-22 11:27:39.435426
2025-07-22,160560,2025072203006592,MNBBL,K.B.L. Securities Limited ,ABC Securities Private Limited,590,450.8,265972.0,2025-07-22 11:27:39.435720
2025-07-22,160484,2025072203006619,MNBBL,ABC Securities Private Limited,Vision Securities Pvt. Ltd,1000,451.0,451000.0,2025-07-22 11:27:48.647381
2025-07-22,160483,2025072203006620,MNBBL,K.B.L. Securities Limited ,Vision Securities Pvt. Ltd,410,450.8,184828.0,2025-07-22 11:27:48.647989
2025-07-22,160482,2025072203006621,MNBBL,Sagarmatha Securities Private Limited,Vision Securities Pvt. Ltd,150,450.8,67620.0,2025-07-22 11:27:48.648511
2025-07-22,160481,2025072203006622,MNBBL,Dipshikha Dhitopatra Karobar Co. Pvt Ltd.,Vision Securities Pvt. Ltd,100,450.5,45050.0,2025-07-22 11:27:48.649051
2025-07-22,160480,2025072203006623,MNBBL,K.B.L. Securities Limited ,Vision Securities Pvt. Ltd,1000,450.1,450100.0,2025-07-22 11:27:48.649507
2025-07-22,160479,2025072203006624,MNBBL,K.B.L. Securities Limited ,Vision Securities Pvt. Ltd,1000,450.0,450000.0,2025-07-22 11:27:48.650043
2025-07-22,160478,2025072203006625,MNBBL,Miyo Securities Pvt Ltd,Vision Securities Pvt. Ltd,500,450.0,225000.0,2025-07-22 11:27:48.650462
2025-07-22,160477,2025072203006626,MNBBL,Sundhara Securities Limited,Vision Securities Pvt. Ltd,200,450.0,90000.0,2025-07-22 11:27:48.650988
2025-07-22,160476,2025072203006627,MNBBL,Nagarik Stock Dealer ,Vision Securities Pvt. Ltd,1000,450.0,450000.0,2025-07-22 11:27:48.651481
2025-07-22,160475,2025072203006628,MNBBL,Online Securities Pvt. Ltd.,Vision Securities Pvt. Ltd,3760,450.0,1692000.0,2025-07-22 11:27:48.651904
2025-07-22,160337,2025072203006678,MNBBL,Online Securities Pvt. Ltd.,Aryatara Investment & Securities,1079,450.0,485550.0,2025-07-22 11:28:05.766188
2025-07-22,160108,2025072203006745,MNBBL,Online Securities Pvt. Ltd.,Primo Securities (PVT) Ltd.,161,450.0,72450.0,2025-07-22 11:28:31.832115
2025-07-22,160107,2025072203006746,MNBBL,Sumeru Securities Pvt. Ltd.,Primo Securities (PVT) Ltd.,39,450.0,17550.0,2025-07-22 11:28:31.832379
2025-07-22,159940,2025072203006798,MNBBL,Sumeru Securities Pvt. Ltd.,Agrawal Securities (PVT) Ltd.,200,450.0,90000.0,2025-07-22 11:28:45.985787
2025-07-22,159451,2025072203006919,MNBBL,Global IME Securities Limited,Sani Securities Company Ltd.,10,451.0,4510.0,2025-07-22 11:29:37.914506
2025-07-22,159450,2025072203006920,MNBBL,Sumeru Securities Pvt. Ltd.,Sani Securities Company Ltd.,261,450.0,117450.0,2025-07-22 11:29:37.914775
2025-07-22,159449,2025072203006921,MNBBL,Primo Securities (PVT) Ltd.,Sani Securities Company Ltd.,500,450.0,225000.0,2025-07-22 11:29:37.914907
2025-07-22,159448,2025072203006922,MNBBL,Sani Securities Company Ltd.,Sani Securities Company Ltd.,230,450.0,103500.0,2025-07-22 11:29:37.915053
2025-07-22,159447,2025072203006923,MNBBL,ABC Securities Private Limited,Sani Securities Company Ltd.,59,450.0,26550.0,2025-07-22 11:29:37.915196
2025-07-22,158974,2025072203007123,MNBBL,Imperial Securities Company Pvt. Ltd.,Sundhara Securities Limited,100,452.0,45200.0,2025-07-22 11:30:17.103765
2025-07-22,158973,2025072203007124,MNBBL,Imperial Securities Company Pvt. Ltd.,Thrive Brokerage House Pvt. Ltd,25,452.0,11300.0,2025-07-22 11:30:17.104137
2025-07-22,158972,2025072203007125,MNBBL,Imperial Securities Company Pvt. Ltd.,Dynamic Money Managers Securities Pvt. Ltd.,73,452.5,33032.5,2025-07-22 11:30:17.104278
2025-07-22,158971,2025072203007126,MNBBL,Imperial Securities Company Pvt. Ltd.,ABC Securities Private Limited,2000,453.0,906000.0,2025-07-22 11:30:17.104420
2025-07-22,158970,2025072203007127,MNBBL,Imperial Securities Company Pvt. Ltd.,Dipshikha Dhitopatra Karobar Co. Pvt Ltd.,2,453.0,906.0,2025-07-22 11:30:17.104525
2025-07-22,158695,2025072203007224,MNBBL,Trisul Securities & Invt. Ltd.,Creative Securities Pvt Ltd,200,453.0,90600.0,2025-07-22 11:30:41.064889
2025-07-22,158445,2025072203007333,MNBBL,Cristal Kanchanjanga Securites Pvt. Ltd.,Dakshinkali Investment & Securities Pvt. Ltd.,1059,452.0,478668.0,2025-07-22 11:31:03.029242
2025-07-22,158401,2025072203007346,MNBBL,Cristal Kanchanjanga Securites Pvt. Ltd.,Online Securities Pvt. Ltd.,32,452.0,14464.0,2025-07-22 11:31:05.232286
2025-07-22,158308,2025072203007377,MNBBL,Nepal Stock House (PVT) Ltd.,Vision Securities Pvt. Ltd,60,453.2,27192.0,2025-07-22 11:31:15.634510
2025-07-22,158149,2025072203007429,MNBBL,Cristal Kanchanjanga Securites Pvt. Ltd.,Linch Stock Market Ltd.,64,452.0,28928.0,2025-07-22 11:31:32.820190
2025-07-22,156970,2025072203007838,MNBBL,Prabhu Stock Market Limited,Creative Securities Pvt Ltd,300,453.0,135900.0,2025-07-22 11:33:19.060986
2025-07-22,156607,2025072203007955,MNBBL,Dakshinkali Investment & Securities Pvt. Ltd.,Online Securities Pvt. Ltd.,170,454.0,77180.0,2025-07-22 11:33:44.531682
2025-07-22,156606,2025072203007956,MNBBL,Dakshinkali Investment & Securities Pvt. Ltd.,Miyo Securities Pvt Ltd,50,454.0,22700.0,2025-07-22 11:33:44.531975
2025-07-22,156605,2025072203007957,MNBBL,Dakshinkali Investment & Securities Pvt. Ltd.,Vision Securities Pvt. Ltd,64,454.0,29056.0,2025-07-22 11:33:44.532119
2025-07-22,156603,2025072203007958,MNBBL,Dakshinkali Investment & Securities Pvt. Ltd.,Sani Securities Company Ltd.,208,455.0,94640.0,2025-07-22 11:33:44.532288
2025-07-22,156571,2025072203007970,MNBBL,Dipshikha Dhitopatra Karobar Co. Pvt Ltd.,Opal Securities Investment (PVT) Ltd.,69,453.0,31257.0,2025-07-22 11:33:48.546106
2025-07-22,156258,2025072203008100,MNBBL,Nepal Stock House (PVT) Ltd.,Naasa Securities Co. Ltd.,30,453.1,13593.0,2025-07-22 11:34:16.667146
2025-07-22,156172,2025072203008131,MNBBL,K.B.L. Securities Limited ,Trishakti Securities Public Limited,2,451.0,902.0,2025-07-22 11:34:23.851226
2025-07-22,156142,2025072203008145,MNBBL,Capital Hub P. Ltd,Arun Securities (PVT) Ltd.,300,454.0,136200.0,2025-07-22 11:34:27.108978
2025-07-22,156141,2025072203008146,MNBBL,Capital Hub P. Ltd,Dipshikha Dhitopatra Karobar Co. Pvt Ltd.,87,454.9,39576.3,2025-07-22 11:34:27.109274
2025-07-22,156140,2025072203008147,MNBBL,Capital Hub P. Ltd,Imperial Securities Company Pvt. Ltd.,244,455.0,111020.0,2025-07-22 11:34:27.109421
2025-07-22,156139,2025072203008148,MNBBL,Capital Hub P. Ltd,Trishakti Securities Public Limited,240,455.0,109200.0,2025-07-22 11:34:27.109559
2025-07-22,156138,2025072203008149,MNBBL,Capital Hub P. Ltd,ABC Securities Private Limited,100,455.0,45500.0,2025-07-22 11:34:27.109691
2025-07-22,156137,2025072203008150,MNBBL,Capital Hub P. Ltd,ABC Securities Private Limited,37,455.0,16835.0,2025-07-22 11:34:27.109826
2025-07-22,156136,2025072203008151,MNBBL,Capital Hub P. Ltd,Cristal Kanchanjanga Securites Pvt. Ltd.,1000,455.0,455000.0,2025-07-22 11:34:27.109959
2025-07-22,156135,2025072203008152,MNBBL,Capital Hub P. Ltd,Online Securities Pvt. Ltd.,22,455.0,10010.0,2025-07-22 11:34:27.110098
2025-07-22,156134,2025072203008153,MNBBL,Capital Hub P. Ltd,Premier Securities Company Ltd.,200,455.0,91000.0,2025-07-22 11:34:27.110233
2025-07-22,156133,2025072203008154,MNBBL,Capital Hub P. Ltd,Deevyaa Securities & Stock House Pvt. Ltd,200,455.0,91000.0,2025-07-22 11:34:27.110368
2025-07-22,156132,2025072203008155,MNBBL,Capital Hub P. Ltd,Online Securities Pvt. Ltd.,50,455.0,22750.0,2025-07-22 11:34:27.110504
2025-07-22,156131,2025072203008156,MNBBL,Capital Hub P. Ltd,Oxford Securities Pvt. Ltd.,85,455.0,38675.0,2025-07-22 11:34:27.110635
2025-07-22,156130,2025072203008157,MNBBL,Capital Hub P. Ltd,Opal Securities Investment (PVT) Ltd.,100,455.0,45500.0,2025-07-22 11:34:27.110769
2025-07-22,155794,2025072203008285,MNBBL,Capital Hub P. Ltd,Creative Securities Pvt Ltd,80,455.0,36400.0,2025-07-22 11:34:57.744343
2025-07-22,155729,2025072203008298,MNBBL,Capital Hub P. Ltd,Cristal Kanchanjanga Securites Pvt. Ltd.,100,455.0,45500.0,2025-07-22 11:35:04.331984
2025-07-22,155340,2025072203008420,MNBBL,K.B.L. Securities Limited ,Sri Hari Securities Pvt. Ltd.,114,456.0,51984.0,2025-07-22 11:35:41.063317
2025-07-22,155339,2025072203008421,MNBBL,K.B.L. Securities Limited ,Oxford Securities Pvt. Ltd.,100,456.0,45600.0,2025-07-22 11:35:41.063602
2025-07-22,155338,2025072203008422,MNBBL,K.B.L. Securities Limited ,Agrawal Securities (PVT) Ltd.,957,456.0,436392.0,2025-07-22 11:35:41.063749
2025-07-22,155337,2025072203008423,MNBBL,K.B.L. Securities Limited ,Capital Max Securities Ltd,100,456.0,45600.0,2025-07-22 11:35:41.063877
2025-07-22,155336,2025072203008424,MNBBL,K.B.L. Securities Limited ,Naasa Securities Co. Ltd.,294,456.0,134064.0,2025-07-22 11:35:41.064033
2025-07-22,155335,2025072203008425,MNBBL,K.B.L. Securities Limited ,South Asian Bulls Pvt. Ltd.,30,456.0,13680.0,2025-07-22 11:35:41.064167
2025-07-22,155334,2025072203008426,MNBBL,K.B.L. Securities Limited ,South Asian Bulls Pvt. Ltd.,10,456.0,4560.0,2025-07-22 11:35:41.064311
2025-07-22,155333,2025072203008427,MNBBL,K.B.L. Securities Limited ,Imperial Securities Company Pvt. Ltd.,402,456.0,183312.0,2025-07-22 11:35:41.064445
2025-07-22,155317,2025072203008438,MNBBL,K.B.L. Securities Limited ,Naasa Securities Co. Ltd.,25,456.0,11400.0,2025-07-22 11:35:42.272513
2025-07-22,155114,2025072203008492,MNBBL,K.B.L. Securities Limited ,Online Securities Pvt. Ltd.,420,456.0,191520.0,2025-07-22 11:35:58.787519
2025-07-22,154992,2025072203008558,MNBBL,Nepal Stock House (PVT) Ltd.,KALASH STOCK MARKET PVT. LTD.,10,456.1,4561.0,2025-07-22 11:36:06.543245
2025-07-22,154935,2025072203008575,MNBBL,K.B.L. Securities Limited ,Capital Max Securities Ltd,548,456.0,249888.0,2025-07-22 11:36:13.034997
2025-07-22,154934,2025072203008576,MNBBL,S.P.S.A. Securities Limited,Capital Max Securities Ltd,862,456.0,393072.0,2025-07-22 11:36:13.035273
2025-07-22,154810,2025072203008635,MNBBL,S.P.S.A. Securities Limited,Dipshikha Dhitopatra Karobar Co. Pvt Ltd.,138,456.0,62928.0,2025-07-22 11:36:23.200066
2025-07-22,154809,2025072203008636,MNBBL,Vision Securities Pvt. Ltd,Dipshikha Dhitopatra Karobar Co. Pvt Ltd.,862,455.1,392296.2,2025-07-22 11:36:23.200641
2025-07-22,154288,2025072203008865,MNBBL,Thrive Brokerage House Pvt. Ltd,Opal Securities Investment (PVT) Ltd.,50,456.0,22800.0,2025-07-22 11:37:00.646597
2025-07-22,154115,2025072203008915,MNBBL,Sunrise Securities Limited,Opal Securities Investment (PVT) Ltd.,174,456.0,79344.0,2025-07-22 11:37:13.392531
2025-07-22,154114,2025072203008916,MNBBL,Sunrise Securities Limited,Vision Securities Pvt. Ltd,326,456.0,148656.0,2025-07-22 11:37:13.392850
2025-07-22,153366,2025072203009218,MNBBL,Primo Securities (PVT) Ltd.,Vision Securities Pvt. Ltd,174,456.0,79344.0,2025-07-22 11:38:07.848198
2025-07-22,153365,2025072203009219,MNBBL,Primo Securities (PVT) Ltd.,Sani Securities Company Ltd.,403,456.0,183768.0,2025-07-22 11:38:07.848499
2025-07-22,153364,2025072203009220,MNBBL,Primo Securities (PVT) Ltd.,Premier Securities Company Ltd.,423,456.0,192888.0,2025-07-22 11:38:07.848662
2025-07-22,153151,2025072203009299,MNBBL,Primo Securities (PVT) Ltd.,Premier Securities Company Ltd.,577,456.0,263112.0,2025-07-22 11:38:23.896298
2025-07-22,153150,2025072203009300,MNBBL,Primo Securities (PVT) Ltd.,Naasa Securities Co. Ltd.,100,456.0,45600.0,2025-07-22 11:38:23.896880
2025-07-22,152653,2025072203009536,MNBBL,Primo Securities (PVT) Ltd.,Dynamic Money Managers Securities Pvt. Ltd.,200,456.0,91200.0,2025-07-22 11:39:05.055048
2025-07-22,152091,2025072203009747,MNBBL,Creative Securities Pvt Ltd,KALASH STOCK MARKET PVT. LTD.,90,456.1,41049.0,2025-07-22 11:39:57.797692
2025-07-22,151176,2025072203010062,MNBBL,Primo Securities (PVT) Ltd.,Sani Securities Company Ltd.,53,456.0,24168.0,2025-07-22 11:41:16.578326
2025-07-22,151175,2025072203010063,MNBBL,Primo Securities (PVT) Ltd.,Sani Securities Company Ltd.,70,456.0,31920.0,2025-07-22 11:41:16.606696
2025-07-22,151174,2025072203010064,MNBBL,Dipshikha Dhitopatra Karobar Co. Pvt Ltd.,Sani Securities Company Ltd.,30,456.0,13680.0,2025-07-22 11:41:16.606992
2025-07-22,150411,2025072203010305,MNBBL,Dipshikha Dhitopatra Karobar Co. Pvt Ltd.,Naasa Securities Co. Ltd.,100,456.0,45600.0,2025-07-22 11:42:20.983385
2025-07-22,150372,2025072203010325,MNBBL,Dipshikha Dhitopatra Karobar Co. Pvt Ltd.,Vision Securities Pvt. Ltd,489,456.0,222984.0,2025-07-22 11:42:25.575135
2025-07-22,150274,2025072203010356,MNBBL,Dipshikha Dhitopatra Karobar Co. Pvt Ltd.,Deevyaa Securities & Stock House Pvt. Ltd,150,456.0,68400.0,2025-07-22 11:42:31.501960
2025-07-22,150027,2025072203010429,MNBBL,Sunrise Securities Limited,Imperial Securities Company Pvt. Ltd.,700,456.5,319550.0,2025-07-22 11:42:45.906852
2025-07-22,150026,2025072203010430,MNBBL,Sunrise Securities Limited,Oxford Securities Pvt. Ltd.,100,456.7,45670.0,2025-07-22 11:42:45.907544
2025-07-22,150025,2025072203010431,MNBBL,Sunrise Securities Limited,Aryatara Investment & Securities,100,456.9,45690.0,2025-07-22 11:42:45.908038
2025-07-22,150024,2025072203010432,MNBBL,Sunrise Securities Limited,Aryatara Investment & Securities,500,457.0,228500.0,2025-07-22 11:42:45.908507
2025-07-22,150023,2025072203010433,MNBBL,Sunrise Securities Limited,Nepal Stock House (PVT) Ltd.,100,457.0,45700.0,2025-07-22 11:42:45.909131
2025-07-22,150022,2025072203010434,MNBBL,Sunrise Securities Limited,Premier Securities Company Ltd.,30,457.0,13710.0,2025-07-22 11:42:45.909343
2025-07-22,150021,2025072203010435,MNBBL,Sunrise Securities Limited,Nepal Investment And Securities Trading Private Limited,15,457.0,6855.0,2025-07-22 11:42:45.909514
2025-07-22,150020,2025072203010436,MNBBL,Sunrise Securities Limited,Neev Securities Pvt. Ltd.,10,457.0,4570.0,2025-07-22 11:42:45.909715
2025-07-22,150019,2025072203010437,MNBBL,Sunrise Securities Limited,Deevyaa Securities & Stock House Pvt. Ltd,162,457.0,74034.0,2025-07-22 11:42:45.909891
2025-07-22,150018,2025072203010438,MNBBL,Sunrise Securities Limited,Arun Securities (PVT) Ltd.,283,457.0,129331.0,2025-07-22 11:42:45.910069
2025-07-22,149594,2025072203010545,MNBBL,Dipshikha Dhitopatra Karobar Co. Pvt Ltd.,Agrawal Securities (PVT) Ltd.,100,456.0,45600.0,2025-07-22 11:43:08.203222
2025-07-22,149294,2025072203010676,MNBBL,Cristal Kanchanjanga Securites Pvt. Ltd.,Arun Securities (PVT) Ltd.,17,457.0,7769.0,2025-07-22 11:43:26.816521
2025-07-22,149293,2025072203010677,MNBBL,Cristal Kanchanjanga Securites Pvt. Ltd.,R.B.B. Securities Company Ltd,20,457.0,9140.0,2025-07-22 11:43:26.817199
2025-07-22,149292,2025072203010678,MNBBL,Cristal Kanchanjanga Securites Pvt. Ltd.,Swarna Laxmi Securities Pvt. Ltd.,100,457.0,45700.0,2025-07-22 11:43:26.817672
2025-07-22,149049,2025072203010755,MNBBL,Cristal Kanchanjanga Securites Pvt. Ltd.,Midas Stock Broking Company Private Limited,510,457.9,233529.0,2025-07-22 11:43:44.874881
2025-07-22,149048,2025072203010756,MNBBL,Cristal Kanchanjanga Securites Pvt. Ltd.,Midas Stock Broking Company Private Limited,268,458.0,122744.0,2025-07-22 11:43:44.875198
2025-07-22,149047,2025072203010757,MNBBL,Cristal Kanchanjanga Securites Pvt. Ltd.,Sweta Securities Private Limited,200,458.0,91600.0,2025-07-22 11:43:44.875369
2025-07-22,149046,2025072203010758,MNBBL,Cristal Kanchanjanga Securites Pvt. Ltd.,Cristal Kanchanjanga Securites Pvt. Ltd.,40,458.0,18320.0,2025-07-22 11:43:44.875520
2025-07-22,149045,2025072203010759,MNBBL,Cristal Kanchanjanga Securites Pvt. Ltd.,Midas Stock Broking Company Private Limited,200,458.0,91600.0,2025-07-22 11:43:44.875670
2025-07-22,149044,2025072203010760,MNBBL,Cristal Kanchanjanga Securites Pvt. Ltd.,Premier Securities Company Ltd.,849,458.0,388842.0,2025-07-22 11:43:44.875820
2025-07-22,149043,2025072203010761,MNBBL,Cristal Kanchanjanga Securites Pvt. Ltd.,Deevyaa Securities & Stock House Pvt. Ltd,48,458.9,22027.2,2025-07-22 11:43:44.875970
2025-07-22,149042,2025072203010762,MNBBL,Cristal Kanchanjanga Securites Pvt. Ltd.,Kumari Securities Private Limited,500,459.0,229500.0,2025-07-22 11:43:44.876124
2025-07-22,149041,2025072203010763,MNBBL,Cristal Kanchanjanga Securites Pvt. Ltd.,Trishakti Securities Public Limited,10,459.0,4590.0,2025-07-22 11:43:44.876270
2025-07-22,149040,2025072203010764,MNBBL,Cristal Kanchanjanga Securites Pvt. Ltd.,Dipshikha Dhitopatra Karobar Co. Pvt Ltd.,100,459.0,45900.0,2025-07-22 11:43:44.876419
2025-07-22,149039,2025072203010765,MNBBL,Cristal Kanchanjanga Securites Pvt. Ltd.,Dynamic Money Managers Securities Pvt. Ltd.,146,459.0,67014.0,2025-07-22 11:43:44.876566
2025-07-22,149038,2025072203010766,MNBBL,Cristal Kanchanjanga Securites Pvt. Ltd.,Thrive Brokerage House Pvt. Ltd,1374,459.0,630666.0,2025-07-22 11:43:44.876711
2025-07-22,149037,2025072203010767,MNBBL,Cristal Kanchanjanga Securites Pvt. Ltd.,Aryatara Investment & Securities,100,459.0,45900.0,2025-07-22 11:43:44.876859
2025-07-22,149036,2025072203010768,MNBBL,Cristal Kanchanjanga Securites Pvt. Ltd.,Premier Securities Company Ltd.,20,459.9,9198.0,2025-07-22 11:43:44.877004
2025-07-22,149035,2025072203010769,MNBBL,Cristal Kanchanjanga Securites Pvt. Ltd.,Online Securities Pvt. Ltd.,201,460.0,92460.0,2025-07-22 11:43:44.877156
2025-07-22,149034,2025072203010770,MNBBL,Cristal Kanchanjanga Securites Pvt. Ltd.,Linch Stock Market Ltd.,200,460.0,92000.0,2025-07-22 11:43:44.877301
2025-07-22,149033,2025072203010771,MNBBL,Cristal Kanchanjanga Securites Pvt. Ltd.,Neev Securities Pvt. Ltd.,124,460.0,57040.0,2025-07-22 11:43:44.877441
2025-07-22,149032,2025072203010772,MNBBL,Cristal Kanchanjanga Securites Pvt. Ltd.,Sani Securities Company Ltd.,38,460.0,17480.0,2025-07-22 11:43:44.877581
2025-07-22,149031,2025072203010773,MNBBL,Cristal Kanchanjanga Securites Pvt. Ltd.,Naasa Securities Co. Ltd.,100,460.0,46000.0,2025-07-22 11:43:44.877717
2025-07-22,149030,2025072203010774,MNBBL,Cristal Kanchanjanga Securites Pvt. Ltd.,Naasa Securities Co. Ltd.,1000,460.0,460000.0,2025-07-22 11:43:44.877855
2025-07-22,149029,2025072203010775,MNBBL,Cristal Kanchanjanga Securites Pvt. Ltd.,Imperial Securities Company Pvt. Ltd.,50,460.0,23000.0,2025-07-22 11:43:44.877988
2025-07-22,149028,2025072203010776,MNBBL,Cristal Kanchanjanga Securites Pvt. Ltd.,Premier Securities Company Ltd.,10,460.0,4600.0,2025-07-22 11:43:44.878125
2025-07-22,149027,2025072203010777,MNBBL,Cristal Kanchanjanga Securites Pvt. Ltd.,Premier Securities Company Ltd.,200,460.0,92000.0,2025-07-22 11:43:44.878261
2025-07-22,149026,2025072203010778,MNBBL,Cristal Kanchanjanga Securites Pvt. Ltd.,South Asian Bulls Pvt. Ltd.,137,460.0,63020.0,2025-07-22 11:43:44.878397
2025-07-22,149025,2025072203010779,MNBBL,Cristal Kanchanjanga Securites Pvt. Ltd.,Online Securities Pvt. Ltd.,300,460.0,138000.0,2025-07-22 11:43:44.878534
2025-07-22,149024,2025072203010780,MNBBL,Cristal Kanchanjanga Securites Pvt. Ltd.,Secured Securities Ltd.,50,460.0,23000.0,2025-07-22 11:43:44.878667
2025-07-22,149023,2025072203010781,MNBBL,Cristal Kanchanjanga Securites Pvt. Ltd.,Aryatara Investment & Securities,500,460.0,230000.0,2025-07-22 11:43:44.878802
2025-07-22,149022,2025072203010782,MNBBL,Cristal Kanchanjanga Securites Pvt. Ltd.,Agrawal Securities (PVT) Ltd.,200,460.0,92000.0,2025-07-22 11:43:44.878931
2025-07-22,149021,2025072203010783,MNBBL,Cristal Kanchanjanga Securites Pvt. Ltd.,ABC Securities Private Limited,233,460.0,107180.0,2025-07-22 11:43:44.879062
2025-07-22,148918,2025072203010822,MNBBL,Aryatara Investment & Securities,Premier Securities Company Ltd.,301,457.1,137587.1,2025-07-22 11:43:52.677907
2025-07-22,148413,2025072203011004,MNBBL,Cristal Kanchanjanga Securites Pvt. Ltd.,ABC Securities Private Limited,767,460.0,352820.0,2025-07-22 11:44:29.042183
2025-07-22,148412,2025072203011005,MNBBL,Cristal Kanchanjanga Securites Pvt. Ltd.,Naasa Securities Co. Ltd.,50,460.0,23000.0,2025-07-22 11:44:29.042291
2025-07-22,148411,2025072203011006,MNBBL,Cristal Kanchanjanga Securites Pvt. Ltd.,Primo Securities (PVT) Ltd.,200,460.0,92000.0,2025-07-22 11:44:29.042312
2025-07-22,148410,2025072203011007,MNBBL,Cristal Kanchanjanga Securites Pvt. Ltd.,Trishakti Securities Public Limited,434,460.0,199640.0,2025-07-22 11:44:29.042335
2025-07-22,148409,2025072203011008,MNBBL,Cristal Kanchanjanga Securites Pvt. Ltd.,Sumeru Securities Pvt. Ltd.,50,460.0,23000.0,2025-07-22 11:44:29.042357
2025-07-22,148408,2025072203011009,MNBBL,Cristal Kanchanjanga Securites Pvt. Ltd.,Deevyaa Securities & Stock House Pvt. Ltd,50,460.0,23000.0,2025-07-22 11:44:29.042380
2025-07-22,148407,2025072203011010,MNBBL,Cristal Kanchanjanga Securites Pvt. Ltd.,Trishakti Securities Public Limited,1000,460.0,460000.0,2025-07-22 11:44:29.042403
2025-07-22,148406,2025072203011011,MNBBL,Cristal Kanchanjanga Securites Pvt. Ltd.,Bhrikuti Stock Broking Co. Pvt. Ltd.,20,460.0,9200.0,2025-07-22 11:44:29.042425
2025-07-22,148405,2025072203011012,MNBBL,Cristal Kanchanjanga Securites Pvt. Ltd.,Arun Securities (PVT) Ltd.,118,460.0,54280.0,2025-07-22 11:44:29.042450
2025-07-22,148404,2025072203011013,MNBBL,Cristal Kanchanjanga Securites Pvt. Ltd.,Linch Stock Market Ltd.,200,460.0,92000.0,2025-07-22 11:44:29.042471
2025-07-22,148403,2025072203011014,MNBBL,Cristal Kanchanjanga Securites Pvt. Ltd.,Nepal Stock House (PVT) Ltd.,20,460.0,9200.0,2025-07-22 11:44:29.042494
2025-07-22,148402,2025072203011015,MNBBL,Cristal Kanchanjanga Securites Pvt. Ltd.,Imperial Securities Company Pvt. Ltd.,100,460.0,46000.0,2025-07-22 11:44:29.042515
2025-07-22,148401,2025072203011016,MNBBL,Cristal Kanchanjanga Securites Pvt. Ltd.,Primo Securities (PVT) Ltd.,100,460.0,46000.0,2025-07-22 11:44:29.042538
2025-07-22,148400,2025072203011017,MNBBL,Cristal Kanchanjanga Securites Pvt. Ltd.,Kohinoor Investment & Securities Pvt. Ltd.,340,460.0,156400.0,2025-07-22 11:44:29.042570
2025-07-22,148399,2025072203011018,MNBBL,Cristal Kanchanjanga Securites Pvt. Ltd.,Oxford Securities Pvt. Ltd.,50,460.0,23000.0,2025-07-22 11:44:29.042591
2025-07-22,148398,2025072203011019,MNBBL,Cristal Kanchanjanga Securites Pvt. Ltd.,Nepal Investment And Securities Trading Private Limited,15,460.0,6900.0,2025-07-22 11:44:29.042614
2025-07-22,148397,2025072203011020,MNBBL,Cristal Kanchanjanga Securites Pvt. Ltd.,Thrive Brokerage House Pvt. Ltd,350,460.0,161000.0,2025-07-22 11:44:29.042638
2025-07-22,148396,2025072203011021,MNBBL,Cristal Kanchanjanga Securites Pvt. Ltd.,Secured Securities Ltd.,140,460.0,64400.0,2025-07-22 11:44:29.042662
2025-07-22,148395,2025072203011022,MNBBL,Cristal Kanchanjanga Securites Pvt. Ltd.,Online Securities Pvt. Ltd.,1000,460.0,460000.0,2025-07-22 11:44:29.042690
2025-07-22,148394,2025072203011023,MNBBL,Cristal Kanchanjanga Securites Pvt. Ltd.,Malla & Malla Stock Broking Company Pvt. Limited,200,460.0,92000.0,2025-07-22 11:44:29.042713
2025-07-22,148393,2025072203011024,MNBBL,Cristal Kanchanjanga Securites Pvt. Ltd.,Siprabi Securities Pvt. Ltd.,27,460.0,12420.0,2025-07-22 11:44:29.042737
2025-07-22,148392,2025072203011025,MNBBL,Cristal Kanchanjanga Securites Pvt. Ltd.,Linch Stock Market Ltd.,1500,460.0,690000.0,2025-07-22 11:44:29.042757
2025-07-22,148391,2025072203011026,MNBBL,Cristal Kanchanjanga Securites Pvt. Ltd.,Sharepro Securities Private Limited,1659,460.0,763140.0,2025-07-22 11:44:29.042783
2025-07-22,148390,2025072203011027,MNBBL,Cristal Kanchanjanga Securites Pvt. Ltd.,Sani Securities Company Ltd.,1000,460.0,460000.0,2025-07-22 11:44:29.042805
2025-07-22,148389,2025072203011028,MNBBL,Cristal Kanchanjanga Securites Pvt. Ltd.,Naasa Securities Co. Ltd.,100,460.0,46000.0,2025-07-22 11:44:29.042826
2025-07-22,148388,2025072203011029,MNBBL,Cristal Kanchanjanga Securites Pvt. Ltd.,J.F. Securites (PVT) Ltd.,100,460.0,46000.0,2025-07-22 11:44:29.042848
2025-07-22,148387,2025072203011030,MNBBL,Cristal Kanchanjanga Securites Pvt. Ltd.,South Asian Bulls Pvt. Ltd.,100,460.0,46000.0,2025-07-22 11:44:29.042871
2025-07-22,148386,2025072203011031,MNBBL,Cristal Kanchanjanga Securites Pvt. Ltd.,Naasa Securities Co. Ltd.,10,460.0,4600.0,2025-07-22 11:44:29.042893
2025-07-22,148385,2025072203011032,MNBBL,Cristal Kanchanjanga Securites Pvt. Ltd.,Thrive Brokerage House Pvt. Ltd,500,460.0,230000.0,2025-07-22 11:44:29.042915
2025-07-22,148384,2025072203011033,MNBBL,Cristal Kanchanjanga Securites Pvt. Ltd.,Aryatara Investment & Securities,1000,460.0,460000.0,2025-07-22 11:44:29.042936
2025-07-22,148383,2025072203011034,MNBBL,Cristal Kanchanjanga Securites Pvt. Ltd.,Hatemalo Financial Services Private Limited,370,460.0,170200.0,2025-07-22 11:44:29.042959
2025-07-22,148382,2025072203011035,MNBBL,Cristal Kanchanjanga Securites Pvt. Ltd.,Trishakti Securities Public Limited,1001,460.0,460460.0,2025-07-22 11:44:29.042981
2025-07-22,148381,2025072203011036,MNBBL,Cristal Kanchanjanga Securites Pvt. Ltd.,Dipshikha Dhitopatra Karobar Co. Pvt Ltd.,72,460.0,33120.0,2025-07-22 11:44:29.043016
2025-07-22,148380,2025072203011037,MNBBL,Cristal Kanchanjanga Securites Pvt. Ltd.,Sipla Securities Private Limited,1000,460.0,460000.0,2025-07-22 11:44:29.043042
2025-07-22,148379,2025072203011038,MNBBL,Cristal Kanchanjanga Securites Pvt. Ltd.,Online Securities Pvt. Ltd.,50,460.0,23000.0,2025-07-22 11:44:29.043065
2025-07-22,148378,2025072203011039,MNBBL,Cristal Kanchanjanga Securites Pvt. Ltd.,Arun Securities (PVT) Ltd.,560,460.0,257600.0,2025-07-22 11:44:29.043090
2025-07-22,148377,2025072203011040,MNBBL,Cristal Kanchanjanga Securites Pvt. Ltd.,Vision Securities Pvt. Ltd,59,460.0,27140.0,2025-07-22 11:44:29.043118
2025-07-22,148376,2025072203011041,MNBBL,Cristal Kanchanjanga Securites Pvt. Ltd.,Imperial Securities Company Pvt. Ltd.,200,460.0,92000.0,2025-07-22 11:44:29.043140
2025-07-22,148375,2025072203011042,MNBBL,Cristal Kanchanjanga Securites Pvt. Ltd.,Linch Stock Market Ltd.,100,460.0,46000.0,2025-07-22 11:44:29.043160
2025-07-22,148374,2025072203011043,MNBBL,Cristal Kanchanjanga Securites Pvt. Ltd.,Trisul Securities & Invt. Ltd.,500,460.0,230000.0,2025-07-22 11:44:29.043181
2025-07-22,148373,2025072203011044,MNBBL,Cristal Kanchanjanga Securites Pvt. Ltd.,Arun Securities (PVT) Ltd.,30,460.0,13800.0,2025-07-22 11:44:29.043201
2025-07-22,148372,2025072203011045,MNBBL,Cristal Kanchanjanga Securites Pvt. Ltd.,Naasa Securities Co. Ltd.,10,460.0,4600.0,2025-07-22 11:44:29.043221
2025-07-22,148371,2025072203011046,MNBBL,Cristal Kanchanjanga Securites Pvt. Ltd.,Bhrikuti Stock Broking Co. Pvt. Ltd.,50,460.0,23000.0,2025-07-22 11:44:29.043245
2025-07-22,148370,2025072203011047,MNBBL,Cristal Kanchanjanga Securites Pvt. Ltd.,Dipshikha Dhitopatra Karobar Co. Pvt Ltd.,201,460.0,92460.0,2025-07-22 11:44:29.043265
2025-07-22,148369,2025072203011048,MNBBL,Cristal Kanchanjanga Securites Pvt. Ltd.,Primo Securities (PVT) Ltd.,529,460.0,243340.0,2025-07-22 11:44:29.043287
2025-07-22,148368,2025072203011049,MNBBL,Cristal Kanchanjanga Securites Pvt. Ltd.,Malla & Malla Stock Broking Company Pvt. Limited,250,460.0,115000.0,2025-07-22 11:44:29.043306
2025-07-22,148367,2025072203011050,MNBBL,Cristal Kanchanjanga Securites Pvt. Ltd.,Market Securities & Exchange (PVT) Ltd.,173,460.9,79735.7,2025-07-22 11:44:29.043328
2025-07-22,148366,2025072203011051,MNBBL,Cristal Kanchanjanga Securites Pvt. Ltd.,Kumari Securities Private Limited,645,460.9,297280.5,2025-07-22 11:44:29.043350
2025-07-22,147558,2025072203011368,MNBBL,Aryatara Investment & Securities,R.B.B. Securities Company Ltd,20,458.0,9160.0,2025-07-22 11:45:25.834840
2025-07-22,147465,2025072203011404,MNBBL,Sweta Securities Private Limited,Miyo Securities Pvt Ltd,55,459.9,25294.5,2025-07-22 11:45:33.406222
2025-07-22,146856,2025072203011583,MNBBL,N.M.B. SECURITIES LIMITED,Miyo Securities Pvt Ltd,245,459.9,112675.5,2025-07-22 11:46:08.818301
2025-07-22,146855,2025072203011584,MNBBL,N.M.B. SECURITIES LIMITED,Midas Stock Broking Company Private Limited,50,460.0,23000.0,2025-07-22 11:46:08.818835
2025-07-22,146691,2025072203011615,MNBBL,N.M.B. SECURITIES LIMITED,Aryatara Investment & Securities,205,460.0,94300.0,2025-07-22 11:46:16.424614
2025-07-22,146553,2025072203011669,MNBBL,Cristal Kanchanjanga Securites Pvt. Ltd.,Aryatara Investment & Securities,295,460.0,135700.0,2025-07-22 11:46:27.596816
2025-07-22,146552,2025072203011670,MNBBL,Cristal Kanchanjanga Securites Pvt. Ltd.,Aryatara Investment & Securities,100,460.0,46000.0,2025-07-22 11:46:27.597063
2025-07-22,146551,2025072203011671,MNBBL,Cristal Kanchanjanga Securites Pvt. Ltd.,Creative Securities Pvt Ltd,350,460.8,161280.0,2025-07-22 11:46:27.597174
2025-07-22,146550,2025072203011672,MNBBL,Cristal Kanchanjanga Securites Pvt. Ltd.,Kumari Securities Private Limited,855,460.9,394069.5,2025-07-22 11:46:27.597280
2025-07-22,146549,2025072203011673,MNBBL,Cristal Kanchanjanga Securites Pvt. Ltd.,ABC Securities Private Limited,50,460.9,23045.0,2025-07-22 11:46:27.597386
2025-07-22,146548,2025072203011674,MNBBL,Cristal Kanchanjanga Securites Pvt. Ltd.,Oxford Securities Pvt. Ltd.,50,461.0,23050.0,2025-07-22 11:46:27.597509
2025-07-22,146547,2025072203011675,MNBBL,Cristal Kanchanjanga Securites Pvt. Ltd.,Nabil Stock Dealer Ltd.,300,461.0,138300.0,2025-07-22 11:46:27.597614
2025-07-22,146490,2025072203011684,MNBBL,Online Securities Pvt. Ltd.,Nabil Stock Dealer Ltd.,85,461.0,39185.0,2025-07-22 11:46:30.820295
2025-07-22,146489,2025072203011685,MNBBL,Online Securities Pvt. Ltd.,Imperial Securities Company Pvt. Ltd.,100,461.0,46100.0,2025-07-22 11:46:30.820555
2025-07-22,146488,2025072203011686,MNBBL,Online Securities Pvt. Ltd.,Sweta Securities Private Limited,500,461.0,230500.0,2025-07-22 11:46:30.820764
2025-07-22,146487,2025072203011687,MNBBL,Online Securities Pvt. Ltd.,Asian Securities Private Ltd.,100,461.0,46100.0,2025-07-22 11:46:30.820925
2025-07-22,146486,2025072203011688,MNBBL,Online Securities Pvt. Ltd.,Primo Securities (PVT) Ltd.,215,461.0,99115.0,2025-07-22 11:46:30.821122
2025-07-22,146268,2025072203011761,MNBBL,Aryatara Investment & Securities,Primo Securities (PVT) Ltd.,185,461.0,85285.0,2025-07-22 11:46:46.830170
2025-07-22,146267,2025072203011762,MNBBL,Aryatara Investment & Securities,Sweta Securities Private Limited,515,461.0,237415.0,2025-07-22 11:46:46.830424
2025-07-22,146266,2025072203011763,MNBBL,Aryatara Investment & Securities,Aryatara Investment & Securities,300,461.0,138300.0,2025-07-22 11:46:46.830531
2025-07-22,145986,2025072203011810,MNBBL,Creative Securities Pvt Ltd,Aryatara Investment & Securities,100,461.0,46100.0,2025-07-22 11:47:06.563250
2025-07-22,145985,2025072203011811,MNBBL,Creative Securities Pvt Ltd,Online Securities Pvt. Ltd.,300,461.0,138300.0,2025-07-22 11:47:06.563751
2025-07-22,145885,2025072203011844,MNBBL,Creative Securities Pvt Ltd,Dipshikha Dhitopatra Karobar Co. Pvt Ltd.,50,461.0,23050.0,2025-07-22 11:47:11.951830
2025-07-22,145877,2025072203011845,MNBBL,Creative Securities Pvt Ltd,Agrawal Securities (PVT) Ltd.,148,461.0,68228.0,2025-07-22 11:47:12.687888
2025-07-22,145861,2025072203011851,MNBBL,Creative Securities Pvt Ltd,Sumeru Securities Pvt. Ltd.,100,461.0,46100.0,2025-07-22 11:47:13.876484
2025-07-22,145818,2025072203011862,MNBBL,Imperial Securities Company Pvt. Ltd.,Malla & Malla Stock Broking Company Pvt. Limited,300,461.5,138450.0,2025-07-22 11:47:17.473728
2025-07-22,145817,2025072203011863,MNBBL,Imperial Securities Company Pvt. Ltd.,Cristal Kanchanjanga Securites Pvt. Ltd.,100,461.9,46190.0,2025-07-22 11:47:17.473956
2025-07-22,145816,2025072203011864,MNBBL,Imperial Securities Company Pvt. Ltd.,Arun Securities (PVT) Ltd.,100,462.0,46200.0,2025-07-22 11:47:17.474073
2025-07-22,145815,2025072203011865,MNBBL,Imperial Securities Company Pvt. Ltd.,Trisul Securities & Invt. Ltd.,623,462.0,287826.0,2025-07-22 11:47:17.474179
2025-07-22,145814,2025072203011866,MNBBL,Imperial Securities Company Pvt. Ltd.,Creative Securities Pvt Ltd,100,462.0,46200.0,2025-07-22 11:47:17.474278
2025-07-22,145813,2025072203011867,MNBBL,Imperial Securities Company Pvt. Ltd.,Midas Stock Broking Company Private Limited,100,462.0,46200.0,2025-07-22 11:47:17.474380
2025-07-22,145812,2025072203011868,MNBBL,Imperial Securities Company Pvt. Ltd.,Agrawal Securities (PVT) Ltd.,200,462.0,92400.0,2025-07-22 11:47:17.474482
2025-07-22,145811,2025072203011869,MNBBL,Imperial Securities Company Pvt. Ltd.,Imperial Securities Company Pvt. Ltd.,100,462.0,46200.0,2025-07-22 11:47:17.474582
2025-07-22,145810,2025072203011870,MNBBL,Imperial Securities Company Pvt. Ltd.,Primo Securities (PVT) Ltd.,170,462.0,78540.0,2025-07-22 11:47:17.474682
2025-07-22,145809,2025072203011871,MNBBL,Imperial Securities Company Pvt. Ltd.,Asian Securities Private Ltd.,100,462.0,46200.0,2025-07-22 11:47:17.474783
2025-07-22,145808,2025072203011872,MNBBL,Imperial Securities Company Pvt. Ltd.,Midas Stock Broking Company Private Limited,2000,462.0,924000.0,2025-07-22 11:47:17.474885
2025-07-22,145807,2025072203011873,MNBBL,Imperial Securities Company Pvt. Ltd.,Cristal Kanchanjanga Securites Pvt. Ltd.,7000,462.0,3234000.0,2025-07-22 11:47:17.474995
2025-07-22,145806,2025072203011874,MNBBL,Imperial Securities Company Pvt. Ltd.,Thrive Brokerage House Pvt. Ltd,350,462.0,161700.0,2025-07-22 11:47:17.475107
2025-07-22,145615,2025072203011933,MNBBL,Aryatara Investment & Securities,Deevyaa Securities & Stock House Pvt. Ltd,50,462.2,23110.0,2025-07-22 11:47:29.181674
2025-07-22,145614,2025072203011934,MNBBL,Aryatara Investment & Securities,Malla & Malla Stock Broking Company Pvt. Limited,100,462.2,46220.0,2025-07-22 11:47:29.182270
2025-07-22,145613,2025072203011935,MNBBL,Aryatara Investment & Securities,ABC Securities Private Limited,50,462.2,23110.0,2025-07-22 11:47:29.182760
2025-07-22,145612,2025072203011936,MNBBL,Aryatara Investment & Securities,Secured Securities Ltd.,600,462.9,277740.0,2025-07-22 11:47:29.183288
2025-07-22,145605,2025072203011937,MNBBL,Imperial Securities Company Pvt. Ltd.,Secured Securities Ltd.,400,462.9,185160.0,2025-07-22 11:47:29.930559
2025-07-22,145604,2025072203011938,MNBBL,Imperial Securities Company Pvt. Ltd.,Thrive Brokerage House Pvt. Ltd,1000,463.0,463000.0,2025-07-22 11:47:29.930840
2025-07-22,145603,2025072203011939,MNBBL,Imperial Securities Company Pvt. Ltd.,Sani Securities Company Ltd.,10,463.0,4630.0,2025-07-22 11:47:29.930950
2025-07-22,145602,2025072203011940,MNBBL,Imperial Securities Company Pvt. Ltd.,Sri Hari Securities Pvt. Ltd.,40,463.0,18520.0,2025-07-22 11:47:29.931073
2025-07-22,145601,2025072203011941,MNBBL,Imperial Securities Company Pvt. Ltd.,Vision Securities Pvt. Ltd,667,463.0,308821.0,2025-07-22 11:47:29.931226
2025-07-22,145600,2025072203011942,MNBBL,Imperial Securities Company Pvt. Ltd.,Sweta Securities Private Limited,30,463.0,13890.0,2025-07-22 11:47:29.931361
2025-07-22,145599,2025072203011943,MNBBL,Imperial Securities Company Pvt. Ltd.,Market Securities & Exchange (PVT) Ltd.,371,463.0,171773.0,2025-07-22 11:47:29.931476
2025-07-22,145598,2025072203011944,MNBBL,Imperial Securities Company Pvt. Ltd.,Kumari Securities Private Limited,100,463.0,46300.0,2025-07-22 11:47:29.931616
2025-07-22,145597,2025072203011945,MNBBL,Imperial Securities Company Pvt. Ltd.,Primo Securities (PVT) Ltd.,200,463.0,92600.0,2025-07-22 11:47:29.931745
2025-07-22,145596,2025072203011946,MNBBL,Imperial Securities Company Pvt. Ltd.,Imperial Securities Company Pvt. Ltd.,200,463.0,92600.0,2025-07-22 11:47:29.931868
2025-07-22,145595,2025072203011947,MNBBL,Imperial Securities Company Pvt. Ltd.,Dipshikha Dhitopatra Karobar Co. Pvt Ltd.,50,463.0,23150.0,2025-07-22 11:47:29.932003
2025-07-22,145594,2025072203011948,MNBBL,Imperial Securities Company Pvt. Ltd.,Sundhara Securities Limited,50,463.0,23150.0,2025-07-22 11:47:29.932128
2025-07-22,145593,2025072203011949,MNBBL,Imperial Securities Company Pvt. Ltd.,Imperial Securities Company Pvt. Ltd.,25,463.0,11575.0,2025-07-22 11:47:29.932255
2025-07-22,145592,2025072203011950,MNBBL,Imperial Securities Company Pvt. Ltd.,Hatemalo Financial Services Private Limited,250,463.0,115750.0,2025-07-22 11:47:29.932399
2025-07-22,145591,2025072203011951,MNBBL,Imperial Securities Company Pvt. Ltd.,Imperial Securities Company Pvt. Ltd.,25,463.0,11575.0,2025-07-22 11:47:29.932548
2025-07-22,145590,2025072203011952,MNBBL,Imperial Securities Company Pvt. Ltd.,Secured Securities Ltd.,100,463.0,46300.0,2025-07-22 11:47:29.932689
2025-07-22,145589,2025072203011953,MNBBL,Imperial Securities Company Pvt. Ltd.,Asian Securities Private Ltd.,100,463.0,46300.0,2025-07-22 11:47:29.932804
2025-07-22,145588,2025072203011954,MNBBL,Imperial Securities Company Pvt. Ltd.,N.M.B. SECURITIES LIMITED,500,463.0,231500.0,2025-07-22 11:47:29.932917
2025-07-22,145587,2025072203011955,MNBBL,Imperial Securities Company Pvt. Ltd.,Imperial Securities Company Pvt. Ltd.,100,463.2,46320.0,2025-07-22 11:47:29.933041
2025-07-22,145586,2025072203011956,MNBBL,Imperial Securities Company Pvt. Ltd.,Vision Securities Pvt. Ltd,1300,463.9,603070.0,2025-07-22 11:47:29.933200
2025-07-22,145585,2025072203011957,MNBBL,Imperial Securities Company Pvt. Ltd.,Naasa Securities Co. Ltd.,50,463.9,23195.0,2025-07-22 11:47:29.933347
2025-07-22,145584,2025072203011958,MNBBL,Imperial Securities Company Pvt. Ltd.,Sagarmatha Securities Private Limited,100,464.0,46400.0,2025-07-22 11:47:29.933485
2025-07-22,145583,2025072203011959,MNBBL,Imperial Securities Company Pvt. Ltd.,Global IME Securities Limited,50,464.0,23200.0,2025-07-22 11:47:29.933634
2025-07-22,145582,2025072203011960,MNBBL,Imperial Securities Company Pvt. Ltd.,Cristal Kanchanjanga Securites Pvt. Ltd.,10,464.0,4640.0,2025-07-22 11:47:29.933776
2025-07-22,145581,2025072203011961,MNBBL,Imperial Securities Company Pvt. Ltd.,Sundhara Securities Limited,524,464.0,243136.0,2025-07-22 11:47:29.933909
2025-07-22,145580,2025072203011962,MNBBL,Imperial Securities Company Pvt. Ltd.,Dynamic Money Managers Securities Pvt. Ltd.,86,464.0,39904.0,2025-07-22 11:47:29.934033
2025-07-22,145579,2025072203011963,MNBBL,Imperial Securities Company Pvt. Ltd.,Primo Securities (PVT) Ltd.,200,464.0,92800.0,2025-07-22 11:47:29.934172
2025-07-22,145578,2025072203011964,MNBBL,Imperial Securities Company Pvt. Ltd.,Midas Stock Broking Company Private Limited,200,464.0,92800.0,2025-07-22 11:47:29.934296
2025-07-22,145577,2025072203011965,MNBBL,Imperial Securities Company Pvt. Ltd.,Imperial Securities Company Pvt. Ltd.,100,464.0,46400.0,2025-07-22 11:47:29.934428
2025-07-22,145576,2025072203011966,MNBBL,Imperial Securities Company Pvt. Ltd.,Sani Securities Company Ltd.,150,464.0,69600.0,2025-07-22 11:47:29.934558
2025-07-22,145575,2025072203011967,MNBBL,Imperial Securities Company Pvt. Ltd.,Dipshikha Dhitopatra Karobar Co. Pvt Ltd.,100,464.0,46400.0,2025-07-22 11:47:29.934685
2025-07-22,145574,2025072203011968,MNBBL,Imperial Securities Company Pvt. Ltd.,Agrawal Securities (PVT) Ltd.,120,464.0,55680.0,2025-07-22 11:47:29.934833
2025-07-22,145573,2025072203011969,MNBBL,Imperial Securities Company Pvt. Ltd.,J.F. Securites (PVT) Ltd.,124,464.0,57536.0,2025-07-22 11:47:29.934969
2025-07-22,145572,2025072203011970,MNBBL,Imperial Securities Company Pvt. Ltd.,Sweta Securities Private Limited,45,464.0,20880.0,2025-07-22 11:47:29.935103
2025-07-22,145571,2025072203011971,MNBBL,Imperial Securities Company Pvt. Ltd.,Deevyaa Securities & Stock House Pvt. Ltd,300,464.0,139200.0,2025-07-22 11:47:29.935204
2025-07-22,145570,2025072203011972,MNBBL,Imperial Securities Company Pvt. Ltd.,Imperial Securities Company Pvt. Ltd.,300,464.0,139200.0,2025-07-22 11:47:29.935334
2025-07-22,145569,2025072203011973,MNBBL,Imperial Securities Company Pvt. Ltd.,Sundhara Securities Limited,24,464.0,11136.0,2025-07-22 11:47:29.935457
2025-07-22,145568,2025072203011974,MNBBL,Imperial Securities Company Pvt. Ltd.,Cristal Kanchanjanga Securites Pvt. Ltd.,100,464.0,46400.0,2025-07-22 11:47:29.935581
2025-07-22,145567,2025072203011975,MNBBL,Imperial Securities Company Pvt. Ltd.,Ashutosh Brokerage & Securities (PVT) Ltd.,1000,464.0,464000.0,2025-07-22 11:47:29.935711
2025-07-22,145566,2025072203011976,MNBBL,Imperial Securities Company Pvt. Ltd.,Dynamic Money Managers Securities Pvt. Ltd.,1240,464.0,575360.0,2025-07-22 11:47:29.935820
2025-07-22,145565,2025072203011977,MNBBL,Imperial Securities Company Pvt. Ltd.,Asian Securities Private Ltd.,100,464.0,46400.0,2025-07-22 11:47:29.935918
2025-07-22,145564,2025072203011978,MNBBL,Imperial Securities Company Pvt. Ltd.,Nepal Stock House (PVT) Ltd.,500,464.0,232000.0,2025-07-22 11:47:29.936046
2025-07-22,145563,2025072203011979,MNBBL,Imperial Securities Company Pvt. Ltd.,Opal Securities Investment (PVT) Ltd.,1000,464.0,464000.0,2025-07-22 11:47:29.936175
2025-07-22,145562,2025072203011980,MNBBL,Imperial Securities Company Pvt. Ltd.,Online Securities Pvt. Ltd.,59,464.0,27376.0,2025-07-22 11:47:29.936300
2025-07-22,145477,2025072203012019,MNBBL,Imperial Securities Company Pvt. Ltd.,Deevyaa Securities & Stock House Pvt. Ltd,80,462.0,36960.0,2025-07-22 11:47:37.034830
2025-07-22,145370,2025072203012039,MNBBL,Imperial Securities Company Pvt. Ltd.,Online Securities Pvt. Ltd.,53,464.0,24592.0,2025-07-22 11:47:42.185215
2025-07-22,145369,2025072203012040,MNBBL,Imperial Securities Company Pvt. Ltd.,Midas Stock Broking Company Private Limited,270,464.0,125280.0,2025-07-22 11:47:42.185432
2025-07-22,145368,2025072203012041,MNBBL,Imperial Securities Company Pvt. Ltd.,Bhrikuti Stock Broking Co. Pvt. Ltd.,100,464.1,46410.0,2025-07-22 11:47:42.185523
2025-07-22,145367,2025072203012042,MNBBL,Imperial Securities Company Pvt. Ltd.,Kohinoor Investment & Securities Pvt. Ltd.,50,464.1,23205.0,2025-07-22 11:47:42.185608
2025-07-22,145366,2025072203012043,MNBBL,Imperial Securities Company Pvt. Ltd.,Asian Securities Private Ltd.,50,464.1,23205.0,2025-07-22 11:47:42.185727
2025-07-22,145365,2025072203012044,MNBBL,Imperial Securities Company Pvt. Ltd.,Malla & Malla Stock Broking Company Pvt. Limited,100,464.1,46410.0,2025-07-22 11:47:42.185842
2025-07-22,145364,2025072203012045,MNBBL,Imperial Securities Company Pvt. Ltd.,Imperial Securities Company Pvt. Ltd.,25,464.1,11602.5,2025-07-22 11:47:42.185939
2025-07-22,145363,2025072203012046,MNBBL,Imperial Securities Company Pvt. Ltd.,Sundhara Securities Limited,100,465.0,46500.0,2025-07-22 11:47:42.186056
2025-07-22,145362,2025072203012047,MNBBL,Imperial Securities Company Pvt. Ltd.,Nepal Stock House (PVT) Ltd.,20,465.0,9300.0,2025-07-22 11:47:42.186170
2025-07-22,145361,2025072203012048,MNBBL,Imperial Securities Company Pvt. Ltd.,Imperial Securities Company Pvt. Ltd.,25,465.0,11625.0,2025-07-22 11:47:42.186285
2025-07-22,145360,2025072203012049,MNBBL,Imperial Securities Company Pvt. Ltd.,South Asian Bulls Pvt. Ltd.,400,465.0,186000.0,2025-07-22 11:47:42.186398
2025-07-22,145359,2025072203012050,MNBBL,Imperial Securities Company Pvt. Ltd.,Kalika Securities Pvt. Ltd.,500,465.0,232500.0,2025-07-22 11:47:42.186498
2025-07-22,145358,2025072203012051,MNBBL,Imperial Securities Company Pvt. Ltd.,Sani Securities Company Ltd.,10,465.0,4650.0,2025-07-22 11:47:42.186624
2025-07-22,145357,2025072203012052,MNBBL,Imperial Securities Company Pvt. Ltd.,Dynamic Money Managers Securities Pvt. Ltd.,50,465.0,23250.0,2025-07-22 11:47:42.186729
2025-07-22,145356,2025072203012053,MNBBL,Imperial Securities Company Pvt. Ltd.,South Asian Bulls Pvt. Ltd.,30,465.0,13950.0,2025-07-22 11:47:42.186906
2025-07-22,145355,2025072203012054,MNBBL,Imperial Securities Company Pvt. Ltd.,Sagarmatha Securities Private Limited,200,465.0,93000.0,2025-07-22 11:47:42.187068
2025-07-22,145354,2025072203012055,MNBBL,Imperial Securities Company Pvt. Ltd.,Asian Securities Private Ltd.,1000,465.0,465000.0,2025-07-22 11:47:42.187190
2025-07-22,145353,2025072203012056,MNBBL,Imperial Securities Company Pvt. Ltd.,Creative Securities Pvt Ltd,500,465.0,232500.0,2025-07-22 11:47:42.187281
2025-07-22,145352,2025072203012057,MNBBL,Imperial Securities Company Pvt. Ltd.,Asian Securities Private Ltd.,100,465.0,46500.0,2025-07-22 11:47:42.187418
2025-07-22,145351,2025072203012058,MNBBL,Imperial Securities Company Pvt. Ltd.,Thrive Brokerage House Pvt. Ltd,3000,465.0,1395000.0,2025-07-22 11:47:42.187570
2025-07-22,145350,2025072203012059,MNBBL,Imperial Securities Company Pvt. Ltd.,Dynamic Money Managers Securities Pvt. Ltd.,200,465.0,93000.0,2025-07-22 11:47:42.187772
2025-07-22,145349,2025072203012060,MNBBL,Imperial Securities Company Pvt. Ltd.,Midas Stock Broking Company Private Limited,346,465.0,160890.0,2025-07-22 11:47:42.187890
2025-07-22,145348,2025072203012061,MNBBL,Imperial Securities Company Pvt. Ltd.,Premier Securities Company Ltd.,50,465.0,23250.0,2025-07-22 11:47:42.188037
2025-07-22,145347,2025072203012062,MNBBL,Imperial Securities Company Pvt. Ltd.,Imperial Securities Company Pvt. Ltd.,37,465.0,17205.0,2025-07-22 11:47:42.188139
2025-07-22,145346,2025072203012063,MNBBL,Imperial Securities Company Pvt. Ltd.,Opal Securities Investment (PVT) Ltd.,10,465.0,4650.0,2025-07-22 11:47:42.188222
2025-07-22,145345,2025072203012064,MNBBL,Imperial Securities Company Pvt. Ltd.,Imperial Securities Company Pvt. Ltd.,112,465.0,52080.0,2025-07-22 11:47:42.188310
2025-07-22,145344,2025072203012065,MNBBL,Imperial Securities Company Pvt. Ltd.,Nepal Stock House (PVT) Ltd.,400,465.0,186000.0,2025-07-22 11:47:42.188400
2025-07-22,145343,2025072203012066,MNBBL,Imperial Securities Company Pvt. Ltd.,Agrawal Securities (PVT) Ltd.,60,465.0,27900.0,2025-07-22 11:47:42.188481
2025-07-22,145342,2025072203012067,MNBBL,Imperial Securities Company Pvt. Ltd.,Sundhara Securities Limited,200,465.0,93000.0,2025-07-22 11:47:42.188559
2025-07-22,145341,2025072203012068,MNBBL,Imperial Securities Company Pvt. Ltd.,Imperial Securities Company Pvt. Ltd.,30,465.0,13950.0,2025-07-22 11:47:42.188635
2025-07-22,145340,2025072203012069,MNBBL,Imperial Securities Company Pvt. Ltd.,Nepal Stock House (PVT) Ltd.,110,465.0,51150.0,2025-07-22 11:47:42.188719
2025-07-22,145339,2025072203012070,MNBBL,Imperial Securities Company Pvt. Ltd.,Agrawal Securities (PVT) Ltd.,24,465.0,11160.0,2025-07-22 11:47:42.188805
2025-07-22,145338,2025072203012071,MNBBL,Imperial Securities Company Pvt. Ltd.,Premier Securities Company Ltd.,500,465.0,232500.0,2025-07-22 11:47:42.188916
2025-07-22,145337,2025072203012072,MNBBL,Imperial Securities Company Pvt. Ltd.,Linch Stock Market Ltd.,50,465.0,23250.0,2025-07-22 11:47:42.188999
2025-07-22,145336,2025072203012073,MNBBL,Imperial Securities Company Pvt. Ltd.,Nepal Stock House (PVT) Ltd.,10,465.0,4650.0,2025-07-22 11:47:42.189097
2025-07-22,145335,2025072203012074,MNBBL,Imperial Securities Company Pvt. Ltd.,Swarna Laxmi Securities Pvt. Ltd.,100,465.0,46500.0,2025-07-22 11:47:42.189188
2025-07-22,145334,2025072203012075,MNBBL,Imperial Securities Company Pvt. Ltd.,Imperial Securities Company Pvt. Ltd.,20,465.0,9300.0,2025-07-22 11:47:42.189281
2025-07-22,145333,2025072203012076,MNBBL,Imperial Securities Company Pvt. Ltd.,Market Securities & Exchange (PVT) Ltd.,101,465.0,46965.0,2025-07-22 11:47:42.189380
2025-07-22,145332,2025072203012077,MNBBL,Imperial Securities Company Pvt. Ltd.,APPLE SECURITIES PRIVATE LIMITED,235,465.0,109275.0,2025-07-22 11:47:42.189461
2025-07-22,145331,2025072203012078,MNBBL,Imperial Securities Company Pvt. Ltd.,Siprabi Securities Pvt. Ltd.,1000,465.0,465000.0,2025-07-22 11:47:42.189533
2025-07-22,145330,2025072203012079,MNBBL,Imperial Securities Company Pvt. Ltd.,Online Securities Pvt. Ltd.,300,465.0,139500.0,2025-07-22 11:47:42.189622
2025-07-22,145329,2025072203012080,MNBBL,Imperial Securities Company Pvt. Ltd.,Kumari Securities Private Limited,50,465.0,23250.0,2025-07-22 11:47:42.189713
2025-07-22,145328,2025072203012081,MNBBL,Imperial Securities Company Pvt. Ltd.,Kohinoor Investment & Securities Pvt. Ltd.,100,465.0,46500.0,2025-07-22 11:47:42.189786
2025-07-22,145327,2025072203012082,MNBBL,Imperial Securities Company Pvt. Ltd.,Naasa Securities Co. Ltd.,1000,465.0,465000.0,2025-07-22 11:47:42.189856
2025-07-22,145326,2025072203012083,MNBBL,Imperial Securities Company Pvt. Ltd.,Trisul Securities & Invt. Ltd.,372,465.0,172980.0,2025-07-22 11:47:42.189921
2025-07-22,145237,2025072203012118,MNBBL,Imperial Securities Company Pvt. Ltd.,ABC Securities Private Limited,104,462.0,48048.0,2025-07-22 11:47:48.138190
2025-07-22,144988,2025072203012196,MNBBL,Imperial Securities Company Pvt. Ltd.,Pragyan Securities (PVT) Ltd.,573,462.0,264726.0,2025-07-22 11:48:08.876739
2025-07-22,144987,2025072203012197,MNBBL,Premier Securities Company Ltd.,Pragyan Securities (PVT) Ltd.,400,462.0,184800.0,2025-07-22 11:48:08.876914
2025-07-22,144986,2025072203012198,MNBBL,Creative Securities Pvt Ltd,Pragyan Securities (PVT) Ltd.,302,461.0,139222.0,2025-07-22 11:48:08.876982
2025-07-22,144985,2025072203012199,MNBBL,Aryatara Investment & Securities,Pragyan Securities (PVT) Ltd.,100,461.0,46100.0,2025-07-22 11:48:08.877054
2025-07-22,144984,2025072203012200,MNBBL,Dipshikha Dhitopatra Karobar Co. Pvt Ltd.,Pragyan Securities (PVT) Ltd.,2000,460.1,920200.0,2025-07-22 11:48:08.877122
2025-07-22,144983,2025072203012201,MNBBL,Trishakti Securities Public Limited,Pragyan Securities (PVT) Ltd.,2000,460.0,920000.0,2025-07-22 11:48:08.877191
2025-07-22,144508,2025072203012405,MNBBL,Sharepro Securities Private Limited,Pragyan Securities (PVT) Ltd.,200,460.0,92000.0,2025-07-22 11:48:35.495865
2025-07-22,144324,2025072203012454,MNBBL,Imperial Securities Company Pvt. Ltd.,Pragyan Securities (PVT) Ltd.,43,460.0,19780.0,2025-07-22 11:48:45.579670
2025-07-22,144323,2025072203012455,MNBBL,Kohinoor Investment & Securities Pvt. Ltd.,Pragyan Securities (PVT) Ltd.,1000,460.0,460000.0,2025-07-22 11:48:45.591759
2025-07-22,143999,2025072203012585,MNBBL,K.B.L. Securities Limited ,Pragyan Securities (PVT) Ltd.,1000,460.0,460000.0,2025-07-22 11:49:08.999794
2025-07-22,143986,2025072203012592,MNBBL,S.P.S.A. Securities Limited,Pragyan Securities (PVT) Ltd.,200,460.0,92000.0,2025-07-22 11:49:10.685332
2025-07-22,143931,2025072203012612,MNBBL,Creative Securities Pvt Ltd,Pragyan Securities (PVT) Ltd.,1000,460.0,460000.0,2025-07-22 11:49:13.460120
2025-07-22,143925,2025072203012618,MNBBL,Sani Securities Company Ltd.,Pragyan Securities (PVT) Ltd.,222,460.0,102120.0,2025-07-22 11:49:13.542684
2025-07-22,143772,2025072203012673,MNBBL,Trishakti Securities Public Limited,Pragyan Securities (PVT) Ltd.,1000,460.0,460000.0,2025-07-22 11:49:26.077259
2025-07-22,143760,2025072203012679,MNBBL,Thrive Brokerage House Pvt. Ltd,Pragyan Securities (PVT) Ltd.,100,460.0,46000.0,2025-07-22 11:49:27.518976
2025-07-22,143677,2025072203012714,MNBBL,Asian Securities Private Ltd.,Pragyan Securities (PVT) Ltd.,634,460.0,291640.0,2025-07-22 11:49:34.906176
2025-07-22,143676,2025072203012715,MNBBL,Asian Securities Private Ltd.,Imperial Securities Company Pvt. Ltd.,249,460.0,114540.0,2025-07-22 11:49:34.906379
2025-07-22,143566,2025072203012746,MNBBL,Asian Securities Private Ltd.,R.B.B. Securities Company Ltd,30,460.0,13800.0,2025-07-22 11:49:44.657106
2025-07-22,142825,2025072203012935,MNBBL,Asian Securities Private Ltd.,Sani Securities Company Ltd.,87,462.5,40237.5,2025-07-22 11:50:28.143759
2025-07-22,142644,2025072203012970,MNBBL,Imperial Securities Company Pvt. Ltd.,Sani Securities Company Ltd.,50,462.5,23125.0,2025-07-22 11:50:38.576819
2025-07-22,142401,2025072203013022,MNBBL,Property Wiard Limited,Sani Securities Company Ltd.,863,462.5,399137.5,2025-07-22 11:50:57.641932
2025-07-22,142341,2025072203013029,MNBBL,Property Wiard Limited,Trisul Securities & Invt. Ltd.,37,462.5,17112.5,2025-07-22 11:51:01.864985
2025-07-22,142340,2025072203013030,MNBBL,Imperial Securities Company Pvt. Ltd.,Trisul Securities & Invt. Ltd.,50,462.5,23125.0,2025-07-22 11:51:01.865178
2025-07-22,142339,2025072203013031,MNBBL,Aryatara Investment & Securities,Trisul Securities & Invt. Ltd.,1000,460.4,460400.0,2025-07-22 11:51:01.865261
2025-07-22,142338,2025072203013032,MNBBL,Naasa Securities Co. Ltd.,Trisul Securities & Invt. Ltd.,200,460.3,92060.0,2025-07-22 11:51:01.865340
2025-07-22,142337,2025072203013033,MNBBL,Neev Securities Pvt. Ltd.,Trisul Securities & Invt. Ltd.,713,460.0,327980.0,2025-07-22 11:51:01.865421
2025-07-22,142288,2025072203013045,MNBBL,Sweta Securities Private Limited,ABC Securities Private Limited,50,462.5,23125.0,2025-07-22 11:51:05.600647
2025-07-22,142071,2025072203013107,MNBBL,Sweta Securities Private Limited,R.B.B. Securities Company Ltd,20,462.5,9250.0,2025-07-22 11:51:22.795109
2025-07-22,141719,2025072203013183,MNBBL,Trisul Securities & Invt. Ltd.,Imperial Securities Company Pvt. Ltd.,50,463.0,23150.0,2025-07-22 11:51:44.379066
2025-07-22,141718,2025072203013184,MNBBL,Trisul Securities & Invt. Ltd.,Property Wiard Limited,200,463.0,92600.0,2025-07-22 11:51:44.379437
2025-07-22,141717,2025072203013185,MNBBL,Trisul Securities & Invt. Ltd.,Online Securities Pvt. Ltd.,400,463.0,185200.0,2025-07-22 11:51:44.379694
2025-07-22,141716,2025072203013186,MNBBL,Trisul Securities & Invt. Ltd.,Online Securities Pvt. Ltd.,140,463.0,64820.0,2025-07-22 11:51:44.379941
2025-07-22,141690,2025072203013197,MNBBL,Trisul Securities & Invt. Ltd.,Sri Hari Securities Pvt. Ltd.,38,463.0,17594.0,2025-07-22 11:51:46.001187
2025-07-22,141623,2025072203013207,MNBBL,Trisul Securities & Invt. Ltd.,Aryatara Investment & Securities,100,463.0,46300.0,2025-07-22 11:51:53.354237
2025-07-22,141563,2025072203013231,MNBBL,Trisul Securities & Invt. Ltd.,Investment Management Nepal Pvt. Ltd.,72,463.0,33336.0,2025-07-22 11:52:00.524973
2025-07-22,141562,2025072203013232,MNBBL,Sweta Securities Private Limited,Investment Management Nepal Pvt. Ltd.,728,462.5,336700.0,2025-07-22 11:52:00.525190
2025-07-22,141003,2025072203013383,MNBBL,Sweta Securities Private Limited,Agrawal Securities (PVT) Ltd.,200,462.5,92500.0,2025-07-22 11:52:42.668798
2025-07-22,140720,2025072203013447,MNBBL,Opal Securities Investment (PVT) Ltd.,Linch Stock Market Ltd.,80,464.0,37120.0,2025-07-22 11:53:02.149373
2025-07-22,140646,2025072203013465,MNBBL,Naasa Securities Co. Ltd.,Linch Stock Market Ltd.,20,464.0,9280.0,2025-07-22 11:53:11.651786
2025-07-22,140311,2025072203013567,MNBBL,NIMB Stock Markets Limited,Linch Stock Market Ltd.,329,464.0,152656.0,2025-07-22 11:53:38.046654
2025-07-22,140310,2025072203013568,MNBBL,NIMB Stock Markets Limited,R.B.B. Securities Company Ltd,20,464.0,9280.0,2025-07-22 11:53:38.046875
2025-07-22,140281,2025072203013580,MNBBL,Cristal Kanchanjanga Securites Pvt. Ltd.,Naasa Securities Co. Ltd.,300,464.8,139440.0,2025-07-22 11:53:41.910780
2025-07-22,140280,2025072203013581,MNBBL,Cristal Kanchanjanga Securites Pvt. Ltd.,Sumeru Securities Pvt. Ltd.,300,464.9,139470.0,2025-07-22 11:53:41.910985
2025-07-22,140279,2025072203013582,MNBBL,Cristal Kanchanjanga Securites Pvt. Ltd.,Imperial Securities Company Pvt. Ltd.,10,464.9,4649.0,2025-07-22 11:53:41.911095
2025-07-22,140278,2025072203013583,MNBBL,Cristal Kanchanjanga Securites Pvt. Ltd.,Sani Securities Company Ltd.,200,464.9,92980.0,2025-07-22 11:53:41.911194
2025-07-22,140277,2025072203013584,MNBBL,Cristal Kanchanjanga Securites Pvt. Ltd.,Kumari Securities Private Limited,1500,465.0,697500.0,2025-07-22 11:53:41.911280
2025-07-22,140276,2025072203013585,MNBBL,Cristal Kanchanjanga Securites Pvt. Ltd.,ABC Securities Private Limited,300,465.0,139500.0,2025-07-22 11:53:41.911389
2025-07-22,140275,2025072203013586,MNBBL,Cristal Kanchanjanga Securites Pvt. Ltd.,Imperial Securities Company Pvt. Ltd.,100,465.0,46500.0,2025-07-22 11:53:41.911477
2025-07-22,140274,2025072203013587,MNBBL,Cristal Kanchanjanga Securites Pvt. Ltd.,Trishakti Securities Public Limited,2000,465.0,930000.0,2025-07-22 11:53:41.911562
2025-07-22,140273,2025072203013588,MNBBL,Cristal Kanchanjanga Securites Pvt. Ltd.,Linch Stock Market Ltd.,100,465.0,46500.0,2025-07-22 11:53:41.911680
2025-07-22,140272,2025072203013589,MNBBL,Cristal Kanchanjanga Securites Pvt. Ltd.,Bhrikuti Stock Broking Co. Pvt. Ltd.,350,465.0,162750.0,2025-07-22 11:53:41.911790
2025-07-22,140271,2025072203013590,MNBBL,Cristal Kanchanjanga Securites Pvt. Ltd.,Premier Securities Company Ltd.,90,465.0,41850.0,2025-07-22 11:53:41.911884
2025-07-22,140270,2025072203013591,MNBBL,Cristal Kanchanjanga Securites Pvt. Ltd.,Sani Securities Company Ltd.,87,465.0,40455.0,2025-07-22 11:53:41.911969
2025-07-22,140269,2025072203013592,MNBBL,Cristal Kanchanjanga Securites Pvt. Ltd.,Agrawal Securities (PVT) Ltd.,100,465.0,46500.0,2025-07-22 11:53:41.912087
2025-07-22,140268,2025072203013593,MNBBL,Cristal Kanchanjanga Securites Pvt. Ltd.,Sumeru Securities Pvt. Ltd.,200,465.0,93000.0,2025-07-22 11:53:41.912181
2025-07-22,140267,2025072203013594,MNBBL,Cristal Kanchanjanga Securites Pvt. Ltd.,ABC Securities Private Limited,20,465.0,9300.0,2025-07-22 11:53:41.912268
2025-07-22,140266,2025072203013595,MNBBL,Cristal Kanchanjanga Securites Pvt. Ltd.,Linch Stock Market Ltd.,200,465.0,93000.0,2025-07-22 11:53:41.912364
2025-07-22,140265,2025072203013596,MNBBL,Cristal Kanchanjanga Securites Pvt. Ltd.,Imperial Securities Company Pvt. Ltd.,145,465.0,67425.0,2025-07-22 11:53:41.912502
2025-07-22,140075,2025072203013639,MNBBL,Kohinoor Investment & Securities Pvt. Ltd.,Primo Securities (PVT) Ltd.,50,465.1,23255.0,2025-07-22 11:53:58.053719
2025-07-22,140074,2025072203013640,MNBBL,Kohinoor Investment & Securities Pvt. Ltd.,Malla & Malla Stock Broking Company Pvt. Limited,228,465.1,106042.8,2025-07-22 11:53:58.054164
2025-07-22,140073,2025072203013641,MNBBL,Kohinoor Investment & Securities Pvt. Ltd.,Imperial Securities Company Pvt. Ltd.,100,465.1,46510.0,2025-07-22 11:53:58.054475
2025-07-22,140072,2025072203013642,MNBBL,Kohinoor Investment & Securities Pvt. Ltd.,SUN SECURITIES PVT LTD,400,466.0,186400.0,2025-07-22 11:53:58.054794
2025-07-22,140071,2025072203013643,MNBBL,Kohinoor Investment & Securities Pvt. Ltd.,Deevyaa Securities & Stock House Pvt. Ltd,80,466.0,37280.0,2025-07-22 11:53:58.055143
2025-07-22,140070,2025072203013644,MNBBL,Kohinoor Investment & Securities Pvt. Ltd.,Aryatara Investment & Securities,400,466.0,186400.0,2025-07-22 11:53:58.055462
2025-07-22,140068,2025072203013645,MNBBL,Kohinoor Investment & Securities Pvt. Ltd.,South Asian Bulls Pvt. Ltd.,30,467.0,14010.0,2025-07-22 11:53:58.055748
2025-07-22,140067,2025072203013646,MNBBL,Kohinoor Investment & Securities Pvt. Ltd.,J.F. Securites (PVT) Ltd.,50,467.0,23350.0,2025-07-22 11:53:58.056077
2025-07-22,140066,2025072203013647,MNBBL,Kohinoor Investment & Securities Pvt. Ltd.,Kohinoor Investment & Securities Pvt. Ltd.,100,467.0,46700.0,2025-07-22 11:53:58.056427
2025-07-22,140065,2025072203013648,MNBBL,Kohinoor Investment & Securities Pvt. Ltd.,Bhrikuti Stock Broking Co. Pvt. Ltd.,2000,467.0,934000.0,2025-07-22 11:53:58.056741
2025-07-22,140064,2025072203013649,MNBBL,Kohinoor Investment & Securities Pvt. Ltd.,Primo Securities (PVT) Ltd.,100,467.0,46700.0,2025-07-22 11:53:58.057037
2025-07-22,140063,2025072203013650,MNBBL,Kohinoor Investment & Securities Pvt. Ltd.,Imperial Securities Company Pvt. Ltd.,50,467.0,23350.0,2025-07-22 11:53:58.057368
2025-07-22,140062,2025072203013651,MNBBL,Kohinoor Investment & Securities Pvt. Ltd.,Secured Securities Ltd.,1000,467.0,467000.0,2025-07-22 11:53:58.057675
2025-07-22,140061,2025072203013652,MNBBL,Kohinoor Investment & Securities Pvt. Ltd.,Shree Krishna Securities Ltd.,412,468.0,192816.0,2025-07-22 11:53:58.057947
2025-07-22,139873,2025072203013695,MNBBL,Kohinoor Investment & Securities Pvt. Ltd.,Shree Krishna Securities Ltd.,1588,468.0,743184.0,2025-07-22 11:54:12.130628
2025-07-22,139872,2025072203013696,MNBBL,Kohinoor Investment & Securities Pvt. Ltd.,Imperial Securities Company Pvt. Ltd.,500,468.0,234000.0,2025-07-22 11:54:12.130822
2025-07-22,139871,2025072203013697,MNBBL,Kohinoor Investment & Securities Pvt. Ltd.,Market Securities & Exchange (PVT) Ltd.,25,468.0,11700.0,2025-07-22 11:54:12.130913
2025-07-22,139870,2025072203013698,MNBBL,Kohinoor Investment & Securities Pvt. Ltd.,Naasa Securities Co. Ltd.,60,468.0,28080.0,2025-07-22 11:54:12.130996
2025-07-22,139869,2025072203013699,MNBBL,Kohinoor Investment & Securities Pvt. Ltd.,Vision Securities Pvt. Ltd,100,468.0,46800.0,2025-07-22 11:54:12.131084
2025-07-22,139868,2025072203013700,MNBBL,Kohinoor Investment & Securities Pvt. Ltd.,Aryatara Investment & Securities,65,468.0,30420.0,2025-07-22 11:54:12.131166
2025-07-22,139867,2025072203013701,MNBBL,Kohinoor Investment & Securities Pvt. Ltd.,Cristal Kanchanjanga Securites Pvt. Ltd.,15,468.0,7020.0,2025-07-22 11:54:12.131259
2025-07-22,139866,2025072203013702,MNBBL,Kohinoor Investment & Securities Pvt. Ltd.,Sani Securities Company Ltd.,50,468.0,23400.0,2025-07-22 11:54:12.131337
2025-07-22,139865,2025072203013703,MNBBL,Kohinoor Investment & Securities Pvt. Ltd.,Online Securities Pvt. Ltd.,50,468.0,23400.0,2025-07-22 11:54:12.131415
2025-07-22,139864,2025072203013704,MNBBL,Kohinoor Investment & Securities Pvt. Ltd.,Primo Securities (PVT) Ltd.,20,468.0,9360.0,2025-07-22 11:54:12.131492
2025-07-22,139863,2025072203013705,MNBBL,Kohinoor Investment & Securities Pvt. Ltd.,Vision Securities Pvt. Ltd,1000,468.0,468000.0,2025-07-22 11:54:12.131574
2025-07-22,139862,2025072203013706,MNBBL,Kohinoor Investment & Securities Pvt. Ltd.,Online Securities Pvt. Ltd.,310,468.0,145080.0,2025-07-22 11:54:12.131653
2025-07-22,139861,2025072203013707,MNBBL,Kohinoor Investment & Securities Pvt. Ltd.,Bhrikuti Stock Broking Co. Pvt. Ltd.,50,468.0,23400.0,2025-07-22 11:54:12.131729
2025-07-22,139860,2025072203013708,MNBBL,Kohinoor Investment & Securities Pvt. Ltd.,Agrawal Securities (PVT) Ltd.,100,468.1,46810.0,2025-07-22 11:54:12.131804
2025-07-22,139859,2025072203013709,MNBBL,Kohinoor Investment & Securities Pvt. Ltd.,Vision Securities Pvt. Ltd,100,469.0,46900.0,2025-07-22 11:54:12.131881
2025-07-22,139858,2025072203013710,MNBBL,Kohinoor Investment & Securities Pvt. Ltd.,Online Securities Pvt. Ltd.,100,469.0,46900.0,2025-07-22 11:54:12.131957
2025-07-22,139857,2025072203013711,MNBBL,Kohinoor Investment & Securities Pvt. Ltd.,Nepal Investment And Securities Trading Private Limited,300,469.0,140700.0,2025-07-22 11:54:12.132033
2025-07-22,139856,2025072203013712,MNBBL,Kohinoor Investment & Securities Pvt. Ltd.,Creative Securities Pvt Ltd,200,469.0,93800.0,2025-07-22 11:54:12.132122
2025-07-22,139855,2025072203013713,MNBBL,Kohinoor Investment & Securities Pvt. Ltd.,Sweta Securities Private Limited,100,469.0,46900.0,2025-07-22 11:54:12.132198
2025-07-22,139854,2025072203013714,MNBBL,Kohinoor Investment & Securities Pvt. Ltd.,Sani Securities Company Ltd.,54,469.0,25326.0,2025-07-22 11:54:12.132272
2025-07-22,139853,2025072203013715,MNBBL,Kohinoor Investment & Securities Pvt. Ltd.,SUN SECURITIES PVT LTD,11,469.0,5159.0,2025-07-22 11:54:12.132347
2025-07-22,139852,2025072203013716,MNBBL,Kohinoor Investment & Securities Pvt. Ltd.,Premier Securities Company Ltd.,30,469.0,14070.0,2025-07-22 11:54:12.132432
2025-07-22,139851,2025072203013717,MNBBL,Kohinoor Investment & Securities Pvt. Ltd.,Nepal Stock House (PVT) Ltd.,172,469.0,80668.0,2025-07-22 11:54:12.132505
2025-07-22,139700,2025072203013771,MNBBL,Agrawal Securities (PVT) Ltd.,Dakshinkali Investment & Securities Pvt. Ltd.,50,468.0,23400.0,2025-07-22 11:54:21.714893
2025-07-22,139637,2025072203013777,MNBBL,Agrawal Securities (PVT) Ltd.,Online Securities Pvt. Ltd.,50,468.0,23400.0,2025-07-22 11:54:25.732069
2025-07-22,139633,2025072203013779,MNBBL,Thrive Brokerage House Pvt. Ltd,Trishakti Securities Public Limited,100,466.0,46600.0,2025-07-22 11:54:26.143103
2025-07-22,139632,2025072203013780,MNBBL,Aryatara Investment & Securities,Trishakti Securities Public Limited,400,466.0,186400.0,2025-07-22 11:54:26.143289
2025-07-22,139567,2025072203013792,MNBBL,Dipshikha Dhitopatra Karobar Co. Pvt Ltd.,Online Securities Pvt. Ltd.,450,468.0,210600.0,2025-07-22 11:54:27.190807
2025-07-22,139566,2025072203013793,MNBBL,Dipshikha Dhitopatra Karobar Co. Pvt Ltd.,Nepal Stock House (PVT) Ltd.,128,469.0,60032.0,2025-07-22 11:54:27.191016
2025-07-22,139565,2025072203013794,MNBBL,Dipshikha Dhitopatra Karobar Co. Pvt Ltd.,Malla & Malla Stock Broking Company Pvt. Limited,100,469.0,46900.0,2025-07-22 11:54:27.191102
2025-07-22,139564,2025072203013795,MNBBL,Dipshikha Dhitopatra Karobar Co. Pvt Ltd.,Trishakti Securities Public Limited,99,469.0,46431.0,2025-07-22 11:54:27.191180
2025-07-22,139563,2025072203013796,MNBBL,Dipshikha Dhitopatra Karobar Co. Pvt Ltd.,Cristal Kanchanjanga Securites Pvt. Ltd.,10,469.0,4690.0,2025-07-22 11:54:27.191255
2025-07-22,139562,2025072203013797,MNBBL,Dipshikha Dhitopatra Karobar Co. Pvt Ltd.,Imperial Securities Company Pvt. Ltd.,400,469.0,187600.0,2025-07-22 11:54:27.191356
2025-07-22,139561,2025072203013798,MNBBL,Dipshikha Dhitopatra Karobar Co. Pvt Ltd.,Naasa Securities Co. Ltd.,121,469.2,56773.2,2025-07-22 11:54:27.191430
2025-07-22,139560,2025072203013799,MNBBL,Dipshikha Dhitopatra Karobar Co. Pvt Ltd.,Dakshinkali Investment & Securities Pvt. Ltd.,90,469.2,42228.0,2025-07-22 11:54:27.191512
2025-07-22,139559,2025072203013800,MNBBL,Dipshikha Dhitopatra Karobar Co. Pvt Ltd.,Thrive Brokerage House Pvt. Ltd,400,469.2,187680.0,2025-07-22 11:54:27.191586
2025-07-22,139558,2025072203013801,MNBBL,Dipshikha Dhitopatra Karobar Co. Pvt Ltd.,Malla & Malla Stock Broking Company Pvt. Limited,200,469.2,93840.0,2025-07-22 11:54:27.191659
2025-07-22,139557,2025072203013802,MNBBL,Dipshikha Dhitopatra Karobar Co. Pvt Ltd.,Premier Securities Company Ltd.,100,469.2,46920.0,2025-07-22 11:54:27.191732
2025-07-22,139556,2025072203013803,MNBBL,Dipshikha Dhitopatra Karobar Co. Pvt Ltd.,Aryatara Investment & Securities,902,469.2,423218.4,2025-07-22 11:54:27.191808
